2338 2958
167 131 242 167 675

168 218 355 264 opiniones
388 227 448 249 vos
480 208 729 246 assuefaciatis.
791 203 947 240 Econtra
978 215 1062 238 vero
1088 209 1166 238 tan-

169 282 275 317 quam
300 265 564 302 nocentissimus
588 267 698 306 pestes
715 257 855 302 fugiatis
870 253 1108 301 sophismata,
1135 260 1168 287 et

169 321 356 367 opiniones
376 316 624 349 immoderatas
636 339 645 353 ,
672 309 860 344 ambitioni
877 315 938 342 aut
954 307 1034 340 aliis
1051 305 1168 351 pravis

171 369 426 417 cupiditatibus
456 371 640 410 potentum
671 361 873 396 servientes.
933 358 1030 393 Deus
1056 357 1168 403 magis

172 421 331 458 concedit
364 416 656 462 tranquillitatem
688 412 864 457 imperiis,
913 411 942 443 si
972 408 1170 443 amabimus

172 472 342 507 iustitiam
373 477 405 504 et
437 466 728 501 moderationem.
781 462 857 497 Etsi
884 461 1006 495 fatales
1036 471 1170 505 poenae

174 525 400 567 impendent,
441 527 558 554 tamen
591 517 694 550 nobis
725 527 850 558 magna
882 512 1078 547 consolatio
1111 517 1172 550 est,

174 582 266 609 recte
289 581 321 607 et
345 572 524 605 moderate
547 568 713 606 sensisse,
742 579 804 600 nec
828 565 970 598 iniustis
987 575 1025 596 ac
1042 562 1170 595 immo·

174 625 304 660 deratis
328 621 511 657 sententiis
533 632 591 654 eos
614 630 786 661 armasse,
815 617 875 662 qui
899 626 978 648 suas
996 612 1172 657 cupidita-

175 685 224 712 tes
256 676 361 709 saluti
390 671 571 708 communi
603 674 892 713 anteposuerunt.
953 664 1056 698 Hanc
1086 675 1172 696 con-

175 728 385 762 solationem
411 724 598 757 maximam
624 733 696 754 esse
720 720 782 753 tali
806 726 982 762 tempore,
1010 715 1097 749 honi
1116 714 1173 746 in-

175 779 332 823 telligere
348 776 448 810 facile
468 779 624 819 possunt.
676 770 771 805 Dixi.

1000 975 1048 995 an.
1067 963 1161 994 1545.

996 1008 1167 1022 m

178 972 318 1008 No.81.
807 970 825 987 ¹*

396 1079 471 1120 De
501 1075 683 1118 Basilio
713 1072 960 1128 Episcopo.

250 1169 279 1195 ln
306 1167 459 1194 Declamat.
478 1165 511 1191 T.
526 1165 580 1189 111.
792 1160 818 1185 in
839 1158 959 1185 Servest.
978 1158 1011 1183 T.
1027 1157 1074 1184 ΙΙΙ.
1095 1167 1120 1191 ρ.
1134 1157 1177 1183 51.

283 1209 308 1229 et
328 1203 397 1237 apud
414 1200 530 1227 Richard
559 1199 590 1223 Τ.
608 1197 653 1222 ΙΙΙ.
674 1206 700 1230 ρ.
714 1197 772 1221 716.
809 1195 877 1219 luem
898 1194 925 1218 iu
942 1193 1065 1218 Declam.
1085 1192 1116 1218 T.
1132 1191 1177 1219 ΙΙΙ,

282 1237 390 1264 Erford.
407 1236 444 1262 lit.
456 1235 483 1267 L,
497 1235 522 1260 6.
541 1233 685 1259 Caeterum
701 1230 736 1256 cf.
745 1228 886 1264 Eppmet.
896 1227 958 1253 Vol.
967 1226 999 1253 V.
1015 1236 1040 1260 p.
1049 1226 1177 1253 681,688.

600 1173 624 1197 ρ.
639 1163 671 1187 54
683 1171 744 1196 sqq.
753 1180 761 1192 ,

180 1321 310 1356 Oratio
336 1317 381 1352 de
402 1314 545 1350 Basilio
563 1313 739 1357 Episcopo
756 1309 1018 1351 Caesariensi,
1044 1304 1177 1341 habita

188 1384 212 1407 α
240 1375 414 1406 Ioanne
444 1365 694 1401 Turstenio
722 1362 887 1396 Decauo.
927 1358 1065 1402 (Erford.
1084 1361 1167 1390 addit

587 1429 635 1449 an.
663 1415 771 1454 1545.)

180 1485 280 1528 Cum
312 1487 471 1523 coelestis
498 1483 679 1518 doctrinae
713 1480 871 1515 custodia
905 1486 939 1513 et
972 1478 1178 1524 propagatio

180 1542 385 1578 docentium
404 1545 437 1572 et
455 1535 667 1571 discentium
684 1533 885 1577 agminibus
898 1559 906 1571 ‚
936 1530 970 1564 id
987 1538 1049 1570 est,
1076 1527 1175 1563 scho-

181 1596 245 1634 lis,
278 1591 451 1627 divinitus
478 1586 723 1622 commendata
749 1584 814 1624 sit,
848 1582 1088 1624 intelligamus
1114 1593 1179 1613 no-

182 1654 294 1681 strum
319 1653 467 1680 munus,
494 1638 587 1684 qnod
616 1635 777 1669 omnium
801 1634 837 1666 in
856 1633 953 1666 coelo
973 1639 1003 1665 et
1021 1632 1057 1664 in
1078 1631 1179 1665 terris

182 1696 375 1731 maximum
401 1699 434 1725 et
456 1700 633 1723 summum
652 1693 718 1719 est:
747 1692 780 1719 et
797 1697 876 1718 curn
895 1683 1058 1717 exercitia
1077 1679 1178 1716 scho-

181 1747 301 1783 lastica
325 1754 501 1781 amemus,
529 1747 603 1774 tum
629 1750 712 1770 vero
736 1734 792 1770 his
812 1733 1071 1769 honestissimis
1095 1746 1179 1766 con-

182 1799 358 1845 gressibus
376 1795 608 1831 delectemur,
636 1799 725 1834 quos
740 1787 891 1821 sciamus
907 1798 978 1818 non
1000 1785 1180 1818 institutos

183 1863 275 1890 esse,
302 1856 336 1881 ut
363 1847 432 1879 sint
456 1850 593 1877 tantum
620 1840 735 1873 ociosa
762 1837 979 1881 spectacula,
1007 1842 1039 1869 et
1059 1836 1181 1869 inanes

183 1901 270 1942 ludi,
298 1906 335 1933 ut
348 1895 490 1931 scenici:
520 1894 576 1927 sed
592 1888 754 1926 utinhac
766 1888 964 1934 frequentia
977 1899 1182 1921 commone-

181 1955 269 1987 facta
294 1951 457 1984 iuventus
480 1947 522 1979 de
546 1943 674 1978 studiis
699 1939 876 1975 Ecclesiae
900 1938 1122 1978 necessariis,
1149 1944 1181 1971 et

182 2006 225 2038 de
251 2015 311 2037 sua
336 1999 539 2037 vocatione,
566 1994 643 2029 Deo
666 1992 794 2037 gratias
812 1997 908 2035 agat,
935 1990 1029 2035 quod
1048 1989 1180 2023 doctri-

184 2068 250 2090 nae
283 2055 394 2087 lucem
428 2061 499 2083 non
525 2045 680 2089 extingui
705 2043 807 2083 sinit,
841 2048 873 2075 ct
897 2048 1036 2074 nostros
1063 2047 1182 2074 coetus

184 2105 358 2141 defendit:
388 2114 425 2135 ac
449 2106 541 2145 petat
567 2096 774 2131 ardentibus
803 2093 913 2131 votis,
942 2099 982 2126 ut
1007 2092 1099 2125 inter
1117 2103 1182 2124 nos

185 2159 251 2192 sibi
278 2154 469 2190 Ecclesiam
503 2157 671 2196 perpetuo
696 2145 857 2189 colligat,
892 2156 930 2177 ac
955 2143 1180 2187 disciplinam

186 2218 217 2243 et
244 2207 357 2241 studia
381 2211 489 2245 regat.
551 2199 602 2234 De
629 2198 683 2232 his
707 2199 812 2231 rebus
834 2195 994 2228 omnium
1021 2193 1182 2227 maximis

187 2262 222 2294 in
248 2258 301 2292 bis
324 2246 568 2297 congressibus
592 2251 804 2292 rogits-mus,
830 2259 868 2280 ac
891 2246 1043 2280 sciamus
1065 2246 1109 2279 de
1127 2242 1182 2301 his

185 2322 326 2357 quoque
359 2309 491 2341 dictum
519 2301 652 2338 Christi
683 2299 926 2356 dulcissimum
961 2297 1181 2355 concionari:

188 2362 399 2404 Ubicunque
433 2359 504 2390 duo
535 2361 593 2389 aut
623 2361 691 2387 tres
716 2356 947 2405 convenerint
975 2361 1010 2381 in
1038 2359 1183 2406 nomine

187 2427 285 2452 meo,
322 2412 355 2443 iu
388 2409 505 2442 medio
537 2418 658 2439 eorum
685 2415 774 2436 sum.
832 2400 1022 2434 xersamnr
1046 2412 1116 2433 una
1145 2411 1181 2431 m

187 2463 243 2498 his
270 2462 390 2497 castris
418 2468 447 2493 et
471 2465 614 2503 propter
637 2453 769 2489 Christi
797 2452 995 2485 doctrinam
1021 2458 1051 2484 et
1081 2451 1182 2483 invo-

187 2524 304 2551 cantes
323 2514 454 2557 ipsum:
485 2521 592 2555 quare
617 2515 658 2541 ut.
675 2505 776 2539 uobis
797 2503 906 2542 adsit,
934 2503 1100 2536 exuscitet
1121 2514 1180 2545 pe-

187 2576 283 2602 ctora
309 2566 349 2597 :id
378 2563 562 2597 xirtutem,
593 2560 682 2591 iuxet
710 2564 741 2589 vt
765 2556 934 2596 gubernet
961 2554 1096 2586 labores
1116 2565 1180 2585 no-

188 2628 296 2656 stros,
323 2624 504 2660 precemur
523 2610 650 2644 Filium
666 2608 727 2641 Dei
745 2607 936 2641 {lominum
957 2613 1114 2637 nostrum
1128 2602 1179 2636 le-

188 2683 263 2704 sum
279 2666 480 2702 Christum,
506 2661 611 2695 liuius
634 2658 803 2704 pyniti-'isii
823 2664 852 2690 et
873 2664 990 2689 coetus
1011 2663 1179 2689 rectorem

187 2734 258 2756 esse
284 2719 419 2756 ducite,
447 2726 596 2759 eumque
622 2711 766 2755 propius
790 2710 908 2742 adesse
931 2708 1030 2741 vobis
1049 2713 1180 2749 specta-

747 118 906 156 DECL.
937 115 1010 153 DE
1045 113 1285 150 BAstLtO
1321 114 1632 153 EPISCOPO.

2139 115 2215 152 676

1219 209 1330 237 torem
1354 201 1516 236 omnium
1534 202 1713 236 actionum
1734 204 1894 246 statuite,
1921 215 2026 250 quam
2043 203 2142 237 adest
2158 200 2216 237 hic

1220 254 1294 299 ipse
1305 252 1548 297 Magistratus,
1576 266 1680 299 quem
1699 253 2020 290 usitateRectorem
2039 265 2217 289 vocamus.

1221 304 1331 339 Adest
1350 312 1467 338 autem
1483 316 1556 338 non
1573 311 1711 339 tantum
1727 311 1768 339 ut
1783 305 1920 339 ociosus
1935 313 2110 352 spectator
2121 333 2130 347 ,
2157 305 2216 338 sed

1221 363 1260 390 ut
1282 352 1528 404 ἐργοδιώκτης
1552 354 1735 397 hortatur,
1763 362 1801 389 ut
1823 356 1926 389 fidem
1945 365 1980 391 et
1995 356 2216 401 diligentiam

1222 408 1259 440 iu
1276 407 1418 441 tuendis
1432 414 1465 441 et
1481 408 1653 441 ornandis
1668 407 1822 448 artibus,
1849 419 1939 452 quae
1952 405 2129 442 Ecclesiae
2145 407 2218 441 uti-

1223 459 1272 492 les
1288 465 1389 499 sunt,
1415 464 1649 503 praestemus,
1677 465 1709 492 et
1726 458 1822 492 iuvat
1837 458 1997 497 sedulos,
2023 459 2084 503 qui
2102 459 2216 503 ipsum

1223 510 1406 543 invocant:
1431 516 1656 543 contumaces
1667 522 1749 542 vero
1762 509 2083 553 adficitsuppliciis.
2115 508 2219 543 Hanc

1223 560 1432 594 sententiam
1463 561 1604 594 infixam
1635 560 1764 593 animis
1789 561 1951 593 omnium
1976 571 2048 593 esse
2071 567 2219 604 oportet.

1224 611 1314 646 Cum
1338 618 1454 645 autem
1480 624 1576 646 nunc
1598 612 1689 646 ratio
1706 611 1864 644 muneris
1880 611 1974 657 quod
1991 622 2095 654 gero,
2121 618 2220 653 cogat

1227 675 1281 696 me
1311 660 1378 696 hoc
1409 663 1487 697 loco
1514 663 1711 696 orationem
1737 660 1884 703 habere,
1918 663 2017 695 decet
2042 674 2098 694 me
2126 661 2221 695 velut

1225 713 1381 759 ἔξαρχον
1409 725 1482 748 esse
1512 714 1674 758 publicae
1705 713 1929 758 precationis.
1993 711 2114 756 Quare
2144 723 2222 746 mea

1226 765 1332 799 verba
1351 765 1443 798 veris
1460 765 1571 798 animi
1589 765 1679 799 votis
1697 764 1969 811 subsequimini.

1329 839 1416 874 Tibi
1438 840 1566 883 gratias
1583 840 1736 883 agimus,
1766 839 1863 874 Deus
1879 847 2019 873 aeterne
2035 847 2134 884 pater
2151 838 2223 873 Do-

1228 891 1317 925 mini
1339 891 1451 924 nostri
1472 890 1548 924 lesu
1565 889 1718 932 Christi,
1746 892 1840 937 qnod
1862 891 2044 925 doctrinae
2065 899 2145 926 tuae
2168 891 2224 924 lu-

1228 955 1302 976 cem
1326 942 1429 976 nobis
1451 942 1660 976 accendisti:
1684 949 1717 975 et
1734 954 1894 984 oramus,
1922 949 1962 976 ut
1978 940 2074 976 hunc
2091 944 2223 975 docen-

1228 995 1316 1028 tium
1339 1001 1372 1028 et
1394 993 1606 1028 discentium
1632 1000 1770 1027 coetum
1792 1005 1926 1035 serves,
1956 1005 2074 1037 regas,
2101 994 2224 1027 defen-

1229 1048 1302 1086 das,
1329 1051 1362 1078 et
1379 1045 1519 1078 labores
1535 1051 1674 1078 nostros
1684 1043 1819 1089 Spiritu
1837 1051 1958 1079 sancto
1974 1052 2035 1079 tuo
2053 1045 2162 1083 iuves,
2186 1050 2226 1078 ut

1229 1097 1332 1130 nobis
1356 1102 1389 1134 et
1416 1096 1610 1139 posteritati
1637 1096 1708 1129 sint
1731 1096 1909 1131 salutares.
1979 1095 2134 1139 Colligas
2160 1094 2225 1130 tibi

1229 1147 1422 1181 Ecclesiam
1446 1159 1526 1181 cum
1549 1146 1586 1179 in
1610 1153 1685 1180 toto
1710 1147 1795 1179 orbe
1818 1153 2012 1188 terrarum,
2040 1154 2114 1181 tum
2141 1158 2226 1180 vero

1230 1199 1322 1232 iuter
1345 1210 1430 1236 nos,
1457 1205 1490 1232 et
1514 1195 1600 1231 baec
1626 1195 1778 1241 hospitia
1794 1195 1972 1231 Ecclesiae
1996 1205 2074 1232 tuae
2097 1204 2128 1231 et
2148 1198 2226 1231 lite-

1230 1261 1348 1282 rarum
1375 1248 1488 1292 regito
1512 1255 1547 1281 et
1569 1248 1770 1287 defendsso,
1796 1249 1885 1282 sicut
1910 1249 2036 1283 viduae
2061 1248 2227 1294 Sarepta-

1231 1312 1295 1333 nae
1324 1301 1470 1333 domum
1498 1299 1707 1340 defendisti,
1741 1311 1820 1333 cum
1845 1297 1963 1333 Eliam
1991 1297 2145 1344 hospitio
2169 1311 2228 1333 ex-

1231 1351 1388 1396 cepisset.

1331 1424 1429 1460 Haec
1452 1425 1565 1471 prima
1588 1433 1620 1460 et
1645 1426 1830 1471 praecipua
1856 1438 1934 1471 pars
1959 1433 2009 1461 est
2031 1438 2130 1460 meae
2148 1437 2229 1460 ora-

1233 1478 1350 1512 tionis.
1402 1477 1503 1511 Nunc
1518 1478 1653 1524 aliquid
1671 1479 1874 1512 addendum
1890 1485 1950 1511 est.
1972 1479 2067 1523 quod
2085 1478 2230 1523 prodest

1232 1531 1274 1563 ad
1291 1529 1407 1563 studia
1420 1536 1533 1563 vestra
1549 1537 1623 1563 tum
1636 1529 1829 1568 excitanda,
1852 1529 2106 1565 tumiuvanda.
2137 1527 2228 1563 Cum
2259 1547 2262 1549 Δ

1232 1588 1347 1614 autem
1372 1580 1457 1613 alias
1480 1581 1570 1614 aliae
1589 1581 1753 1614 materiae
1772 1581 2022 1625 proponendae
2040 1581 2128 1621 sint,
2155 1580 2230 1614 dies

1233 1643 1287 1664 me
1303 1631 1491 1664 admonuit
1507 1638 1545 1664 ut
1558 1630 1681 1664 Basilii
1699 1629 1882 1664 historiam
1902 1644 1996 1665 nunc
2013 1631 2228 1666 recitandam

1233 1693 1303 1714 esse
1320 1682 1497 1715 ducerem.
1549 1680 1637 1715 Nam
1655 1689 1687 1715 et
1706 1683 1873 1727 exemplis
1890 1682 2089 1716 invitantur
2106 1682 2231 1723 animi,

1232 1741 1263 1767 et
1284 1733 1318 1765 in
1340 1730 1396 1765 his
1413 1733 1597 1766 doctorum
1615 1730 1771 1766 historiis
1785 1733 1892 1767 multa
1906 1741 1986 1767 sunt
2000 1745 2087 1778 quae
2101 1739 2230 1778 augent

1233 1783 1468 1817 eruditionem
1497 1791 1530 1817 et
1559 1784 1711 1817 formant
1747 1785 1931 1819 iudicium.
1985 1783 2053 1817 Per
2076 1796 2150 1818 sese
2174 1784 2229 1818 iu-

1233 1835 1389 1867 cundum
1409 1842 1457 1868 est
1475 1835 1705 1879 contemplari
1724 1847 1933 1879 magnorum
1953 1833 2140 1869 hominum
2158 1836 2228 1869 vir-

1234 1893 1343 1926 tutes,
1371 1886 1507 1929 egregia
1531 1886 1640 1925 sacta,
1664 1893 1695 1920 et
1722 1894 1866 1920 eventus
1890 1884 2048 1920 honestis
2072 1886 2230 1920 consiliis

1233 1944 1482 1981 congruentes:
1513 1944 1550 1970 ut
1577 1937 1703 1980 pictori
1729 1945 1762 1971 et
1786 1938 1955 1972 statuario
1978 1937 2150 1982 voluptati
2170 1944 2231 1980 est,

1236 1989 1354 2021 videre
1390 1988 1583 2031 elegantem
1617 1988 1856 2034 symmetriam
1890 1996 1923 2022 et
1954 1989 2230 2023 concinnitatem

1237 2039 1318 2083 picti
1345 2047 1402 2073 aut
1430 2039 1555 2084 sculpti
1581 2040 1751 2084 corporis.
1806 2039 1874 2074 Sed
1895 2039 2000 2073 nobis
2018 2040 2053 2073 in
2073 2038 2230 2074 Ecclesia

1236 2103 1307 2124 uon
1330 2096 1468 2124 tantum
1488 2091 1677 2135 voluptatis
1694 2102 1794 2124 causa
1813 2098 1968 2125 vetustas
1986 2093 2229 2135 cognoscenda

1236 2149 1301 2174 est:
1332 2143 1389 2174 sed
1419 2142 1547 2175 iudicia
1573 2149 1604 2176 et
1630 2142 1829 2176 testimonia
1849 2142 2010 2175 omnium
2031 2149 2229 2187 temporum

1236 2193 1447 2238 inquirenda
1471 2200 1572 2232 sunt,
1597 2200 1633 2227 ut
1659 2205 1728 2226 una
1753 2194 1978 2227 consentiens
1998 2194 2157 2227 doctrina
2176 2206 2230 2227 re-

1235 2245 1400 2280 tineatur.
1455 2244 1610 2278 Multum
1636 2246 1677 2277 ad
1703 2245 1915 2278 ermlieudas
1939 2252 2075 2278 mentes
2098 2252 2128 2279 et
2147 2257 2231 2278 con-

1236 2297 1425 2329 firmandas
1447 2307 1546 2329 veras
1569 2296 1760 2329 sententias
1787 2296 1928 2330 collatio
1954 2303 2111 2330 veterum
2133 2295 2230 2330 testi-

1236 2347 1438 2381 moniorum
1470 2347 1654 2385 conducit,
1689 2348 1716 2381 si
1749 2348 1937 2381 dexteritas
1960 2347 2049 2382 adsit
2075 2347 2111 2381 in
2135 2346 2230 2382 iudi-

1234 2399 1367 2439 cando,
1402 2405 1434 2432 et
1459 2398 1548 2431 absit
1572 2399 1728 2432 studium
1755 2399 2013 2432 calumniandi:
2048 2411 2119 2432 non
2145 2409 2229 2432 con-

1235 2457 1433 2483 temnamus
1451 2448 1512 2482 Dei
1538 2450 1746 2488 consilium,
1774 2450 1833 2496 qui
1857 2450 2092 2483 ministerium
2110 2447 2229 2483 Evan-

1234 2501 1314 2543 gelii
1349 2508 1380 2535 et
1415 2501 1567 2534 instituit
1601 2508 1630 2534 et
1662 2508 1802 2540 tuetur,
1833 2508 1865 2535 et
1892 2501 2042 2535 subinde
2068 2501 2230 2534 doctum

1234 2553 1356 2585 excitat
1381 2552 1561 2586 salutares.
1617 2552 1773 2586 Fuerunt
1801 2553 1908 2595 igitur
1923 2551 2051 2596 aliqui,
2077 2564 2228 2597 quorum

1235 2617 1298 2636 vox
1330 2611 1361 2638 et
1397 2604 1516 2637 literae
1547 2605 1753 2647 profuerunt
1787 2601 1980 2642 Ecclesiae,
2015 2603 2072 2635 alii
2111 2603 2231 2646 magis,

1234 2655 1292 2687 alii
1313 2655 1431 2688 minus
1450 2655 1592 2690 eruditi.
1644 2655 1712 2688 Sed
1734 2654 1887 2700 colloqui
1907 2661 2023 2687 tamen
2042 2667 2119 2687 cum
2138 2654 2230 2688 auti-

1235 2706 1385 2752 quitate,
1413 2713 1444 2740 et
1462 2706 1662 2741 testimonia
1679 2704 1854 2740 Ecclesiae
1873 2717 1994 2745 nosse,
2022 2706 2107 2739 utile
2123 2712 2186 2740 est.
