2338 2958
160 125 233 160 439

165 209 428 244 delectabimur.
487 207 525 241 Si
551 206 629 250 quis
653 212 704 240 est
728 211 843 239 autem
875 206 935 250 qui
961 212 1029 239 tam
1054 206 1152 249 gravi

165 273 268 294 causa
285 272 358 293 nou
375 265 535 292 movetur
551 257 593 289 ad
611 253 939 297 amandasscholaS,
962 254 1057 289 hunc
1073 268 1152 290 vere

483 320 585 358 genuit
601 318 681 347 duris
697 330 712 347 e
728 319 861 348 cautibus
877 318 1000 348 horrens

268 372 431 405 Caucasus,
457 370 673 410 Hyrcanaeque
691 370 849 399 admorunt
865 371 954 398 ubera
971 368 1098 409 Tygres.

165 429 271 463 Decet
288 428 394 470 igitur
404 438 468 460 nos
483 424 577 459 bunc
594 426 856 470 promotionum
872 437 1024 464 morem,
1048 436 1152 470 quem

169 480 329 523 prodesse
355 478 398 511 ad
426 477 587 510 ordinem
605 477 763 510 discendi
788 477 1042 521 comperimuS,
1069 487 1154 509 con-

167 541 314 563 servare.

263 612 352 647 Cum
369 620 485 646 autem
503 610 612 646 bicde
628 612 752 645 studiis
769 611 881 645 oratio
898 609 1019 645 haberi
1036 612 1156 652 soleat,

167 673 200 699 et
222 665 281 698 alii
312 665 349 696 in
381 663 510 708 quibus
540 664 619 707 plus
644 669 694 695 est
716 662 932 703 autoritatis,
966 673 1067 706 saepe
1100 662 1156 694 vel

168 721 363 749 monstrent
381 715 474 759 quod
503 714 568 746 iter
585 713 853 755 ingrediendum
878 713 940 753 sit,
962 713 1018 746 vel
1035 724 1096 746 vos
1112 712 1157 746 ad

169 766 395 811 expetendam
423 764 636 808 optimarum
659 763 789 796 artium
813 763 1010 796 doctrinam
1022 761 1158 813 adhor-

169 825 303 857 tentur,
330 827 393 859 ego
420 815 526 847 vitam
549 811 732 857 Rodolphi
755 813 958 857 Agricolae,
985 821 1158 858 quantum

167 869 347 912 explorare
366 877 440 898 eam
459 864 575 908 potui,
604 864 750 897 recitare
767 864 918 899 decrevi.
967 861 1159 909 Exemplo-

171 931 247 951 rum
273 917 366 950 enim
390 927 514 959 magna
536 914 588 948 vis
613 921 681 955 est,
708 921 742 948 et
763 915 875 948 bonae
894 921 1041 948 naturae
1063 915 1159 958 cogi-

168 969 298 1002 tatione
323 974 427 1011 atque
458 965 690 998 admiratione
722 964 863 1000 virtutis
888 965 925 998 in
952 965 1038 998 viris
1060 977 1161 1010 prae-

169 1019 342 1053 stantibus
379 1017 528 1049 maxime
566 1015 804 1050 exuscitantur
836 1028 875 1049 ac
910 1016 1160 1050 incenduntur.

169 1069 305 1103 Deinde
322 1065 489 1100 historiae
515 1066 734 1099 eruditorum
764 1068 806 1099 de
833 1066 954 1100 multis
977 1067 1081 1100 rebus
1104 1067 1161 1100 iu-

169 1121 260 1153 dicia
292 1118 485 1152 iuventutis
516 1117 680 1150 formant.
758 1115 919 1162 Cumque
945 1115 1161 1161 Rodolphus

171 1171 322 1215 primum
343 1169 379 1200 in
396 1166 587 1201 Germania
604 1167 843 1201 emendaverit
863 1178 974 1210 genus
990 1168 1162 1201 sermonis

171 1229 203 1255 et
230 1219 476 1259 Dialecticam,
516 1229 555 1251 ac
585 1218 766 1250 meliorem
799 1217 957 1251 discendi
988 1218 1161 1252 rationem

172 1269 441 1309 monstraverit,
487 1274 760 1301 consentaneum
791 1274 843 1301 est
874 1268 1051 1313 plerisque
1087 1269 1161 1301 eius

173 1323 274 1355 dictis
288 1333 326 1353 ac
343 1318 643 1363 (lisputationibus
656 1318 793 1351 utiliter
807 1319 1069 1352 commonefieri
1086 1325 1161 1352 stu-

173 1374 302 1406 diosos.
354 1369 430 1404 Etsi
447 1376 563 1402 autem
582 1381 683 1401 nemo
696 1380 768 1402 non
786 1376 878 1402 amat
894 1367 1077 1413 Rodolphi
1096 1381 1162 1402 no-

173 1435 274 1461 men,
310 1427 455 1466 propter
473 1420 546 1453 eius
565 1419 800 1453 eruditionem
818 1432 856 1453 ac
874 1420 1018 1461 merita,
1045 1427 1162 1453 tamen

174 1475 308 1518 privata
331 1484 384 1505 me
408 1471 579 1517 quaedam
603 1470 710 1503 officii
732 1470 821 1504 ratio
845 1470 1028 1512 invitavit,
1061 1477 1101 1504 ut
1121 1471 1164 1504 de

174 1538 214 1559 eo
236 1524 351 1557 dicere
375 1522 570 1555 maluerim.
630 1519 721 1554 Nam
746 1533 825 1555 cum
853 1533 929 1554 mea
953 1521 1064 1565 patria
1090 1533 1163 1555 non

174 1577 288 1609 solum
305 1573 428 1608 Frisiis
455 1572 570 1605 vicina
593 1571 656 1611 sit,
683 1573 744 1604 sed
769 1571 872 1605 etiam
891 1571 1086 1606 Frisiorum
1103 1584 1164 1605 co-

176 1627 292 1666 lonia,
327 1635 415 1669 quae
449 1623 554 1656 etiam
588 1619 692 1655 hodie
717 1634 846 1655 nomen
872 1623 999 1656 retinet
1031 1622 1165 1656 Frisiae

176 1675 324 1710 minoris
347 1676 383 1707 in
408 1673 585 1713 Ilolsatia‚
620 1679 653 1706 et
678 1673 714 1705 in
733 1673 989 1716 gubernatione
1009 1672 1164 1717 Reipub.

176 1733 347 1761 vetustam
371 1725 458 1758 iuris
483 1723 766 1768 aequabilitatem
785 1735 856 1756 non
874 1724 948 1757 sine
971 1724 1074 1757 laude
1089 1731 1166 1758 tue-

178 1787 253 1819 tur,
288 1776 403 1810 iudico
430 1771 613 1818 Rodolplti
642 1775 763 1807 laudes
786 1774 903 1819 aliqua
929 1786 969 1807 ex
1002 1775 1166 1818 parte'ad

178 1839 272 1862 meos
288 1827 390 1860 etiam
409 1826 500 1859 cives
517 1825 712 1869 pertinere,
733 1825 828 1869 quod
846 1837 924 1857 cum
938 1825 983 1858 ita
1000 1825 1063 1865 sit,
1089 1837 1167 1869 spe-

180 1893 216 1913 ro
241 1891 303 1912 vos
326 1889 441 1910 meum
464 1875 652 1909 consilium
669 1876 711 1909 de
732 1875 911 1908 recitanda
927 1873 1076 1909 historia
1092 1875 1170 1909 Ro-

179 1927 302 1973 dolpbi
327 1928 537 1972 probaturos
560 1937 642 1959 esse.
695 1924 853 1959 Tametsi
873 1932 904 1959 et
929 1925 1002 1970 ipse
1017 1926 1167 1970 optarim

178 1980 301 2023 colligi
324 1991 399 2012 eam
425 1978 566 2011 uberius
589 1977 633 2009 ab
658 1976 754 2017 aliis,
787 1976 848 2021 qui
874 1977 968 2020 apud
992 1988 1049 2010 eos
1073 1976 1168 2010 vixe-

179 2040 281 2072 runt,
308 2030 369 2075 qni
382 2025 564 2072 Rodolpbi
578 2027 685 2060 vitam
703 2033 737 2060 et
754 2027 868 2060 studia
884 2027 1010 2060 melius
1025 2033 1170 2062 norunt.

184 2083 252 2115 Nos
280 2093 387 2125 pauca
415 2079 637 2123 collegimu5‚
668 2084 805 2122 sumpta
833 2077 961 2122 partim
990 2090 1030 2111 ex
1060 2078 1170 2122 ipsius

182 2133 336 2176 scriptis,
371 2130 496 2174 partim
523 2130 566 2162 ab
592 2129 633 2161 iis
656 2128 716 2173 qui
740 2129 977 2162 meminerunt
993 2140 1170 2162 sermones

182 2196 323 2221 senum,
360 2181 489 2225 quibus
513 2180 546 2212 in
566 2178 754 2213 Academia
773 2178 1072 2224 lleydelbergensi
1091 2183 1170 2213 cuin

185 2231 370 2277 {ludolpho
407 2231 625 2264 familiaritas
653 2230 728 2262 suit.
793 2229 863 2263 Nec
894 2230 1030 2263 institui
1064 2242 1170 2263 enco-

361 2295 440 2315 nam
476 2294 553 2314 cum
591 2281 767 2323 ingentem
795 2281 942 2323 gloriam
970 2281 1170 2326 eloquentia

185 2347 242 2367 sua
266 2343 469 2367 consecutus
496 2333 558 2372 sit,
591 2343 679 2376 quae
705 2343 743 2364 ex
763 2331 902 2376 scriptis
922 2332 996 2364 cius
1023 2331 1170 2365 iudicari

186 2393 313 2429 potest,
340 2385 387 2416 nil
413 2384 441 2415 ei
461 2395 548 2426 opus
565 2389 613 2415 est
639 2381 857 2422 laudatione,
886 2383 1085 2426 praesertim
1107 2380 1171 2416 ho-

187 2437 289 2468 minis
313 2434 482 2467 indiserti.
536 2433 690 2466 Tantum
711 2430 911 2466 historicam
933 2434 1170 2467 narrationem

187 2496 281 2524 texo,
310 2487 344 2518 in
363 2498 428 2530 qua
446 2497 481 2516 ea
502 2497 589 2529 quae
607 2484 800 2517 sciscitatus
822 2495 898 2516 sum
915 2485 958 2516 de.
979 2484 1069 2525 vita,
1095 2497 1172 2518 rno-

187 2538 281 2571 ribns
326 2544 357 2569 et
395 2535 623 2578 opinionibus
657 2534 749 2573 eius,
801 2546 881 2567 vere
915 2547 1094 2573 recenseo,
1138 2541 1171 2569 et

184 2596 285 2622 testes
304 2586 524 2629 gravissimos
541 2586 665 2617 citabo.
718 2584 828 2618 Porro
849 2582 932 2618 haec
958 2598 1171 2619 commemo·

187 2639 273 2672 ratio
307 2638 504 2671 studiorum
539 2643 641 2680 atque
675 2636 907 2679 opinionum,
953 2649 1024 2669 non
1053 2637 1171 2670 minus

185 2689 347 2723 conducit
382 2687 567 2726 studiosis,
609 2698 713 2731 quam
745 2686 973 2720 bellatoribus
1003 2694 1170 2731 stratage—

185 2285 309 2323 iuiun13

578 119 735 157 DECL.
767 118 840 154 DE
875 119 1015 155 VITA
1049 118 1360 155 RODOLPHI
1395 117 1758 158 AGRICOLAE.

2108 117 2183 155 440

1203 213 1294 239 mata
1314 212 1345 239 et
1374 205 1520 238 consilia
1543 211 1700 240 veterum
1716 206 1859 241 Ducum
1884 218 1997 243 nosse.
2048 203 2188 240 Accedo

1206 257 1313 300 igitur
1327 257 1370 288 ad
1386 253 1580 289 historiam.

1307 306 1416 339 Natus
1441 313 1492 340 est
1514 303 1728 350 Rodolphus
1753 305 1917 350 Agricola
1941 308 1978 341 in
1995 306 2125 349 Frisia,
2152 320 2191 340 tn

1204 370 1285 391 rure
1303 358 1455 402 quodam
1482 369 1554 390 non
1578 357 1700 401 procul
1725 358 1768 390 ab
1790 359 1877 391 urbe
1896 357 2099 401 Groninga‚
2125 355 2192 392 lto-

1206 408 1312 441 nestis
1330 407 1553 452 parentibus,
1581 419 1732 452 quorum
1750 408 1946 448 facultates,
1970 416 2009 442 ut
2030 415 2113 443 sunt
2130 409 2193 448 ibi,

1206 459 1398 492 mediocres
1431 457 1593 498 fuerunt,
1642 464 1675 491 et
1709 459 1804 491 unde
1842 458 1965 492 liberis
1999 460 2042 491 ad
2078 460 2192 494 studia

1207 516 1367 553 sumptus
1401 509 1594 542 liberaliter
1631 509 1854 552 suppeditare
1894 515 2068 552 poterant.
2140 511 2193 545 De

1207 561 1340 605 primae
1358 559 1528 604 pueritiae
1551 559 1677 592 studiis
1699 571 1777 592 cum
1798 557 1889 592 nihil
1907 559 2097 600 audierim,
2120 573 2192 594 non

1208 611 1328 656 putavi
1346 610 1479 656 aliquid
1504 610 1705 653 fingendum
1732 621 1816 645 esse.
1874 609 1985 643 Nemo
2004 616 2118 643 autem
2137 624 2196 644 ex-

1209 662 1390 695 cellentem
1415 661 1580 694 virtutem
1607 660 1773 705 consequi
1799 667 1910 705 potest
1929 660 2003 693 sine
2020 672 2145 703 magna
2161 661 2197 694 vi

1209 712 1342 755 ingenii
1369 718 1402 745 et
1424 711 1498 744 sine
1523 708 1762 744 enthusiasmo
1793 711 1932 756 aliqua,
1962 711 2024 755 qui
2048 723 2127 745 cum
2153 711 2198 746 sit

1209 762 1419 796 accerrimus
1440 762 1602 795 stimulus
1625 762 1661 794 in
1678 762 1780 794 bonis
1797 762 1952 801 naturis,
1979 759 2073 796 haud
2091 762 2198 796 dubie

1210 810 1424 857 Rodolphus
1444 813 1603 846 celeriter
1621 814 1751 857 primas
1776 820 1866 846 artes
1885 813 2054 857 arripuit,
2081 819 2120 847 ut
2139 813 2198 847 ille

1211 863 1328 908 inquit
1344 864 1386 896 de
1401 860 1541 895 heroica
1559 869 1701 896 natura:

1286 917 1370 947 Ante
1386 927 1479 946 annos
1495 919 1688 958 animumque
1703 928 1805 956 gerens
1820 929 1979 959 curamque
1994 919 2121 948 virilem.

1210 963 1300 998 Nam
1311 971 1343 998 et
1360 977 1400 998 ex
1416 965 1554 1009 scriptis
1569 965 1680 1010 ipsius
1689 971 1722 999 et
1737 965 1893 999 consiliis
1908 973 2051 1010 apparet
2067 964 2201 1010 ingenii

1213 1015 1265 1048 vis
1283 1023 1316 1049 et
1332 1016 1494 1060 impetus.

1314 1065 1402 1100 Cum
1423 1065 1616 1099 Germania
1642 1066 1908 1111 corruptissimo
1926 1077 2050 1110 genere
2070 1077 2204 1100 sermo-

1212 1117 1268 1149 nis
1283 1123 1456 1157 uteretur,
1484 1123 1649 1161 tantaque
1671 1118 1851 1150 literarum
1869 1118 2006 1151 inscitia
2030 1123 2136 1158 esset,
2165 1123 2204 1151 ut

1213 1167 1299 1212 quid
1321 1174 1407 1200 esset
1424 1173 1514 1200 recte
1530 1167 1648 1212 loqui,
1676 1179 1720 1200 ne
1743 1168 1886 1213 quidem
1907 1168 2076 1212 suspicari
2092 1167 2204 1202 nostri

1213 1215 1375 1250 homines
1397 1224 1556 1261 possent,
1589 1218 1659 1250 imo
1677 1218 1779 1251 etiam
1806 1218 1984 1252 insulsitas
2001 1219 2206 1252 admiratio-

1214 1280 1293 1301 nem
1319 1265 1481 1309 haberet,
1515 1279 1607 1301 unus
1638 1267 1850 1312 Rodolphus
1878 1269 2031 1313 primum
2058 1269 2205 1303 auribus

1213 1325 1318 1363 atque
1341 1319 1460 1352 animo
1483 1319 1612 1351 sentire
1634 1319 1694 1351 illa
1717 1319 1819 1358 vitia,
1855 1326 1888 1352 et
1912 1320 2111 1353 desiderare
2130 1332 2206 1354 me-

1215 1369 1339 1402 liorem
1358 1369 1528 1402 orationis
1544 1370 1691 1402 sormam
1714 1371 1837 1414 coepit.
1890 1368 1984 1403 Haec
2002 1370 2069 1404 suit
2085 1370 2207 1414 singu-

1216 1420 1299 1452 laris
1325 1420 1532 1463 prudentiae
1555 1420 1781 1463 significatio:
1823 1419 1886 1453 Illa
1918 1421 2048 1454 virium
2073 1421 2207 1464 ingenii

1216 1477 1249 1504 et
1266 1471 1446 1504 doctrinae
1458 1497 1466 1512 ‚
1494 1471 1587 1515 quod
1605 1482 1712 1514 genus
1730 1471 1900 1505 orationis
1917 1471 2049 1504 effinxit
2068 1483 2209 1516 purum,

1217 1521 1466 1565 splendidum,
1493 1532 1640 1562 sonans,
1668 1522 1742 1554 sine
1767 1521 1925 1566 ineptiis,
1959 1533 2076 1556 rerum
2103 1523 2208 1557 etiam

1216 1573 1372 1616 pondere
1400 1579 1433 1605 et
1464 1573 1632 1615 gravitate
1665 1573 1899 1616 probandum.
1965 1572 2037 1606 Nec
2069 1580 2207 1607 tantum

1217 1622 1402 1667 prudentia
1425 1623 1509 1663 suit,
1535 1624 1594 1655 sed
1621 1623 1724 1655 etiam
1745 1624 1915 1667 quaedam
1934 1624 2045 1656 animi
2066 1624 2209 1658 celsitu-

1219 1674 1264 1706 do
1285 1680 1317 1706 et
1332 1673 1419 1706 mira
1437 1673 1594 1706 discendi
1612 1673 1778 1714 aviditas,
1806 1674 1899 1718 quod
1920 1674 1954 1706 in
1973 1673 2109 1708 Italiam
2127 1687 2207 1708 cum

1218 1723 1470 1768 patrimonium
1496 1721 1638 1757 liaberet
1662 1724 1856 1764 mediocre,
1883 1725 2059 1768 profectus
2075 1731 2143 1766 est,
2169 1731 2209 1760 ut

1219 1774 1345 1807 melius
1363 1774 1543 1808 doctrinae
1562 1786 1671 1817 genus
1693 1783 1885 1819 quaereret.
1938 1774 1990 1809 Ac
2007 1776 2034 1808 si
2051 1777 2093 1809 de
2111 1776 2210 1820 inge-

1221 1825 1270 1857 nii
1288 1825 1454 1857 laudibus
1470 1825 1579 1858 multa
1597 1826 1754 1858 dicturus
1772 1837 1899 1867 essem,
1922 1827 2135 1870 amplificare
2152 1838 2209 1861 eas

1221 1875 1323 1908 etiam
1342 1875 1474 1918 patriae
1496 1875 1923 1920 praedicationepossem.
1976 1875 2065 1910 Nam
2087 1876 2213 1920 Frisia,

1221 1933 1258 1959 ut
1284 1925 1368 1959 olim
1396 1926 1640 1969 magnitudine
1665 1938 1781 1960 rerum
1806 1934 1979 1970 gestarum
1998 1927 2138 1969 floruit,
2163 1929 2211 1963 ita

1222 1988 1317 2009 nunc
1335 1988 1475 2022 quoque
1498 1977 1608 2019 gignit
1630 1977 1768 2020 ingenia
1794 1990 2015 2023 nequaquam
2043 1979 2212 2022 vulgaria,

1223 2028 1280 2060 scd
1299 2039 1377 2060 cum
1394 2029 1436 2060 ad
1450 2027 1586 2069 literas,
1608 2034 1681 2061 tum
1699 2029 1740 2061 ad
1759 2029 2049 2071 gubernationem
2067 2041 2212 2073 magna-

1223 2090 1300 2111 rum
1313 2090 1429 2111 rerum
1446 2078 1589 2119 idonea,
1615 2086 1646 2112 et
1663 2086 1700 2113 ut
1718 2077 1804 2112 mihi
1821 2080 1978 2121 videtur,
2006 2092 2078 2113 non
2095 2081 2210 2115 solum

1223 2129 1354 2171 sagacia
1371 2135 1403 2162 et
1419 2140 1501 2162 sana
1513 2157 1522 2170 ‚
1544 2131 1603 2163 scd
1621 2129 1724 2163 etiam
1736 2130 1951 2174 ingenuitate
1968 2138 2000 2165 et
2017 2131 2125 2164 animi
2143 2132 2213 2166 cel·

1223 2179 1377 2212 situdiue
1391 2179 1561 2223 singulari
1580 2181 1751 2224 praedita:
1785 2182 1863 2219 sed,
1890 2189 1927 2216 ut
1954 2182 2046 2220 dixi.
2073 2180 2214 2217 Rodol-

1224 2228 1284 2274 pbi
1305 2231 1484 2272 ingenium
1507 2244 1546 2264 ex
1564 2232 1702 2275 scriptis
1718 2232 1894 2265 aestimari
1919 2240 2043 2277 potest.
2096 2232 2212 2268 Lova-

1224 2281 1274 2313 nii
1292 2282 1398 2314 audio
1416 2294 1494 2315 eum
1507 2283 1717 2328 tyrocinium
1735 2284 1889 2327 primum
1906 2284 2129 2329 deposuisse,
2149 2285 2213 2319 ubi

1224 2344 1301 2365 cum
1331 2331 1517 2366 Gallorum
1542 2340 1718 2377 appeteret
1749 2334 2040 2376 familiaritatem,
2074 2347 2134 2369 seu
2159 2336 2214 2369 vi-

1225 2389 1301 2416 tans
1331 2390 1532 2416 nostrorum
1569 2386 1892 2425 commessationes,
1933 2398 1993 2420 seu
2028 2387 2122 2432 quod
2158 2385 2213 2420 illi

1224 2441 1337 2467 essent
1359 2435 1586 2474 eruditiores,
1621 2437 1736 2468 statim
1762 2436 1853 2471 inter
1875 2437 1954 2470 illos
1973 2437 2075 2470 simul
2096 2435 2212 2470 Galli-

1224 2497 1297 2517 cam
1320 2485 1475 2527 linguam
1493 2486 1627 2519 didicit.
1669 2486 1706 2520 ln
1726 2487 1917 2522 dialecticis
1938 2495 1968 2521 et
1981 2485 2211 2532 Philosophia

1224 2547 1302 2568 cum
1321 2537 1525 2580 percepisset
1547 2537 1704 2571 celeriter
1728 2538 1806 2578 illa,
1839 2551 1925 2584 quae
1943 2539 1977 2571 in
1994 2536 2121 2571 scltolis
2140 2545 2212 2573 tra-

1224 2587 1418 2624 debantur,
1458 2587 1530 2630 ipse
1555 2589 1673 2621 animo
1697 2589 1842 2622 meliora
1868 2589 2044 2633 requirere
2067 2590 2212 2632 solebat,

1223 2649 1326 2681 seque
1353 2638 1387 2670 in
1413 2636 1644 2671 bibliothecas
1667 2640 1814 2678 abdens,
1844 2651 1906 2672 suo
1927 2641 2074 2674 consilio
2099 2641 2211 2674 bonos

1222 2690 1407 2732 scriptores
1433 2689 1580 2733 legebatj.
1610 2690 1717 2723 multa
1738 2690 1879 2723 interitu
1904 2703 1981 2723 rum
2003 2691 2207 2736 prudentio-
