2338 2958
179 142 249 178 751

283 233 297 251 a
313 222 436 257 Geor-gio
452 218 598 247 Autumno
613 217 643 243 in
663 216 770 257 syuodo
785 220 922 251 pastorum
937 215 1005 257 „die
1017 215 1102 242 lunae
1118 220 1180 251 post

281 257 382 284 Trinit.
400 259 427 282 in
440 253 560 281 Ecclesia
575 252 722 278 cathedrali
735 251 932 286 Merseburg.”
971 251 1032 279 vid.
1048 251 1099 286 Ep.
1115 251 1178 278 Me-

286 292 368 320 lantb.
386 290 448 315 Vol.
465 288 510 315 Vl.
527 297 551 323 p.
568 287 630 312 692.

189 366 315 400 Oratio
344 358 556 406 [synodica]
582 356 628 392 de
657 356 758 392 dicto
781 357 893 392 Paula·
925 355 1182 393 LTimothA:

189 412 353 451 Auende
374 412 545 454 lectioni,
572 409 815 444 consolationi
837 413 873 443 et
900 407 1096 443 doctrinae
1114 412 1184 442 etc.

190 475 354 517 Salutari
378 476 526 511 consilio
551 475 665 519 prima
681 472 837 508 Ecclesia
856 474 973 507 statim
991 472 1185 517 Apostolo-

189 542 269 566 rum
284 528 502 573 temporibus
513 524 609 560 hunc
625 537 759 559 morem
776 524 950 564 instituit,
977 531 1015 557 ut
1033 531 1185 569 quotan-

191 582 248 616 nis
274 580 313 613 in
335 579 492 625 qualibet
516 577 698 622 provincia
722 583 877 620 pastores
897 575 1095 608 vicinarum
1116 572 1186 606 Ec-

194 631 380 666 clesiarum
412 641 431 663 a
465 640 528 662 suo
551 629 785 671 gubernatore
813 632 1111 664 convocarentur,
1149 630 1189 657 ut

194 683 291 717 fieret
319 680 490 725 inspectio
513 679 693 712 doctrinae
721 684 753 710 et
787 689 949 716 morum,
989 683 1022 709 et
1051 675 1189 708 delibe-

196 733 351 768 rationes
385 733 428 764 de
465 730 543 763 aliis
577 729 681 762 rebus
715 728 919 760 necessariis
961 725 1190 759 haberentur.

196 784 330 829 Estque
348 781 579 816 rectissimum
604 779 715 812 ordiri
740 777 805 811 hos
823 784 1018 811 conventus
1035 790 1051 809 a
1070 788 1190 821 preca-

198 837 314 874 tione,
340 841 373 867 et
391 832 508 876 aliqua
526 831 582 873 pia
607 829 960 862 commonefactione:
989 828 1068 861 ideo
1087 827 1190 860 initio

198 897 335 920 mecum
354 883 446 916 veris
463 888 496 914 et
515 881 721 914 ardentibus
739 879 939 912 animorum
962 879 1054 912 votis
1071 889 1192 922 preca-

198 937 306 970 mini:
341 934 393 968 Te
410 932 632 976 omnipotens
649 931 766 970 Deus,
793 937 932 963 aeterne
952 936 984 962 et
1003 930 1106 962 unice
1131 940 1193 973 pa-

200 996 254 1022 ter
271 984 418 1020 Domini
436 983 546 1017 nostri
568 981 643 1015 lesu
667 979 818 1019 Christi,
848 981 1011 1014 conditor
1032 980 1192 1013 omnium

200 1049 319 1072 rerum
331 1064 339 1077 ‚
367 1042 401 1069 et
415 1040 640 1068 conservator
655 1039 688 1065 et
702 1032 916 1076 opitulator,
942 1031 1107 1064 conditor
1124 1028 1193 1063 Ec-

202 1089 326 1122 clesiae
350 1094 446 1125 tuae,
473 1097 543 1117 una
568 1096 646 1117 cum
671 1083 743 1116 filio
762 1090 823 1116 tuo
841 1089 1043 1123 coaeterno,
1068 1080 1195 1114 Domi-

202 1152 249 1173 no
267 1144 387 1172 nostro
401 1136 478 1169 lesu
491 1133 652 1173 Christo,
678 1141 709 1166 et
727 1133 864 1176 Spiritu
881 1139 1019 1173 sancto,
1046 1132 1195 1175 sapiens,

202 1192 314 1229 hone,
339 1186 554 1225 misericors,
582 1196 705 1221 verax,
733 1183 841 1223 iuste,
869 1182 1067 1220 liberrime,
1094 1182 1195 1215 sortis

202 1249 234 1275 et
250 1241 366 1279 iudex,
389 1247 541 1273 oramus,
559 1240 751 1278 utpropter
764 1233 877 1266 lesum
887 1230 1069 1266 Christum
1082 1232 1194 1265 filium

203 1302 303 1326 tuum
338 1287 533 1322 Dominum
571 1293 752 1322 nostrum,
795 1284 996 1317 crucifixum
1031 1295 1094 1326 pro
1130 1295 1196 1315 no-

201 1343 256 1377 bis
280 1348 315 1375 et
339 1338 601 1374 resuscitatum,
635 1333 716 1382 267ae
739 1332 802 1369 καὶ
824 1332 948 1368 εἰκόνα
972 1331 1096 1368 ἀΐδιον
1114 1345 1194 1374 σοι’,

202 1405 305 1439 quem
325 1389 466 1423 voluisti
485 1400 547 1431 pro
563 1387 665 1420 nobis
682 1398 753 1419 esse
772 1386 948 1419 victimam
965 1383 1027 1419 καὶ
1042 1383 1195 1429 μεσίτην

202 1442 261 1478 καὶ
282 1440 424 1486 ἱκέτην,
460 1445 499 1472 ut
515 1439 682 1471 accendas
699 1438 803 1470 corda
824 1443 942 1470 nostra
960 1437 1095 1481 Spiritu
1115 1447 1196 1468 sau-

203 1502 258 1529 cto
276 1501 354 1533 tuo,
381 1499 413 1525 et
432 1490 574 1533 colligas
590 1489 656 1522 tibi
671 1487 864 1522 Ecclesiam
885 1494 1062 1521 aeternam
1083 1487 1119 1519 in
1140 1485 1195 1519 his

203 1545 333 1579 nostris
358 1542 580 1586 regionibus,
617 1551 764 1584 eamque
787 1550 883 1582 regas
909 1545 941 1572 et
967 1550 1098 1578 serves,
1132 1550 1196 1570 nec

203 1597 298 1630 sinas
323 1593 477 1636 extingui
500 1592 612 1624 lucem
627 1589 813 1633 Evangelii
838 1590 909 1628 tui,
935 1597 968 1621 et
985 1589 1115 1622 tuearis
1131 1590 1197 1621 do-

204 1647 338 1681 ctrinae
363 1642 521 1677 coelestis
549 1641 662 1675 studia
689 1648 721 1673 et
750 1640 993 1683 disciplinam,
1023 1646 1054 1671 et
1074 1639 1196 1671 ‹lesen-

204 1700 266 1731 das
288 1708 325 1729 ac
352 1695 524 1738 gubernes
548 1689 698 1736 hospitia
716 1689 971 1730 Ecclesiarum‚
1006 1696 1044 1723 ut
1062 1701 1198 1733 semper

205 1749 241 1781 in
259 1746 313 1780 his
331 1745 533 1788 regionibus
549 1743 621 1776 sint
641 1743 688 1786 pii
706 1749 823 1774 coetus
843 1748 876 1774 te
895 1752 974 1773 vere
994 1740 1197 1772 invocantes

206 1807 238 1832 et
265 1798 490 1831 celebrantes».
563 1793 724 1837 Cumque
757 1791 902 1825 dixeris:
948 1790 1097 1835 Propter
1131 1802 1198 1829 me,

205 1856 350 1894 propter
372 1858 426 1879 me
449 1845 592 1884 faciam,
624 1851 750 1875 utnon
777 1839 1018 1885 blasphemer,
1046 1841 1197 1884 supplici

204 1907 344 1945 pectore
360 1908 520 1936 oramus,
541 1903 578 1927 ut
595 1900 738 1938 propter
754 1893 902 1936 gloriam
922 1899 1035 1932 tuam,
1057 1899 1198 1926 aeterne

203 1950 318 1989 Deus,
345 1947 429 1981 haec
451 1947 542 1980 bona
562 1945 665 1978 nobis
684 1951 853 1988 praestes,
881 1943 1007 1976 Amen.

306 1999 407 2034 Hanc
424 1997 658 2042 precationem
677 1995 737 2028 etsi
756 1995 857 2027 initio
877 2001 1070 2027 conventus
1085 1994 1197 2027 facere.

203 2065 298 2086 nunc
326 2050 475 2084 maxime
498 2047 682 2086 convenit,
718 2054 835 2080 tamen
856 2046 994 2078 assidue
1014 2045 1195 2078 nobiscum

206 2111 421 2147 repetamus,
450 2113 519 2132 nou
539 2099 651 2131 sulum
676 2098 711 2130 in
739 2097 878 2140 templis
896 2103 929 2129 et
947 2096 1097 2140 puhlicis
1113 2109 1199 2129 cuu-

205 2155 397 2195 gressihus,
432 2153 490 2184 sed
516 2151 619 2183 etiam
646 2161 724 2181 rum
749 2148 814 2180 soti
838 2160 976 2186 sumus,
1005 2147 1198 2190 cogitantes

206 2208 248 2237 de
266 2212 382 2238 nostra
401 2202 530 2237 salute,
558 2207 589 2233 et
608 2201 650 2232 de
668 2198 843 2236 Ecclesia,
872 2199 1038 2231 omnihus
1061 2199 1145 2231 locis
1165 2205 1198 2231 et

206 2255 434 2300 temporibus.

307 2306 395 2339 Cum
418 2311 531 2336 nutem
550 2309 579 2334 et
598 2300 888 2334 conum-nesactio
906 2297 971 2332 hoc
991 2300 1066 2332 luco
1085 2301 1128 2332 de
1145 2300 1196 2331 uf-

205 2357 283 2389 sni«)
309 2364 484 2400 pasturum
511 2353 668 2385 sarienda
695 2351 757 2390 sit,
785 2357 817 2383 et
839 2351 924 2383 alias
947 2353 988 2383 de
1014 2351 1080 2382 alia
1101 2357 1196 2394 parte

205 2408 310 2441 officii
334 2405 522 2438 dicendum
549 2404 610 2443 sit,
639 2409 677 2435 ut
703 2403 736 2434 iu
756 2401 821 2433 alia
849 2403 984 2446 synodo
1004 2403 1046 2433 de
1068 2402 1197 2435 tumida

205 2471 306 2491 verae
332 2457 511 2489 doctrina·-
536 2453 743 2491 cuin-ordia,
775 2453 970 2485 orationem
997 2450 1120 2485 haiim:
1151 2452 1197 2485 ita

203 2521 299 2542 nuuc
326 2514 495 2540 ress-intes
524 2507 564 2536 ad
586 2504 741 2536 studium
762 2504 962 2540 doctrinae,
990 2505 1031 2535 ad
1054 2504 1196 2545 legenda

203 2562 328 2603 srripta
357 2554 558 2602 prophetica
589 2562 616 2586 et
646 2554 855 2597 apostoliea„
891 2561 922 2587 et
952 2554 1026 2597 pias
1055 2566 1196 2587 enarra·
1222 2576 1224 2588 .

203 2612 316 2644 tiones
336 2606 514 2641 adhortari
538 2618 597 2638 vos
621 2605 776 2642 decri-xi,
805 2607 898 2649 quod
919 2612 954 2638 ut
984 2605 1197 2647 intelligatis,
1222 2631 1223 2634 η

569 133 727 171 DECL.
761 132 835 169 DE
869 130 1070 168 DICTO:
1112 131 1392 170 ATTENDE
1425 131 1713 170 LECTIONI
1739 143 1823 171 trc-

1231 218 1372 261 theum,
1398 219 1502 253 vobis
1520 230 1697 264 propono:
1725 217 1879 254 Attende
1904 219 2070 262 lectioni,
2096 217 2229 255 adhor-

1232 271 1359 306 tationi
1390 277 1424 305 et
1456 270 1650 305 doctrinae.

1234 333 1479 362 numeremus,
1512 333 1602 367 quae
1625 321 1669 354 ad
1687 332 1810 354 omnes
1826 322 2022 366 pertinent,
2051 329 2084 356 et
2100 323 2230 368 quibus

1234 374 1477 416 obtemperare
1500 384 1622 405 omnes
1640 383 1779 405 necesse
1807 379 1866 406 est.
1920 372 2029 407 Vetus
2052 379 2102 407 est
2124 373 2232 414 enim,

1236 425 1318 457 inde
1337 435 1448 468 usque
1465 435 1482 456 a
1502 423 1678 467 principio
1691 423 1728 455 in
1741 421 1897 456 Ecclesia
1913 434 2015 467 saepe
2029 424 2232 468 repetitum.

1235 475 1324 509 Nam
1343 474 1389 507 ita
1408 473 1680 508 Deuteronomii
1704 480 1799 507 sexto
1819 473 1936 519 inquit
1954 473 2066 508 Deus:
2092 473 2232 509 Erunt-

1237 538 1304 571 que
1319 525 1425 558 verba
1442 522 1526 557 haec
1539 551 1547 565 ,
1576 536 1664 569 quae
1683 535 1745 567 ego
1764 524 1940 569 praecipio
1960 524 2025 558 tibi
2045 522 2169 566 hodie,
2194 525 2233 558 in

1238 577 1342 610 corde
1359 583 1419 609 tuo
1431 603 1440 616 ‚
1469 581 1501 608 et
1518 575 1678 608 narrabis
1689 586 1726 608 ea
1743 575 1825 608 filiis
1840 576 1927 615 tuis,
1956 582 1988 609 et
2005 576 2233 610 meditaberis

1239 628 1362 660 sedens
1380 627 1418 659 in
1436 627 1542 660 domo
1562 633 1636 666 tua,
1664 632 1697 659 et
1715 625 1900 660 ambulans
1920 626 1956 658 in
1980 626 2122 667 itinere,
2147 627 2234 660 dor-—

1239 678 1353 711 miens
1378 684 1411 711 et
1436 688 1599 719 surgens,
1635 683 1668 710 et
1694 676 1819 719 ligabis
1844 688 1883 710 ea
1910 678 2010 722 quasi
2036 677 2175 720 signum
2195 677 2234 710 in

1242 740 1347 761 mam}
1370 735 1427 761 tua
1442 755 1450 768 ‚
1485 734 1525 761 ut
1549 727 1621 761 sint
1642 727 1678 760 in
1712 734 1920 771 conspectu,
1953 734 1986 761 et
2010 728 2180 762 inscribes
2195 739 2236 762 ea

1241 779 1358 813 limini
1376 786 1409 812 et
1424 779 1522 812 ostiis
1541 779 1668 811 domus
1683 785 1776 814 tuae.

1339 828 1435 863 Haec
1453 829 1559 862 verba
1576 836 1661 863 nota
1677 839 1749 861 esse
1766 829 1932 863 omnibus
1948 828 2119 871 arbitror,
2145 841 2237 875 quo-

1242 893 1321 914 rum
1338 880 1511 913 sententia
1528 880 1652 913 crebro
1670 879 1798 912 deinde
1817 881 1963 924 repetita
1981 888 2041 915 est.
2082 879 2237 915 UtPsal-

1243 943 1300 965 mo
1317 931 1449 975 primo:
1480 930 1520 963 ln
1543 930 1618 973 lege
1643 931 1717 963 eius
1740 930 1970 965 meditabitur
1986 931 2043 965 die
2065 943 2104 965 ac
2121 938 2236 966 nocte.

1243 981 1296 1016 Ac
1317 988 1357 1015 ut
1379 981 1491 1015 multa
1519 981 1699 1022 omittam,
1727 993 1793 1014 vox
1817 982 1949 1015 aeterni
1969 982 2076 1026 patris
2099 983 2142 1015 de
2164 981 2237 1015 filio

1245 1032 1399 1066 clamitat
1425 1033 1469 1065 ad
1492 1032 1697 1065 universum
1724 1043 1834 1074 genus
1852 1029 2066 1066 humanum:
2102 1032 2171 1066 Hic
2187 1039 2239 1066 est.

1244 1084 1336 1117 filius
1359 1094 1458 1116 meus
1482 1083 1650 1121 dilectus,
1685 1080 1780 1115 hune
1803 1083 1932 1117 audite.
1993 1082 2114 1126 Quare
2135 1095 2239 1128 prae·

1244 1141 1384 1177 ceptum
1412 1134 1454 1166 de
1478 1134 1719 1175 cognoscenda
1744 1134 1922 1174 doctrina,
1955 1146 2043 1179 quae
2061 1132 2259 1168 Ecclesiae·

1245 1197 1263 1217 a
1279 1183 1355 1217 Deo
1374 1182 1500 1216 tradita
1520 1190 1588 1223 est,
1612 1193 1749 1226 semper
1763 1184 1990 1228 praecipuum
2008 1185 2086 1218 suit.

1345 1232 1480 1267 Eadem
1499 1239 1531 1266 et
1552 1232 1725 1266 sententia
1750 1241 1799 1267 est
1819 1233 1990 1268 Paulinae
2008 1235 2123 1276 vocis,
2149 1247 2239 1280 quae

1247 1296 1325 1318 cum
1341 1285 1384 1317 de
1402 1296 1439 1317 re
1459 1283 1609 1316 maxima
1630 1283 1878 1323 concionetur,
1915 1291 2045 1318 attente
2062 1297 2138 1319 eam
2155 1297 2241 1319 cou-

1247 1337 1457 1370 sideremus:
1491 1341 1524 1368 et
1549 1335 1644 1379 quod
1668 1334 1765 1368 iubet
1788 1335 1860 1376 ipse
1878 1334 2030 1375 Paulus,
2054 1337 2241 1370 attenden-

1247 1388 1330 1420 dum
1356 1398 1428 1419 esse
1451 1385 1613 1425 lectioni,
1650 1385 1682 1418 id
1710 1385 1878 1418 faciamus
1899 1386 1934 1419 in
1957 1384 2023 1419 hoc
2041 1386 2116 1431 ipso
2135 1387 2242 1428 dicto,

1247 1435 1313 1471 hoe
1331 1443 1400 1478 est,
1426 1448 1506 1469 cum
1525 1437 1677 1481 quadam
1697 1436 1895 1470 intentione
1911 1437 2020 1470 animi
2040 1438 2242 1472 considere-

1248 1500 1324 1522 mus
1340 1488 1425 1533 quid
1438 1487 1541 1523 dicat.
1585 1486 1730 1520 Initium
1747 1494 1861 1520 autem
1879 1488 2113 1522 enarrationis
2123 1500 2242 1522 suma-

1247 1547 1305 1573 tur
1323 1552 1339 1572 a
1356 1535 1630 1583 reprehensione
1646 1538 1852 1571 falsissimae
1870 1539 2124 1583 persuasionis,
2152 1551 2242 1585 quae

1248 1590 1442 1623 multorum
1465 1590 1604 1622 animos
1628 1601 1766 1633 semper
1784 1601 1802 1622 a
1825 1589 1962 1634 scriptis
1978 1588 2192 1634 propheticis
2208 1597 2244 1625 et

1247 1640 1448 1683 apostolicis
1472 1639 1635 1678 abduxit,
1663 1646 1695 1671 et
1713 1640 1865 1673 abducit.
1920 1640 2029 1674 Multi
2044 1642 2242 1675 doctrinam

1248 1693 1290 1723 de
1308 1689 1485 1728 moribus,
1520 1700 1609 1733 quae
1629 1689 1786 1722 nascitur
1809 1689 2016 1733 nobiscum,
2040 1703 2100 1725 seu
2119 1689 2243 1725 Philo-

1248 1737 1409 1784 sophiam
1434 1739 1593 1773 sufficere
1623 1740 1823 1773 existimant
1851 1741 1892 1773 ad
1919 1741 2137 1783 agnitionem
2159 1741 2242 1776 Dei:

1249 1803 1313 1824 nec
1339 1797 1514 1834 praeterea
1541 1790 1636 1822 aliud
1664 1801 1772 1833 genus
1796 1791 1977 1824 doctrinae
1992 1799 2176 1836 expetunt,
2204 1805 2243 1826 ac

1249 1839 1414 1874 horribili
1436 1841 1600 1884 superbia
1628 1848 1859 1874 contemnunt
1880 1843 2129 1885 patefactione-s
2150 1844 2244 1877 divi-

1249 1903 1330 1931 nas,
1359 1892 1486 1936 scripta
1504 1888 1707 1935 prophetica
1732 1898 1765 1924 et
1791 1892 2000 1935 apostolica,
2028 1900 2061 1927 et
2084 1895 2244 1928 ministe-

1249 1944 1341 1976 rium
1367 1942 1619 1985 evangelicum.
1673 1941 1779 1975 Multi
1800 1943 1921 1982 etiam,
1948 1943 2009 1988 qui
2035 1944 2126 1979 vitae
2143 1957 2246 1990 prae-

1249 2000 1346 2038 cepta
1374 1994 1409 2026 in
1435 1990 1628 2037 prophanis
1650 1993 1786 2036 legibus
1811 2000 1842 2026 et
1858 1994 1997 2038 scriptis
2021 1996 2194 2030 concinne
2211 2003 2245 2031 et

1250 2051 1322 2078 arte
1340 2046 1492 2089 quadam
1511 2044 1698 2077 distributa
1722 2056 1793 2077 esse
1818 2045 1955 2082 vident,
1984 2045 2087 2089 louge
2111 2048 2246 2081 antefe-

1224 2127 1225 2135 ,
1251 2103 1332 2129 runt
1350 2107 1408 2128 eos
1421 2096 1530 2128 libros
1551 2095 1733 2128 doctrinae
1750 2095 1912 2133 coelesti,
1937 2108 2041 2140 quam
2059 2110 2131 2132 uon
2148 2099 2244 2133 iudi-

1222 2143 1226 2209 Ι
1250 2154 1329 2180 cant
1347 2147 1454 2180 simili
1473 2145 1709 2189 diligentiam
1727 2152 1800 2179 arte
1818 2146 1981 2190 scriptam
2001 2159 2084 2181 esse.

1224 2219 1225 2222 ,
1352 2198 1448 2240 Quid
1469 2197 1593 2239 igitur,
1628 2197 1812 2242 inquiunt,
1838 2209 1927 2241 opus
1947 2205 1996 2232 est
2014 2200 2244 2243 patefactione

1222 2264 1226 2293 ι
1250 2247 1340 2282 Dei?
1387 2248 1482 2290 Quid
1499 2247 1599 2281 libris
1624 2245 1838 2292 propheticis
1860 2256 1891 2282 et
1918 2250 2141 2293 apostolicis?
2180 2250 2245 2285 Yi-

1223 2301 1333 2341 qdent
1368 2300 1488 2332 eadem
1520 2299 1596 2332 sine
1628 2298 1736 2332 literis
1770 2296 1931 2332 homines
1958 2300 2150 2343 ingeniosi,
2184 2309 2245 2338 ant

1223 2344 1226 2384 l
1250 2358 1339 2383 cert«¹
1357 2349 1546 2383 iucundius
1570 2350 1698 2383 tradita
1726 2350 1845 2391 legunt
1864 2362 1881 2382 a
1901 2350 2040 2384 disertis
2062 2353 2245 2397 scriptori-

1223 2394 1225 2444 }
1250 2403 1314 2434 hus
1335 2400 1470 2434 Latinis
1493 2407 1525 2433 vt
1551 2399 1720 2433 Graecis?
1762 2400 1796 2433 ()
1820 2401 2073 2444 ι1ι·ρ1ιη·.ιιιι1ιιιη
2098 2404 2243 2438 caecita-

1250 2460 1316 2485 tem
1337 2452 1473 2495 generis
1491 2448 1660 2494 humaui,
1682 2466 1701 2482 υ
1722 2451 1926 2494 flagitiosam
1940 2453 2243 2496 iugratitudinem.

1251 2503 1341 2535 Num
1374 2503 1482 2535 levem
1507 2514 1579 2534 rem
1607 2511 1638 2535 et
1663 2503 1818 2535 ociosum
1845 2504 2081 2546 spectaculum
2109 2506 2244 2541 «luerint

1250 2566 1320 2586 esse.
1347 2554 1420 2591 isti„
1455 2554 1548 2598 quud
1577 2551 1671 2586 Dens
1696 2566 1734 2587 ex
1761 2554 1819 2586 illa
1839 2565 1898 2586 sua
1923 2566 2047 2587 arcana
2066 2557 2146 2589 sede
2161 2568 2242 2600 pro-

1249 2605 1366 2641 diens,
1402 2605 1518 2637 statim
1553 2605 1654 2637 initio
1686 2613 1718 2639 et
1740 2605 1904 2647 deinceps
1938 2616 2056 2649 saepe,
2084 2607 2186 2641 certis
2209 2613 2243 2641 et

202 2661 354 2706 praeripi
383 2671 452 2692 non
478 2669 552 2688 mea
583 2669 682 2692 sore.
721 2657 777 2687 sed
799 2669 881 2689 voce
901 2656 1054 2700 Spiritus
1074 2656 1195 2691 sancti.
1222 2646 1223 2657 γ
1251 2656 1446 2689 illustribus
1471 2655 1682 2688 testimoniis
1706 2667 1740 2688 se
1760 2655 1877 2697 genteri
1898 2651 2052 2689 humano
2071 2659 2243 2701 patefecit,

202 2715 353 2749 uli-tum,
390 2709 482 2755 quod
507 2714 598 2741 ext-*tt
623 2707 657 2738 iu
684 2704 841 2749 Epistola
867 2706 966 2740 l‘auh'
999 2709 1042 2740 ad
1071 2706 1194 2740 'l'iiuo-

1250 2719 1311 2739 uus
1335 2706 1508 2739 allocutus
1539 2713 1607 2745 est.
1644 2706 1844 2739 mirandum
1876 2706 2054 2740 decretum
2083 2709 2240 2752 ignotum

2264 218 2277 250 ἶ

2264 263 2282 278 '-

1710 269 1790 304 Hoc
1820 278 2044 316 praeceptum
2067 271 2161 305 inter
2189 283 2230 306 ea
2269 282 2291 302 v>
