2338 2958
232 130 307 166 239

234 215 322 253 tanti
346 213 477 249 furoris
499 212 584 246 olim
606 211 718 244 facere
743 215 778 243 et
799 207 996 242 vastitatem
1020 213 1124 253 atque
1148 205 1222 240 exi-

235 268 324 303 tium
346 264 508 309 religioni
526 269 559 296 et
580 260 744 294 omnibus
762 257 918 293 honestis
933 259 1068 293 artibus
1082 257 1222 298 minari,

236 330 300 352 nec
324 316 481 351 dubitate
503 313 587 358 quin
611 311 686 345 Deo
708 322 839 355 poenas
861 309 977 343 daturi
999 310 1081 344 sint.
1149 307 1222 341 Nos

236 381 320 402 vero
343 367 372 400 si
391 364 506 399 etDeo
525 362 627 407 grati,
644 369 676 396 et
693 373 773 405 erga
784 360 974 395 Ecclesiam
993 360 1042 404 pii
1060 370 1131 392 esse
1148 365 1220 392 stu-

237 422 371 457 demus,
389 425 615 459 agnoscamus
630 411 696 446 Dei
711 412 930 450 beneficium,
945 418 979 445 et
993 416 1137 455 propter
1151 407 1222 442 Ec—

236 470 359 504 clesiae
391 466 579 500 utilitatem
610 470 772 498 tueamur
804 470 836 496 et
860 472 1115 496 conservemus.
1184 458 1221 493 Si

237 531 338 565 quem
364 517 407 550 ab
431 514 487 549 his
510 515 636 550 studiis
658 512 724 548 hoc
747 515 918 553 deterret,
952 513 1047 557 quod
1071 523 1143 544 non
1167 510 1222 542 vi—

235 572 364 604 dentur
378 567 492 601 labori
509 567 719 611 respondere
738 564 889 609 praemia
901 591 909 603 ‚
938 563 966 597 is
983 575 1055 596 non
1071 562 1152 595 satis
1168 572 1224 593 re-

236 621 358 664 ligiose
375 619 417 652 de
432 616 507 652 Deo
523 617 642 652 sentit.
694 615 784 649 Cum
801 615 894 647 euim
913 613 1032 658 pietati
1048 612 1150 646 toties
1167 611 1225 643 in-

236 671 352 716 gentia
376 669 530 714 praemia
547 667 641 701 Dens
662 667 888 711 polliceatur,
916 676 989 697 non
1009 671 1054 697 est
1082 664 1124 695 de
1150 662 1224 696 eius

236 723 302 755 fide
327 720 575 754 dubitandum.
626 716 771 751 Alicubi
794 715 967 760 promittit
989 713 1225 758 amplissimos

234 774 376 816 frugum
399 776 609 815 proventus,
636 769 663 801 si
688 767 839 812 populus
859 766 1051 799 liberaliter
1070 765 1225 798 conferat

236 825 278 857 ad
293 834 376 857 usus
389 820 601 855 necessarios
617 819 750 863 templi.
796 817 914 860 Quare
929 829 991 850 nec
1006 816 1110 849 nobis
1127 826 1226 859 prae-

236 875 305 907 mia
330 873 492 906 defutura
519 876 618 908 sunt,
653 870 681 902 si
704 869 818 903 studia
841 874 960 901 nostra
983 868 1024 900 ad
1049 865 1225 900 Ecclesiae

235 925 424 959 utilitatem
448 922 680 955 conferemus.
739 919 786 953 Et
809 926 858 953 est
883 917 1010 963 pietas,
1042 923 1226 962 expectan-

236 983 305 1010 tem
330 972 413 1008 haec
438 972 629 1017 promissa,
664 969 840 1004 Ecclesiae
864 969 1077 1004 utilitatibus
1099 979 1228 1001 consu-

237 1027 318 1060 lere.
372 1024 466 1059 Dixi.

237 1221 302 1256 No.
317 1221 377 1256 32.
1054 1228 1101 1247 an.
1124 1217 1214 1247 1:333.

468 1322 632 1381 Praef.
659 1325 708 1364 in
733 1322 995 1364 Hesiodum.

307 1416 386 1452 Apud
406 1415 478 1440 Crat.
495 1412 564 1446 Myt.
584 1421 608 1445 p.
622 1411 755 1445 619sqq.‚
781 1409 808 1434 in
823 1408 945 1434 Declam.
962 1409 996 1434 T.
1012 1409 1044 1436 ll,
1064 1419 1090 1444 p.
1104 1409 1143 1442 9.‚
1162 1409 1226 1435 Ser-

343 1455 409 1477 vest.
429 1449 461 1474 T.
478 1447 508 1473 ll.
548 1468 554 1473 .
570 1447 594 1471 9.
615 1451 640 1471 et
663 1446 733 1477 apud
759 1443 881 1469 Richard.
900 1444 931 1469 T.
949 1444 968 1470 l.
990 1454 1013 1477 p.
1027 1444 1086 1471 211.
1115 1459 1147 1464 —
1192 1445 1227 1469 Ex

342 1484 470 1518 Epistolis
487 1457 546 1507 vol..
561 1481 592 1507 ΙΙ,
613 1490 637 1515 p.
650 1480 711 1506 631.
732 1479 907 1511 intelligitur,
928 1478 1104 1504 Franeimum
1123 1479 1228 1505 Burch·

340 1519 454 1546 bardum
475 1516 660 1541 Vinarieusem
683 1522 821 1539 enarrasse
842 1513 895 1539 hoc
909 1522 982 1539 anno
1001 1512 1159 1539 Hesiodum.

239 1604 437 1654 Praefatio
454 1606 494 1639 in
511 1600 735 1643 Hesiodum,
764 1611 786 1634 α
806 1602 1063 1635 Francisco
1085 1602 1229 1636 Vina-

558 1655 708 1687 riensi
736 1654 912 1686 recitata.

240 1726 338 1768 Cum
367 1731 409 1763 de
439 1727 637 1761 enarrando
667 1724 822 1759 Hesiodo
851 1727 1103 1767 deliberarem,
1138 1727 1231 1761 inter

241 1790 392 1819 caeteras
422 1778 644 1813 difficultates
668 1788 753 1821 quas
778 1777 864 1809 mihi
890 1777 923 1809 id
949 1778 1087 1821 negocii
1113 1791 1230 1812 susce-

238 1843 342 1881 pturo
373 1829 569 1876 propositas
599 1839 670 1861 esse
703 1828 962 1870 intelligebam,
1007 1829 1042 1861 in
1077 1836 1228 1863 mentem

239 1885 307 1920 hoe
333 1893 473 1929 quoque
496 1879 677 1918 veniebat,
709 1891 781 1911 non
806 1880 988 1912 defuturos
1013 1892 1106 1921 csse,
1142 1893 1230 1925 qno-

241 1937 336 1971 niam
369 1945 441 1966 non
470 1932 515 1964 ita
540 1930 653 1963 multo
678 1936 758 1962 ante
783 1929 810 1962 is
836 1929 942 1963 Poe-'ta
967 1931 1002 1963 iu
1027 1929 1089 1964 bac
1111 1930 1229 1964 schola

243 1986 439 2022 luculenter
462 1988 644 2015 enarratus
669 1987 737 2020 est,
771 1981 920 2025 quibus,
953 1981 981 2015 si
1008 1982 1232 2023 relegeretur,

241 2036 421 2073 fastidium
442 2032 602 2077 repetitio
621 2031 782 2064 adferret.
835 2031 948 2065 Video
966 2033 1060 2065 enim
1080 2046 1150 2067 non
1167 2034 1231 2067 ali—

243 2098 295 2124 ter
323 2094 427 2131 atquc
454 2084 559 2127 vulgo
585 2082 702 2119 aiunt,
737 2094 846 2115 novas
871 2083 1052 2117 cantiones
1076 2084 1232 2127 gratissi—

242 2151 316 2174 mas
341 2149 430 2175 csse,
454 2135 498 2169 ita
517 2147 577 2167 vos
595 2133 796 2166 avidissime
815 2135 855 2166 ad
874 2145 932 2166 eos
949 2142 1084 2168 autotcs
1103 2147 1231 2179 cogno-

244 2190 402 2226 sceudos,
427 2186 486 2231 qui
505 2184 650 2217 minime
667 2185 741 2218 noti
760 2197 797 2218 ac
816 2185 1009 2229 pervulgati
1028 2193 1121 2226 sunt,
1149 2199 1232 2220 con-

243 2242 361 2276 fluere.
414 2238 626 2281 Quanquam
660 2235 767 2275 igitur
798 2237 959 2274 verebar,
993 2244 1029 2270 ιιι
1059 2239 1230 2282 accepturi

244 2291 362 2327 essetis
386 2292 528 2333 poema,
554 2287 649 2331 quod
676 2287 820 2329 gratiam
847 2287 1011 2321 novitatis
1031 2289 1135 2331 paulo
1155 2296 1233 2323 autc

245 2342 357 2379 exuit,
385 2347 499 2373 tamen
525 2338 742 2370 confirmavit
763 2350 816 2369 nie
834 2350 954 2370 cornui
974 2338 1164 2380 iudiciuin,
1191 2342 1233 2372 dt·

245 2404 397 2440 quorum
426 2389 574 2423 consilio
600 2387 794 2421 Hesiodum
822 2391 1056 2422 enarrandum
1087 2391 1234 2434 suscepi,

245 2444 306 2491 qni
329 2442 422 2487 quod
448 2440 520 2473 eius
540 2438 666 2473 Poetae
691 2440 926 2479 cognition-*in
952 2441 1099 2473 maxime
1124 2442 1230 2483 frngi-

245 2497 354 2530 feram
378 2499 407 2525 et
433 2491 566 2523 liberali
592 2490 733 2530 ingenio
757 2491 996 2531 dignissimam
1020 2504 1091 2524 esse
1105 2499 1232 2526 statue-

245 2548 350 2581 bant,
385 2555 483 2586 saeps-
512 2541 737 2581 relegendum
769 2554 839 2573 csse
872 2542 1084 2577 indicabant.
1145 2542 1232 2577 Nam

247 2609 325 2632 cum
359 2605 519 2634 magnam
544 2592 729 2625 utilitatem
756 2590 879 2626 babeat
905 2594 1063 2633 relectio„
1097 2601 1127 2627 rt
1151 2595 1232 2627 dili-

246 2646 384 2691 gentins
407 2644 667 2687 expendantur,
702 2649 732 2675 et
754 2644 858 2676 altius
885 2644 1173 2688 introspiciantur
1195 2658 1232 2679 ea

247 2710 335 2746 quae
358 2702 601 2733 retractamns3
624 2701 706 2726 sunt
727 2695 840 2733 onim,
868 2702 906 2729 ut
924 2695 1035 2736 scitis,
1062 2695 1232 2742 θωτέρω

771 120 929 158 DECL.
963 118 1038 157 DE
1071 117 1275 156 PRAEF.
1306 119 1364 155 IN
1398 118 1724 158 HESIODUM.

2180 100 2263 160 *240
2304 172 2312 173 ἶ

1273 204 1470 254 φροντίδες
1490 204 1717 253 σοφωτέραι,
1742 205 1818 240 fore
1834 206 2118 248 arbitrabantur,
2141 213 2183 242 ut:
2199 218 2264 242 ne-

1273 259 1404 291 minem
1428 258 1644 302 poeniteret,
1669 255 1865 290 Hesiodum
1890 269 1929 290 ex
1955 258 2143 292 intervallo
2159 268 2265 302 regu·

1272 316 1379 342 stasse
1409 315 1443 342 et
1474 308 1621 352 propius
1651 307 1874 351 cognovisse,
1907 309 2008 343 euius
2031 310 2074 342 de
2097 309 2265 343 omnibus

1273 359 1398 393 officiis
1427 365 1497 392 tam
1525 357 1672 392 honesta
1701 365 1882 403 praecepta
1904 366 2004 398 sunt,
2037 366 2108 393 tam
2131 359 2265 394 multae

1273 410 1484 449 sententiae,
1511 421 1600 455 quae
1625 409 1669 443 ad
1691 409 1828 442 abditas
1845 416 1877 443 et
1893 409 2069 443 abstrusas
2085 409 2123 443 in
2137 415 2266 444 natura

1275 473 1328 495 res
1351 461 1609 505 cognoscendas
1632 459 1786 500 faciunt,
1816 467 1855 494 ut
1877 471 2062 506 nunquam
2087 461 2130 494 de
2154 471 2266 494 manu

1274 512 1505 556 deponendus
1534 511 1708 545 videatur.
1767 509 1854 543 Nam
1881 511 1941 555 qui
1965 517 2127 544 numerat
2147 510 2267 555 potius

1275 575 1379 609 quam
1402 563 1547 606 longum
1569 562 1763 605 catalogum
1779 567 1942 594 autorum
1961 562 2132 602 audierit,
2159 572 2267 606 quam

1274 621 1441 658 supputat
1456 613 1542 658 quid
1559 625 1600 647 ex
1617 623 1757 658 quoque
1773 611 2002 653 lucrifecerit,
2029 613 2057 646 is
2073 611 2158 645 sciat
2175 623 2210 645 se
2228 611 2268 644 in

1275 664 1400 698 studiis
1423 664 1634 698 infoeliciter
1658 662 1798 697 versari.
1865 661 1985 707 Neque
2007 675 2089 696 vero
2115 662 2267 696 multum

1276 715 1438 749 utilitatis
1460 716 1595 748 adferre
1618 714 1768 759 scriptor
1790 712 1885 746 ullus
1908 720 2040 756 potest,
2064 713 2170 747 semel
2187 719 2268 746 tan-

1277 773 1351 799 tum
1374 766 1470 799 velut
1487 778 1506 799 a
1525 765 1648 798 limine
1663 765 1845 799 salutatus.
1898 761 1945 797 Et
1961 763 2157 798 Hesiodum
2172 769 2268 797 vete-

1276 828 1330 849 res
1357 828 1430 849 non
1461 823 1599 850 tanturn
1629 821 1843 860 putaverunt
1871 815 1977 848 semel
2005 822 2109 860 atque
2137 814 2269 848 iterum

1278 868 1465 910 legendum
1491 878 1581 905 esse,
1615 867 1674 900 sed
1699 865 1925 899 ediscendum
1947 866 2115 900 omnibus
2139 863 2270 910 pueris,

1278 919 1338 963 qui
1362 918 1556 951 liberaliter
1577 917 1870 955 instituebantur,
1895 923 1935 949 ut
1951 915 2148 951 Columella
2164 921 2271 949 testa-
2320 956 2323 959 Ι

1280 977 1355 1010 tur,
1386 969 1644 1013 proponebant.
1703 965 1780 1010 Ego
1806 966 1914 1010 igitur
1937 965 1992 1001 his
2018 967 2130 1001 causis
2155 966 2270 1000 addu-

1279 1027 1354 1053 ctus
1376 1031 1470 1060 sum,
1496 1025 1536 1053 ut
1560 1018 1770 1063 susceperim
1796 1014 1890 1050 hunc
1905 1015 2049 1053 Poetam
2074 1028 2195 1051 rursus
2213 1016 2270 1050 in-

1279 1071 1555 1115 terpretandum.
1623 1068 1693 1104 Sed
1720 1067 1887 1114 quoniam
1911 1068 2013 1113 cupio
2038 1067 2138 1102 vobis
2162 1067 2270 1101 etiam

1278 1122 1488 1165 persuadere
1516 1120 1638 1155 utilem
1671 1131 1813 1163 operam
1849 1130 1908 1151 vos
1939 1119 1975 1152 in
2007 1131 2048 1152 eo
2078 1117 2270 1163 repetendo

1279 1178 1482 1216 sumpturos
1501 1183 1591 1210 esse,
1617 1170 1799 1214 aliquanto
1818 1169 1922 1202 latius
1937 1167 2043 1204 huius
2057 1169 2127 1202 mei
2148 1167 2271 1202 iudicii

1279 1223 1368 1256 ratio
1386 1219 1472 1255 milii
1491 1221 1696 1265 exponenda
1716 1225 1784 1260 est,
1806 1225 1838 1253 et
1855 1219 2064 1260 dicendum,
2091 1219 2270 1265 quomodo

1279 1275 1392 1316 legere
1416 1279 1573 1306 veterum
1591 1271 1717 1315 scripta
1737 1271 1921 1306 conducat.
1974 1269 2055 1314 Qua
2071 1271 2114 1303 de
2129 1282 2166 1304 re
2184 1270 2270 1304 dum

1279 1325 1379 1364 dico,
1413 1335 1542 1368 quaeso
1564 1334 1620 1355 me
1642 1322 1831 1364 diligenter
1853 1322 2034 1357 attendite.
2092 1320 2183 1355 Nam
2209 1320 2271 1367 qui

1280 1375 1317 1408 in
1349 1374 1517 1407 discendo
1547 1370 1641 1406 nihil
1670 1372 1768 1405 aliud
1795 1372 1936 1405 consilii
1958 1370 2107 1413 habent,
2138 1372 2208 1405 nisi
2231 1377 2270 1405 ut

1279 1425 1389 1459 multa
1419 1425 1555 1468 legant,
1586 1421 1625 1456 hi
1651 1420 1742 1456 mihi
1772 1429 1941 1468 tanquam
1970 1423 2028 1457 via
2056 1422 2164 1468 lapsi,
2196 1428 2271 1457 toto

1280 1476 1376 1510 coelo
1393 1487 1508 1509 errare
1525 1475 1702 1508 videntur.

1381 1525 1539 1560 Proinde
1561 1525 1609 1558 sic
1636 1531 1770 1565 statuo,
1797 1535 1926 1569 paucos
1945 1525 2114 1570 quosdam
2142 1535 2272 1571 eosque

1280 1577 1432 1622 optimos
1451 1589 1491 1610 ex
1508 1576 1570 1609 illo
1587 1587 1715 1619 magno
1733 1575 1907 1609 librorum
1924 1587 2073 1609 numero
2091 1576 2271 1620 eligendos

1281 1640 1372 1669 esse,
1406 1627 1537 1673 quibus
1566 1638 1584 1659 a
1616 1626 1728 1671 prima
1754 1626 1908 1670 puericia
1933 1626 2116 1668 innutriti,
2149 1638 2272 1662 omnes

1281 1692 1402 1713 eorum
1433 1677 1641 1715 sententias,
1674 1683 1713 1710 ut
1742 1676 1871 1720 digitos
1897 1689 1935 1711 ac
1961 1689 2097 1721 ungues
2120 1684 2273 1720 nostros,

1281 1739 1477 1769 teneamus,
1516 1735 1550 1763 et
1578 1739 1774 1761 sermonem
1806 1739 1944 1768 eorum,
1978 1740 2084 1774 quam
2113 1729 2272 1774 proxime

1282 1781 1357 1814 fieri
1394 1786 1524 1825 potest,
1564 1785 1683 1812 nostra
1723 1778 1835 1811 oratio
1873 1778 2000 1813 reserat
2036 1791 2076 1812 ac
2105 1780 2273 1814 redoleat.

1284 1831 1540 1865 Animadverto
1564 1836 1679 1862 antem
1704 1826 1794 1862 banc
1813 1829 2008 1863 orationem
2025 1829 2062 1863 in
2080 1827 2273 1875 repreben—

1282 1884 1419 1916 sionem
1452 1881 1675 1926 quorundam
1707 1879 1971 1924 imperitorum,
2012 1880 2074 1926 qui
2106 1881 2272 1916 varietate

1282 1932 1444 1968 lectionis
1472 1931 1655 1965 doctrinae
1685 1930 1813 1964 samam
1837 1938 2075 1976 aucupantur,
2110 1932 2273 1966 incursu-

1282 1997 1356 2018 ram
1383 1995 1473 2023 rsse,
1501 1983 1562 2029 qui
1586 1994 1642 2015 me
1665 1981 1835 2015 desidiam
1861 1982 2052 2016 iuventutis
2072 1994 2165 2016 novo
2183 1995 2273 2028 quo-

1284 2037 1363 2069 dam
1388 2035 1565 2079 paradoxo
1589 2033 1682 2066 alere
1703 2032 2008 2074 vociferabuntur,
2033 2045 2113 2067 cum
2129 2034 2275 2069 audient

1285 2099 1339 2119 ine
1374 2086 1505 2118 variam
1543 2091 1575 2119 et
1613 2083 1807 2117 multorum
1843 2083 2028 2117 lectionem
2059 2084 2273 2129 improbare.

1286 2135 1359 2179 Ego
1375 2149 1457 2169 vero
1474 2136 1500 2169 si
1519 2147 1623 2181 quam
1642 2146 1770 2167 novam
1788 2134 1896 2177 legem
1914 2134 2015 2167 nullo
2033 2142 2172 2177 autore,
2195 2135 2273 2171 sine

1285 2188 1450 2229 gravibus
1481 2187 1625 2221 testibus
1648 2185 1792 2224 serrem.
1832 2185 1907 2218 iure
1930 2185 2128 2229 culpandus
2151 2198 2272 2222 essem.

1287 2239 1405 2284 Nequi-¹
1429 2238 1522 2271 enim
1548 2237 1600 2270 vel
1623 2243 1714 2269 aetas
1734 2248 1809 2269 mea
1829 2236 1882 2269 vel
1901 2237 2074 2275 eruditio.
2103 2237 2158 2272 vel
2172 2245 2274 2272 auto—

1286 2291 1370 2324 ritas
1390 2289 1561 2322 eiusmodi
1580 2295 1646 2324 ost.
1672 2294 1709 2321 ut
1726 2299 1863 2320 sumere
1882 2285 1968 2323 mibi
1986 2289 2078 2332 apud
2096 2298 2158 2322 vos
2173 2299 2274 2334 prae-

1286 2341 1448 2385 ripientis
1470 2351 1653 2384 personam
1681 2337 1810 2378 ausim;
1847 2350 1967 2372 verum
1990 2350 2028 2372 ea
2054 2351 2144 2384 quae
2165 2351 2184 2373 a
2206 2341 2273 2374 do·

1286 2391 1449 2424 ctissimis
1479 2391 1564 2423 viris
1586 2389 1714 2423 tradita
1740 2389 1983 2428 meminimus.
2016 2401 2176 2435 quaeque
2198 2402 2275 2424 me-

1286 2443 1397 2475 diocri
1416 2440 1540 2475 barum
1560 2441 1760 2478 literarum.
1789 2441 1824 2473 in
1842 2440 1971 2485 quibus
1985 2451 2183 2481 versamur.
2207 2453 2274 2476 um

1286 2493 1533 2535 cognovimus,
1559 2493 1595 2526 in
1619 2491 1774 2524 medium
1798 2491 1922 2525 afferre
1943 2483 2048 2525 officii
2072 2491 2183 2526 nostri
2202 2504 2275 2527 esne

1288 2545 1530 2578 iudicavimus.
1601 2541 1770 2576 llnratius
1798 2542 1861 2576 ait:
1900 2540 1963 2576 Vel
1994 2541 2023 2575 si
2056 2554 2177 2576 caecus
2209 2543 2275 2578 iter

1287 2603 1481 2629 monstrare
1518 2594 1619 2632 velit,
1662 2601 1777 2627 tamen
1814 2591 2079 2637 adspiciendum
2111 2604 2204 2636 esse,
2243 2593 2273 2629 ni

1286 2647 1370 2692 quid
1403 2652 1541 2679 moneat
1575 2645 1668 2690 quod
1698 2655 1770 2677 non
1799 2643 1843 2677 sit
1873 2643 2009 2679 inutile.
2071 2643 2191 2687 Quare
2213 2655 2275 2680 voe

1288 2711 1388 2740 rogo.
1418 2710 1461 2730 nt·
1486 2697 1655 2738 gravatim
1682 2703 1751 2730 tam
1775 2694 1881 2728 variis
1905 2695 2136 2739 opinionibus
2149 2706 2271 2731 eorum
