2338 2958
159 126 207 162 43
665 111 823 151 DECL.
863 106 937 146 DE
969 105 1206 145 STUDIIS
1240 101 1664 142 THEOLOGICIS.
2134 99 2182 138 44

159 210 286 256 inquit.
337 206 385 242 Et
406 206 443 240 in
461 202 556 238 hunc
575 201 717 248 quidem
738 198 843 231 finem
859 196 903 230 ab
920 195 1023 228 initio
1039 205 1145 228 mun-

159 264 216 302 di,
249 260 396 293 verbum
421 268 522 290 sunm
547 252 643 286 dedit
666 249 781 290 Deus,
813 248 852 281 in
881 245 947 280 hoc
972 246 1144 290 scriptura

159 319 276 347 sancta
303 308 441 355 prodita
463 312 532 343 est,
563 309 601 336 ut
624 299 782 347 quotidie
798 300 835 332 in
861 297 1062 341 cognitione
1078 293 1145 328 Dei

160 372 371 400 crescamus,
405 365 442 390 ut
459 354 627 394 subinde,
654 351 748 397 quod
767 349 869 384 toties
884 347 1037 381 inculcat
1054 345 1147 379 Pau—

160 415 233 453 lus,
260 411 370 454 magis
390 420 428 441 ac
450 405 560 448 magis
577 402 797 448 proficientes
816 400 852 433 in
867 397 1069 442 cognitione
1083 408 1146 429 vo-

159 463 307 499 luntatis
332 459 492 497 divinae,
521 456 691 489 laetemur
724 453 760 484 in
783 450 877 488 Deo,
912 447 1146 493 praesentiam

161 516 234 549 eins
264 514 299 545 in
330 508 486 543 mirificis
517 505 683 550 operibus
710 503 895 536 adoremus
923 506 956 533 et
987 509 1147 532 reverea-

160 577 257 602 mur,
285 569 322 595 ut
340 572 402 605 per
417 559 520 592 fidem
538 564 572 590 et
593 555 775 600 spiritum,
809 558 948 595 gustum
969 549 1146 593 quendam

160 613 394 660 percipiamus
415 609 507 642 vitae
532 614 710 644 aeternae,
737 610 778 636 ut
793 603 937 636 tandem
955 600 1148 632 eluctantes

161 679 198 699 ex
222 671 274 697 tot
298 661 463 696 fluctibns
485 665 519 692 et
541 655 704 702 periculis
720 653 837 697 regni,
864 651 987 684 mortis
1006 655 1040 683 et
1058 648 1148 683 Dia-

159 715 250 755 boli,
284 722 502 755 emergamus
527 709 569 741 ad
600 706 788 752 perfectam
811 702 1048 746 cognitionem
1071 698 1150 740 Dei,

159 775 266 812 utque
283 765 426 798 tandem
444 761 516 795 Deo
533 759 628 803 ipso,
654 756 748 801 quod
774 755 886 788 maius
903 752 1072 797 quiddam
1088 756 1150 790 est,

159 829 265 864 quam
302 813 455 848 humana
489 816 604 843 mente
638 805 776 850 concipi
807 803 865 838 hic
894 808 1026 848 potest,
1067 801 1150 841 vita,

161 867 292 913 gloria,
326 863 502 901 claritate,
532 872 570 893 ac
595 857 814 892 beatitudine
831 862 972 889 aeterna
989 852 1148 897 perfrua-

160 930 251 952 mur.
303 915 351 949 Et
374 912 430 947 hic
453 911 595 957 quidem
620 909 700 942 finis
723 914 773 940 est
790 907 984 944 bonorum,
1013 901 1079 936 hoc
1100 908 1151 935 est

161 969 249 1003 illud
277 976 454 1000 summum
477 964 629 1000 bonum,
656 959 717 992 illa
746 970 827 991 vera
852 964 884 990 et
901 955 1066 989 omnibus
1084 965 1151 986 nu-

162 1019 268 1054 meris
290 1016 449 1050 absoluta
480 1011 652 1058 sapientia
687 1021 790 1055 quam
824 1006 1056 1052 requirimus,
1090 1004 1150 1036 illa

162 1072 236 1105 sola
261 1076 294 1102 et
318 1067 468 1112 perfecta
493 1062 692 1100 beatitudo,
727 1061 770 1093 de
793 1071 862 1104 qua
885 1065 980 1091 extra
1004 1056 1151 1088 verbnm

161 1121 227 1156 Dei
255 1118 493 1163 inquisierunt
515 1109 724 1156 Philosophi
757 1117 791 1144 et
816 1109 991 1154 sapientes
1015 1105 1152 1139 mundi.

164 1173 232 1207 Sed
248 1170 344 1204 Dens
362 1178 483 1212 passus
499 1171 549 1198 est
568 1175 625 1198 eos
648 1174 764 1196 errare
779 1162 883 1203 longe
900 1171 918 1192 a
937 1159 1015 1192 Deo
1035 1157 1071 1189 in
1088 1156 1154 1188 viis

164 1223 236 1257 suis
247 1249 255 1265 ‚
281 1228 320 1255 ut
333 1218 464 1253 Paulus
479 1218 516 1250 in
528 1214 625 1250 Actis
640 1213 768 1258 iuquit.
820 1211 911 1244 Vere
925 1216 1040 1243 autem
1058 1207 1155 1240 illius

164 1273 351 1315 religion5‚
379 1277 411 1303 et
427 1266 665 1309 Theologiae,
694 1270 727 1297 et
751 1263 882 1296 solidae
901 1261 995 1293 illins
1014 1259 1155 1301 sapien-

165 1325 232 1360 tiae
248 1324 413 1356 inventor
437 1326 472 1353 et
494 1325 613 1357 autor,
639 1327 711 1348 non
736 1321 785 1347 est
800 1311 1002 1346 Mercurius
1017 1309 1155 1354 aliquis,

166 1388 239 1409 non
266 1372 368 1407 heros
395 1369 569 1415 quispiam
594 1367 726 1403 clarus,
752 1376 824 1397 non
843 1357 1080 1403 Philosophus
1097 1371 1155 1391 ex-

166 1426 313 1465 cellens,
341 1423 397 1455 sed
417 1421 489 1464 ipse
505 1425 640 1452 creator
654 1415 814 1449 omnium
829 1424 947 1446 rerum
964 1410 1076 1451 Deus,
1102 1409 1156 1441 vi—

167 1489 231 1510 vns
249 1483 281 1509 et
299 1484 420 1511 verns,
446 1478 485 1504 ot
503 1468 624 1504 Esaias
641 1466 775 1511 inquit:
811 1464 884 1506 Qui
902 1461 1062 1495 condidit
1078 1471 1156 1492 coe-

168 1529 241 1561 lum
255 1554 264 1567 ,
300 1532 333 1559 et
349 1521 520 1557 stabilivit
537 1527 664 1553 terram
681 1524 742 1551 etc.
795 1513 841 1548 Et
859 1511 1054 1554 Theologia
1073 1508 1158 1543 haec

169 1590 271 1620 vera,
311 1587 383 1608 non
415 1579 465 1605 est
495 1568 668 1604 eiusmodi
702 1565 874 1609 cognitio,
916 1570 975 1596 aut
1003 1561 1159 1601 scientia,

169 1633 369 1672 comparata
402 1623 514 1656 solum
549 1621 590 1654 ad
621 1619 728 1652 vitam
759 1615 850 1650 hanc
876 1619 1158 1648 momentaneam

170 1674 371 1725 ἡμερόβιον
396 1673 580 1718 strepitum
604 1682 741 1707 rerum,
774 1675 807 1701 et
830 1664 1018 1700 umbratile
1036 1665 1158 1708 σχῆμα

170 1729 277 1764 huius
291 1726 430 1761 mundi.
492 1720 800 1766 Quemadmodum
821 1714 1074 1755 architectura,
1101 1720 1160 1746 aut

171 1781 303 1816 similes
325 1785 433 1817 artes,
465 1780 602 1809 tantum
629 1772 670 1805 ad
695 1768 801 1803 huius
823 1768 914 1802 vitae
936 1777 1038 1799 usum
1064 1776 1162 1798 com-

172 1838 312 1877 paratae
341 1834 440 1865 sunt,
473 1836 558 1870 quas
574 1822 674 1868 pauci
692 1820 834 1866 qnidam
852 1818 1074 1863 perdiscunt,
1101 1815 1161 1848 scd

174 1885 215 1917 ad
234 1880 325 1915 hanc
350 1877 586 1922 cognitionem
610 1885 727 1906 veram
746 1871 829 1910 Dei,
854 1870 895 1903 ad
918 1865 1008 1901 hanc
1024 1866 1164 1911 sapien-

175 1935 258 1968 tiam
277 1929 558 1977 percipiendam,
584 1935 705 1958 omnes
727 1921 887 1955 homines
906 1931 1010 1964 super
1025 1925 1165 1958 terram,

176 1992 358 2028 totumque
378 1990 486 2023 genus
503 1975 698 2011 humanum
716 1979 868 2006 creatum
887 1977 955 2011 est,
981 1976 1086 2014 atque
1104 1968 1164 2001 illa

177 2036 295 2069 ‹tixina
326 2044 423 2065 mens
449 2027 621 2067 hominis,
658 2026 716 2058 illa
737 2021 992 2066 elegantissima
1011 2019 1167 2064 corporis

178 2085 345 2121 hnmani,
391 2081 550 2115 omnium
598 2088 810 2121 organorum
847 2085 886 2106 ac
927 2071 1166 2104 membrorum

179 2134 410 2172 constructio,
438 2144 508 2164 non
529 2130 563 2163 in
582 2127 647 2161 hoc
665 2134 713 2160 est
732 2125 891 2161 condita,
920 2130 956 2156 ut
974 2122 1087 2155 solum
1111 2133 1167 2154 ar-

181 2196 230 2221 tes
250 2186 344 2223 illas,
374 2196 460 2229 qnae
487 2194 556 2213 non
582 2180 647 2212 nisi
669 2176 749 2210 hnic
770 2175 909 2209 mortali
930 2174 1020 2206 vitae
1039 2179 1070 2206 et
1091 2184 1168 2205 cor-

182 2239 257 2283 pori
278 2236 451 2273 serviunt,
479 2238 650 2268 exerrent,
677 2230 733 2262 scd
754 2235 789 2261 nt
810 2226 981 2259 infinitam
1000 2225 1095 2257 illam
1115 2235 1168 2256 sa-

183 2288 348 2334 pientiam
367 2293 397 2318 et
417 2284 608 2317 honitatem
630 2280 694 2314 Dei
717 2283 918 2321 cognoscat,
946 2283 977 2308 et
995 2275 1170 2317 magnitu-

183 2341 301 2373 dinem
319 2344 346 2368 et
369 2336 569 2368 varietatem
588 2340 619 2365 et
637 2331 818 2364 mirificam
838 2329 933 2361 illam
953 2327 988 2358 in
1005 2326 1172 2358 omnibus

184 2392 254 2423 vim
281 2396 384 2432 atque
409 2384 598 2430 potentiam
630 2381 806 2426 operantis
832 2378 896 2413 Dei
920 2377 1172 2420 contemplans,

186 2443 221 2474 in
242 2440 314 2473 Deo
333 2446 361 2470 et
382 2436 545 2468 monibus
564 2433 729 2478 operibus
748 2431 812 2464 Dei
836 2431 1000 2465 laetetur,
1029 2435 1061 2461 et
1077 2439 1171 2460 sum-

186 2505 240 2525 n·a
272 2489 483 2522 exultatione
515 2492 547 2518 et
579 2484 753 2517 alacritate
791 2482 916 2522 gratias
949 2486 1044 2522 agat,
1086 2478 1173 2511 sicut

186 2542 347 2575 Christus
375 2540 444 2582 ipse
469 2537 642 2569 Dominus
669 2541 785 2566 noster
805 2531 900 2565 brevi
924 2537 955 2563 et
973 2529 1173 2571 gravissima

188 2593 358 2626 sententia
384 2590 482 2621 ‹ti-it.
521 2586 613 2619 ttwc
637 2592 685 2617 est
711 2591 848 2616 aeterna
875 2583 962 2619 vita,
991 2588 1026 2614 nt
1046 2592 1174 2621 cogno-

189 2653 279 2678 ,ὲν-ιιι·
300 2650 330 2675 t·—
346 2653 465 2672 τοι-ηιμ
484 2640 610 2672 Ηνιιιῐι,
640 2644 670 2668 ct
688 2648 790 2679 quen]
805 2633 928 2666 misisti
945 2631 1055 2664 lesum
1071 2628 1175 2665 Cliti—

190 2706 278 2728 stum
338 2693 368 2724 iel
397 2698 461 2723 est:
500 2688 582 2721 haec
609 2694 658 2720 est
692 2687 760 2718 xita
790 2686 868 2722 illa,
905 2683 996 2716 salus
1030 2682 1108 2721 itta,
1145 2689 1176 2715 et

1197 190 1398 231 beatitudo,
1424 189 1461 222 in
1478 185 1546 222 hoc
1561 195 1634 223 tota
1647 188 1702 222 vis
1715 195 1767 223 est
1781 188 1957 230 infinitae,
1983 188 2186 227 immensae,

1199 249 1231 277 et
1249 249 1409 276 aeternae
1421 239 1693 279 consolationis,
1717 247 1750 273 et
1770 240 1989 281 foelicitatis,
2015 240 2058 273 ad
2078 251 2183 285 quam

1199 291 1361 327 homines
1388 291 1541 331 conditi,
1574 297 1608 324 et
1632 301 1654 323 a
1675 289 1750 324 Deo
1773 290 1887 324 vocati
1914 302 2055 329 sumus,
2081 297 2122 324 ut
2147 290 2184 323 in

1200 342 1264 377 hac
1285 343 1356 376 vita
1379 341 1487 376 animi
1510 340 1623 375 nostri
1646 341 1853 375 erudiantur
1875 353 1937 384 per
1960 341 2128 382 verbum,
2153 347 2187 374 et

1199 400 1367 438 concepto
1401 392 1539 437 Spiritu
1575 397 1712 429 sancto,
1755 391 2004 425 illuminentur
2037 391 2187 426 subinde

1200 444 1311 487 magis
1326 443 1505 488 magisque
1520 455 1600 476 vera
1616 441 1816 485 cognitione
1829 440 1913 481 Dei,
1940 449 1976 476 ut
1992 439 2048 475 hic
2064 441 2101 475 in
2118 440 2188 476 Ec-

1200 495 1303 529 clesia
1328 494 1474 539 incipiat
1506 492 1689 527 renovatio
1720 499 1754 526 et
1783 493 1990 527 restauratio
2015 493 2190 538 collapsae

1201 553 1366 586 naturae,
1400 556 1547 588 regnum
1572 543 1771 583 coelorum,
1804 550 1837 577 et
1865 543 2020 585 iusticia,
2052 552 2086 578 et
2115 544 2188 578 vita

1201 603 1359 630 aeterna:
1385 603 1425 630 ut
1441 596 1584 629 tandem
1601 594 1637 627 in
1653 594 1774 627 tuturo
1789 594 1925 632 secuto,
1951 595 2102 639 perfecte
2118 595 2191 628 lae-

1202 654 1317 681 temur
1350 647 1386 679 in
1418 645 1512 685 Deo,
1555 644 1690 678 laeticia
1719 645 1870 690 quadam
1901 644 2128 679 inenarrabili
2157 652 2191 680 et

1202 697 1410 741 glorificata,
1444 696 1617 729 ineffabili
1643 701 1797 729 torrente
1824 696 1984 729 omnium
2014 697 2190 730 bonorum

1203 747 1288 788 Dei,
1320 749 1478 792 adeoque
1508 747 1659 791 perfecta
1680 743 1858 792 κοινωνίᾳ
1885 753 1918 780 et
1942 747 2192 781 communione

1203 797 1309 845 (quae
1334 798 1371 830 in
1396 796 1463 831 hoc
1496 804 1654 841 tempore
1679 808 1783 841 super
1808 809 1948 830 omnem
1976 804 2115 841 captum
2141 805 2192 833 est

1204 848 1439 882 humanarum
1481 848 1670 891 mentium)
1718 847 1915 881 divinitatis
1958 846 2193 893 perfruamur-¹

1204 900 1364 934 Sciamus
1404 910 1486 942 ergo
1523 896 1756 941 'theologiam
1798 910 1870 931 non
1913 910 1986 932 esse
2021 899 2194 933 eiusmodi

1205 951 1381 996 quandam
1405 948 1727 992 cognitiunculam,
1761 961 1849 993 quae
1872 947 1954 982 lmic
1979 950 2118 983 mortali
2140 950 2194 983 vi-

1205 1010 1259 1035 tae
1284 1007 1421 1035 tantuin
1446 999 1652 1039 ancilletur,
1683 998 1919 1032 cuiuscemodi
1938 1007 2020 1034 snnt
2038 1001 2194 1046 reliquae

1206 1059 1316 1092 artes,
1344 1063 1433 1096 quae
1457 1062 1556 1084 suam
1573 1057 1689 1083 tamen
1707 1049 1865 1090 laudem,
1897 1051 2047 1084 durante
2062 1048 2127 1084 hac
2142 1051 2196 1085 vi-

1206 1110 1260 1141 ta,
1285 1100 1433 1142 habent,
1458 1102 1518 1134 sed
1535 1100 1708 1134 eiusmodi
1729 1101 1906 1145 quandam
1924 1101 2096 1135 divinitus
2114 1114 2199 1147 pro·

1207 1155 1317 1187 ditam
1338 1152 1566 1196 sapientiam,
1592 1152 1634 1184 ad
1654 1163 1759 1197 quam
1780 1151 2039 1195 percipiendam
2053 1179 2062 1193 ,
2089 1150 2196 1187 homo

1209 1204 1310 1238 initio
1337 1203 1518 1244 conditus,
1554 1208 1698 1246 propter
1726 1214 1830 1247 quam
1855 1202 1997 1236 divinae
2028 1204 2197 1247 particula

1208 1267 1312 1288 aurae
1335 1253 1391 1300 (nt
1412 1253 1520 1287 Poeta
1549 1252 1681 1297 inquit)
1706 1259 1739 1286 et
1755 1252 1844 1285 illud
1862 1261 1980 1297 pectus
1996 1254 2198 1288 coelestium

1209 1317 1326 1339 rerum
1352 1317 1476 1348 capax,
1512 1304 1572 1337 illa
1603 1315 1702 1337 inens
1730 1303 1826 1336 coelo
1857 1305 1988 1338 ducens
2014 1305 2199 1348 originem,

1209 1356 1314 1389 nobis
1333 1355 1444 1388 indita
1461 1362 1523 1388 est.
1584 1353 1625 1387 ln
1641 1365 1872 1399 quaecunque
1888 1366 1969 1397 ergo
1987 1356 2078 1388 vitae
2093 1367 2199 1400 gene-

1210 1418 1248 1439 ra
1273 1405 1368 1438 varia
1392 1411 1577 1449 tempestas
1602 1401 1708 1438 huius
1731 1403 1823 1437 vitae
1843 1405 2005 1438 coniiciat
2027 1403 2202 1447 homines,

1210 1457 1283 1490 sive
1312 1455 1402 1489 luris
1426 1454 1654 1500 prudentiae,
1686 1454 1760 1487 sive
1782 1454 1833 1487 rei
1858 1454 2035 1495 Medicae,
2058 1457 2131 1490 sive
2149 1458 2199 1491 rei

1211 1507 1356 1540 militari
1385 1508 1470 1539 dent
1495 1518 1656 1549 operam,
1689 1505 1761 1538 sive
1786 1505 1821 1537 in
1843 1503 2093 1551 Philosophico
2111 1509 2188 1542 ocio

1212 1559 1284 1591 sive
1303 1556 1440 1600 l'tepub.
1456 1563 1658 1594 versentur,
1683 1562 1800 1589 tamen
1817 1556 1883 1588 nisi
1901 1569 1957 1596 ea,
1985 1569 2063 1590 cnm
2081 1536 2202 1593 Theo-⁹

1213 1608 1303 1651 logia
1321 1609 1508 1640 coniuncta
1529 1604 1700 1646 habeant,
1726 1606 1836 1640 sciant
1850 1619 1885 1639 se
1903 1619 1921 1640 a
1937 1607 2059 1641 divina
2075 1616 2106 1642 et
2123 1622 2203 1644 coe-

1214 1659 1291 1693 lesti
1314 1658 1451 1701 origine
1481 1659 1715 1701 degenerasse.
1774 1658 2099 1704 Quantumcunque
2121 1672 2203 1705 ergo

1214 1711 1252 1743 in
1278 1716 1512 1752 tempestuoso
1541 1708 1629 1741 mari
1654 1705 1760 1741 huius
1788 1708 1879 1741 vitae
1901 1710 2205 1754 circumerremus,

1215 1772 1316 1804 saepe
1341 1759 1445 1793 etiam
1471 1759 1737 1801 naufragemur,
1771 1759 1855 1791 dum
1881 1757 1937 1793 hic
1964 1761 2204 1796 sollicitudine

1216 1812 1329 1844 victus
1357 1816 1561 1855 torquetur,
1595 1806 1652 1842 hic
1675 1809 1731 1842 siti
1755 1809 1904 1851 gloriae,
1933 1817 2051 1844 tamen
2078 1812 2114 1846 in
2139 1811 2206 1847 hoc

1218 1870 1320 1908 portu
1337 1861 1628 1905 acquiescendum
1645 1866 1710 1899 est,
1733 1867 1848 1893 tamen
1866 1860 1931 1894 nisi
1949 1861 2090 1895 initium
2135 1876 2208 1897 mc·

1218 1913 1335 1950 dium,
1360 1912 1439 1944 finis
1455 1908 1691 1944 humanarum
1709 1922 1826 1943 rerum
1843 1911 1886 1945 sit
1902 1890 2116 1956 Theologia’,
2139 1915 2207 1948 iam

1220 1962 1382 1997 homines
1406 1974 1478 1995 esse
1503 1962 1690 2001 desiimus,
1723 1968 1753 1994 et
1781 1962 1851 1994 vita
1876 1969 2016 1995 estnon
2042 1961 2195 1998 hominis

1220 2016 1278 2048 sed
1310 2014 1506 2048 beluarum.
1573 2012 1678 2045 ¹Nulla
1719 2023 1865 2056 usquam
1904 2024 1986 2057 ergo
2024 1993 2209 2060 occupatid

1222 2066 1362 2109 dignior
1385 2063 1544 2103 homine,
1580 2063 1676 2097 nulla
1708 2062 1906 2103 liberalior,
1943 2065 2040 2098 nulla
2065 2067 2209 2101 scientia

1223 2124 1280 2151 ant
1306 2116 1459 2157 cognitio
1478 2113 1717 2153 excellentior,
1752 2125 1855 2158 quam
1877 2115 2031 2157 cognitio
2048 2129 2126 2150 vera
2144 2117 2209 2152 Dei

1224 2177 1254 2201 et
1274 2167 1465 2209 religionis.
1525 2165 1672 2208 Propter
1689 2162 1777 2197 hanc
1797 2164 1897 2197 initio
1915 2164 2028 2199 Adam
2046 2170 2211 2203 conditus

1224 2226 1275 2253 est
1299 2231 1336 2250 vx
1362 2218 1458 2258 glo-ha
1486 2223 1516 2249 et
1543 2216 1684 2260 pulvere
1704 2223 1829 2249 terrae:
1867 2225 2010 2260 propter
2028 2215 2116 2251 haur
2135 2219 2209 2254 Eva

1226 2270 1333 2315 ipsius
1353 2269 1410 2302 tici
1430 2267 1594 2301 creatoris
1610 2266 1756 2299 mirifico
1778 2278 1883 2309 opere
1899 2279 1936 2299 ex
1957 2275 2049 2301 costa
2066 2271 2211 2304 masculi

1225 2321 1358 2363 sculpta
1385 2327 1416 2352 et
1448 2319 1624 2352 aedificata
1653 2325 1701 2350 est
1732 2317 1766 2349 in
1795 2318 1983 2351 formosam
2011 2320 2212 2358 foeminam.

1227 2371 1301 2406 Etsi
1328 2372 1445 2403 forsan
1471 2369 1622 2413 primum
1647 2368 1843 2401 auditorem
1868 2366 2133 2411 scholasticum,
2167 2373 2214 2406 si-

1229 2423 1299 2455 mul
1330 2429 1362 2454 et
1394 2420 1580 2454 Dortoretn
1608 2417 1823 2461 'l‘heologiae
1856 2420 2086 2465 requirimus,
2119 2420 2212 2457 hunc

1228 2475 1376 2507 sciamus
1402 2484 1566 2514 magnum
1593 2478 1772 2515 parentem
1795 2470 1899 2504 fuisse
1925 2470 2118 2511 Atta-num.
2153 2475 2212 2519 qni

1231 2527 1343 2569 ipstnn
1363 2523 1474 2556 Deum
1501 2522 1705 2563 magistrum
1727 2519 1870 2561 hahuit,
1897 2522 1955 2566 qui
1980 2530 2058 2555 ante
2080 2524 2213 2568 lapsum

1231 2578 1389 2619 pert'usns
1425 2573 1559 2618 Spiritu
1596 2580 1734 2611 sancto,
1775 2584 1853 2604 vere
1890 2572 2107 2607 illtnninatns
2151 2577 2215 2609 fnit

1232 2625 1452 2667 Theoi-ugus,
1486 2637 1554 2669 qno
1593 2625 1667 2656 xiru
1699 2621 1754 2655 hic
1784 2625 1833 2655 sol
1869 2621 1957 2656 nihil
1985 2626 2112 2667 aspexit
2141 2634 2215 2671 post

1233 2679 1344 2722 ipsunt
1362 2675 1541 2709 Llnistnw
1562 2674 1801 2719 praestantius.
1856 2675 1892 2706 Si
1909 2675 2001 2707 enini
2019 2677 2129 2710 Adam
2146 2690 2214 2711 non

2317 0 2327 175 t

2323 337 2330 524 ⁴-ss,.———l
