2338 2958
83 123 131 158 61
580 118 739 156 DECL.
769 116 844 154 DE
876 116 1150 154 ENCOMIO
1184 114 1624 161 ELOQUENTIAE.
2066 120 2115 156 62

82 218 172 254 quae
194 206 369 240 veteribus
393 205 563 249 docendi,
590 205 820 250 discendique
842 204 932 238 ratio
954 204 1071 244 fuerit,

82 270 152 304 qua
167 256 375 301 disciplinae
390 268 511 290 omnes
531 268 603 289 non
620 263 758 290 tantum
774 256 984 295 illustratae,
1010 255 1070 287 sed

80 302 188 342 etiam
202 314 324 341 auctae
340 314 434 343 sunt.
469 306 577 340 Pauci
595 307 633 340 in
649 307 742 340 ludis
758 305 922 339 literariis
943 302 1071 338 autho-

81 370 153 399 res,
179 359 238 391 sed
261 356 299 391 hi
323 358 448 402 optimi
471 358 779 402 proponebantur,
803 368 890 401 quos
912 356 1071 389 imitare-

80 415 140 444 tur
172 409 347 444 iuventus.
407 407 453 442 Et
483 408 779 454 quemadmodum
803 407 847 440 de
877 419 914 440 re
942 406 1070 440 rustica

80 466 304 505 praeceptum
329 465 399 500 est,
432 471 476 492 ne
499 459 612 492 maior
635 459 768 491 fundus
790 457 853 498 sit,
885 469 990 503 quam
1008 457 1068 502 qui

81 510 151 544 coli
166 511 274 555 probe
291 510 401 555 possit
413 536 422 551 ,
445 510 494 544 ait
508 510 601 543 enim
619 508 814 552 Vergilius:

339 587 477 619 Laudato
493 590 624 628 ingentia
638 598 717 625 rura,

182 638 339 679 Exiguum
356 642 458 671 colito.

80 712 139 748 Sic
162 712 217 745 illi
244 723 322 745 cum
349 711 509 744 viderent
532 721 595 742 nec
627 709 795 753 perdisci,
832 720 896 741 nec
920 709 1067 753 exprimi

79 775 180 808 posse
195 763 323 795 multos
340 761 529 800 foeliciter,
555 760 729 805 turbaque
753 759 964 803 scriptorum
982 772 1068 793 con-

78 814 182 848 fundi
200 813 328 858 potius,
354 824 458 857 quam
472 811 603 845 erudiri
620 811 788 843 iuvenilia
808 810 959 853 ingenia,
981 823 1067 855 pau-

79 865 191 899 ciores
207 862 456 902 admittebant,
483 873 571 907 quos
584 861 650 894 sibi
675 861 821 895 studiosi
841 873 945 906 quam
965 861 1068 894 sami-

78 914 285 949 liarissimos
300 914 465 947 facerent.
516 911 788 946 Declamabatur
806 912 887 945 item
907 913 1067 954 adsiduo,

79 965 279 1000 scribebant
295 964 354 997 alii
373 974 512 1001 νει-ειη»,
539 963 600 995 alii
616 963 766 996 solutam
783 963 989 998 orationem.
1022 961 1067 995 Et

78 1017 161 1062 quia
176 1016 270 1049 iuter
292 1026 327 1047 se
352 1015 440 1047 bene
457 1013 597 1046 dicendi
621 1014 737 1046 studio
761 1014 958 1053 certabant,
985 1025 1065 1046 cura

79 1067 337 1110 solicitudoque
368 1064 538 1098 iudicium
568 1065 724 1099 acuebat.
786 1063 867 1106 Quo
893 1063 1066 1104 instituto,

77 1130 158 1151 cum
177 1117 315 1149 nullum
332 1114 520 1148 iucundius
535 1121 607 1147 erat
624 1114 870 1157 spectaculum,
886 1121 960 1147 tum
974 1112 1067 1147 nihil

77 1167 244 1212 privatim
261 1171 320 1198 aut
343 1165 481 1209 publice
497 1165 621 1198 utilius
639 1165 712 1197 fieri
738 1165 867 1208 potuit.
918 1164 1008 1198 Nam
1027 1177 1067 1198 ex

76 1216 282 1252 huiusmodi
308 1216 402 1249 ludis
428 1215 591 1259 prodiere
616 1215 799 1248 clarissimi
825 1216 1066 1260 superioribus

76 1268 203 1302 seculis
217 1265 400 1310 homines,
428 1266 557 1300 Graeci
576 1278 613 1299 ac
627 1265 760 1307 Latini,
786 1266 944 1311 plerique
962 1267 1065 1300 etiam

75 1317 286 1353 Christiani:
315 1329 403 1363 quos
420 1317 449 1350 si
468 1317 597 1350 imitari
616 1318 798 1350 studerent
815 1318 946 1357 nostri,
973 1318 1066 1351 bone

75 1368 190 1410 Deus,
223 1375 355 1412 quanto
387 1380 441 1401 res
470 1365 644 1400 humanae
673 1368 782 1409 magis
813 1368 999 1405 florerent,
1034 1375 1066 1400 et

76 1431 193 1454 sacrae
215 1419 336 1451 literae
359 1417 520 1450 foelicius
550 1424 793 1451 tractarentur.
848 1417 959 1450 Porro
987 1429 1064 1450 cum

75 1477 208 1504 veteres
232 1475 370 1502 tantum
390 1480 515 1511 operae
546 1468 583 1499 in
607 1468 798 1500 exercendo
825 1468 914 1512 stylo
940 1479 1067 1511 posue-

76 1521 169 1560 rint,
197 1531 276 1553 cum
293 1531 356 1551 nec
379 1518 552 1558 eruditio,
577 1529 641 1550 nec
665 1517 863 1562 eloquentia
879 1517 1065 1550 mediocris

76 1572 162 1605 citra
180 1567 246 1604 hoc
263 1569 419 1603 studium
438 1568 554 1612 parari
573 1574 693 1612 queat,
720 1580 798 1601 cum
822 1567 971 1610 intelligi
991 1579 1064 1599 non

76 1621 223 1667 possint,
249 1632 337 1666 quae
355 1620 400 1653 ab
417 1619 496 1652 aliis
515 1620 705 1663 prudenter
721 1618 848 1662 scripta
868 1625 968 1658 sunt,
996 1619 1063 1650 nisi

76 1672 145 1717 ipsi
174 1671 253 1717 styli
285 1682 352 1704 usu
382 1670 523 1713 ingenia
553 1669 758 1704 excitemus:
801 1669 905 1702 sinite
937 1680 1064 1714 quaeso

77 1736 97 1757 a
118 1723 219 1756 vobis
240 1721 439 1765 impetrari,
471 1728 511 1754 ut
535 1720 625 1764 stylo
649 1731 908 1764 nonnunquam
934 1726 1064 1753 vestras

76 1774 168 1807 vires
187 1771 427 1817 experiamini.
480 1769 571 1805 Rem
589 1771 726 1814 postulo
744 1782 815 1803 non
835 1770 980 1813 perinde
995 1771 1065 1803 dis-

75 1824 214 1864 ficilem‚
240 1829 344 1867 atque
360 1822 556 1862 salutarem,
584 1833 698 1866 neque
715 1821 809 1854 enim
829 1821 972 1853 aliunde
989 1828 1063 1855 stu-

77 1874 146 1908 diis
164 1873 288 1906 vcstris
304 1872 456 1915 amplior
472 1872 619 1904 accessio
636 1873 706 1904 fiet.
757 1870 873 1904 Cudes
893 1879 1008 1904 autem
1031 1879 1064 1905 et

78 1923 269 1957 versiculos
297 1928 330 1955 et
350 1922 498 1955 solutam
523 1921 735 1954 orationem:
763 1921 865 1954 video
886 1922 978 1955 enim
997 1934 1064 1966 pu-

76 1973 263 2009 tidiuscule
287 1973 421 2013 dicere,
454 1979 627 2017 quotquot
656 1972 816 2016 paelicen
843 1984 915 2005 non
941 1973 1064 2015 attige-

76 2031 176 2066 runt,
204 2024 377 2068 planeque
400 2021 500 2056 humi
521 2034 662 2067 repere,
690 2035 752 2056 nec
769 2023 955 2056 verborum
975 2036 1063 2068 pon-

76 2077 160 2117 dus,
186 2082 246 2109 aut
267 2075 375 2107 ullam
401 2074 590 2117 figurarum
609 2073 680 2106 vim
707 2080 836 2106 tenere.
891 2072 964 2107 lam
984 2087 1061 2107 cum

76 2137 215 2170 asperas
230 2125 522 2169 confragosasque
538 2124 808 2168 compositiones
824 2125 934 2158 multo
951 2125 994 2158 sit
1011 2126 1064 2159 fa-

77 2177 234 2211 cilimum
252 2176 289 2208 in
305 2175 463 2208 versibus
479 2172 752 2219 deprehendere,
779 2175 827 2215 fn,
854 2182 893 2209 ut
910 2177 969 2221 qui
987 2189 1062 2209 car-

78 2239 158 2260 men
175 2227 346 2267 coudunt,
368 2227 411 2259 de
427 2226 560 2259 solutae
574 2226 746 2259 orationis
760 2226 918 2259 numeris
935 2227 1061 2261 rectius

78 2278 246 2312 iudicent.
298 2275 344 2310 Et
379 2274 473 2310 haud
508 2277 578 2310 scio
614 2289 658 2309 an
686 2278 729 2309 de
755 2277 866 2310 literis
897 2278 1062 2311 omnibus

76 2335 192 2362 actum
209 2328 270 2368 sit,
298 2327 358 2360 ubi
378 2327 512 2371 poEtice
526 2327 675 2361 fastidiri
694 2328 859 2372 coeperit.
894 2327 953 2362 Fit
967 2330 1061 2362 enim

75 2386 115 2413 ut
133 2385 278 2412 ornatus
294 2378 529 2423 splendorque
548 2380 735 2412 verborum
760 2379 860 2411 nullo
884 2378 921 2411 in
946 2381 1060 2424 precio

75 2430 138 2469 sit,
173 2430 310 2462 minore
335 2441 416 2462 cura
442 2429 633 2470 scribatur,
668 2430 874 2464 oscitantius
904 2430 1062 2473 legantur

75 2480 214 2521 omnia,
257 2492 373 2513 rerum
410 2479 701 2524 inquirendarum
737 2481 891 2514 studium
926 2482 1059 2525 frigeat.

75 2530 193 2574 Quare
218 2537 249 2564 et
273 2529 447 2565 Romanis
473 2531 690 2574 temporibus
720 2532 875 2576 poeticae
904 2539 1061 2565 contem-

74 2588 174 2626 ptum
194 2581 412 2615 incredibilis
439 2581 574 2615 inscitia
600 2593 716 2615 rerum
740 2583 916 2623 omnium,
944 2583 1061 2617 infan—

75 2633 193 2677 tiaque
208 2639 321 2666 secuta
338 2639 399 2667 est.
451 2630 499 2666 Et
516 2644 629 2677 nuper
651 2634 737 2665 adeo
756 2646 834 2666 cum
858 2634 969 2667 nostri
995 2632 1061 2667 ho-

73 2683 187 2717 mines
201 2683 389 2717 versiculos
406 2684 518 2718 facere
534 2683 740 2728 coepissent,
765 2696 844 2717 cum
861 2685 971 2718 literis
987 2698 1059 2718 me-
1084 2721 1088 2729 Ι

1122 202 1272 235 lioribus
1298 202 1334 234 in
1358 202 1504 245 gratiam
1531 203 1676 237 rediere.
1727 201 1798 236 Nec
1822 203 1924 237 video
1945 216 2006 249 ego
2026 217 2110 239 con—

1123 253 1253 286 servari
1276 264 1375 296 posse
1399 253 1567 298 quicquid
1595 254 1682 287 illud
1706 260 1755 287 est
1780 254 1988 297 elegantiae,
2015 257 2109 301 quod

1123 302 1189 336 hoc
1212 303 1327 336 seculo
1350 303 1528 344 refloruit,
1555 305 1622 337 nisi
1650 306 1841 338 exercendo
1860 306 1950 351 stylo
1969 318 2109 339 carmen

1122 354 1285 387 iuventus
1309 354 1508 389 meditetur.
1570 355 1687 389 Sensit
1711 362 1744 389 et
1770 355 1821 389 M.
1839 354 1962 390 Cicero
1986 357 2110 390 facun-

1122 405 1216 438 diam
1242 405 1399 437 versibus
1424 405 1618 437 scribendis
1638 406 1702 445 ali,
1735 418 1880 451 eamque
1902 408 1948 440 ob
1971 419 2110 441 causam

1122 462 1155 489 et
1172 467 1271 499 saepe
1287 455 1461 498 scripsisse
1477 467 1630 496 carmen,
1658 463 1691 489 et
1707 456 1892 490 Poetarum
1911 459 2109 502 perstudio-

1122 518 1199 539 sum
1217 506 1323 539 fuisse
1339 512 1484 539 constat.
1534 505 1632 539 vidit
1651 507 1834 550 posteritas
1853 508 2018 554 pleraque
2034 509 2108 542 eius

1122 557 1389 600 epigrammata,
1423 564 1610 602 extantque
1637 554 1743 589 hodie
1769 558 1837 590 loci
1861 559 1994 604 aliquot
2025 559 2109 593 illu-

1121 608 1244 641 strium
1266 607 1452 641 Poetarum
1469 608 1512 640 ab
1537 608 1612 651 ipso
1631 608 1749 641 latinis
1772 609 1930 642 versibus
1949 610 2108 643 luculen-

1122 659 1250 692 tissime
1290 658 1447 702 expositi.
1516 657 1653 691 Plinius
1687 656 1821 692 Orator
1860 661 1961 693 editis
2003 661 2107 694 etiam

1123 709 1290 754 poematis
1315 715 1461 742 testatur
1486 706 1553 741 hoc
1577 709 1712 749 studio,
1747 709 1888 742 dicendi
1913 711 1982 743 viru
2007 712 2108 744 adiu—

1122 760 1207 793 vari.
1247 759 1400 792 Proinde
1417 759 1478 804 qui
1495 760 1662 792 discendo
1678 760 1789 793 bonas
1807 757 1911 793 horas
1929 761 2017 794 bene
2035 762 2108 795 col-

1121 811 1235 844 locare
1253 811 1391 850 volent,
1412 817 1569 843 veterum
1591 811 1789 856 exemplum
1810 811 2010 852 imitentur,
2037 821 2108 857 sty-

1121 862 1243 906 loque,
1277 868 1317 895 ut
1344 860 1590 904 Quintilianus
1618 861 1684 902 ait,
1718 862 1813 894 fideli
1843 869 1874 895 et
1906 863 2107 896 facundiam

1121 919 1261 956 parent,
1297 919 1328 946 et
1352 912 1522 945 iudicium
1553 919 1690 947 acuant.
1751 910 1986 947 Vehementer
2015 913 2108 946 enim

1120 963 1310 1003 falluntur,
1336 963 1363 995 si
1381 963 1464 1007 quid
1485 963 1558 995 sine
1577 960 1641 996 hac
1657 963 1902 996 exercitatione
1925 971 2108 1008 promotu-

1121 1025 1177 1046 ros
1196 1026 1230 1046 se
1249 1014 1286 1046 in
1305 1014 1415 1046 literis
1439 1020 1589 1058 sperant.
1645 1013 1745 1047 Mare
1762 1014 1869 1048 vitem
1889 1015 1991 1048 citius
2010 1015 2109 1055 ferat,

1120 1077 1224 1109 quam
1242 1065 1499 1105 eruditionem,
1522 1071 1582 1097 aut
1600 1065 1739 1097 dicendi
1763 1065 1961 1098 facultatem
1986 1077 2109 1099 conse—

1120 1122 1248 1160 quatur
1263 1115 1302 1155 is,
1329 1116 1390 1160 qui
1410 1121 1575 1159 tanquam
1594 1115 1831 1159 Mandragora
1848 1116 1992 1160 sopitus,
2014 1128 2109 1149 nun-

1120 1178 1224 1211 quam
1244 1166 1424 1199 incalescit
1438 1173 1477 1199 ut
1493 1166 1672 1208 ingenium
1691 1168 1961 1199 commentando
1987 1179 2108 1211 exper-

1119 1217 1274 1260 gefaciat.
1325 1215 1482 1261 Exposui
1498 1229 1585 1262 quae
1602 1229 1656 1249 me
1672 1217 1826 1251 rationes
1844 1218 1884 1250 ad
1905 1218 2032 1251 artium
2051 1217 2108 1250 di-

1119 1268 1221 1301 cendi
1239 1268 1393 1301 studium
1409 1267 1581 1308 invitent,
1608 1280 1750 1312 nempe,
1778 1269 1872 1312 quod
1891 1275 1924 1301 et
1942 1275 2032 1302 certa
2053 1267 2109 1300 di-

1120 1318 1222 1351 cendi
1249 1318 1338 1351 ratio
1361 1319 1581 1351 observanda
1605 1319 1669 1358 sit,
1697 1325 1730 1352 et
1753 1316 1880 1352 harum
1899 1320 2027 1352 artium
2042 1330 2109 1352 usu

1119 1369 1285 1401 studiosis
1301 1366 1467 1401 nonnihil
1484 1368 1606 1401 indicii
1623 1369 1772 1402 accedat.
1807 1368 1906 1410 Quae
1925 1369 1951 1401 si
1967 1369 2045 1414 quis
2063 1370 2106 1402 ad

1119 1430 1154 1450 se
1175 1416 1264 1450 nihil
1292 1418 1467 1461 pertinere
1491 1418 1614 1458 sentit,
1646 1418 1675 1451 is
1697 1416 1791 1452 haud
1816 1419 1922 1452 dubie
1942 1420 1985 1452 ab
2008 1419 2105 1452 omni

1119 1466 1338 1501 humanitate
1363 1468 1565 1510 longissime
1591 1469 1699 1503 abest.
1751 1468 1883 1502 Contra
1905 1470 2011 1511 boni,
2045 1470 2107 1504 ubi

1119 1519 1387 1551 commodorum
1411 1518 1502 1558 vim,
1543 1530 1631 1563 quae
1661 1520 1704 1551 ad
1736 1531 1800 1552 nos
1825 1533 1842 1552 a
1868 1532 2027 1553 sermone
2052 1533 2108 1554 re-

1118 1570 1245 1609 deunt,
1285 1569 1512 1613 contemplati
1537 1569 1686 1610 fuerint,
1722 1570 2105 1616 animadverterintque

1118 1626 1148 1653 et
1175 1626 1265 1652 certa
1286 1620 1423 1652 ratione
1447 1620 1587 1652 dicendi
1612 1631 1700 1663 opus
1725 1632 1814 1661 esse,
1842 1619 1946 1655 ethis
1970 1622 2105 1655 artibus

1118 1670 1258 1712 ingenia
1283 1670 1431 1704 cultiora
1456 1671 1575 1711 reddi,
1601 1670 1706 1713 velis,
1731 1678 1771 1705 nt
1789 1672 1908 1713 aiunt,
1935 1684 1974 1705 ac
2000 1673 2105 1706 remis

1117 1721 1159 1753 ad
1178 1718 1262 1753 haec
1279 1721 1394 1754 studia
1412 1722 1664 1765 properabunt.
1708 1721 1837 1755 Verum
1856 1730 1936 1756 sunt
1952 1735 2025 1755 non
2044 1735 2105 1767 pa-

1117 1783 1196 1804 rum
1213 1772 1315 1805 multi
1332 1772 1534 1816 praesertim
1555 1769 1621 1805 hoc
1645 1779 1822 1817 tempore,
1849 1774 1909 1818 qui
1928 1774 2104 1807 bonorum

1117 1834 1256 1855 cursum
1275 1830 1470 1861 morantur,
1498 1820 1535 1855 hi
1552 1823 1593 1855 ad
1613 1822 1907 1866 Theologicarum
1923 1825 2103 1858 literarum

1116 1873 1357 1906 tractationem
1379 1880 1506 1915 negant
1524 1873 1662 1906 dicendi
1679 1875 1807 1908 artium
1823 1875 2003 1908 scientiam
2019 1887 2104 1908 con-

1116 1924 1258 1956 ducere:
1287 1924 1470 1969 coepitque
1489 1921 1545 1957 hic
1565 1936 1680 1965 error,
1707 1937 1769 1958 ceu
1793 1926 2000 1969 contagione
2017 1938 2105 1971 qua-

1117 1975 1196 2007 dam
1226 1974 1293 2007 late
1319 1982 1480 2018 vagatus,
1516 1975 1706 2019 plurimos,
1741 1976 1801 2021 qui
1832 1989 1875 2010 ne
1906 1989 1979 2009 non
2002 1977 2103 2009 valde

1116 2022 1344 2068 theologicari
1384 2026 1593 2066 videantur,
1633 2024 1858 2060 humaniores
1901 2027 2105 2071 disciplinas

1115 2088 1237 2109 omnes
1253 2083 1496 2110 contemnunt.
1550 2075 1624 2119 Ego
1643 2089 1725 2109 vero
1748 2078 1838 2111 serio
1862 2078 1941 2111 illos
1964 2075 2102 2112 theolo-

1115 2127 1221 2170 gicari
1246 2128 1417 2171 optarim,
1452 2140 1561 2172 eaque
1586 2134 1778 2171 praestare,
1814 2141 1901 2174 quae
1930 2127 2102 2162 Christia-

1116 2190 1196 2210 nam
1225 2185 1378 2211 mentem
1405 2179 1538 2211 decent.
1598 2177 1701 2211 Nunc
1732 2179 1834 2212 video
1866 2177 2101 2223 theologicum

1115 2240 1243 2261 nomen
1269 2229 1428 2273 ignaviae
1454 2236 1587 2262 tantum
1614 2230 1785 2273 praetexi,
1813 2237 1984 2263 caeteruin
2011 2228 2101 2263 nihil

1115 2280 1232 2312 minus
1255 2292 1347 2320 esse,
1381 2292 1484 2325 quam
1507 2281 1602 2324 quod
1628 2281 1845 2323 profitentur.
1899 2280 1987 2314 Nam
2016 2282 2100 2314 dum

1115 2331 1207 2374 piget
1222 2330 1427 2373 elegantiam
1443 2331 1585 2370 discere,
1613 2342 1718 2375 seque
1733 2331 1938 2364 difficilimis
1954 2332 2102 2375 scripto-

1115 2381 1211 2414 ribus
1243 2381 1465 2420 evolvendis,
1501 2383 1763 2427 exercendoque
1794 2383 1882 2427 stylo
1915 2395 2102 2422 macerare,

1115 2444 1227 2476 neque
1251 2432 1344 2464 enim
1368 2432 1521 2465 ullarum
1547 2432 1727 2466 literarum
1751 2434 1903 2476 cognitio
1928 2435 2002 2466 sine
2027 2434 2099 2467 acri

1113 2483 1228 2515 studio
1246 2483 1434 2525 contingit,
1462 2482 1490 2516 si
1512 2484 1654 2528 quando
1677 2484 1821 2516 domum
1843 2485 1931 2517 bene
1955 2485 2025 2528 poti
2047 2497 2101 2517 re-

1113 2534 1219 2573 diere,
1246 2534 1513 2567 conciunculam
1532 2534 1685 2578 aliquam
1703 2534 1834 2577 legunt,
1861 2535 1942 2567 inde
1961 2535 2021 2568 ubi
2040 2536 2101 2567 de-

1112 2585 1322 2628 cerpserint,
1347 2597 1434 2629 quac
1452 2586 1493 2617 ad
1513 2582 1730 2617 stomachum
1748 2585 1891 2626 faciunt,
1919 2586 2043 2628 passim
2065 2586 2100 2617 iu

1112 2635 1302 2675 conviviis,
1345 2647 1426 2668 nam
1460 2635 1508 2667 ibi
1540 2635 1759 2679 potissimum
1790 2637 1949 2680 sapiunt,
1985 2635 2100 2669 decla-

1112 2693 1222 2719 mant:
1247 2693 1278 2719 et
1295 2685 1375 2731 quia
1394 2687 1518 2729 vulgus
1533 2686 1726 2730 adplaudit,
1754 2686 1821 2719 iam
1842 2699 1922 2720 vero
1939 2686 2005 2719 sibi
2022 2693 2099 2719 tan-
