2338 2958
822 121 984 158 DECL.
1023 117 1100 155 DE
1134 118 1487 161 CONCORmA
1523 135 1608 164 Ere.
2161 127 2233 163 352

198 221 389 256 steritatem
408 216 595 262 pertinent.
648 210 728 245 Non
750 209 971 244 fastidiamus
994 204 1063 245 hos
1078 211 1194 252 ludos,
1216 215 1221 258 t
1243 213 1448 257 perfectum.
1502 210 1625 257 Itaque
1641 222 1730 256 opus
1747 219 1797 247 est
1812 213 1965 258 primum
1987 215 2025 248 in
2043 213 2182 259 Repub.
2197 226 2237 256 ea

198 281 366 317 tanquam
395 279 450 301 res
473 265 636 307 indiguas
659 261 782 302 nobis,
816 261 875 294 sed
901 263 1102 307 exemplum
1127 274 1194 296 no-
1218 261 1220 310 l
1244 264 1338 297 inter
1362 263 1454 297 cives
1476 262 1738 304 benevolentia,
1771 270 1810 297 ut
1833 277 1903 298 non
1922 265 2112 309 gravatirn,
2139 267 2235 310 quod

199 331 310 358 strum
328 320 492 365 prodesse
516 313 799 349 adolescentibus
820 313 867 349 ad
890 313 1059 348 honestos
1079 325 1194 348 mores
1218 317 1221 328 ·
1245 315 1394 359 quisque
1429 319 1560 358 potest,
1604 314 1648 346 ad
1682 325 1785 347 usum
1813 327 2034 350 communem
2070 317 2238 358 conferat,

202 373 370 409 ainandos
408 375 441 402 et
477 365 739 401 conservandos
776 367 1026 401 existimemus,
1098 363 1195 398 Haec
1218 334 1221 390 1
1245 365 1373 398 deinde
1408 365 1580 410 quaedam
1611 371 1651 398 ut
1686 364 1772 398 vitia
1799 365 1837 398 in
1861 365 1939 399 aliis
1966 367 2238 407 dissimulemus,

203 423 495 471 praefatussuni,
535 423 573 451 ut
599 416 756 464 imperiti
779 417 978 461 intelligant
1011 427 1077 449 nos
1100 416 1194 449 bono
1247 423 1422 460 postremo
1447 423 1485 450 ut
1509 421 1629 449 nostra
1650 415 1851 459 diligentia,
1883 417 2088 451 dexteritate
2107 425 2141 452 et
2164 418 2237 451 vir-

202 473 349 511 consilio
374 468 438 503 lios
463 466 692 504 scholasticos
713 470 802 504 ritus
820 479 1036 502 conservare.
1088 465 1193 509 Quod
1248 474 1320 501 tute
1338 478 1518 507 sanemus,
1546 473 1585 500 ut
1599 466 1712 499 sicubi
1730 473 1898 501 cessatum
1916 473 1966 501 est
1981 467 2025 500 ab
2040 467 2137 508 aliis,
2163 475 2236 503 arte

192 136 263 171 331

202 537 280 561 cum
311 523 357 556 ita
385 522 448 562 sit..
483 534 632 568 aequum
664 527 731 561 est,
767 532 829 553 vos
854 519 1050 554 orationem
1082 529 1194 550 meam

201 576 374 623 patienter·
396 573 538 613 audire,
566 585 670 618 quam
696 569 763 604 hoc
781 571 858 604 loco
882 568 1011 603 habere
1033 581 1088 601 me
1105 567 1196 610 cogit

202 626 308 664 officii
333 626 437 659 ratio.
496 623 574 658 Etsi
599 630 714 657 antem
739 622 911 666 quaedam
939 626 1037 653 erant
1065 629 1198 658 causae,

205 691 267 715 cur
286 679 329 711 de
347 677 477 711 artium
492 675 617 709 studiis
636 681 669 707 et
687 673 857 713 utilitate,
883 670 950 705 hoc
968 678 1125 714 tempore
1143 669 1197 701 di—

205 731 356 765 cendum
389 728 593 767 videbatur,
632 732 749 758 tamen
778 735 857 756 cum
882 722 943 755 alii
973 733 1074 766 saepe
1097 719 1198 753 vobis

203 785 483 816 commonstrent
506 788 630 816 usum,
663 775 699 807 in
722 774 843 808 multis
869 773 961 806 vitae
982 771 1141 817 partibus
1167 777 1199 803 et

204 830 505 876 vituperatoribus
534 827 687 871 graviter
708 825 964 869 respondeant,
1000 823 1198 867 relinquam

203 884 310 918 modo
327 882 364 914 id
380 885 643 924 argumentum,
667 883 699 910 et
717 877 831 910 dicam
847 876 890 909 de
906 874 1114 916 concordia,
1139 874 1200 905 de-

204 947 271 982 que
297 930 616 966 communicatione
641 927 840 962 studiorum
869 933 972 972 atque
1002 936 1200 969 operarum,

207 987 281 1019 sine
297 996 365 1029 qua
382 981 524 1016 retineri
541 986 574 1013 et
597 979 786 1012 consistere
808 976 964 1021 Respub.
987 988 1060 1009 non
1077 981 1199 1019 potest.

204 1035 310 1070 Extat
333 1041 448 1068 antem
467 1033 560 1076 apud
576 1029 731 1064 Graecos
752 1035 940 1062 venustum
962 1025 1201 1072 Epigramma,

204 1089 243 1121 in
271 1098 339 1131 quo
368 1084 526 1130 pingitur
548 1082 702 1126 optimus
725 1079 877 1124 Reipub.
906 1085 1026 1113 status.
1089 1077 1140 1110 Ac
1161 1089 1199 1110 eo

206 1138 374 1172 libentius
392 1141 637 1178 argumentum
662 1130 937 1175 Epigrammatis
962 1129 1058 1162 illius
1078 1129 1201 1162 recita-

205 1191 269 1228 bo,
294 1196 331 1221 ut
348 1186 545 1229 exemplum
562 1184 698 1217 illustre
714 1181 951 1215 adolescentes
969 1179 1201 1223 infigantani-

206 1240 293 1277 ruis,
321 1238 416 1284 qnod
443 1248 501 1269 eos
531 1242 564 1269 et
589 1234 626 1267 in
653 1231 770 1267 schola
799 1239 832 1266 et
856 1232 1022 1275 deinceps
1051 1230 1200 1263 inomni

206 1292 277 1325 sita
296 1291 494 1327 admoneat,
518 1298 584 1331 qua
603 1292 676 1319 arte
694 1284 878 1317 retinenda
889 1283 932 1316 sit
950 1282 1088 1327 publica
1106 1289 1202 1314 tran-

208 1341 376 1388 quillitaS.
436 1336 488 1372 Ea
513 1349 596 1370 vero
623 1347 747 1378 magna
771 1341 822 1368 est
842 1346 916 1374 ars,
949 1345 1010 1366 seu
1032 1333 1203 1375 sapientia

207 1393 343 1438 potius,
370 1388 556 1436 praecipue
572 1386 784 1432 requirenda
808 1385 921 1422 iniis,
949 1383 1010 1429 qni
1031 1383 1099 1415 viri
1118 1383 1202 1415 boni

207 1441 387 1489 perhiberi
406 1440 549 1480 volunt,
577 1449 667 1484 quae
682 1435 880 1470 cuiusmodi
894 1435 957 1476 sit,
981 1435 1018 1467 in
1035 1431 1098 1467 bac
1117 1434 1203 1467 ima-

208 1495 287 1539 gine
305 1491 459 1537 conspici
480 1497 605 1534 potest.

312 1545 417 1579 Forte
451 1542 488 1574 in
520 1541 574 1574 via
600 1539 817 1573 conveniunt
848 1549 969 1570 caecus
995 1544 1027 1571 et
1049 1536 1204 1573 claudus,

208 1598 271 1632 ubi
296 1609 374 1630 cum
406 1594 480 1627 sine
513 1593 600 1625 duce
634 1589 797 1634 progredi
822 1600 942 1621 caecus
976 1599 1048 1619 non
1079 1592 1204 1630 posset,

210 1649 335 1683 claudo
373 1645 479 1679 etiam
517 1640 680 1675 vehiculo
719 1651 808 1684 opus
841 1645 945 1678 esset,
988 1638 1205 1672 retinebatur

211 1708 357 1743 uterque
385 1708 446 1729 suo
475 1694 581 1726 malo.
641 1691 741 1724 Vidit
768 1697 882 1723 autem
903 1689 1048 1722 cla‘tidns
1065 1699 1202 1722 caecum

212 1750 348 1783 validos
363 1749 529 1784 lacertos,
558 1744 676 1776 firmos
694 1743 814 1786 pedes,
845 1741 997 1785 denique.
1022 1741 1132 1773 robur
1151 1739 1206 1770 in-

212 1810 347 1845 tegrum
374 1796 529 1841 corporis
558 1792 703 1833 babere,
738 1805 800 1825 nec
827 1792 1014 1836 quicquam
1034 1790 1149 1823 morbi
1171 1790 1205 1821 in

211 1866 251 1885 eo
273 1850 432 1885 haerere,
467 1846 534 1879 nisi
563 1845 658 1890 quod
684 1843 794 1877 oculis
812 1849 931 1885 captus
949 1849 1032 1876 erat.
1087 1841 1206 1883 Quare

212 1904 404 1949 prudenter
425 1898 504 1931 iniit
523 1897 714 1935 rationem,
742 1901 779 1928 ut
798 1894 891 1926 inter
915 1905 949 1926 se
969 1892 1207 1925 communica-

213 1961 289 1988 rent
306 1961 448 1996 operas,
476 1956 509 1982 et
526 1948 612 1980 alter
630 1946 772 1979 sarciret
789 1945 842 1984 id,
871 1944 965 1989 quod
989 1945 1105 1976 deerat
1123 1943 1207 1975 alte—

213 2007 260 2041 ri,
294 2012 331 2037 ut
354 2013 474 2036 caecus
498 1999 635 2033 tolleret
660 1998 696 2029 in
719 1994 884 2029 humeros
900 1995 1084 2034 claudum,
1112 1993 1206 2026 clan-

213 2058 278 2089 dus
308 2054 364 2087 isti
398 2057 613 2085 monstrator
648 2048 722 2081 viae
757 2054 855 2080 esset.
926 2044 1081 2089 Exponit
1106 2056 1206 2077 suum

214 2106 401 2141 consilinm
420 2115 540 2139 caeco,
569 2108 600 2134 et
617 2111 714 2133 suam
733 2109 874 2142 operam
896 2097 1092 2140 pollicetur.
1132 2093 1206 2129 Etsi

215 2157 350 2192 sarcina
372 2153 617 2198 imponebatur
639 2162 711 2183 non
739 2149 826 2182 levis
849 2161 966 2187 cacco,
995 2154 1111 2180 tamen
1130 2159 1207 2179 eum
1235 2157 1237 2161 ’

215 2206 433 2242 lunnauitate
461 2203 543 2237 socii
577 2207 775 2246 caperetur,
815 2212 887 2232 non
920 2200 1088 2232 detrectat
1119 2195 1209 2230 banc

215 2258 475 2295 conditionem,
507 2267 544 2287 ac
561 2254 696 2286 sublato
716 2252 751 2284 in
776 2249 943 2284 humeros
958 2250 1102 2285 claudo,
1132 2261 1209 2292 per-

215 2312 280 2355 gii,
315 2316 345 2341 et
372 2308 543 2349 gubernat
561 2317 638 2337 eum
658 2303 814 2337 claudus.

218 2359 403 2394 monicalis
421 2357 536 2403 operis
557 2356 621 2389 iter
645 2360 841 2397 susceptum
861 2352 1061 2385 conficiunt.
1116 2349 1210 2383 llaec

217 2420 265 2446 est
288 2412 400 2453 imago
418 2407 541 2452 optimi
561 2414 668 2440 status
691 2405 725 2437 in
746 2403 886 2446 Repub.
934 2402 1093 2436 Primum
1118 2401 1209 2435 enim

219 2465 253 2497 iu
272 2469 367 2496 tanta
385 2460 475 2493 mole
493 2471 528 2491 ac
546 2457 712 2490 varietate
729 2455 973 2497 negociorum,
998 2466 1101 2486 nemo
1120 2464 1211 2486 nnus

218 2526 279 2559 μη·
316 2524 386 2544 osse
423 2510 588 2543 omnibus
625 2508 729 2540 rebus
763 2505 1052 2539 administrandis
1090 2510 1212 2548 polest.

219 2564 355 2600 Deinde
377 2569 470 2595 tanta
495 2568 541 2592 est
571 2559 756 2592 infirmitas
779 2557 1023 2598 ingeniorum,
1051 2563 1087 2589 ut
1108 2555 1211 2588 etiam

219 2615 278 2661 qui
298 2624 410 2648 unum
434 2611 576 2655 aliquod
596 2621 724 2642 munus
740 2608 912 2641 sustinent
926 2635 934 2646 ,
971 2615 1084 2640 tamen
1107 2606 1212 2639 iuter--

219 2669 302 2699 dum
329 2677 399 2698 non
431 2663 511 2695 satis
542 2662 608 2693 sint
647 2660 791 2696 intenti,
830 2659 1006 2692 interdum
1036 2659 1214 2691 fallantur.

219 2718 381 2761 nonique
399 2711 488 2747 nibil
509 2719 554 2746 est
577 2712 610 2744 in
631 2711 734 2743 rebus
750 2709 914 2744 humanis
939 2710 982 2743 ab
1001 2709 1097 2742 omni
1121 2715 1216 2753 parte

869 2301 918 2335 lta
943 2307 1101 2333 amanter
1116 2312 1209 2332 com·
1236 2326 1237 2329 ,

1247 519 1290 551 ab
1315 518 1392 551 aliis
1415 517 1585 551 sarciatur
1607 517 1752 550 iactura.
1810 516 1909 551 Talis
1931 525 2040 552 status
2064 520 2238 563 optandus

1248 576 1298 602 est
1312 580 1352 602 ex
1369 568 1488 602 animo
1502 575 1534 602 et
1550 570 1646 601 decet
1666 569 1776 601 bonos
1791 580 1930 607 omnes,
1958 569 2103 603 consilia
2120 569 2239 603 omnia

1248 632 1308 653 sna
1326 626 1360 653 et
1379 631 1500 653 omnes
1523 619 1677 652 actiones
1694 619 1736 651 ad
1754 616 1849 652 hunc
1870 626 1997 653 statum
2015 620 2239 654 efficiendum

1249 670 1410 714 dirigere.
1463 670 1522 704 Sic
1546 671 1584 703 in
1606 667 1724 703 schola
1751 670 1944 704 liberaliter
1971 671 2151 705 conferant
2167 670 2241 704 sin-

1249 721 1321 764 guli
1341 732 1422 754 suas
1444 727 1534 755 artes
1552 722 1594 754 ad
1617 733 1839 754 communem
1861 733 1975 755 usum.
2026 720 2139 756 Nemo
2154 721 2242 755 alte-

1250 772 1322 805 rius
1345 772 1483 815 generis
1505 772 1654 806 artifices
1686 784 1843 815 premere
1870 779 2035 813 conetur,
2069 767 2242 818 quaedam

1250 823 1354 856 etiam
1374 822 1597 855 incommoda
1613 822 1651 855 iu
1672 822 1750 856 aliis
1766 824 1912 867 tegenda
1928 830 2031 866 sunt,
2061 829 2093 857 et
2110 823 2164 857 vel
2183 835 2244 857 co-

1251 873 1355 906 miter
1371 874 1589 906 emendanda
1601 899 1609 913 ‚
1636 873 1690 906 vel
1707 880 1780 907 arte
1795 875 1946 919 quadam
1963 874 2155 909 sarcienda.
2195 874 2245 908 At

1253 936 1316 957 nos
1333 924 1474 969 quidem
1494 924 1529 956 in
1546 921 1677 957 scholis
1694 925 1877 969 praecipue
1895 937 2051 958 amemus
2065 922 2159 958 bunc
2175 931 2246 958 sta·
2293 946 2296 950 ·

1253 983 1325 1009 tum
1337 1000 1346 1015 ,
1376 975 1458 1020 quia
1474 974 1700 1015 Aristoteles,
1719 986 1822 1020 quem
1840 976 2021 1021 sequimur
2033 975 2244 1019 Magistrum

1252 1027 1289 1059 in
1313 1023 1561 1069 Philosophia,
1594 1025 1851 1059 Aristocratian
1871 1026 2021 1060 maxime
2041 1026 2186 1070 probat,
2211 1032 2246 1060 et

1252 1075 1341 1110 lianc
1357 1077 1507 1110 antefert
1523 1077 1690 1110 omnibus
1706 1077 1828 1110 formis
1847 1077 2062 1121 politiamm.
2111 1076 2245 1122 Sequa-

1251 1140 1331 1161 mur
1359 1128 1466 1170 igitur
1493 1125 1739 1165 Aristotelem,
1766 1134 1798 1161 et
1826 1128 1863 1160 in
1890 1125 2038 1169 scholis,
2073 1133 2244 1173 quantum

1253 1179 1328 1212 fieri
1369 1184 1501 1222 potest,
1557 1177 1821 1211 Aristocratiam
1869 1179 2072 1212 efficiamus.
2150 1177 2246 1212 Haec

1253 1237 1369 1263 autem
1395 1241 1468 1262 non
1493 1236 1577 1263 sunt
1598 1229 1848 1270 Aristocratia‚
1882 1230 1941 1263 sed
1971 1229 2246 1274 partim‘Timo-

1254 1281 1350 1319 nica,
1399 1280 1526 1324 partim
1564 1278 1798 1327 ὀλιγαρχικὰ,
1847 1281 2016 1323 gravatim
2051 1291 2173 1324 operas
2209 1280 2246 1313 in

1254 1343 1442 1366 commune
1458 1332 1633 1372 conferre,
1661 1332 1715 1365 vel
1738 1331 1910 1375 impedire
1925 1332 2076 1365 aliorum
2094 1342 2248 1370 cursum,

1255 1383 1315 1428 qui
1350 1389 1380 1415 et
1417 1382 1484 1426 ipsi
1517 1383 1607 1415 bene
1641 1389 1822 1415 merentur
1855 1382 1899 1414 de
1926 1381 2067 1426 Repub.
2096 1381 2247 1415 aliorum

1255 1432 1423 1477 aucupari
1442 1439 1574 1470 errata,
1601 1439 1662 1466 aut
1678 1432 1781 1466 etiam
1799 1432 2008 1466 calumniari
2028 1432 2162 1472 studia,
2185 1443 2250 1466 seu

1256 1484 1357 1522 odio,
1392 1496 1452 1517 sen
1476 1483 1688 1524 ambitione,
1721 1496 1781 1517 seu
1808 1483 1925 1529 aliqua
1951 1484 2018 1517 alia
2046 1483 2247 1528 cupiditate.

1257 1536 1398 1578 Quanta
1429 1535 1522 1569 inter
1548 1546 1584 1567 se
1615 1534 1787 1568 modestia
1821 1541 2001 1568 certarunt
2036 1541 2166 1578 septem
2196 1533 2248 1567 illi

1256 1585 1383 1619 summi
1408 1585 1493 1623 viri,
1529 1585 1589 1630 qui
1617 1585 1799 1629 Sapientes
1826 1586 2076 1625 nominantur,
2103 1585 2165 1630 qui
2191 1597 2251 1618 eo·

1257 1637 1335 1669 dem
1366 1644 1522 1679 tempore
1553 1637 1751 1670 floruerunt
1779 1636 1814 1669 in
1846 1636 1996 1669 diversis
2028 1635 2252 1670 civitatibus?

1258 1687 1346 1721 Nam
1358 1699 1436 1721 cnm
1455 1686 1592 1727 Mileti,
1620 1687 1799 1721 inventam
1813 1699 1953 1720 auream
1969 1699 2124 1720 mensam
2139 1686 2252 1730 Apot-

1259 1739 1291 1771 lo
1311 1738 1464 1771 iussisset
1480 1738 1737 1781 sapientissimo
1755 1738 1848 1779 dari,
1870 1735 2144 1771 civitasThaleti
2162 1739 2252 1771 ‹tan-

1258 1791 1338 1821 dam
1365 1801 1437 1822 esse
1461 1789 1631 1823 decrevit:
1667 1789 1696 1821 is
1714 1789 1994 1832 magnitudinem
2013 1786 2119 1822 huius
2137 1789 2251 1822 laudis

1232 1867 1234 1884 :
1259 1852 1329 1872 non
1355 1851 1566 1882 agnoscens,
1596 1847 1628 1873 et
1646 1839 1798 1873 libenter
1815 1840 1933 1880 alteri,
1961 1840 2015 1872 vel
2039 1839 2252 1883 impertiens,

1232 1889 1234 1931 ζ
1261 1892 1314 1923 vel
1337 1893 1481 1928 cedens,
1514 1891 1609 1925 misit
1633 1890 1778 1931 Soloni,
1810 1890 1922 1924 Solon
1947 1891 1989 1924 ad
2005 1892 2154 1924 eundem
2175 1902 2253 1924 mo-

1232 1935 1235 1982 ]
1260 1943 1344 1975 dum
1357 1940 1485 1975 Bianti.

1538 1940 1628 1975 Cum
1648 1954 1711 1986 per
1727 1953 1848 1974 omnes
1865 1948 1996 1985 septem
2014 1948 2135 1985 vagata
2152 1953 2253 1974 men-

1261 2005 1295 2026 sa
1324 1994 1365 2025 ad
1390 1990 1576 2026 Thaletem
1602 1993 1780 2036 rediisset,
1813 1993 1861 2026 ait
1886 1990 2034 2031 Thales,
2070 2003 2164 2025 nunc
2192 1992 2253 2025 de-

1262 2056 1357 2076 mum
1383 2056 1419 2076 sc
1444 2044 1575 2077 oraculi
1601 2044 1809 2078 sententiam
1836 2043 2046 2085 intelligere:
2085 2043 2254 2088 iussitque

1263 2106 1417 2127 mensam
1441 2095 1561 2128 offerri
1589 2095 1772 2138 Apollini,
1806 2094 1899 2139 quod
1919 2092 2016 2127 Deus
2029 2093 2255 2136 significasset

1263 2143 1328 2178 lioc
1354 2146 1557 2183 involucro,
1592 2146 1770 2179 neminem
1797 2144 2019 2183 mortalium,
2055 2145 2113 2178 sed
2139 2145 2253 2178 solum

1264 2195 1375 2229 Deum
1398 2197 1589 2241 sapientem
1617 2209 1698 2231 esse.
1759 2194 1793 2229 Ο
1812 2208 1890 2228 vere
1911 2194 2178 2229 Aristocraticos
2201 2195 2252 2228 vi-

1266 2259 1339 2285 ros,
1375 2260 1525 2292 qnorum
1561 2260 1663 2280 nemo
1696 2248 1738 2280 de
1761 2247 1905 2279 alterius
1934 2247 2036 2279 laude
2060 2246 2254 2292 quidquam

1264 2299 1452 2343 decerpsit:
1491 2299 1618 2331 deinde
1641 2298 1700 2343 qui
1729 2298 1898 2334 viderint.
1926 2295 2024 2330 'nibil
2046 2309 2117 2330 esse
2144 2297 2255 2331 surio-

1266 2350 1354 2386 sius,
1382 2362 1485 2394 quam
1511 2347 1671 2382 immines
1696 2349 1762 2382 sibi
1786 2348 1978 2393 sapientiae
2001 2348 2139 2382 laudem
2157 2360 2256 2382 arro—

1266 2413 1355 2441 gare.
1414 2401 1531 2445 ltaque.
1556 2401 1702 2433 comiter
1727 2401 1817 2433 inter
1836 2412 1870 2432 se
1888 2399 2059 2433 vixerunt.
2112 2396 2157 2432 Et
2175 2398 2255 2444 qui-

1266 2453 1343 2484 dem
1363 2452 1529 2484 Solonem
1545 2452 1736 2495 arripimus
1760 2464 1776 2484 a
1795 2448 1943 2484 Thalete
1964 2450 2126 2483 didicisse
2142 2456 2257 2482 motus

1267 2510 1451 2535 astrorum.
1514 2501 1613 2536 Num·
1640 2515 1721 2535 vero
1745 2502 1881 2548 quoties
1901 2501 1987 2534 illud
2007 2501 2062 2538 fit,
2091 2501 2184 2546 quod
2209 2500 2256 2534 ait

1269 2553 1458 2587 Martialis:

1419 2607 1482 2645 Qui
1502 2609 1572 2635 velit
1592 2610 1710 2646 ingenio
1727 2607 1845 2637 cede-re.
1870 2618 1950 2635 rarus
1965 2609 2029 2635 erit.

1269 2654 1308 2689 Et
1337 2655 1490 2689 vidimus
1513 2655 1699 2700 aliquoties
1725 2652 1789 2687 boc
1814 2654 1988 2690 accidere,
2021 2661 2057 2687 ut
2074 2660 2171 2687 ortae
2185 2651 2256 2685 dis-

1267 2707 1508 2741 sentiunculae
1529 2718 1567 2739 ex
1591 2706 1774 2739 levissimis
1798 2705 1909 2738 initiis
1926 2705 2109 2739 excitarint
2134 2704 2259 2747 ingen-
