2338 2958
172 128 269 164 1027

173 213 395 260 precatione,
422 218 541 257 postea
558 209 807 244 tribuebantur
821 214 890 241 tres
907 204 1016 240 borae
1035 206 1169 239 delibe-
1191 207 1196 244 ξ

175 265 391 305 rationibus,
429 270 461 296 et
486 262 632 294 aderant
655 259 809 299 scribae,
843 258 972 302 quibus
1004 259 1170 290 mandata

177 317 354 350 dabantur
381 314 425 347 de
457 310 654 345 formandis
684 308 994 353 responsionibus,
1042 308 1170 340 deinde

178 368 279 401 ibant
294 367 331 398 in
349 363 528 407 templum.
563 360 646 394 Post
663 372 800 393 sacrum
817 359 942 392 usitata
960 357 1046 392 hora
1065 370 1171 402 pran-

179 418 311 451 debant
325 414 431 448 simul
456 413 492 446 in
511 412 571 445 illa
591 411 664 455 ipsa
682 409 846 444 Naucleri
864 411 970 443 domo
982 436 991 450 ,
1018 416 1051 443 et
1068 420 1172 442 voca-

180 470 311 502 bantur
327 466 397 498 duo
423 470 481 497 aut
506 470 574 497 tres
597 461 677 502 alii,
704 469 778 495 tum
796 459 984 498 Doctores,
1013 467 1087 494 tum
1106 459 1171 492 viri

181 517 332 551 nobiles.
391 514 462 548 Nec
487 515 675 557 adparatus
697 511 918 555 splendidior
942 518 1034 549 erat,
1068 521 1174 555 quam

182 568 295 602 solent
313 565 365 599 ibi
383 564 614 598 mediocrium
639 562 769 596 civium
798 561 944 606 prandia
969 572 1051 596 esse.
1105 560 1174 594 Sed

183 616 360 662 colloquia
379 615 486 649 tantis
508 615 591 647 viris
609 614 714 657 digna
734 619 831 645 erant
857 613 960 656 plena
984 611 1176 655 sapientiae

183 670 226 702 de
243 666 418 705 Ecclesia,
444 667 488 699 de
514 665 674 698 doctrina
694 663 832 704 diviua,
859 663 903 696 de
921 661 1177 707 gubernatione

185 719 343 764 publica,
371 718 413 751 de
432 716 675 761 praesentibus
692 713 867 758 periculiS.

287 791 320 827 A
336 791 484 837 prandio
502 790 666 833 patebant
677 788 792 822 aditus
807 789 850 821 ad
867 788 983 832 ipsum
999 787 1177 829 omnibus,

186 844 247 890 qui
275 856 354 877 eum
378 841 511 886 alloqui
535 840 719 877 volebant,
750 845 810 872 aut
833 838 1007 883 supplices
1039 839 1177 872 libellos

187 895 403 929 adferebant.
456 891 521 925 His
541 890 674 935 placide
692 890 938 933 respondebat,
964 902 1002 923 ac
1020 897 1176 933 tempora

187 946 234 979 eis
258 943 492 979 constituebat
517 942 658 986 petendi
682 951 859 984 responsa.
911 938 1002 974 Cum
1020 941 1178 973 frumen-

187 1005 263 1031 tum
282 1002 341 1029 aut
358 995 452 1037 ligna
471 1002 642 1037 pauperes
661 992 835 1035 petebant,
858 992 1048 1025 mandabat
1065 991 1178 1023 fideli-

187 1048 253 1080 bus
269 1043 494 1084 hominibus,
520 1049 559 1076 ut
576 1042 694 1076 statim
710 1042 786 1074 dari
803 1049 978 1082 curarent,
1005 1048 1177 1086 quantum

186 1097 340 1131 iubebat.
401 1094 479 1129 Etsi
502 1093 596 1127 enim
621 1091 872 1137 parsimoniam
907 1098 941 1126 ct
974 1092 1113 1126 amabat
1146 1098 1180 1126 et

187 1148 362 1188 tuebatur,
384 1154 502 1180 tamen
519 1155 598 1186 erga
615 1154 785 1187 pauperes
801 1143 1065 1176 beneficentiam
1081 1154 1179 1175 exer-

188 1199 297 1233 cebat.
365 1196 488 1230 Postea
516 1194 693 1228 tribuebat
725 1193 985 1238 aliquantulum
1012 1193 1179 1236 temporis

188 1248 298 1294 quieti
316 1253 376 1281 aut
399 1258 535 1280 somno.
588 1243 726 1277 Deinde
753 1245 794 1276 ad
823 1244 1038 1287 vespertinas
1062 1254 1180 1292 preces

188 1299 392 1339 accedebat,
431 1297 468 1330 in
501 1296 630 1341 quibus
658 1295 856 1339 plerunque
889 1294 1024 1337 legebat
1051 1294 1180 1338 scripta

189 1351 231 1383 de
249 1349 410 1383 doctrina
427 1346 616 1381 Ecclesiae.
669 1343 808 1378 Deinde
825 1352 906 1378 ante
929 1357 1074 1378 coenam
1100 1357 1180 1378 rur-

188 1412 246 1434 sus
276 1398 536 1433 conveniebant
563 1398 606 1430 ad
639 1396 931 1437 deliberationes,
964 1403 1025 1430 aut
1055 1396 1182 1430 recita-

189 1453 319 1485 bantur
336 1450 455 1484 literae
472 1449 570 1493 prius
587 1448 769 1482 formatae.

288 1524 444 1560 Coenam
475 1524 617 1557 volebat
650 1534 722 1556 esse
752 1519 959 1555 hilariorem
991 1528 1024 1556 et
1055 1521 1182 1555 condi-

189 1585 258 1612 tam
273 1577 461 1610 dulcedine
478 1586 693 1614 sermonum,
719 1586 763 1606 ne
779 1584 924 1606 somnus
940 1573 1182 1617 impediretur,

190 1640 294 1674 quem
312 1639 412 1671 saepe
431 1626 463 1660 ei
478 1625 589 1659 moles
608 1636 773 1658 curarum
791 1623 999 1658 excutiebat.

292 1701 392 1735 Talis
413 1707 487 1734 erat
508 1700 588 1733 aula
610 1699 646 1732 in
667 1698 730 1731 illo
754 1699 932 1741 tuguriolo
950 1699 1042 1731 senis
1060 1699 1182 1732 docto-

191 1754 258 1793 ris,
283 1764 371 1797 quae
395 1751 584 1791 modestia,
612 1749 819 1789 sobrietate,
846 1749 1003 1782 castitate
1026 1761 1088 1793 par
1110 1757 1182 1783 erat

191 1801 428 1838 Eremitarum
446 1801 545 1835 Pauli
571 1809 603 1835 et
621 1800 771 1833 Antonii
796 1802 1057 1843 congressibus,
1085 1800 1182 1833 utili-

191 1861 260 1888 tate
277 1852 519 1892 antecellebat,
546 1851 626 1897 quia
645 1848 774 1884 horum
791 1851 1109 1884 deliberationibus
1127 1863 1183 1884 re-

191 1905 336 1948 gebatur
354 1910 425 1938 tota
441 1903 546 1944 ditio,
568 1909 600 1936 et
615 1901 762 1942 iustitia,
789 1914 866 1946 pax,
892 1901 1079 1947 disciplina
1096 1914 1182 1935 con-

191 1956 432 1989 servabantur.

293 2029 494 2064 Constituta
532 2027 643 2060 forma
684 2026 951 2069 gubernationis
987 2027 1022 2059 in
1058 2027 1181 2071 patria,

192 2081 320 2115 deinde
330 2078 482 2114 Romam
502 2078 677 2122 profectus
695 2085 755 2110 est.
801 2076 868 2111 Ubi
885 2090 962 2111 cnm
982 2078 1017 2110 in
1038 2079 1182 2122 templo,

191 2131 348 2176 proxime
386 2137 502 2163 astans
530 2129 595 2172 ipsi
620 2127 820 2162 Cardiualis
854 2129 1055 2162 interfectus
1080 2137 1180 2170 esset,

193 2189 309 2227 postea
329 2194 399 2214 non
420 2181 480 2213 diu
499 2179 639 2213 inausit.
695 2178 734 2211 ln
760 2179 886 2212 itinere
911 2177 1103 2212 honorifice
1122 2193 1179 2213 ex-

191 2241 310 2276 ceptus
342 2239 391 2265 est
423 2230 623 2264 Florentiae
657 2243 674 2263 a
703 2229 894 2264 Laurentio
919 2229 1100 2271 Mediceo,
1141 2244 1179 2264 ac

192 2285 292 2317 valde
326 2283 520 2315 admiratus
547 2289 596 2315 est
623 2281 697 2314 eius
721 2281 785 2313 xit-i
818 2282 1046 2325 sapientiam,
1082 2289 1113 2315 et
1143 2282 1178 2314 in

189 2334 286 2367 omni
308 2345 468 2366 sermone
487 2340 517 2365 et
537 2333 673 2365 actione
689 2331 905 2375 gravitatem.
941 2331 1061 2366 Postea
1074 2332 1176 2365 Man-

189 2394 267 2419 tuae
297 2397 440 2417 uxorem
471 2383 569 2416 duxit
599 2383 705 2415 liliam
732 2380 952 2416 Mareliionis
979 2382 1178 2424 Mantuani,

187 2444 304 2469 natam
324 2441 433 2467 matre
452 2434 667 2477 germanica,
696 2433 764 2465 lilia
785 2431 1000 2467 Mart-hinnis
1020 2433 1177 2468 Brande-

186 2486 388 2530 burgensis,
429 2498 467 2518 ex
496 2498 561 2529 qua
586 2484 615 2517 ei
640 2484 709 2516 lilia
734 2491 870 2517 tantum
898 2492 976 2518 nata
1001 2492 1062 2518 est.
1131 2484 1175 2519 Et

185 2550 385 2583 quanquam
407 2543 521 2580 postea
540 2548 610 2567 non
630 2535 781 2579 peperit.
809 2541 924 2568 tamen
941 2548 1078 2578 semper
1095 2549 1173 2569 cnm

183 2601 220 2622 ea
246 2595 404 2621 amanter
423 2587 528 2626 vixit,
555 2594 585 2619 et
610 2586 817 2619 adfirmabat
839 2589 962 2620 doctor
981 2586 1172 2619 v&Vende-li-

182 2651 263 2679 nus,
291 2640 392 2672 fidem
416 2646 447 2672 et
471 2637 661 2671 castitatem
681 2637 901 2678 coniugalem
927 2650 1110 2683 nunquam
1129 2640 1173 2671 ab

180 2704 220 2723 ro
239 2691 403 2725 violatam
426 2701 509 2723 esse.

583 122 738 160 DECL.
773 119 849 157 DE
881 119 1251 157 EBERHARDO
1282 119 1435 158 DUCE
1471 120 1797 158 WURTEMB.

2113 125 2130 159 1
2136 125 2211 162 028

1321 206 1363 241 In
1388 207 1640 241 communibus
1667 207 1808 252 imperii
1830 208 1983 252 negociis
2010 210 2214 245 conferebat

1219 258 1424 303 pecuniam,
1465 264 1499 291 et
1524 258 1685 292 mittebat
1709 258 1838 292 milites
1863 259 2015 293 officiose
2075 261 2213 305 quoties

1221 320 1310 352 opus
1340 315 1424 343 erat.
1494 308 1564 343 Sed
1597 309 1694 342 domi
1724 309 1816 342 bella
1848 321 1922 342 non
1957 286 2138 352 mbbat,
2179 319 2214 346 et

1222 371 1424 405 quanquam
1444 371 1545 404 saepe
1563 359 1716 393 iniuriae
1732 360 1855 393 dolore
1872 359 1974 393 valde
1998 363 2214 396 accendeba-

1222 417 1298 451 tur,
1321 417 1438 444 tamen
1455 411 1578 455 populi
1597 411 1744 444 salutem
1764 410 1836 444 irae
1854 411 2080 445 anteferebat,

1327 492 1379 528 Ae
1394 501 1433 528 ut
1450 501 1524 528 erat
1547 494 1585 527 in
1608 494 1743 538 privata
1770 493 1842 527 vita
1870 502 1903 528 et
1927 495 1963 528 in
1990 502 2061 529 tota
2087 498 2215 540 guber·

1225 545 1369 579 natione
1394 556 1535 579 severus
1555 552 1673 578 custos
1696 545 1874 586 iusticiae,
1903 545 1950 580 ita
1977 548 2145 581 adversus
2163 548 2215 582 la-

1225 596 1374 630 trocinia
1407 596 1558 638 vigilans
1587 602 1622 629 et
1653 607 1731 629 acer
1753 595 1831 631 suit.
1891 595 2217 642 Cumque.propter

1226 646 1374 680 Suevica
1407 647 1498 680 bella
1534 653 1614 679 ante
1646 646 1755 690 ipsius
1783 647 2075 689 gubernationem
2110 648 2215 682 multi

1226 697 1417 730 latrunculi
1445 698 1572 741 passim
1598 704 1857 741 grassarentur,
1884 699 1983 731 brevi
2006 711 2069 732 suo
2095 699 2217 733 labore

1227 755 1259 781 et
1279 748 1350 781 suis
1366 748 1531 791 periculis
1548 748 1712 790 perfecit,
1735 755 1774 781 ut
1797 749 1896 782 nulla
1914 749 2008 793 regio
2028 751 2145 784 minus
2163 761 2218 784 es-

1227 805 1277 832 set
1296 799 1420 832 infesta
1438 798 1651 839 latrociniis,
1677 811 1781 843 quam
1805 799 1880 835 ista.

1328 880 1417 914 Nam
1434 881 1507 924 ipse
1522 892 1601 914 cum
1619 880 1762 914 delectis
1777 881 1952 926 equitibus
1969 889 2127 927 suspecta
2142 884 2219 918 loca

1228 932 1363 972 adibat,
1389 939 1422 966 et
1446 931 1632 976 aliquoties
1656 943 1784 974 magno
1810 944 1888 965 cum
1914 934 2069 977 periculo
2095 935 2219 978 depre-

1229 980 1358 1016 hensos
1383 982 1514 1026 coepit,
1542 989 1576 1015 et
1600 988 1716 1025 postea
1740 983 1922 1026 suppliciis
1945 985 2045 1018 adfici
2073 985 2220 1025 curavit,

1228 1046 1291 1066 nec
1308 1033 1433 1067 metuit
1450 1040 1677 1076 cognatorum
1695 1031 1878 1066 Nobilium
1898 1035 1977 1068 odia
1990 1061 1999 1076 ‚
2025 1047 2088 1068 nec
2104 1035 2220 1069 ambi-

1229 1084 1328 1118 tiosis
1347 1083 1658 1119 intercessionibus
1673 1083 1762 1127 eripi
1779 1096 1837 1117 eos
1855 1096 1988 1129 poenae
2002 1085 2148 1120 sinebat.

1332 1168 1443 1212 Saepe
1460 1175 1616 1212 tempore
1628 1166 1921 1202 Francosordiani
1937 1177 2120 1210 mercatus,
2148 1170 2221 1215 ipse

1231 1231 1266 1252 se
1292 1220 1382 1253 inter
1406 1218 1540 1263 equites
1567 1218 1605 1250 in
1629 1217 1704 1256 via,
1732 1225 1764 1252 et
1792 1218 1829 1251 in
1853 1220 1993 1264 oppidis
2016 1222 2222 1255 ostendebat

1231 1269 1502 1308 mercatoribus,
1538 1275 1576 1302 ut
1607 1268 1682 1301 eius
1714 1268 1934 1311 vigilantiam
1960 1279 2220 1314 cognoscerent.

1232 1320 1414 1355 Salutabat
1440 1320 1563 1361 etiam,
1591 1325 1623 1352 et
1648 1319 1790 1353 iubebat
1811 1320 1877 1353 sibi
1905 1321 2074 1362 indicari,
2099 1321 2128 1354 si
2152 1333 2223 1367 qua

1233 1371 1364 1405 iniuria
1396 1370 1434 1403 in
1467 1370 1541 1410 via,
1581 1369 1636 1403 vel
1671 1369 1709 1402 in
1743 1370 1947 1405 diversoriis
1976 1372 2221 1408 adficerentur.

1232 1421 1328 1455 Haec
1347 1433 1435 1466 pene
1459 1421 1595 1454 servilis
1615 1420 1809 1455 adsiduitas
1835 1421 2015 1457 videretur
2041 1434 2135 1456 nunc
2158 1435 2222 1467 pa-

1233 1485 1312 1507 rum
1328 1472 1434 1515 regia.
1476 1471 1546 1506 Sed
1566 1471 1618 1504 illi
1636 1471 1858 1515 optimi-viri,
1885 1473 2024 1508 iusticia
2043 1480 2076 1508 et
2092 1474 2222 1509 virtute

1234 1530 1333 1558 erant
1347 1523 1465 1567 magni
1477 1550 1487 1564 ,
1515 1535 1587 1556 non
1603 1521 1744 1556 Persico
1762 1523 1863 1558 fastu.

1334 1598 1450 1633 Semel
1467 1598 1615 1632 omnino
1631 1598 1764 1631 bellum
1787 1599 1919 1641 movit,
1946 1612 1984 1634 ac
2011 1601 2102 1634 iusto
2125 1613 2223 1635 exer—

1233 1648 1304 1682 citu
1321 1649 1540 1693 oppugnavit
1555 1661 1668 1682 arcem
1688 1661 1759 1681 non
1784 1651 1906 1692 procul
1932 1653 1975 1684 ab
1989 1650 2092 1685 [lma
2109 1651 2222 1693 sitam,

1233 1711 1323 1744 quae
1339 1701 1382 1733 ab
1400 1700 1478 1732 altis
1494 1698 1620 1733 Cot-vis
1638 1711 1767 1732 nomen
1790 1697 1893 1734 habet
1905 1728 1913 1739 ,
1940 1713 2044 1746 quam
2061 1708 2093 1734 et
2111 1714 2222 1747 expu-

1233 1757 1374 1793 gnatam
1395 1750 1522 1790 diruit,
1549 1762 1593 1783 ne
1612 1759 1770 1793 receptus
1787 1759 1872 1784 esset
1892 1751 1959 1785 latr
1975 1763 2084 1787 ›num-

1335 1823 1558 1868 Diligebatur
1582 1836 1663 1867 ergo
1687 1832 1718 1858 et
1745 1837 1764 1858 a
1786 1825 1859 1859 suis
1881 1833 1913 1860 et
1930 1827 1975 1860 ab
1991 1826 2138 1860 urbibus
2156 1826 2223 1858 im-

1233 1875 1322 1920 perii
1351 1883 1383 1909 et
1405 1888 1422 1908 a
1448 1875 1574 1909 vicinis
1591 1874 1836 1919 Principibus,
1861 1888 1899 1910 ae
1916 1878 1959 1910 de
1976 1877 2223 1911 benevolentia

1233 1927 1356 1971 populi
1374 1939 1451 1969 erga
1471 1926 1603 1970 ipsum,
1631 1926 1845 1961 recitabatur
1863 1924 1946 1962 haec
1966 1928 2075 1971 ipsius
2098 1939 2222 1961 narra-

1233 1978 1293 2011 tio.
1347 1976 1386 2010 ln
1406 1984 1582 2010 conventu
1593 1975 1859 2011 YVormariensi
1877 1991 1955 2011 cum
1968 1979 2140 2013 Saxoniae
2154 1979 2223 2011 du·

1233 2041 1287 2061 ces
1311 2035 1491 2062 vocassent
1514 2029 1556 2061 ad
1582 2039 1724 2060 coenam
1743 2026 1857 2062 Duces
1876 2028 2064 2070 Bavariae,
2091 2028 2222 2063 Palati-

1234 2090 1314 2116 nos,
1340 2086 1371 2112 et
1390 2079 1521 2123 ipsum,
1551 2085 1581 2111 et
1601 2078 1731 2121 singuli
1751 2090 1893 2114 suarum
1915 2080 2097 2124 regionum
2115 2091 2222 2112 orna-

1232 2137 1347 2162 menta
1380 2129 1639 2174 praedicarent,
1679 2129 1738 2162 alii
1773 2142 1878 2163 venas
1910 2131 2122 2171 metallicas,
2161 2129 2221 2163 alii

1231 2181 1356 2220 urbes,
1394 2181 1585 2221 frumenta,
1626 2180 1769 2218 vinum,
1809 2181 1896 2214 sedit
1924 2181 2049 2214 tacitus
2080 2181 2222 2215 auditor

1231 2230 1453 2270 liberamus,
1491 2231 1538 2264 ibi
1566 2232 1706 2265 tandem
1734 2230 1902 2265 Albertus
1924 2231 2099 2266 saxoniae
2123 2230 2219 2266 Dux:

1229 2280 1303 2315 Cur
1329 2295 1401 2314 non
1426 2282 1588 2316 iubemus
1613 2281 1717 2315 etiam
1739 2282 1868 2315 Ducem
1888 2282 2220 2326 WVirtebergensem

1229 2334 1271 2365 di·
1289 2345 1350 2366 sua
1369 2333 1478 2378 patria
1497 2332 1619 2378 loqui?
1646 2331 1849 2377 Respondet
1865 2331 1921 2367 liic
1940 2335 2108 2368 modeste:
2127 2332 2222 2373 Scio,

1229 2391 1359 2417 vestras
1383 2384 1534 2417 familias
1553 2383 1726 2427 potentia,
1752 2385 1940 2418 autoritate
1958 2391 1990 2419 et
2010 2385 2138 2429 opibus
2155 2396 2220 2418 an·

1228 2434 1409 2474 tva-ltere,
1437 2447 1500 2467 nee
1518 2434 1700 2467 vobiscum
1722 2441 1854 2468 certare
1869 2447 2029 2480 possum,
2056 2436 2113 2469 sed
2133 2447 2219 2469 con-

1227 2492 1344 2519 tentus
1362 2497 1439 2518 sum
1456 2498 1552 2525 meo,
1578 2492 1610 2519 et
1629 2485 1700 2518 scio
1720 2498 1774 2518 me
1789 2484 1862 2519 Deo
1884 2486 2135 2529 gratitudinem
2156 2486 2219 2519 de-

1227 2536 1320 2569 bere.
1367 2538 1410 2569 At
1430 2549 1540 2569 initum
1558 2534 1623 2569 hoc
1642 2537 1843 2579 praedicare
1859 2550 1910 2570 me
1929 2548 2028 2581 posse
2046 2536 2219 2575 existimo,

1225 2599 1367 2620 securus
1388 2587 1421 2619 in
1443 2587 1558 2619 medio
1577 2594 1672 2620 aestu
1695 2587 1728 2619 in
1746 2600 1887 2631 campo,
1915 2595 1944 2620 et
1968 2587 2062 2620 solus
2082 2586 2117 2619 in
2141 2599 2218 2629 grc-

1225 2638 1296 2669 mio
1324 2638 1509 2671 cuiuslibet
1542 2650 1701 2671 meorum
1729 2638 1859 2671 civium
1888 2638 2042 2671 dormire
2066 2650 2218 2683 possum.

1226 2689 1322 2731 Quid
1340 2689 1572 2731 significaret,
1598 2701 1669 2722 non
1685 2690 1874 2722 obscurum
1891 2696 1974 2722 crat.
