<?xml version="1.0" encoding="UTF-8"?>
<!DOCTYPE html PUBLIC "-//W3C//DTD XHTML 1.0 Transitional//EN"
    "http://www.w3.org/TR/xhtml1/DTD/xhtml1-transitional.dtd">
<html xmlns="http://www.w3.org/1999/xhtml" xml:lang="en" lang="en">
 <head>
  <title>
</title>
<meta http-equiv="Content-Type" content="text/html;charset=utf-8" />
  <meta name='ocr-system' content='tesseract 3.04.00' />
  <meta name='ocr-capabilities' content='ocr_page ocr_carea ocr_par ocr_line ocrx_word'/>
</head>
<body>
  <div class='ocr_page' id='page_1' title='image "./operaquaesupersu11melauoft_0340.png"; bbox 0 0 2338 2958; ppageno 0'>
   <div class='ocr_carea' id='block_1_1' title="bbox 200 136 1190 182">
    <p class='ocr_par' dir='ltr' id='par_1_1' title="bbox 200 136 1190 182">
     <span class='ocr_line' id='line_1_1' title="bbox 200 136 1190 182; baseline -0.009 0"><span class='ocrx_word' id='word_1_1' title='bbox 200 146 273 182; x_wconf 84' lang='grc'>663</span> <span class='ocrx_word' id='word_1_2' title='bbox 770 136 929 175; x_wconf 74' lang='lat' dir='ltr'><strong>DECL.</strong></span> <span class='ocrx_word' id='word_1_3' title='bbox 980 136 1054 175; x_wconf 90' lang='lat' dir='ltr'>DE</span> <span class='ocrx_word' id='word_1_4' title='bbox 1095 136 1190 174; x_wconf 87' lang='lat' dir='ltr'>DEI</span> 
     </span>
    </p>
   </div>
   <div class='ocr_carea' id='block_1_2' title="bbox 202 224 1199 2386">
    <p class='ocr_par' dir='ltr' id='par_1_2' title="bbox 202 224 1192 724">
     <span class='ocr_line' id='line_1_2' title="bbox 202 224 1187 272; baseline -0.008 -7"><span class='ocrx_word' id='word_1_5' title='bbox 202 229 331 265; x_wconf 81' lang='lat' dir='ltr'>Errant</span> <span class='ocrx_word' id='word_1_6' title='bbox 356 230 449 263; x_wconf 76' lang='lat' dir='ltr'>enim</span> <span class='ocrx_word' id='word_1_7' title='bbox 474 228 624 272; x_wconf 84' lang='lat' dir='ltr'>primum</span> <span class='ocrx_word' id='word_1_8' title='bbox 648 227 690 258; x_wconf 87' lang='lat' dir='ltr'>de</span> <span class='ocrx_word' id='word_1_9' title='bbox 712 226 858 259; x_wconf 78' lang='lat' dir='ltr'>essentia</span> <span class='ocrx_word' id='word_1_10' title='bbox 883 224 971 264; x_wconf 78' lang='lat' dir='ltr'>Dei,</span> <span class='ocrx_word' id='word_1_11' title='bbox 1001 232 1116 270; x_wconf 76' lang='lat' dir='ltr'>postea</span> <span class='ocrx_word' id='word_1_12' title='bbox 1143 225 1187 257; x_wconf 88' lang='lat' dir='ltr'>de</span> 
     </span>
     <span class='ocr_line' id='line_1_3' title="bbox 204 274 1184 320; baseline -0.007 -6"><span class='ocrx_word' id='word_1_13' title='bbox 204 282 394 315; x_wconf 81' lang='lat' dir='ltr'>voluntate.</span> <span class='ocrx_word' id='word_1_14' title='bbox 425 279 469 312; x_wconf 87' lang='lat' dir='ltr'>Ut</span> <span class='ocrx_word' id='word_1_15' title='bbox 485 278 576 310; x_wconf 86' lang='lat' dir='ltr'>enim</span> <span class='ocrx_word' id='word_1_16' title='bbox 593 277 682 320; x_wconf 83' lang='lat' dir='ltr'>apud</span> <span class='ocrx_word' id='word_1_17' title='bbox 694 274 900 320; x_wconf 76' lang='lat' dir='ltr'>Euripidem</span> <span class='ocrx_word' id='word_1_18' title='bbox 918 276 1060 315; x_wconf 87' lang='lat' dir='ltr'>dicitur,</span> <span class='ocrx_word' id='word_1_19' title='bbox 1083 274 1117 308; x_wconf 88' lang='lat' dir='ltr'>O</span> <span class='ocrx_word' id='word_1_20' title='bbox 1130 274 1184 308; x_wconf 89' lang='lat' dir='ltr'>lu-</span> 
     </span>
     <span class='ocr_line' id='line_1_4' title="bbox 206 325 1187 376; baseline -0.007 -11"><span class='ocrx_word' id='word_1_21' title='bbox 206 333 314 376; x_wconf 86' lang='lat' dir='ltr'>piter,</span> <span class='ocrx_word' id='word_1_22' title='bbox 341 331 411 363; x_wconf 88' lang='lat' dir='ltr'>sive</span> <span class='ocrx_word' id='word_1_23' title='bbox 441 327 505 360; x_wconf 90' lang='lat' dir='ltr'>hoc</span> <span class='ocrx_word' id='word_1_24' title='bbox 532 327 686 367; x_wconf 83' lang='lat' dir='ltr'>coelum,</span> <span class='ocrx_word' id='word_1_25' title='bbox 713 327 784 359; x_wconf 80' lang='lat' dir='ltr'>sive</span> <span class='ocrx_word' id='word_1_26' title='bbox 808 327 902 359; x_wconf 89' lang='lat' dir='ltr'>aliud</span> <span class='ocrx_word' id='word_1_27' title='bbox 929 326 1112 371; x_wconf 76' lang='lat' dir='ltr'>quiddam:</span> <span class='ocrx_word' id='word_1_28' title='bbox 1141 325 1187 359; x_wconf 85' lang='lat' dir='ltr'>ita</span> 
     </span>
     <span class='ocr_line' id='line_1_5' title="bbox 208 374 1189 425; baseline -0.006 -12"><span class='ocrx_word' id='word_1_29' title='bbox 208 383 367 425; x_wconf 71' lang='lat' dir='ltr'>ignorant</span> <span class='ocrx_word' id='word_1_30' title='bbox 386 389 507 411; x_wconf 84' lang='lat' dir='ltr'>omnes</span> <span class='ocrx_word' id='word_1_31' title='bbox 530 377 656 422; x_wconf 84' lang='lat' dir='ltr'>impiae</span> <span class='ocrx_word' id='word_1_32' title='bbox 681 383 816 419; x_wconf 85' lang='lat' dir='ltr'>gentes,</span> <span class='ocrx_word' id='word_1_33' title='bbox 842 388 930 421; x_wconf 85' lang='lat' dir='ltr'>quae</span> <span class='ocrx_word' id='word_1_34' title='bbox 947 388 999 409; x_wconf 89' lang='lat' dir='ltr'>res</span> <span class='ocrx_word' id='word_1_35' title='bbox 1022 377 1066 409; x_wconf 90' lang='lat' dir='ltr'>sit</span> <span class='ocrx_word' id='word_1_36' title='bbox 1080 374 1189 415; x_wconf 90' lang='lat' dir='ltr'>Deus,</span> 
     </span>
     <span class='ocr_line' id='line_1_6' title="bbox 210 424 1189 470; baseline -0.007 -5"><span class='ocrx_word' id='word_1_37' title='bbox 210 431 326 465; x_wconf 86' lang='lat' dir='ltr'>ludaei</span> <span class='ocrx_word' id='word_1_38' title='bbox 353 437 384 462; x_wconf 87' lang='lat' dir='ltr'>et</span> <span class='ocrx_word' id='word_1_39' title='bbox 407 425 675 461; x_wconf 85' lang='lat' dir='ltr'>Mabometistae</span> <span class='ocrx_word' id='word_1_40' title='bbox 698 427 924 460; x_wconf 82' lang='lat' dir='ltr'>audacissime</span> <span class='ocrx_word' id='word_1_41' title='bbox 947 434 1073 470; x_wconf 85' lang='lat' dir='ltr'>negant</span> <span class='ocrx_word' id='word_1_42' title='bbox 1096 424 1189 459; x_wconf 86' lang='lat' dir='ltr'>hunc</span> 
     </span>
     <span class='ocr_line' id='line_1_7' title="bbox 209 476 1191 521; baseline -0.006 -7"><span class='ocrx_word' id='word_1_43' title='bbox 209 493 279 514; x_wconf 68' lang='lat' dir='ltr'>esse.</span> <span class='ocrx_word' id='word_1_44' title='bbox 297 491 374 512; x_wconf 86' lang='lat' dir='ltr'>vere</span> <span class='ocrx_word' id='word_1_45' title='bbox 392 477 504 512; x_wconf 86' lang='lat' dir='ltr'>Deum</span> <span class='ocrx_word' id='word_1_46' title='bbox 524 477 738 510; x_wconf 90' lang='lat' dir='ltr'>conditorem</span> <span class='ocrx_word' id='word_1_47' title='bbox 756 477 842 509; x_wconf 83' lang='lat' dir='ltr'>coeli</span> <span class='ocrx_word' id='word_1_48' title='bbox 859 483 891 510; x_wconf 92' lang='lat' dir='ltr'>et</span> <span class='ocrx_word' id='word_1_49' title='bbox 909 483 1038 518; x_wconf 83' lang='lat' dir='ltr'>terrae,</span> <span class='ocrx_word' id='word_1_50' title='bbox 1066 476 1125 521; x_wconf 88' lang='lat' dir='ltr'>qui</span> <span class='ocrx_word' id='word_1_51' title='bbox 1142 482 1191 509; x_wconf 82' lang='lat' dir='ltr'>cst</span> 
     </span>
     <span class='ocr_line' id='line_1_8' title="bbox 208 525 1190 570; baseline -0.006 -6"><span class='ocrx_word' id='word_1_52' title='bbox 208 531 309 564; x_wconf 87' lang='lat' dir='ltr'>Pater</span> <span class='ocrx_word' id='word_1_53' title='bbox 325 529 468 562; x_wconf 83' lang='lat' dir='ltr'>Domini</span> <span class='ocrx_word' id='word_1_54' title='bbox 493 528 605 561; x_wconf 81' lang='lat' dir='ltr'>nostri</span> <span class='ocrx_word' id='word_1_55' title='bbox 623 527 698 560; x_wconf 89' lang='lat' dir='ltr'>lesu</span> <span class='ocrx_word' id='word_1_56' title='bbox 719 525 849 560; x_wconf 82' lang='lat' dir='ltr'>Christi</span> <span class='ocrx_word' id='word_1_57' title='bbox 871 527 1023 560; x_wconf 82' lang='lat' dir='ltr'>crucifixi</span> <span class='ocrx_word' id='word_1_58' title='bbox 1048 539 1110 570; x_wconf 90' lang='lat' dir='ltr'>pro</span> <span class='ocrx_word' id='word_1_59' title='bbox 1126 539 1190 559; x_wconf 89' lang='lat' dir='ltr'>no-</span> 
     </span>
     <span class='ocr_line' id='line_1_9' title="bbox 208 574 1192 619; baseline -0.004 -6"><span class='ocrx_word' id='word_1_60' title='bbox 208 581 261 614; x_wconf 87' lang='lat' dir='ltr'>bis</span> <span class='ocrx_word' id='word_1_61' title='bbox 278 587 308 613; x_wconf 90' lang='lat' dir='ltr'>et</span> <span class='ocrx_word' id='word_1_62' title='bbox 329 578 531 612; x_wconf 64' lang='lat' dir='ltr'>resuscitati.</span> <span class='ocrx_word' id='word_1_63' title='bbox 571 577 703 619; x_wconf 72' lang='lat' dir='ltr'>Negant</span> <span class='ocrx_word' id='word_1_64' title='bbox 722 578 830 609; x_wconf 82' lang='lat' dir='ltr'>filium</span> <span class='ocrx_word' id='word_1_65' title='bbox 843 576 907 609; x_wconf 87' lang='lat' dir='ltr'>Dei</span> <span class='ocrx_word' id='word_1_66' title='bbox 928 576 1050 611; x_wconf 72' lang='grc' dir='ltr'><em>εἰκόνα</em></span> <span class='ocrx_word' id='word_1_67' title='bbox 1069 574 1192 610; x_wconf 69' lang='grc' dir='ltr'><em>ἀΐδιον</em></span> 
     </span>
     <span class='ocr_line' id='line_1_10' title="bbox 210 626 1192 673; baseline -0.005 -10"><span class='ocrx_word' id='word_1_68' title='bbox 210 629 333 665; x_wconf 63' lang='grc' dir='ltr'>ἀϊδίου</span> <span class='ocrx_word' id='word_1_69' title='bbox 357 626 493 673; x_wconf 67' lang='grc' dir='ltr'><em>πατρὸς</em></span> <span class='ocrx_word' id='word_1_70' title='bbox 518 639 587 660; x_wconf 84' lang='lat' dir='ltr'>esse</span> <span class='ocrx_word' id='word_1_71' title='bbox 605 627 730 660; x_wconf 83' lang='lat' dir='ltr'>Deum.</span> <span class='ocrx_word' id='word_1_72' title='bbox 783 627 937 661; x_wconf 73' lang='lat' dir='ltr'>ltabiose</span> <span class='ocrx_word' id='word_1_73' title='bbox 957 627 1060 660; x_wconf 86' lang='lat' dir='ltr'>etiam</span> <span class='ocrx_word' id='word_1_74' title='bbox 1084 626 1192 659; x_wconf 88' lang='lat' dir='ltr'>male-</span> 
     </span>
     <span class='ocr_line' id='line_1_11' title="bbox 209 679 639 724; baseline -0.005 -11"><span class='ocrx_word' id='word_1_75' title='bbox 209 682 329 714; x_wconf 88' lang='lat' dir='ltr'>dicunt</span> <span class='ocrx_word' id='word_1_76' title='bbox 348 679 495 724; x_wconf 81' lang='lat' dir='ltr'>Spiritui</span> <span class='ocrx_word' id='word_1_77' title='bbox 512 685 639 711; x_wconf 81' lang='lat' dir='ltr'>sancto.</span> 
     </span>
    </p>

    <p class='ocr_par' dir='ltr' id='par_1_3' title="bbox 209 725 1198 1771">
     <span class='ocr_line' id='line_1_12' title="bbox 311 725 1194 770; baseline -0.008 -6"><span class='ocrx_word' id='word_1_78' title='bbox 311 730 448 764; x_wconf 78' lang='lat' dir='ltr'>Deinde</span> <span class='ocrx_word' id='word_1_79' title='bbox 472 729 626 770; x_wconf 74' lang='lat' dir='ltr'>gentium</span> <span class='ocrx_word' id='word_1_80' title='bbox 650 728 784 760; x_wconf 86' lang='lat' dir='ltr'>furores</span> <span class='ocrx_word' id='word_1_81' title='bbox 803 727 977 760; x_wconf 80' lang='lat' dir='ltr'>manifesti</span> <span class='ocrx_word' id='word_1_82' title='bbox 1003 732 1107 766; x_wconf 90' lang='lat' dir='ltr'>sunt,</span> <span class='ocrx_word' id='word_1_83' title='bbox 1133 725 1194 770; x_wconf 84' lang='lat' dir='ltr'>qui</span> 
     </span>
     <span class='ocr_line' id='line_1_13' title="bbox 210 774 1195 820; baseline -0.007 -5"><span class='ocrx_word' id='word_1_84' title='bbox 210 783 384 815; x_wconf 82' lang='lat' dir='ltr'>finxerunt</span> <span class='ocrx_word' id='word_1_85' title='bbox 402 780 551 814; x_wconf 83' lang='lat' dir='ltr'>subinde</span> <span class='ocrx_word' id='word_1_86' title='bbox 574 791 663 810; x_wconf 75' lang='lat' dir='ltr'>nova</span> <span class='ocrx_word' id='word_1_87' title='bbox 686 777 851 817; x_wconf 90' lang='lat' dir='ltr'>numina,</span> <span class='ocrx_word' id='word_1_88' title='bbox 880 789 941 810; x_wconf 86' lang='lat' dir='ltr'>nec</span> <span class='ocrx_word' id='word_1_89' title='bbox 959 774 1195 820; x_wconf 81' lang='lat' dir='ltr'>Philosopho-</span> 
     </span>
     <span class='ocr_line' id='line_1_14' title="bbox 210 825 1193 872; baseline -0.006 -7"><span class='ocrx_word' id='word_1_90' title='bbox 210 845 289 865; x_wconf 86' lang='lat' dir='ltr'>rum</span> <span class='ocrx_word' id='word_1_91' title='bbox 315 831 457 864; x_wconf 82' lang='lat' dir='ltr'>andacia</span> <span class='ocrx_word' id='word_1_92' title='bbox 484 830 601 861; x_wconf 88' lang='lat' dir='ltr'>minor</span> <span class='ocrx_word' id='word_1_93' title='bbox 627 827 712 865; x_wconf 90' lang='lat' dir='ltr'>fuit,</span> <span class='ocrx_word' id='word_1_94' title='bbox 748 839 852 872; x_wconf 79' lang='lat' dir='ltr'>quam</span> <span class='ocrx_word' id='word_1_95' title='bbox 888 826 1094 871; x_wconf 83' lang='lat' dir='ltr'>Gigantum.</span> <span class='ocrx_word' id='word_1_96' title='bbox 1150 825 1193 860; x_wconf 82' lang='lat' dir='ltr'>Ut</span> 
     </span>
     <span class='ocr_line' id='line_1_15' title="bbox 210 877 1194 917; baseline -0.007 -2"><span class='ocrx_word' id='word_1_97' title='bbox 210 883 303 916; x_wconf 87' lang='lat' dir='ltr'>enim</span> <span class='ocrx_word' id='word_1_98' title='bbox 324 881 358 914; x_wconf 88' lang='lat' dir='ltr'>bi</span> <span class='ocrx_word' id='word_1_99' title='bbox 377 881 542 913; x_wconf 84' lang='lat' dir='ltr'>dicuntur</span> <span class='ocrx_word' id='word_1_100' title='bbox 560 885 696 911; x_wconf 88' lang='lat' dir='ltr'>montes</span> <span class='ocrx_word' id='word_1_101' title='bbox 712 878 923 917; x_wconf 71' lang='lat' dir='ltr'>cumulasse,</span> <span class='ocrx_word' id='word_1_102' title='bbox 950 885 987 910; x_wconf 89' lang='lat' dir='ltr'>ut</span> <span class='ocrx_word' id='word_1_103' title='bbox 1004 878 1039 909; x_wconf 88' lang='lat' dir='ltr'>in</span> <span class='ocrx_word' id='word_1_104' title='bbox 1059 877 1194 909; x_wconf 88' lang='lat' dir='ltr'>coelum</span> 
     </span>
     <span class='ocr_line' id='line_1_16' title="bbox 211 927 1195 975; baseline -0.007 -9"><span class='ocrx_word' id='word_1_105' title='bbox 211 933 276 966; x_wconf 87' lang='lat' dir='ltr'>sibi</span> <span class='ocrx_word' id='word_1_106' title='bbox 296 933 386 964; x_wconf 83' lang='lat' dir='ltr'>viam</span> <span class='ocrx_word' id='word_1_107' title='bbox 406 931 653 975; x_wconf 69' lang='lat' dir='ltr'>patefacerent,</span> <span class='ocrx_word' id='word_1_108' title='bbox 682 935 713 961; x_wconf 88' lang='lat' dir='ltr'>et</span> <span class='ocrx_word' id='word_1_109' title='bbox 727 928 818 960; x_wconf 77' lang='lat' dir='ltr'>ferro</span> <span class='ocrx_word' id='word_1_110' title='bbox 833 928 945 961; x_wconf 87' lang='lat' dir='ltr'>Deum</span> <span class='ocrx_word' id='word_1_111' title='bbox 964 928 1124 961; x_wconf 87' lang='lat' dir='ltr'>ferirent:</span> <span class='ocrx_word' id='word_1_112' title='bbox 1148 927 1195 960; x_wconf 88' lang='lat' dir='ltr'>ita</span> 
     </span>
     <span class='ocr_line' id='line_1_17' title="bbox 210 977 1195 1027; baseline -0.007 -11"><span class='ocrx_word' id='word_1_113' title='bbox 210 982 395 1027; x_wconf 83' lang='lat' dir='ltr'>Epicurei,</span> <span class='ocrx_word' id='word_1_114' title='bbox 428 980 555 1021; x_wconf 78' lang='lat' dir='ltr'>Stoici,</span> <span class='ocrx_word' id='word_1_115' title='bbox 592 978 790 1012; x_wconf 81' lang='lat' dir='ltr'>Academici</span> <span class='ocrx_word' id='word_1_116' title='bbox 814 985 846 1012; x_wconf 88' lang='lat' dir='ltr'>et</span> <span class='ocrx_word' id='word_1_117' title='bbox 867 977 1108 1022; x_wconf 82' lang='lat' dir='ltr'>Peripatetici,</span> <span class='ocrx_word' id='word_1_118' title='bbox 1135 977 1195 1010; x_wconf 86' lang='lat' dir='ltr'>alii</span> 
     </span>
     <span class='ocr_line' id='line_1_18' title="bbox 211 1028 1195 1076; baseline -0.007 -9"><span class='ocrx_word' id='word_1_119' title='bbox 211 1034 298 1067; x_wconf 88' lang='lat' dir='ltr'>alios</span> <span class='ocrx_word' id='word_1_120' title='bbox 317 1044 450 1065; x_wconf 78' lang='lat' dir='ltr'>errores</span> <span class='ocrx_word' id='word_1_121' title='bbox 470 1030 725 1075; x_wconf 69' lang='lat' dir='ltr'>excogitarunt,</span> <span class='ocrx_word' id='word_1_122' title='bbox 761 1037 787 1062; x_wconf 78' lang='lat' dir='ltr'>et</span> <span class='ocrx_word' id='word_1_123' title='bbox 811 1037 977 1076; x_wconf 83' lang='lat' dir='ltr'>tanquam</span> <span class='ocrx_word' id='word_1_124' title='bbox 997 1028 1195 1063; x_wconf 86' lang='lat' dir='ltr'>accumula-</span> 
     </span>
     <span class='ocr_line' id='line_1_19' title="bbox 210 1079 1195 1125; baseline -0.005 -9"><span class='ocrx_word' id='word_1_125' title='bbox 210 1085 255 1117; x_wconf 89' lang='lat' dir='ltr'>tis</span> <span class='ocrx_word' id='word_1_126' title='bbox 273 1084 451 1117; x_wconf 82' lang='lat' dir='ltr'>montibus</span> <span class='ocrx_word' id='word_1_127' title='bbox 466 1082 562 1115; x_wconf 83' lang='lat' dir='ltr'>coelo</span> <span class='ocrx_word' id='word_1_128' title='bbox 585 1082 714 1114; x_wconf 87' lang='lat' dir='ltr'>bellum</span> <span class='ocrx_word' id='word_1_129' title='bbox 731 1082 942 1122; x_wconf 89' lang='lat' dir='ltr'>intulerunt,</span> <span class='ocrx_word' id='word_1_130' title='bbox 969 1081 1058 1114; x_wconf 90' lang='lat' dir='ltr'>alius</span> <span class='ocrx_word' id='word_1_131' title='bbox 1077 1079 1195 1125; x_wconf 89' lang='lat' dir='ltr'>provi-</span> 
     </span>
     <span class='ocr_line' id='line_1_20' title="bbox 211 1132 1196 1177; baseline -0.004 -10"><span class='ocrx_word' id='word_1_132' title='bbox 211 1134 368 1167; x_wconf 75' lang='lat' dir='ltr'>dentiam</span> <span class='ocrx_word' id='word_1_133' title='bbox 387 1144 527 1177; x_wconf 85' lang='lat' dir='ltr'>prorsus</span> <span class='ocrx_word' id='word_1_134' title='bbox 544 1133 704 1171; x_wconf 82' lang='lat' dir='ltr'>sustulit,</span> <span class='ocrx_word' id='word_1_135' title='bbox 730 1133 818 1165; x_wconf 87' lang='lat' dir='ltr'>alius</span> <span class='ocrx_word' id='word_1_136' title='bbox 835 1133 877 1166; x_wconf 86' lang='lat' dir='ltr'>ad</span> <span class='ocrx_word' id='word_1_137' title='bbox 894 1143 1012 1165; x_wconf 85' lang='lat' dir='ltr'>causas</span> <span class='ocrx_word' id='word_1_138' title='bbox 1028 1132 1196 1165; x_wconf 89' lang='lat' dir='ltr'>secundas</span> 
     </span>
     <span class='ocr_line' id='line_1_21' title="bbox 212 1182 1195 1225; baseline -0.004 -7"><span class='ocrx_word' id='word_1_139' title='bbox 212 1185 259 1218; x_wconf 87' lang='lat' dir='ltr'>ita</span> <span class='ocrx_word' id='word_1_140' title='bbox 276 1183 389 1217; x_wconf 88' lang='lat' dir='ltr'>Deum</span> <span class='ocrx_word' id='word_1_141' title='bbox 411 1183 584 1225; x_wconf 85' lang='lat' dir='ltr'>alligavit,</span> <span class='ocrx_word' id='word_1_142' title='bbox 623 1189 658 1215; x_wconf 91' lang='lat' dir='ltr'>ut</span> <span class='ocrx_word' id='word_1_143' title='bbox 674 1182 849 1215; x_wconf 79' lang='lat' dir='ltr'>Homerus</span> <span class='ocrx_word' id='word_1_144' title='bbox 868 1194 949 1215; x_wconf 90' lang='lat' dir='ltr'>suos</span> <span class='ocrx_word' id='word_1_145' title='bbox 963 1182 1054 1215; x_wconf 89' lang='lat' dir='ltr'>Deos</span> <span class='ocrx_word' id='word_1_146' title='bbox 1078 1183 1120 1214; x_wconf 90' lang='lat' dir='ltr'>de</span> <span class='ocrx_word' id='word_1_147' title='bbox 1140 1194 1195 1214; x_wconf 85' lang='lat' dir='ltr'>ca-</span> 
     </span>
     <span class='ocr_line' id='line_1_22' title="bbox 211 1232 1196 1277; baseline -0.005 -9"><span class='ocrx_word' id='word_1_148' title='bbox 211 1243 290 1269; x_wconf 85' lang='lat' dir='ltr'>tena</span> <span class='ocrx_word' id='word_1_149' title='bbox 309 1234 498 1277; x_wconf 81' lang='lat' dir='ltr'>suspendit.</span> <span class='ocrx_word' id='word_1_150' title='bbox 553 1232 656 1265; x_wconf 80' lang='lat' dir='ltr'>Alius</span> <span class='ocrx_word' id='word_1_151' title='bbox 673 1232 791 1265; x_wconf 85' lang='lat' dir='ltr'>onmia</span> <span class='ocrx_word' id='word_1_152' title='bbox 810 1233 895 1265; x_wconf 85' lang='lat' dir='ltr'>dixit</span> <span class='ocrx_word' id='word_1_153' title='bbox 915 1232 1047 1265; x_wconf 87' lang='lat' dir='ltr'>incerta</span> <span class='ocrx_word' id='word_1_154' title='bbox 1067 1238 1099 1265; x_wconf 86' lang='lat' dir='ltr'>et</span> <span class='ocrx_word' id='word_1_155' title='bbox 1122 1244 1196 1264; x_wconf 85' lang='lat' dir='ltr'>am-</span> 
     </span>
     <span class='ocr_line' id='line_1_23' title="bbox 211 1280 1196 1327; baseline -0.004 -9"><span class='ocrx_word' id='word_1_156' title='bbox 211 1286 315 1327; x_wconf 82' lang='lat' dir='ltr'>bigua</span> <span class='ocrx_word' id='word_1_157' title='bbox 333 1296 415 1317; x_wconf 84' lang='lat' dir='ltr'>esse.</span> <span class='ocrx_word' id='word_1_158' title='bbox 468 1283 577 1325; x_wconf 89' lang='lat' dir='ltr'>Saepe</span> <span class='ocrx_word' id='word_1_159' title='bbox 600 1280 806 1315; x_wconf 83' lang='lat' dir='ltr'>coborresco</span> <span class='ocrx_word' id='word_1_160' title='bbox 831 1289 904 1316; x_wconf 89' lang='lat' dir='ltr'>toto</span> <span class='ocrx_word' id='word_1_161' title='bbox 927 1293 1091 1326; x_wconf 90' lang='lat' dir='ltr'>corpore,</span> <span class='ocrx_word' id='word_1_162' title='bbox 1118 1288 1196 1315; x_wconf 87' lang='lat' dir='ltr'>tan-</span> 
     </span>
     <span class='ocr_line' id='line_1_24' title="bbox 211 1329 1197 1377; baseline -0.005 -8"><span class='ocrx_word' id='word_1_163' title='bbox 211 1343 282 1370; x_wconf 86' lang='lat' dir='ltr'>tam</span> <span class='ocrx_word' id='word_1_164' title='bbox 306 1334 508 1367; x_wconf 86' lang='lat' dir='ltr'>varietatem</span> <span class='ocrx_word' id='word_1_165' title='bbox 537 1344 715 1372; x_wconf 84' lang='lat' dir='ltr'>errorum,</span> <span class='ocrx_word' id='word_1_166' title='bbox 742 1332 801 1377; x_wconf 90' lang='lat' dir='ltr'>qui</span> <span class='ocrx_word' id='word_1_167' title='bbox 829 1332 864 1365; x_wconf 93' lang='lat' dir='ltr'>in</span> <span class='ocrx_word' id='word_1_168' title='bbox 891 1339 962 1366; x_wconf 86' lang='lat' dir='ltr'>toto</span> <span class='ocrx_word' id='word_1_169' title='bbox 981 1344 1106 1375; x_wconf 82' lang='lat' dir='ltr'>genere</span> <span class='ocrx_word' id='word_1_170' title='bbox 1130 1329 1197 1364; x_wconf 86' lang='lat' dir='ltr'>hu-</span> 
     </span>
     <span class='ocr_line' id='line_1_25' title="bbox 211 1381 1195 1427; baseline -0.005 -9"><span class='ocrx_word' id='word_1_171' title='bbox 211 1398 315 1418; x_wconf 86' lang='lat' dir='ltr'>mano</span> <span class='ocrx_word' id='word_1_172' title='bbox 333 1391 365 1418; x_wconf 91' lang='lat' dir='ltr'>et</span> <span class='ocrx_word' id='word_1_173' title='bbox 382 1383 522 1425; x_wconf 81' lang='lat' dir='ltr'>grassati</span> <span class='ocrx_word' id='word_1_174' title='bbox 539 1390 637 1423; x_wconf 87' lang='lat' dir='ltr'>suut,</span> <span class='ocrx_word' id='word_1_175' title='bbox 664 1390 695 1415; x_wconf 88' lang='lat' dir='ltr'>et</span> <span class='ocrx_word' id='word_1_176' title='bbox 711 1390 912 1426; x_wconf 84' lang='lat' dir='ltr'>grassantur</span> <span class='ocrx_word' id='word_1_177' title='bbox 927 1394 1063 1427; x_wconf 87' lang='lat' dir='ltr'>semper</span> <span class='ocrx_word' id='word_1_178' title='bbox 1079 1381 1195 1415; x_wconf 87' lang='lat' dir='ltr'>omni—</span> 
     </span>
     <span class='ocr_line' id='line_1_26' title="bbox 212 1431 1198 1476; baseline -0.005 -7"><span class='ocrx_word' id='word_1_179' title='bbox 212 1437 278 1469; x_wconf 87' lang='lat' dir='ltr'>bns</span> <span class='ocrx_word' id='word_1_180' title='bbox 293 1435 416 1468; x_wconf 82' lang='lat' dir='ltr'>seculis</span> <span class='ocrx_word' id='word_1_181' title='bbox 433 1434 598 1476; x_wconf 77' lang='lat' dir='ltr'>cogitans.</span> <span class='ocrx_word' id='word_1_182' title='bbox 646 1432 735 1466; x_wconf 87' lang='lat' dir='ltr'>Nam</span> <span class='ocrx_word' id='word_1_183' title='bbox 752 1445 790 1465; x_wconf 88' lang='lat' dir='ltr'>ex</span> <span class='ocrx_word' id='word_1_184' title='bbox 810 1431 872 1466; x_wconf 86' lang='lat' dir='ltr'>bac</span> <span class='ocrx_word' id='word_1_185' title='bbox 889 1440 974 1467; x_wconf 89' lang='lat' dir='ltr'>tetra</span> <span class='ocrx_word' id='word_1_186' title='bbox 991 1432 1198 1466; x_wconf 86' lang='lat' dir='ltr'>confusione</span> 
     </span>
     <span class='ocr_line' id='line_1_27' title="bbox 212 1480 1198 1530; baseline -0.003 -11"><span class='ocrx_word' id='word_1_187' title='bbox 212 1486 420 1530; x_wconf 87' lang='lat' dir='ltr'>opinionum</span> <span class='ocrx_word' id='word_1_188' title='bbox 445 1483 617 1518; x_wconf 87' lang='lat' dir='ltr'>aestimari</span> <span class='ocrx_word' id='word_1_189' title='bbox 643 1490 771 1527; x_wconf 88' lang='lat' dir='ltr'>potest,</span> <span class='ocrx_word' id='word_1_190' title='bbox 798 1491 927 1528; x_wconf 85' lang='lat' dir='ltr'>quanta</span> <span class='ocrx_word' id='word_1_191' title='bbox 945 1483 1056 1526; x_wconf 85' lang='lat' dir='ltr'>caligo</span> <span class='ocrx_word' id='word_1_192' title='bbox 1072 1483 1116 1516; x_wconf 88' lang='lat' dir='ltr'>sit</span> <span class='ocrx_word' id='word_1_193' title='bbox 1131 1480 1198 1516; x_wconf 84' lang='lat' dir='ltr'>hu-</span> 
     </span>
     <span class='ocr_line' id='line_1_28' title="bbox 211 1532 1198 1579; baseline -0.005 -9"><span class='ocrx_word' id='word_1_194' title='bbox 211 1549 334 1569; x_wconf 84' lang='lat' dir='ltr'>manae</span> <span class='ocrx_word' id='word_1_195' title='bbox 350 1535 486 1572; x_wconf 88' lang='lat' dir='ltr'>mentis,</span> <span class='ocrx_word' id='word_1_196' title='bbox 512 1546 600 1579; x_wconf 88' lang='lat' dir='ltr'>quae</span> <span class='ocrx_word' id='word_1_197' title='bbox 618 1546 689 1566; x_wconf 89' lang='lat' dir='ltr'>non</span> <span class='ocrx_word' id='word_1_198' title='bbox 705 1534 837 1576; x_wconf 87' lang='lat' dir='ltr'>regitur</span> <span class='ocrx_word' id='word_1_199' title='bbox 851 1534 1022 1566; x_wconf 82' lang='lat' dir='ltr'>divinitus</span> <span class='ocrx_word' id='word_1_200' title='bbox 1037 1532 1198 1576; x_wconf 82' lang='lat' dir='ltr'>Evange-</span> 
     </span>
     <span class='ocr_line' id='line_1_29' title="bbox 212 1584 1198 1625; baseline -0.004 -6"><span class='ocrx_word' id='word_1_201' title='bbox 212 1588 249 1620; x_wconf 87' lang='lat' dir='ltr'>lii</span> <span class='ocrx_word' id='word_1_202' title='bbox 276 1587 362 1621; x_wconf 89' lang='lat' dir='ltr'>luce.</span> <span class='ocrx_word' id='word_1_203' title='bbox 417 1584 695 1618; x_wconf 83' lang='lat' dir='ltr'>Imbecillitatem</span> <span class='ocrx_word' id='word_1_204' title='bbox 724 1584 830 1625; x_wconf 76' lang='lat' dir='ltr'>igitur</span> <span class='ocrx_word' id='word_1_205' title='bbox 854 1592 1008 1618; x_wconf 89' lang='lat' dir='ltr'>nostram</span> <span class='ocrx_word' id='word_1_206' title='bbox 1035 1584 1198 1616; x_wconf 89' lang='lat' dir='ltr'>conside-—</span> 
     </span>
     <span class='ocr_line' id='line_1_30' title="bbox 213 1633 1198 1675; baseline -0.004 -5"><span class='ocrx_word' id='word_1_207' title='bbox 213 1649 345 1674; x_wconf 88' lang='lat' dir='ltr'>remus,</span> <span class='ocrx_word' id='word_1_208' title='bbox 373 1643 405 1669; x_wconf 80' lang='lat' dir='ltr'>et</span> <span class='ocrx_word' id='word_1_209' title='bbox 423 1635 559 1668; x_wconf 78' lang='lat' dir='ltr'>assidue</span> <span class='ocrx_word' id='word_1_210' title='bbox 576 1634 659 1666; x_wconf 88' lang='lat' dir='ltr'>haec</span> <span class='ocrx_word' id='word_1_211' title='bbox 679 1642 757 1666; x_wconf 82' lang='lat' dir='ltr'>vota</span> <span class='ocrx_word' id='word_1_212' title='bbox 777 1634 1048 1675; x_wconf 81' lang='lat' dir='ltr'>ingeminemus:</span> <span class='ocrx_word' id='word_1_213' title='bbox 1076 1633 1198 1675; x_wconf 73' lang='lat' dir='ltr'>Dirige</span> 
     </span>
     <span class='ocr_line' id='line_1_31' title="bbox 212 1681 1198 1730; baseline -0.005 -10"><span class='ocrx_word' id='word_1_214' title='bbox 212 1699 267 1720; x_wconf 91' lang='lat' dir='ltr'>me</span> <span class='ocrx_word' id='word_1_215' title='bbox 292 1687 327 1719; x_wconf 91' lang='lat' dir='ltr'>in</span> <span class='ocrx_word' id='word_1_216' title='bbox 354 1686 496 1720; x_wconf 77' lang='lat' dir='ltr'>veritate</span> <span class='ocrx_word' id='word_1_217' title='bbox 518 1691 596 1723; x_wconf 84' lang='lat' dir='ltr'>tua,</span> <span class='ocrx_word' id='word_1_218' title='bbox 625 1690 656 1717; x_wconf 92' lang='lat' dir='ltr'>et</span> <span class='ocrx_word' id='word_1_219' title='bbox 684 1684 769 1717; x_wconf 91' lang='lat' dir='ltr'>doce</span> <span class='ocrx_word' id='word_1_220' title='bbox 789 1696 861 1723; x_wconf 86' lang='lat' dir='ltr'>me,</span> <span class='ocrx_word' id='word_1_221' title='bbox 889 1684 970 1730; x_wconf 88' lang='lat' dir='ltr'>quia</span> <span class='ocrx_word' id='word_1_222' title='bbox 996 1690 1031 1716; x_wconf 87' lang='lat' dir='ltr'>tu</span> <span class='ocrx_word' id='word_1_223' title='bbox 1051 1695 1086 1717; x_wconf 86' lang='lat' dir='ltr'>es</span> <span class='ocrx_word' id='word_1_224' title='bbox 1103 1681 1198 1716; x_wconf 86' lang='lat' dir='ltr'>Deus</span> 
     </span>
     <span class='ocr_line' id='line_1_32' title="bbox 209 1739 486 1771; baseline 0.004 -1"><span class='ocrx_word' id='word_1_225' title='bbox 209 1739 360 1771; x_wconf 84' lang='lat' dir='ltr'>salvator</span> <span class='ocrx_word' id='word_1_226' title='bbox 379 1748 486 1771; x_wconf 78' lang='lat' dir='ltr'>meuS.</span> 
     </span>
    </p>

    <p class='ocr_par' dir='ltr' id='par_1_4' title="bbox 211 1783 1199 2282">
     <span class='ocr_line' id='line_1_33' title="bbox 312 1783 1197 1827; baseline -0.007 -7"><span class='ocrx_word' id='word_1_227' title='bbox 312 1787 447 1821; x_wconf 72' lang='lat' dir='ltr'>Deinde</span> <span class='ocrx_word' id='word_1_228' title='bbox 459 1788 500 1819; x_wconf 91' lang='lat' dir='ltr'>de</span> <span class='ocrx_word' id='word_1_229' title='bbox 511 1785 690 1818; x_wconf 85' lang='lat' dir='ltr'>voluntate</span> <span class='ocrx_word' id='word_1_230' title='bbox 707 1791 822 1817; x_wconf 88' lang='lat' dir='ltr'>errant</span> <span class='ocrx_word' id='word_1_231' title='bbox 834 1791 951 1827; x_wconf 81' lang='lat' dir='ltr'>gentes</span> <span class='ocrx_word' id='word_1_232' title='bbox 969 1783 1197 1826; x_wconf 82' lang='lat' dir='ltr'>omnesigna-</span> 
     </span>
     <span class='ocr_line' id='line_1_34' title="bbox 211 1833 1198 1881; baseline -0.006 -9"><span class='ocrx_word' id='word_1_233' title='bbox 211 1851 267 1872; x_wconf 90' lang='lat' dir='ltr'>rae</span> <span class='ocrx_word' id='word_1_234' title='bbox 284 1836 478 1881; x_wconf 77' lang='lat' dir='ltr'>Evangelii,</span> <span class='ocrx_word' id='word_1_235' title='bbox 502 1836 583 1881; x_wconf 77' lang='lat' dir='ltr'>quia</span> <span class='ocrx_word' id='word_1_236' title='bbox 598 1836 640 1868; x_wconf 89' lang='lat' dir='ltr'>ad</span> <span class='ocrx_word' id='word_1_237' title='bbox 656 1833 769 1867; x_wconf 87' lang='lat' dir='ltr'>Deum</span> <span class='ocrx_word' id='word_1_238' title='bbox 787 1835 863 1867; x_wconf 89' lang='lat' dir='ltr'>sine</span> <span class='ocrx_word' id='word_1_239' title='bbox 874 1834 1082 1868; x_wconf 84' lang='lat' dir='ltr'>Mediatoris</span> <span class='ocrx_word' id='word_1_240' title='bbox 1096 1833 1198 1876; x_wconf 86' lang='lat' dir='ltr'>agni-</span> 
     </span>
     <span class='ocr_line' id='line_1_35' title="bbox 211 1884 1198 1930; baseline -0.007 -8"><span class='ocrx_word' id='word_1_241' title='bbox 211 1889 306 1922; x_wconf 85' lang='lat' dir='ltr'>tione</span> <span class='ocrx_word' id='word_1_242' title='bbox 329 1889 516 1927; x_wconf 81' lang='lat' dir='ltr'>accedunt,</span> <span class='ocrx_word' id='word_1_243' title='bbox 552 1886 699 1930; x_wconf 81' lang='lat' dir='ltr'>ideoque</span> <span class='ocrx_word' id='word_1_244' title='bbox 722 1898 766 1918; x_wconf 86' lang='lat' dir='ltr'>an</span> <span class='ocrx_word' id='word_1_245' title='bbox 791 1885 973 1926; x_wconf 83' lang='lat' dir='ltr'>exaudiat,</span> <span class='ocrx_word' id='word_1_246' title='bbox 1001 1892 1034 1918; x_wconf 90' lang='lat' dir='ltr'>et</span> <span class='ocrx_word' id='word_1_247' title='bbox 1056 1896 1119 1917; x_wconf 91' lang='lat' dir='ltr'>cur</span> <span class='ocrx_word' id='word_1_248' title='bbox 1144 1884 1198 1916; x_wconf 92' lang='lat' dir='ltr'>in-</span> 
     </span>
     <span class='ocr_line' id='line_1_36' title="bbox 211 1934 1199 1982; baseline -0.007 -10"><span class='ocrx_word' id='word_1_249' title='bbox 211 1941 336 1982; x_wconf 86' lang='lat' dir='ltr'>dignos</span> <span class='ocrx_word' id='word_1_250' title='bbox 353 1938 525 1977; x_wconf 85' lang='lat' dir='ltr'>exaudiat,</span> <span class='ocrx_word' id='word_1_251' title='bbox 548 1937 718 1969; x_wconf 89' lang='lat' dir='ltr'>nesciunt.</span> <span class='ocrx_word' id='word_1_252' title='bbox 753 1935 943 1969; x_wconf 71' lang='lat' dir='ltr'>Pausanias</span> <span class='ocrx_word' id='word_1_253' title='bbox 959 1935 1077 1968; x_wconf 88' lang='lat' dir='ltr'>scribit</span> <span class='ocrx_word' id='word_1_254' title='bbox 1094 1934 1199 1967; x_wconf 81' lang='lat' dir='ltr'>fuisse</span> 
     </span>
     <span class='ocr_line' id='line_1_37' title="bbox 213 1984 1199 2031; baseline -0.006 -9"><span class='ocrx_word' id='word_1_255' title='bbox 213 1991 248 2022; x_wconf 92' lang='lat' dir='ltr'>in</span> <span class='ocrx_word' id='word_1_256' title='bbox 265 1989 367 2023; x_wconf 87' lang='lat' dir='ltr'>Creta</span> <span class='ocrx_word' id='word_1_257' title='bbox 386 1995 534 2021; x_wconf 85' lang='lat' dir='ltr'>statuam</span> <span class='ocrx_word' id='word_1_258' title='bbox 555 1986 646 2019; x_wconf 81' lang='lat' dir='ltr'>lovis</span> <span class='ocrx_word' id='word_1_259' title='bbox 662 1987 737 2019; x_wconf 89' lang='lat' dir='ltr'>sine</span> <span class='ocrx_word' id='word_1_260' title='bbox 755 1987 919 2029; x_wconf 89' lang='lat' dir='ltr'>auribus,</span> <span class='ocrx_word' id='word_1_261' title='bbox 947 1998 1051 2031; x_wconf 80' lang='lat' dir='ltr'>quam</span> <span class='ocrx_word' id='word_1_262' title='bbox 1071 1984 1199 2029; x_wconf 87' lang='lat' dir='ltr'>aliquis</span> 
     </span>
     <span class='ocr_line' id='line_1_38' title="bbox 211 2036 1199 2074; baseline -0.007 -1"><span class='ocrx_word' id='word_1_263' title='bbox 211 2040 404 2073; x_wconf 81' lang='lat' dir='ltr'>scurriliter</span> <span class='ocrx_word' id='word_1_264' title='bbox 424 2040 546 2071; x_wconf 70' lang='lat' dir='ltr'>ludens</span> <span class='ocrx_word' id='word_1_265' title='bbox 564 2049 600 2069; x_wconf 80' lang='lat' dir='ltr'>ac</span> <span class='ocrx_word' id='word_1_266' title='bbox 615 2037 779 2069; x_wconf 84' lang='lat' dir='ltr'>deridens</span> <span class='ocrx_word' id='word_1_267' title='bbox 802 2045 909 2070; x_wconf 85' lang='lat' dir='ltr'>totam</span> <span class='ocrx_word' id='word_1_268' title='bbox 929 2036 1199 2074; x_wconf 70' lang='lat' dir='ltr'>invocationem,</span> 
     </span>
     <span class='ocr_line' id='line_1_39' title="bbox 214 2085 1196 2123; baseline -0.005 -1"><span class='ocrx_word' id='word_1_269' title='bbox 214 2089 304 2123; x_wconf 72' lang='lat' dir='ltr'>baud</span> <span class='ocrx_word' id='word_1_270' title='bbox 341 2090 448 2122; x_wconf 85' lang='lat' dir='ltr'>dubie</span> <span class='ocrx_word' id='word_1_271' title='bbox 477 2086 722 2121; x_wconf 69' lang='lat' dir='ltr'>architectatus</span> <span class='ocrx_word' id='word_1_272' title='bbox 763 2094 824 2121; x_wconf 83' lang='lat' dir='ltr'>est.</span> <span class='ocrx_word' id='word_1_273' title='bbox 886 2088 955 2120; x_wconf 73' lang='lat' dir='ltr'>Sed</span> <span class='ocrx_word' id='word_1_274' title='bbox 993 2087 1096 2120; x_wconf 83' lang='lat' dir='ltr'>talem</span> <span class='ocrx_word' id='word_1_275' title='bbox 1130 2085 1196 2119; x_wconf 85' lang='lat' dir='ltr'>sibi</span> 
     </span>
     <span class='ocr_line' id='line_1_40' title="bbox 214 2137 1198 2182; baseline -0.004 -10"><span class='ocrx_word' id='word_1_276' title='bbox 214 2140 323 2172; x_wconf 75' lang='lat' dir='ltr'>Deum</span> <span class='ocrx_word' id='word_1_277' title='bbox 351 2152 469 2171; x_wconf 67' lang='lat' dir='ltr'>omnes</span> <span class='ocrx_word' id='word_1_278' title='bbox 492 2140 622 2182; x_wconf 81' lang='lat' dir='ltr'>ubique</span> <span class='ocrx_word' id='word_1_279' title='bbox 646 2145 717 2171; x_wconf 85' lang='lat' dir='ltr'>toto</span> <span class='ocrx_word' id='word_1_280' title='bbox 744 2138 828 2170; x_wconf 85' lang='lat' dir='ltr'>orbe</span> <span class='ocrx_word' id='word_1_281' title='bbox 848 2144 1018 2170; x_wconf 81' lang='lat' dir='ltr'>terrarum</span> <span class='ocrx_word' id='word_1_282' title='bbox 1038 2137 1198 2180; x_wconf 77' lang='lat' dir='ltr'>pingunt,</span> 
     </span>
     <span class='ocr_line' id='line_1_41' title="bbox 213 2188 1198 2235; baseline 0 -15"><span class='ocrx_word' id='word_1_283' title='bbox 213 2192 270 2235; x_wconf 73' lang='lat' dir='ltr'>qni</span> <span class='ocrx_word' id='word_1_284' title='bbox 298 2191 331 2222; x_wconf 91' lang='lat' dir='ltr'>in</span> <span class='ocrx_word' id='word_1_285' title='bbox 355 2190 572 2222; x_wconf 72' lang='lat' dir='ltr'>invocatione</span> <span class='ocrx_word' id='word_1_286' title='bbox 591 2189 771 2225; x_wconf 72' lang='lat' dir='ltr'>dubitant.</span> <span class='ocrx_word' id='word_1_287' title='bbox 799 2201 843 2221; x_wconf 85' lang='lat' dir='ltr'>au</span> <span class='ocrx_word' id='word_1_288' title='bbox 866 2188 1056 2232; x_wconf 81' lang='lat' dir='ltr'>recipiatur</span> <span class='ocrx_word' id='word_1_289' title='bbox 1080 2198 1198 2231; x_wconf 78' lang='lat' dir='ltr'>preca-</span> 
     </span>
     <span class='ocr_line' id='line_1_42' title="bbox 213 2237 857 2282; baseline -0.002 -9"><span class='ocrx_word' id='word_1_290' title='bbox 213 2242 279 2281; x_wconf 85' lang='lat' dir='ltr'>tio,</span> <span class='ocrx_word' id='word_1_291' title='bbox 307 2254 349 2273; x_wconf 80' lang='lat' dir='ltr'>an</span> <span class='ocrx_word' id='word_1_292' title='bbox 368 2238 431 2273; x_wconf 76' lang='lat' dir='ltr'>boc</span> <span class='ocrx_word' id='word_1_293' title='bbox 449 2241 600 2272; x_wconf 67' lang='lat' dir='ltr'>officinm</span> <span class='ocrx_word' id='word_1_294' title='bbox 620 2237 693 2271; x_wconf 69' lang='lat' dir='ltr'>Deo</span> <span class='ocrx_word' id='word_1_295' title='bbox 714 2240 857 2282; x_wconf 76' lang='lat' dir='ltr'>place-it.</span> 
     </span>
    </p>

    <p class='ocr_par' dir='ltr' id='par_1_5' title="bbox 213 2289 1196 2386">
     <span class='ocr_line' id='line_1_43' title="bbox 315 2289 1196 2332; baseline -0.005 -8"><span class='ocrx_word' id='word_1_296' title='bbox 315 2291 392 2324; x_wconf 90' lang='lat' dir='ltr'>Duo</span> <span class='ocrx_word' id='word_1_297' title='bbox 408 2303 531 2332; x_wconf 66' lang='lat' dir='ltr'>genera</span> <span class='ocrx_word' id='word_1_298' title='bbox 551 2302 708 2322; x_wconf 80' lang='lat' dir='ltr'>errorum</span> <span class='ocrx_word' id='word_1_299' title='bbox 729 2289 762 2321; x_wconf 88' lang='lat' dir='ltr'>in</span> <span class='ocrx_word' id='word_1_300' title='bbox 784 2289 888 2332; x_wconf 85' lang='lat' dir='ltr'>impia</span> <span class='ocrx_word' id='word_1_301' title='bbox 905 2289 1127 2321; x_wconf 73' lang='lat' dir='ltr'>invocatione</span> <span class='ocrx_word' id='word_1_302' title='bbox 1143 2299 1196 2321; x_wconf 77' lang='lat' dir='ltr'>re-</span> 
     </span>
     <span class='ocr_line' id='line_1_44' title="bbox 213 2337 1196 2386; baseline -0.004 -12"><span class='ocrx_word' id='word_1_303' title='bbox 213 2342 350 2381; x_wconf 70' lang='lat' dir='ltr'>censui,</span> <span class='ocrx_word' id='word_1_304' title='bbox 384 2342 442 2386; x_wconf 76' lang='lat' dir='ltr'>qui</span> <span class='ocrx_word' id='word_1_305' title='bbox 468 2342 569 2373; x_wconf 79' lang='lat' dir='ltr'>ambo</span> <span class='ocrx_word' id='word_1_306' title='bbox 596 2338 735 2373; x_wconf 76' lang='lat' dir='ltr'>haerent</span> <span class='ocrx_word' id='word_1_307' title='bbox 764 2340 799 2372; x_wconf 91' lang='lat' dir='ltr'>iu</span> <span class='ocrx_word' id='word_1_308' title='bbox 824 2340 982 2372; x_wconf 85' lang='lat' dir='ltr'>omnium</span> <span class='ocrx_word' id='word_1_309' title='bbox 1012 2337 1196 2371; x_wconf 80' lang='lat' dir='ltr'>bominum</span> 
     </span>
    </p>
   </div>
   <div class='ocr_carea' id='block_1_3' title="bbox 1237 134 2223 176">
    <p class='ocr_par' dir='ltr' id='par_1_6' title="bbox 1237 134 2223 176">
     <span class='ocr_line' id='line_1_45' title="bbox 1237 134 2223 176; baseline 0.002 -4"><span class='ocrx_word' id='word_1_310' title='bbox 1237 134 1658 174; x_wconf 64' lang='lat' dir='ltr'>lM‘OcATIONE.</span> <span class='ocrx_word' id='word_1_311' title='bbox 2141 139 2223 176; x_wconf 83' lang='lat'>664</span> 
     </span>
    </p>
   </div>
   <div class='ocr_carea' id='block_1_4' title="bbox 1237 221 2236 2381">
    <p class='ocr_par' dir='ltr' id='par_1_7' title="bbox 1237 221 2233 919">
     <span class='ocr_line' id='line_1_46' title="bbox 1237 221 2222 268; baseline -0.001 -12"><span class='ocrx_word' id='word_1_312' title='bbox 1237 222 1335 256; x_wconf 89' lang='lat' dir='ltr'>sidiis</span> <span class='ocrx_word' id='word_1_313' title='bbox 1361 221 1397 254; x_wconf 91' lang='lat' dir='ltr'>in</span> <span class='ocrx_word' id='word_1_314' title='bbox 1425 222 1564 256; x_wconf 86' lang='lat' dir='ltr'>coelum</span> <span class='ocrx_word' id='word_1_315' title='bbox 1595 221 1804 266; x_wconf 81' lang='lat' dir='ltr'>suspiciant,</span> <span class='ocrx_word' id='word_1_316' title='bbox 1833 229 1866 257; x_wconf 83' lang='lat' dir='ltr'>et</span> <span class='ocrx_word' id='word_1_317' title='bbox 1887 224 1932 258; x_wconf 86' lang='lat' dir='ltr'>ab</span> <span class='ocrx_word' id='word_1_318' title='bbox 1958 223 2078 268; x_wconf 86' lang='lat' dir='ltr'>aliqua</span> <span class='ocrx_word' id='word_1_319' title='bbox 2107 231 2222 256; x_wconf 87' lang='lat' dir='ltr'>mente</span> 
     </span>
     <span class='ocr_line' id='line_1_47' title="bbox 1239 271 2223 318; baseline 0.001 -12"><span class='ocrx_word' id='word_1_320' title='bbox 1239 280 1376 307; x_wconf 84' lang='lat' dir='ltr'>aeterna</span> <span class='ocrx_word' id='word_1_321' title='bbox 1400 285 1502 316; x_wconf 86' lang='lat' dir='ltr'>opem</span> <span class='ocrx_word' id='word_1_322' title='bbox 1527 272 1728 316; x_wconf 87' lang='lat' dir='ltr'>implorent.</span> <span class='ocrx_word' id='word_1_323' title='bbox 1785 271 1874 315; x_wconf 89' lang='lat' dir='ltr'>Quis</span> <span class='ocrx_word' id='word_1_324' title='bbox 1900 274 1936 307; x_wconf 89' lang='lat' dir='ltr'>in</span> <span class='ocrx_word' id='word_1_325' title='bbox 1968 273 2128 318; x_wconf 86' lang='lat' dir='ltr'>periculis</span> <span class='ocrx_word' id='word_1_326' title='bbox 2149 286 2223 306; x_wconf 87' lang='lat' dir='ltr'>non</span> 
     </span>
     <span class='ocr_line' id='line_1_48' title="bbox 1240 321 2225 365; baseline 0.001 -9"><span class='ocrx_word' id='word_1_327' title='bbox 1240 323 1402 356; x_wconf 83' lang='lat' dir='ltr'>invocat?</span> <span class='ocrx_word' id='word_1_328' title='bbox 1456 321 1547 365; x_wconf 87' lang='lat' dir='ltr'>Quis</span> <span class='ocrx_word' id='word_1_329' title='bbox 1572 321 1708 365; x_wconf 83' lang='lat' dir='ltr'>ignorat</span> <span class='ocrx_word' id='word_1_330' title='bbox 1734 322 1973 357; x_wconf 85' lang='lat' dir='ltr'>invocationes</span> <span class='ocrx_word' id='word_1_331' title='bbox 1994 331 2064 357; x_wconf 85' lang='lat' dir='ltr'>tam</span> <span class='ocrx_word' id='word_1_332' title='bbox 2086 324 2225 357; x_wconf 83' lang='lat' dir='ltr'>crebras</span> 
     </span>
     <span class='ocr_line' id='line_1_49' title="bbox 1240 369 2224 418; baseline 0.001 -12"><span class='ocrx_word' id='word_1_333' title='bbox 1240 374 1276 406; x_wconf 90' lang='lat' dir='ltr'>in</span> <span class='ocrx_word' id='word_1_334' title='bbox 1305 373 1495 417; x_wconf 60' lang='lat' dir='ltr'>poematis?</span> <span class='ocrx_word' id='word_1_335' title='bbox 1548 372 1637 415; x_wconf 86' lang='lat' dir='ltr'>Quis</span> <span class='ocrx_word' id='word_1_336' title='bbox 1659 386 1732 405; x_wconf 91' lang='lat' dir='ltr'>non</span> <span class='ocrx_word' id='word_1_337' title='bbox 1755 372 1837 416; x_wconf 81' lang='lat' dir='ltr'>legit</span> <span class='ocrx_word' id='word_1_338' title='bbox 1863 369 2011 418; x_wconf 87' lang='lat' dir='ltr'>hymnos</span> <span class='ocrx_word' id='word_1_339' title='bbox 2027 373 2173 408; x_wconf 84' lang='lat' dir='ltr'>Homeri</span> <span class='ocrx_word' id='word_1_340' title='bbox 2191 380 2224 407; x_wconf 84' lang='lat' dir='ltr'>et</span> 
     </span>
     <span class='ocr_line' id='line_1_50' title="bbox 1241 420 2225 468; baseline -0.001 -11"><span class='ocrx_word' id='word_1_341' title='bbox 1241 420 1457 457; x_wconf 74' lang='lat' dir='ltr'>Callimachi.</span> <span class='ocrx_word' id='word_1_342' title='bbox 1510 422 1569 457; x_wconf 89' lang='lat' dir='ltr'>Sic</span> <span class='ocrx_word' id='word_1_343' title='bbox 1593 423 1753 456; x_wconf 88' lang='lat' dir='ltr'>omnium</span> <span class='ocrx_word' id='word_1_344' title='bbox 1776 429 1909 456; x_wconf 86' lang='lat' dir='ltr'>mentes</span> <span class='ocrx_word' id='word_1_345' title='bbox 1934 423 1970 456; x_wconf 89' lang='lat' dir='ltr'>in</span> <span class='ocrx_word' id='word_1_346' title='bbox 1995 421 2058 457; x_wconf 83' lang='lat' dir='ltr'>liae</span> <span class='ocrx_word' id='word_1_347' title='bbox 2077 425 2225 468; x_wconf 83' lang='lat' dir='ltr'>caligine</span> 
     </span>
     <span class='ocr_line' id='line_1_51' title="bbox 1240 471 2226 517; baseline 0.001 -10"><span class='ocrx_word' id='word_1_348' title='bbox 1240 486 1355 507; x_wconf 89' lang='lat' dir='ltr'>secum</span> <span class='ocrx_word' id='word_1_349' title='bbox 1382 473 1574 517; x_wconf 80' lang='lat' dir='ltr'>disputant.</span> <span class='ocrx_word' id='word_1_350' title='bbox 1626 472 1695 507; x_wconf 85' lang='lat' dir='ltr'>Sed</span> <span class='ocrx_word' id='word_1_351' title='bbox 1728 484 1792 506; x_wconf 88' lang='lat' dir='ltr'>nos</span> <span class='ocrx_word' id='word_1_352' title='bbox 1826 473 1862 505; x_wconf 91' lang='lat' dir='ltr'>in</span> <span class='ocrx_word' id='word_1_353' title='bbox 1884 471 2039 506; x_wconf 79' lang='lat' dir='ltr'>Ecclesia</span> <span class='ocrx_word' id='word_1_354' title='bbox 2066 475 2226 515; x_wconf 87' lang='lat' dir='ltr'>sciamus,</span> 
     </span>
     <span class='ocr_line' id='line_1_52' title="bbox 1242 523 2226 568; baseline 0.001 -11"><span class='ocrx_word' id='word_1_355' title='bbox 1242 531 1279 557; x_wconf 90' lang='lat' dir='ltr'>ut</span> <span class='ocrx_word' id='word_1_356' title='bbox 1304 523 1511 568; x_wconf 80' lang='lat' dir='ltr'>paedagogi,</span> <span class='ocrx_word' id='word_1_357' title='bbox 1537 530 1576 557; x_wconf 90' lang='lat' dir='ltr'>ut</span> <span class='ocrx_word' id='word_1_358' title='bbox 1593 530 1719 557; x_wconf 85' lang='lat' dir='ltr'>matres</span> <span class='ocrx_word' id='word_1_359' title='bbox 1739 524 1941 567; x_wconf 80' lang='lat' dir='ltr'>praesantur</span> <span class='ocrx_word' id='word_1_360' title='bbox 1957 523 2061 556; x_wconf 84' lang='lat' dir='ltr'>verba</span> <span class='ocrx_word' id='word_1_361' title='bbox 2085 536 2226 568; x_wconf 87' lang='lat' dir='ltr'>precum</span> 
     </span>
     <span class='ocr_line' id='line_1_53' title="bbox 1244 571 2227 607; baseline 0 0"><span class='ocrx_word' id='word_1_362' title='bbox 1244 574 1453 607; x_wconf 85' lang='lat' dir='ltr'>balbutienti</span> <span class='ocrx_word' id='word_1_363' title='bbox 1478 571 1592 607; x_wconf 84' lang='lat' dir='ltr'>adhuc</span> <span class='ocrx_word' id='word_1_364' title='bbox 1617 574 1803 607; x_wconf 78' lang='lat' dir='ltr'>infantiae:</span> <span class='ocrx_word' id='word_1_365' title='bbox 1834 573 1880 607; x_wconf 82' lang='lat' dir='ltr'>ita</span> <span class='ocrx_word' id='word_1_366' title='bbox 1904 574 2017 607; x_wconf 85' lang='lat' dir='ltr'>Deum</span> <span class='ocrx_word' id='word_1_367' title='bbox 2042 575 2144 607; x_wconf 88' lang='lat' dir='ltr'>nobis</span> <span class='ocrx_word' id='word_1_368' title='bbox 2161 575 2227 607; x_wconf 90' lang='lat' dir='ltr'>im-</span> 
     </span>
     <span class='ocr_line' id='line_1_54' title="bbox 1245 624 2228 667; baseline 0.002 -11"><span class='ocrx_word' id='word_1_369' title='bbox 1245 636 1362 658; x_wconf 83' lang='lat' dir='ltr'>mensa</span> <span class='ocrx_word' id='word_1_370' title='bbox 1390 624 1548 658; x_wconf 85' lang='lat' dir='ltr'>bonitate</span> <span class='ocrx_word' id='word_1_371' title='bbox 1571 635 1644 657; x_wconf 87' lang='lat' dir='ltr'>sese</span> <span class='ocrx_word' id='word_1_372' title='bbox 1668 631 1700 658; x_wconf 91' lang='lat' dir='ltr'>et</span> <span class='ocrx_word' id='word_1_373' title='bbox 1726 624 1941 657; x_wconf 81' lang='lat' dir='ltr'>voluntatem</span> <span class='ocrx_word' id='word_1_374' title='bbox 1974 636 2071 657; x_wconf 89' lang='lat' dir='ltr'>suam</span> <span class='ocrx_word' id='word_1_375' title='bbox 2100 626 2228 667; x_wconf 82' lang='lat' dir='ltr'>patefe—</span> 
     </span>
     <span class='ocr_line' id='line_1_55' title="bbox 1244 674 2228 719; baseline 0.002 -13"><span class='ocrx_word' id='word_1_376' title='bbox 1244 674 1347 715; x_wconf 86' lang='lat' dir='ltr'>cisse,</span> <span class='ocrx_word' id='word_1_377' title='bbox 1374 682 1406 708; x_wconf 85' lang='lat' dir='ltr'>et</span> <span class='ocrx_word' id='word_1_378' title='bbox 1422 674 1631 717; x_wconf 84' lang='lat' dir='ltr'>significasse</span> <span class='ocrx_word' id='word_1_379' title='bbox 1648 675 1826 719; x_wconf 89' lang='lat' dir='ltr'>quomodo</span> <span class='ocrx_word' id='word_1_380' title='bbox 1845 674 1999 708; x_wconf 83' lang='lat' dir='ltr'>invocari</span> <span class='ocrx_word' id='word_1_381' title='bbox 2025 681 2059 707; x_wconf 84' lang='lat' dir='ltr'>et</span> <span class='ocrx_word' id='word_1_382' title='bbox 2083 674 2149 707; x_wconf 91' lang='lat' dir='ltr'>coli</span> <span class='ocrx_word' id='word_1_383' title='bbox 2169 687 2228 708; x_wconf 85' lang='lat' dir='ltr'>ve-</span> 
     </span>
     <span class='ocr_line' id='line_1_56' title="bbox 1246 722 2229 768; baseline 0.002 -12"><span class='ocrx_word' id='word_1_384' title='bbox 1246 725 1299 758; x_wconf 91' lang='lat' dir='ltr'>lit.</span> <span class='ocrx_word' id='word_1_385' title='bbox 1350 722 1398 758; x_wconf 88' lang='lat' dir='ltr'>Et</span> <span class='ocrx_word' id='word_1_386' title='bbox 1428 722 1519 758; x_wconf 74' lang='lat' dir='ltr'>hanc</span> <span class='ocrx_word' id='word_1_387' title='bbox 1546 725 1751 768; x_wconf 82' lang='lat' dir='ltr'>sapientiam</span> <span class='ocrx_word' id='word_1_388' title='bbox 1780 725 1817 757; x_wconf 88' lang='lat' dir='ltr'>in</span> <span class='ocrx_word' id='word_1_389' title='bbox 1850 731 1921 758; x_wconf 88' lang='lat' dir='ltr'>tota</span> <span class='ocrx_word' id='word_1_390' title='bbox 1949 722 2132 757; x_wconf 86' lang='lat' dir='ltr'>hominum</span> <span class='ocrx_word' id='word_1_391' title='bbox 2158 724 2229 758; x_wconf 82' lang='lat' dir='ltr'>vita</span> 
     </span>
     <span class='ocr_line' id='line_1_57' title="bbox 1246 775 2233 818; baseline 0.001 -11"><span class='ocrx_word' id='word_1_392' title='bbox 1246 775 1466 818; x_wconf 86' lang='lat' dir='ltr'>praecipuam</span> <span class='ocrx_word' id='word_1_393' title='bbox 1486 782 1519 808; x_wconf 88' lang='lat' dir='ltr'>et</span> <span class='ocrx_word' id='word_1_394' title='bbox 1541 775 1690 808; x_wconf 76' lang='lat' dir='ltr'>maxime</span> <span class='ocrx_word' id='word_1_395' title='bbox 1707 776 1938 818; x_wconf 80' lang='lat' dir='ltr'>appetendam</span> <span class='ocrx_word' id='word_1_396' title='bbox 1965 781 1998 808; x_wconf 87' lang='lat' dir='ltr'>ct</span> <span class='ocrx_word' id='word_1_397' title='bbox 2019 786 2233 817; x_wconf 67' lang='lat' dir='ltr'>cognoscen—,</span> 
     </span>
     <span class='ocr_line' id='line_1_58' title="bbox 1245 822 2229 859; baseline 0 -1"><span class='ocrx_word' id='word_1_398' title='bbox 1245 826 1325 858; x_wconf 81' lang='lat' dir='ltr'>dam</span> <span class='ocrx_word' id='word_1_399' title='bbox 1344 837 1425 859; x_wconf 85' lang='lat' dir='ltr'>esse.</span> <span class='ocrx_word' id='word_1_400' title='bbox 1464 825 1546 858; x_wconf 91' lang='lat' dir='ltr'>ldeo</span> <span class='ocrx_word' id='word_1_401' title='bbox 1564 825 1598 857; x_wconf 91' lang='lat' dir='ltr'>in</span> <span class='ocrx_word' id='word_1_402' title='bbox 1615 822 1782 858; x_wconf 77' lang='lat' dir='ltr'>Zacharia</span> <span class='ocrx_word' id='word_1_403' title='bbox 1800 825 1886 859; x_wconf 87' lang='lat' dir='ltr'>dicit</span> <span class='ocrx_word' id='word_1_404' title='bbox 1902 825 2008 859; x_wconf 89' lang='lat' dir='ltr'>Deus:</span> <span class='ocrx_word' id='word_1_405' title='bbox 2036 822 2229 858; x_wconf 83' lang='lat' dir='ltr'>Effundam</span> 
     </span>
     <span class='ocr_line' id='line_1_59' title="bbox 1246 874 2196 919; baseline 0 -11"><span class='ocrx_word' id='word_1_406' title='bbox 1246 887 1350 919; x_wconf 90' lang='lat' dir='ltr'>super</span> <span class='ocrx_word' id='word_1_407' title='bbox 1367 877 1510 908; x_wconf 86' lang='lat' dir='ltr'>domum</span> <span class='ocrx_word' id='word_1_408' title='bbox 1527 874 1641 909; x_wconf 84' lang='lat' dir='ltr'>David</span> <span class='ocrx_word' id='word_1_409' title='bbox 1660 875 1831 918; x_wconf 87' lang='lat' dir='ltr'>Spiritum</span> <span class='ocrx_word' id='word_1_410' title='bbox 1849 876 1979 918; x_wconf 84' lang='lat' dir='ltr'>gratiae</span> <span class='ocrx_word' id='word_1_411' title='bbox 1996 881 2028 908; x_wconf 89' lang='lat' dir='ltr'>et</span> <span class='ocrx_word' id='word_1_412' title='bbox 2047 887 2196 919; x_wconf 80' lang='lat' dir='ltr'>precum.</span> 
     </span>
    </p>

    <p class='ocr_par' dir='ltr' id='par_1_8' title="bbox 1246 923 2232 1173">
     <span class='ocr_line' id='line_1_60' title="bbox 1350 923 2232 970; baseline 0 -11"><span class='ocrx_word' id='word_1_413' title='bbox 1350 923 1426 959; x_wconf 85' lang='lat' dir='ltr'>Etsi</span> <span class='ocrx_word' id='word_1_414' title='bbox 1445 926 1560 970; x_wconf 83' lang='lat' dir='ltr'>aliqua</span> <span class='ocrx_word' id='word_1_415' title='bbox 1577 926 1620 958; x_wconf 83' lang='lat' dir='ltr'>de</span> <span class='ocrx_word' id='word_1_416' title='bbox 1634 924 1710 959; x_wconf 80' lang='lat' dir='ltr'>Deo</span> <span class='ocrx_word' id='word_1_417' title='bbox 1727 926 1855 959; x_wconf 80' lang='lat' dir='ltr'>noticia</span> <span class='ocrx_word' id='word_1_418' title='bbox 1877 926 1913 959; x_wconf 88' lang='lat' dir='ltr'>in</span> <span class='ocrx_word' id='word_1_419' title='bbox 1939 923 2093 959; x_wconf 84' lang='lat' dir='ltr'>bominis</span> <span class='ocrx_word' id='word_1_420' title='bbox 2117 933 2232 960; x_wconf 86' lang='lat' dir='ltr'>mente</span> 
     </span>
     <span class='ocr_line' id='line_1_61' title="bbox 1247 975 2231 1020; baseline 0 -12"><span class='ocrx_word' id='word_1_421' title='bbox 1247 983 1327 1010; x_wconf 84' lang='lat' dir='ltr'>nata</span> <span class='ocrx_word' id='word_1_422' title='bbox 1350 983 1419 1015; x_wconf 85' lang='lat' dir='ltr'>est,</span> <span class='ocrx_word' id='word_1_423' title='bbox 1445 987 1533 1020; x_wconf 88' lang='lat' dir='ltr'>quae</span> <span class='ocrx_word' id='word_1_424' title='bbox 1552 975 1694 1020; x_wconf 90' lang='lat' dir='ltr'>quidem</span> <span class='ocrx_word' id='word_1_425' title='bbox 1719 983 1837 1009; x_wconf 86' lang='lat' dir='ltr'>monet</span> <span class='ocrx_word' id='word_1_426' title='bbox 1857 976 1969 1011; x_wconf 83' lang='lat' dir='ltr'>Deum</span> <span class='ocrx_word' id='word_1_427' title='bbox 1994 977 2231 1010; x_wconf 85' lang='lat' dir='ltr'>invocandum</span> 
     </span>
     <span class='ocr_line' id='line_1_62' title="bbox 1246 1026 2232 1070; baseline -0.001 -10"><span class='ocrx_word' id='word_1_428' title='bbox 1246 1039 1337 1060; x_wconf 88' lang='lat' dir='ltr'>esse:</span> <span class='ocrx_word' id='word_1_429' title='bbox 1365 1033 1479 1060; x_wconf 84' lang='lat' dir='ltr'>tamen</span> <span class='ocrx_word' id='word_1_430' title='bbox 1503 1037 1581 1059; x_wconf 82' lang='lat' dir='ltr'>cuin</span> <span class='ocrx_word' id='word_1_431' title='bbox 1606 1038 1670 1059; x_wconf 89' lang='lat' dir='ltr'>nos</span> <span class='ocrx_word' id='word_1_432' title='bbox 1693 1026 1872 1060; x_wconf 89' lang='lat' dir='ltr'>intuemur</span> <span class='ocrx_word' id='word_1_433' title='bbox 1891 1027 1956 1070; x_wconf 83' lang='lat' dir='ltr'>ipsi</span> <span class='ocrx_word' id='word_1_434' title='bbox 1973 1034 2005 1060; x_wconf 89' lang='lat' dir='ltr'>et</span> <span class='ocrx_word' id='word_1_435' title='bbox 2022 1033 2160 1060; x_wconf 82' lang='lat' dir='ltr'>nostros</span> <span class='ocrx_word' id='word_1_436' title='bbox 2181 1027 2232 1059; x_wconf 89' lang='lat' dir='ltr'>la-</span> 
     </span>
     <span class='ocr_line' id='line_1_63' title="bbox 1247 1076 2232 1122; baseline -0.002 -11"><span class='ocrx_word' id='word_1_437' title='bbox 1247 1089 1329 1122; x_wconf 88' lang='lat' dir='ltr'>psus</span> <span class='ocrx_word' id='word_1_438' title='bbox 1352 1076 1683 1117; x_wconf 76' lang='lat' dir='ltr'>animadvertimus,</span> <span class='ocrx_word' id='word_1_439' title='bbox 1710 1076 1846 1110; x_wconf 82' lang='lat' dir='ltr'>vultum</span> <span class='ocrx_word' id='word_1_440' title='bbox 1870 1084 1973 1122; x_wconf 83' lang='lat' dir='ltr'>atque</span> <span class='ocrx_word' id='word_1_441' title='bbox 1995 1077 2114 1110; x_wconf 87' lang='lat' dir='ltr'>oculos</span> <span class='ocrx_word' id='word_1_442' title='bbox 2138 1076 2232 1110; x_wconf 84' lang='lat' dir='ltr'>iudi-</span> 
     </span>
     <span class='ocr_line' id='line_1_64' title="bbox 1247 1125 1842 1173; baseline 0.003 -11"><span class='ocrx_word' id='word_1_443' title='bbox 1247 1129 1294 1163; x_wconf 90' lang='lat' dir='ltr'>cis</span> <span class='ocrx_word' id='word_1_444' title='bbox 1312 1125 1474 1161; x_wconf 86' lang='lat' dir='ltr'>horribili</span> <span class='ocrx_word' id='word_1_445' title='bbox 1496 1140 1622 1173; x_wconf 77' lang='lat' dir='ltr'>pavore</span> <span class='ocrx_word' id='word_1_446' title='bbox 1640 1128 1842 1172; x_wconf 88' lang='lat' dir='ltr'>cogitamus.</span> 
     </span>
    </p>

    <p class='ocr_par' dir='ltr' id='par_1_9' title="bbox 1248 1177 2235 1567">
     <span class='ocr_line' id='line_1_65' title="bbox 1348 1177 2232 1224; baseline -0.002 -11"><span class='ocrx_word' id='word_1_447' title='bbox 1348 1179 1429 1213; x_wconf 84' lang='lat' dir='ltr'>Non</span> <span class='ocrx_word' id='word_1_448' title='bbox 1453 1186 1501 1213; x_wconf 88' lang='lat' dir='ltr'>est</span> <span class='ocrx_word' id='word_1_449' title='bbox 1519 1179 1625 1222; x_wconf 86' lang='lat' dir='ltr'>igitur</span> <span class='ocrx_word' id='word_1_450' title='bbox 1642 1177 1816 1212; x_wconf 83' lang='lat' dir='ltr'>humanae</span> <span class='ocrx_word' id='word_1_451' title='bbox 1840 1179 2029 1224; x_wconf 85' lang='lat' dir='ltr'>sapientiae</span> <span class='ocrx_word' id='word_1_452' title='bbox 2046 1189 2133 1222; x_wconf 89' lang='lat' dir='ltr'>opus</span> <span class='ocrx_word' id='word_1_453' title='bbox 2151 1189 2232 1211; x_wconf 80' lang='lat' dir='ltr'>vera</span> 
     </span>
     <span class='ocr_line' id='line_1_66' title="bbox 1248 1227 2233 1263; baseline -0.001 -1"><span class='ocrx_word' id='word_1_454' title='bbox 1248 1231 1435 1263; x_wconf 70' lang='lat' dir='ltr'>invocatio.</span> <span class='ocrx_word' id='word_1_455' title='bbox 1490 1228 1558 1263; x_wconf 87' lang='lat' dir='ltr'>Sed</span> <span class='ocrx_word' id='word_1_456' title='bbox 1583 1228 1714 1263; x_wconf 86' lang='lat' dir='ltr'>Filium</span> <span class='ocrx_word' id='word_1_457' title='bbox 1736 1228 1801 1263; x_wconf 88' lang='lat' dir='ltr'>Dei</span> <span class='ocrx_word' id='word_1_458' title='bbox 1831 1231 2007 1263; x_wconf 86' lang='lat' dir='ltr'>doctorem</span> <span class='ocrx_word' id='word_1_459' title='bbox 2031 1227 2136 1262; x_wconf 86' lang='lat' dir='ltr'>huius</span> <span class='ocrx_word' id='word_1_460' title='bbox 2157 1240 2233 1261; x_wconf 88' lang='lat' dir='ltr'>ma-</span> 
     </span>
     <span class='ocr_line' id='line_1_67' title="bbox 1248 1276 2232 1324; baseline -0.001 -11"><span class='ocrx_word' id='word_1_461' title='bbox 1248 1280 1332 1313; x_wconf 81' lang='lat' dir='ltr'>ximi</span> <span class='ocrx_word' id='word_1_462' title='bbox 1361 1279 1517 1312; x_wconf 87' lang='lat' dir='ltr'>sacrificii</span> <span class='ocrx_word' id='word_1_463' title='bbox 1542 1276 1728 1320; x_wconf 83' lang='lat' dir='ltr'>hahemus,</span> <span class='ocrx_word' id='word_1_464' title='bbox 1763 1280 1822 1324; x_wconf 89' lang='lat' dir='ltr'>qui</span> <span class='ocrx_word' id='word_1_465' title='bbox 1858 1280 1999 1323; x_wconf 85' lang='lat' dir='ltr'>pavidas</span> <span class='ocrx_word' id='word_1_466' title='bbox 2027 1286 2160 1312; x_wconf 83' lang='lat' dir='ltr'>mentes</span> <span class='ocrx_word' id='word_1_467' title='bbox 2187 1279 2232 1312; x_wconf 85' lang='lat' dir='ltr'>ad</span> 
     </span>
     <span class='ocr_line' id='line_1_68' title="bbox 1248 1327 2232 1373; baseline 0 -11"><span class='ocrx_word' id='word_1_468' title='bbox 1248 1337 1426 1364; x_wconf 72' lang='lat' dir='ltr'>aeternum</span> <span class='ocrx_word' id='word_1_469' title='bbox 1445 1329 1583 1362; x_wconf 87' lang='lat' dir='ltr'>Patrem</span> <span class='ocrx_word' id='word_1_470' title='bbox 1601 1327 1754 1369; x_wconf 83' lang='lat' dir='ltr'>retrahit,</span> <span class='ocrx_word' id='word_1_471' title='bbox 1776 1337 1809 1363; x_wconf 88' lang='lat' dir='ltr'>et</span> <span class='ocrx_word' id='word_1_472' title='bbox 1828 1330 1981 1373; x_wconf 85' lang='lat' dir='ltr'>linguam</span> <span class='ocrx_word' id='word_1_473' title='bbox 2001 1330 2232 1373; x_wconf 80' lang='lat' dir='ltr'>trepidantem</span> 
     </span>
     <span class='ocr_line' id='line_1_69' title="bbox 1250 1380 2235 1425; baseline -0.001 -12"><span class='ocrx_word' id='word_1_474' title='bbox 1250 1381 1286 1413; x_wconf 88' lang='lat' dir='ltr'>iu</span> <span class='ocrx_word' id='word_1_475' title='bbox 1311 1388 1426 1413; x_wconf 87' lang='lat' dir='ltr'>nostra</span> <span class='ocrx_word' id='word_1_476' title='bbox 1450 1380 1671 1413; x_wconf 86' lang='lat' dir='ltr'>invocatione</span> <span class='ocrx_word' id='word_1_477' title='bbox 1699 1380 1805 1423; x_wconf 78' lang='lat' dir='ltr'>regit,</span> <span class='ocrx_word' id='word_1_478' title='bbox 1832 1380 1940 1413; x_wconf 87' lang='lat' dir='ltr'>immo</span> <span class='ocrx_word' id='word_1_479' title='bbox 1959 1380 2018 1425; x_wconf 83' lang='lat' dir='ltr'>qui</span> <span class='ocrx_word' id='word_1_480' title='bbox 2043 1391 2178 1423; x_wconf 74' lang='lat' dir='ltr'>semper</span> <span class='ocrx_word' id='word_1_481' title='bbox 2196 1385 2235 1413; x_wconf 92' lang='lat' dir='ltr'>ut</span> 
     </span>
     <span class='ocr_line' id='line_1_70' title="bbox 1248 1427 2234 1475; baseline -0.003 -10"><span class='ocrx_word' id='word_1_482' title='bbox 1248 1431 1417 1465; x_wconf 85' lang='lat' dir='ltr'>Sacerdos</span> <span class='ocrx_word' id='word_1_483' title='bbox 1452 1437 1570 1464; x_wconf 88' lang='lat' dir='ltr'>noster</span> <span class='ocrx_word' id='word_1_484' title='bbox 1600 1427 1660 1464; x_wconf 78' lang='grc' dir='ltr'>καὶ</span> <span class='ocrx_word' id='word_1_485' title='bbox 1692 1429 1840 1474; x_wconf 68' lang='grc' dir='ltr'><em>ἔξαρχος</em></span> <span class='ocrx_word' id='word_1_486' title='bbox 1873 1442 2015 1475; x_wconf 86' lang='lat' dir='ltr'>precum</span> <span class='ocrx_word' id='word_1_487' title='bbox 2050 1430 2234 1463; x_wconf 83' lang='lat' dir='ltr'>universae</span> 
     </span>
     <span class='ocr_line' id='line_1_71' title="bbox 1249 1479 2235 1525; baseline -0.001 -11"><span class='ocrx_word' id='word_1_488' title='bbox 1249 1479 1424 1514; x_wconf 82' lang='lat' dir='ltr'>Ecclesiae</span> <span class='ocrx_word' id='word_1_489' title='bbox 1441 1481 1542 1513; x_wconf 85' lang='lat' dir='ltr'>verba</span> <span class='ocrx_word' id='word_1_490' title='bbox 1560 1481 1662 1513; x_wconf 86' lang='lat' dir='ltr'>nobis</span> <span class='ocrx_word' id='word_1_491' title='bbox 1681 1482 1865 1524; x_wconf 79' lang='lat' dir='ltr'>praefatur,</span> <span class='ocrx_word' id='word_1_492' title='bbox 1892 1488 1923 1515; x_wconf 87' lang='lat' dir='ltr'>et</span> <span class='ocrx_word' id='word_1_493' title='bbox 1945 1481 2144 1525; x_wconf 84' lang='lat' dir='ltr'>interpellat</span> <span class='ocrx_word' id='word_1_494' title='bbox 2162 1480 2235 1523; x_wconf 86' lang='lat' dir='ltr'>ipse</span> 
     </span>
     <span class='ocr_line' id='line_1_72' title="bbox 1249 1530 1979 1567; baseline 0.003 -3"><span class='ocrx_word' id='word_1_495' title='bbox 1249 1532 1286 1565; x_wconf 88' lang='lat' dir='ltr'>in</span> <span class='ocrx_word' id='word_1_496' title='bbox 1304 1532 1364 1565; x_wconf 94' lang='lat' dir='ltr'>illo</span> <span class='ocrx_word' id='word_1_497' title='bbox 1382 1537 1523 1564; x_wconf 88' lang='lat' dir='ltr'>aeterno</span> <span class='ocrx_word' id='word_1_498' title='bbox 1544 1531 1690 1564; x_wconf 88' lang='lat' dir='ltr'>consilio</span> <span class='ocrx_word' id='word_1_499' title='bbox 1707 1531 1838 1565; x_wconf 88' lang='lat' dir='ltr'>aeterni</span> <span class='ocrx_word' id='word_1_500' title='bbox 1854 1530 1979 1567; x_wconf 76' lang='lat' dir='ltr'>Patris.</span> 
     </span>
    </p>

    <p class='ocr_par' dir='ltr' id='par_1_10' title="bbox 1248 1578 2236 1920">
     <span class='ocr_line' id='line_1_73' title="bbox 1346 1578 2236 1625; baseline -0.001 -10"><span class='ocrx_word' id='word_1_501' title='bbox 1346 1581 1531 1616; x_wconf 87' lang='lat' dir='ltr'>Discamns</span> <span class='ocrx_word' id='word_1_502' title='bbox 1556 1581 1662 1624; x_wconf 77' lang='lat' dir='ltr'>igitur</span> <span class='ocrx_word' id='word_1_503' title='bbox 1684 1582 1728 1614; x_wconf 88' lang='lat' dir='ltr'>ab</span> <span class='ocrx_word' id='word_1_504' title='bbox 1755 1579 1818 1615; x_wconf 89' lang='lat' dir='ltr'>boc</span> <span class='ocrx_word' id='word_1_505' title='bbox 1842 1589 1961 1615; x_wconf 89' lang='lat' dir='ltr'>nostro</span> <span class='ocrx_word' id='word_1_506' title='bbox 1980 1578 2236 1625; x_wconf 84' lang='lat' dir='ltr'>Ilierophanta,</span> 
     </span>
     <span class='ocr_line' id='line_1_74' title="bbox 1248 1631 2236 1677; baseline 0.002 -14"><span class='ocrx_word' id='word_1_507' title='bbox 1248 1632 1426 1675; x_wconf 84' lang='lat' dir='ltr'>quomodo</span> <span class='ocrx_word' id='word_1_508' title='bbox 1446 1631 1663 1664; x_wconf 78' lang='lat' dir='ltr'>invocandus</span> <span class='ocrx_word' id='word_1_509' title='bbox 1678 1632 1720 1664; x_wconf 90' lang='lat' dir='ltr'>sit</span> <span class='ocrx_word' id='word_1_510' title='bbox 1733 1631 1839 1671; x_wconf 85' lang='lat' dir='ltr'>Deus,</span> <span class='ocrx_word' id='word_1_511' title='bbox 1865 1633 1949 1677; x_wconf 86' lang='lat' dir='ltr'>quid</span> <span class='ocrx_word' id='word_1_512' title='bbox 1968 1633 2011 1665; x_wconf 89' lang='lat' dir='ltr'>de</span> <span class='ocrx_word' id='word_1_513' title='bbox 2028 1632 2102 1665; x_wconf 85' lang='lat' dir='ltr'>eius</span> <span class='ocrx_word' id='word_1_514' title='bbox 2119 1643 2236 1665; x_wconf 83' lang='lat' dir='ltr'>essen-</span> 
     </span>
     <span class='ocr_line' id='line_1_75' title="bbox 1248 1681 2234 1725; baseline 0.001 -11"><span class='ocrx_word' id='word_1_515' title='bbox 1248 1682 1315 1719; x_wconf 76' lang='lat' dir='ltr'>tia,</span> <span class='ocrx_word' id='word_1_516' title='bbox 1343 1689 1374 1714; x_wconf 91' lang='lat' dir='ltr'>et</span> <span class='ocrx_word' id='word_1_517' title='bbox 1396 1681 1480 1725; x_wconf 86' lang='lat' dir='ltr'>quid</span> <span class='ocrx_word' id='word_1_518' title='bbox 1499 1682 1541 1714; x_wconf 77' lang='lat' dir='ltr'>de</span> <span class='ocrx_word' id='word_1_519' title='bbox 1557 1682 1737 1715; x_wconf 84' lang='lat' dir='ltr'>voluntate</span> <span class='ocrx_word' id='word_1_520' title='bbox 1760 1682 1833 1715; x_wconf 91' lang='lat' dir='ltr'>eius</span> <span class='ocrx_word' id='word_1_521' title='bbox 1855 1682 1891 1715; x_wconf 92' lang='lat' dir='ltr'>in</span> <span class='ocrx_word' id='word_1_522' title='bbox 1913 1683 2009 1715; x_wconf 89' lang='lat' dir='ltr'>omni</span> <span class='ocrx_word' id='word_1_523' title='bbox 2035 1682 2234 1725; x_wconf 86' lang='lat' dir='ltr'>precatione</span> 
     </span>
     <span class='ocr_line' id='line_1_76' title="bbox 1248 1731 2235 1774; baseline 0 -9"><span class='ocrx_word' id='word_1_524' title='bbox 1248 1731 1471 1773; x_wconf 81' lang='lat' dir='ltr'>cogitandum</span> <span class='ocrx_word' id='word_1_525' title='bbox 1489 1731 1543 1766; x_wconf 86' lang='lat' dir='ltr'>sit.</span> <span class='ocrx_word' id='word_1_526' title='bbox 1596 1731 1780 1774; x_wconf 74' lang='lat' dir='ltr'>Seiungito</span> <span class='ocrx_word' id='word_1_527' title='bbox 1804 1740 1897 1766; x_wconf 91' lang='lat' dir='ltr'>tuam</span> <span class='ocrx_word' id='word_1_528' title='bbox 1919 1732 2175 1766; x_wconf 71' lang='lat' dir='ltr'>invocationem</span> <span class='ocrx_word' id='word_1_529' title='bbox 2191 1733 2235 1765; x_wconf 87' lang='lat' dir='ltr'>ab</span> 
     </span>
     <span class='ocr_line' id='line_1_77' title="bbox 1248 1779 2236 1823; baseline 0 -8"><span class='ocrx_word' id='word_1_530' title='bbox 1248 1779 1412 1819; x_wconf 74' lang='lat' dir='ltr'>Edmica,</span> <span class='ocrx_word' id='word_1_531' title='bbox 1442 1780 1602 1821; x_wconf 84' lang='lat' dir='ltr'>ludaica,</span> <span class='ocrx_word' id='word_1_532' title='bbox 1631 1779 1886 1823; x_wconf 79' lang='lat' dir='ltr'>Maliometica,</span> <span class='ocrx_word' id='word_1_533' title='bbox 1912 1789 1950 1816; x_wconf 88' lang='lat' dir='ltr'>ut</span> <span class='ocrx_word' id='word_1_534' title='bbox 1970 1794 2090 1815; x_wconf 75' lang='lat' dir='ltr'>verum</span> <span class='ocrx_word' id='word_1_535' title='bbox 2111 1781 2236 1823; x_wconf 82' lang='lat' dir='ltr'>Deum,</span> 
     </span>
     <span class='ocr_line' id='line_1_78' title="bbox 1249 1832 2234 1878; baseline 0.003 -14"><span class='ocrx_word' id='word_1_536' title='bbox 1249 1844 1320 1864; x_wconf 84' lang='lat' dir='ltr'>non</span> <span class='ocrx_word' id='word_1_537' title='bbox 1346 1832 1589 1865; x_wconf 83' lang='lat' dir='ltr'>commenticia</span> <span class='ocrx_word' id='word_1_538' title='bbox 1611 1832 1756 1865; x_wconf 87' lang='lat' dir='ltr'>numina</span> <span class='ocrx_word' id='word_1_539' title='bbox 1779 1833 1989 1878; x_wconf 83' lang='lat' dir='ltr'>alloquaris,</span> <span class='ocrx_word' id='word_1_540' title='bbox 2016 1840 2048 1867; x_wconf 85' lang='lat' dir='ltr'>ct</span> <span class='ocrx_word' id='word_1_541' title='bbox 2069 1844 2147 1866; x_wconf 79' lang='lat' dir='ltr'>vere</span> <span class='ocrx_word' id='word_1_542' title='bbox 2166 1840 2234 1867; x_wconf 72' lang='lat' dir='ltr'>sta-</span> 
     </span>
     <span class='ocr_line' id='line_1_79' title="bbox 1249 1882 1923 1920; baseline 0.001 -5"><span class='ocrx_word' id='word_1_543' title='bbox 1249 1889 1324 1916; x_wconf 89' lang='lat' dir='ltr'>tuas</span> <span class='ocrx_word' id='word_1_544' title='bbox 1336 1906 1344 1920; x_wconf 90' lang='lat'>,</span> <span class='ocrx_word' id='word_1_545' title='bbox 1371 1893 1433 1915; x_wconf 88' lang='lat' dir='ltr'>cnr</span> <span class='ocrx_word' id='word_1_546' title='bbox 1449 1889 1481 1915; x_wconf 92' lang='lat' dir='ltr'>et</span> <span class='ocrx_word' id='word_1_547' title='bbox 1499 1882 1655 1915; x_wconf 84' lang='lat' dir='ltr'>invocari</span> <span class='ocrx_word' id='word_1_548' title='bbox 1671 1890 1704 1916; x_wconf 83' lang='lat' dir='ltr'>et</span> <span class='ocrx_word' id='word_1_549' title='bbox 1719 1883 1808 1917; x_wconf 87' lang='lat' dir='ltr'>ssecti</span> <span class='ocrx_word' id='word_1_550' title='bbox 1829 1883 1923 1919; x_wconf 82' lang='lat' dir='ltr'>velit.</span> 
     </span>
    </p>

    <p class='ocr_par' dir='ltr' id='par_1_11' title="bbox 1247 1931 2236 2381">
     <span class='ocr_line' id='line_1_80' title="bbox 1349 1931 2235 1977; baseline 0.002 -12"><span class='ocrx_word' id='word_1_551' title='bbox 1349 1931 1451 1966; x_wconf 82' lang='lat' dir='ltr'>Hanc</span> <span class='ocrx_word' id='word_1_552' title='bbox 1466 1933 1662 1966; x_wconf 85' lang='lat' dir='ltr'>doctrinam</span> <span class='ocrx_word' id='word_1_553' title='bbox 1679 1934 1903 1967; x_wconf 86' lang='lat' dir='ltr'>necessariam</span> <span class='ocrx_word' id='word_1_554' title='bbox 1920 1944 2003 1974; x_wconf 87' lang='lat' dir='ltr'>esse,</span> <span class='ocrx_word' id='word_1_555' title='bbox 2029 1933 2137 1966; x_wconf 89' lang='lat' dir='ltr'>immo</span> <span class='ocrx_word' id='word_1_556' title='bbox 2153 1945 2235 1977; x_wconf 89' lang='lat' dir='ltr'>por—</span> 
     </span>
     <span class='ocr_line' id='line_1_81' title="bbox 1249 1981 2236 2028; baseline 0.002 -12"><span class='ocrx_word' id='word_1_557' title='bbox 1249 1990 1322 2016; x_wconf 87' lang='lat' dir='ltr'>tum</span> <span class='ocrx_word' id='word_1_558' title='bbox 1348 1994 1419 2016; x_wconf 86' lang='lat' dir='ltr'>esse</span> <span class='ocrx_word' id='word_1_559' title='bbox 1437 1983 1675 2017; x_wconf 82' lang='lat' dir='ltr'>firmissimum</span> <span class='ocrx_word' id='word_1_560' title='bbox 1694 1984 1730 2016; x_wconf 90' lang='lat' dir='ltr'>in</span> <span class='ocrx_word' id='word_1_561' title='bbox 1753 1985 1917 2018; x_wconf 86' lang='lat' dir='ltr'>omnibus</span> <span class='ocrx_word' id='word_1_562' title='bbox 1936 1984 2100 2028; x_wconf 76' lang='lat' dir='ltr'>periculis</span> <span class='ocrx_word' id='word_1_563' title='bbox 2117 1983 2152 2016; x_wconf 91' lang='lat' dir='ltr'>in</span> <span class='ocrx_word' id='word_1_564' title='bbox 2171 1981 2236 2018; x_wconf 84' lang='lat' dir='ltr'>hac</span> 
     </span>
     <span class='ocr_line' id='line_1_82' title="bbox 1249 2033 2233 2077; baseline 0.002 -12"><span class='ocrx_word' id='word_1_565' title='bbox 1249 2034 1336 2074; x_wconf 86' lang='lat' dir='ltr'>vita,</span> <span class='ocrx_word' id='word_1_566' title='bbox 1379 2045 1500 2067; x_wconf 84' lang='lat' dir='ltr'>omnes</span> <span class='ocrx_word' id='word_1_567' title='bbox 1534 2034 1611 2066; x_wconf 88' lang='lat' dir='ltr'>sani</span> <span class='ocrx_word' id='word_1_568' title='bbox 1645 2033 1859 2077; x_wconf 74' lang='lat' dir='ltr'>intelligunt.</span> <span class='ocrx_word' id='word_1_569' title='bbox 1914 2033 2030 2068; x_wconf 56' lang='lat' dir='ltr'>Venio</span> <span class='ocrx_word' id='word_1_570' title='bbox 2059 2034 2166 2077; x_wconf 75' lang='lat' dir='ltr'>igitur</span> <span class='ocrx_word' id='word_1_571' title='bbox 2190 2035 2233 2067; x_wconf 85' lang='lat' dir='ltr'>ad</span> 
     </span>
     <span class='ocr_line' id='line_1_83' title="bbox 1249 2082 2235 2128; baseline 0.003 -13"><span class='ocrx_word' id='word_1_572' title='bbox 1249 2091 1449 2128; x_wconf 79' lang='lat' dir='ltr'>praecepta,</span> <span class='ocrx_word' id='word_1_573' title='bbox 1480 2096 1631 2128; x_wconf 88' lang='lat' dir='ltr'>qnorum</span> <span class='ocrx_word' id='word_1_574' title='bbox 1661 2084 1811 2128; x_wconf 87' lang='lat' dir='ltr'>primum</span> <span class='ocrx_word' id='word_1_575' title='bbox 1848 2082 1913 2118; x_wconf 87' lang='lat' dir='ltr'>boc</span> <span class='ocrx_word' id='word_1_576' title='bbox 1940 2085 1999 2117; x_wconf 88' lang='lat' dir='ltr'>sit:</span> <span class='ocrx_word' id='word_1_577' title='bbox 2039 2083 2084 2118; x_wconf 74' lang='lat' dir='ltr'>Ut</span> <span class='ocrx_word' id='word_1_578' title='bbox 2113 2097 2235 2118; x_wconf 82' lang='lat' dir='ltr'>verum</span> 
     </span>
     <span class='ocr_line' id='line_1_84' title="bbox 1248 2133 2236 2179; baseline 0.002 -12"><span class='ocrx_word' id='word_1_579' title='bbox 1248 2133 1362 2168; x_wconf 70' lang='lat' dir='ltr'>Dmnn</span> <span class='ocrx_word' id='word_1_580' title='bbox 1380 2135 1590 2179; x_wconf 79' lang='lat' dir='ltr'>alloquaris,</span> <span class='ocrx_word' id='word_1_581' title='bbox 1616 2147 1713 2168; x_wconf 81' lang='lat' dir='ltr'>mens</span> <span class='ocrx_word' id='word_1_582' title='bbox 1730 2135 1858 2169; x_wconf 85' lang='lat' dir='ltr'>directa</span> <span class='ocrx_word' id='word_1_583' title='bbox 1876 2135 1918 2168; x_wconf 86' lang='lat' dir='ltr'>sit</span> <span class='ocrx_word' id='word_1_584' title='bbox 1935 2135 1970 2167; x_wconf 89' lang='lat' dir='ltr'>in</span> <span class='ocrx_word' id='word_1_585' title='bbox 1988 2135 2236 2178; x_wconf 70' lang='lat' dir='ltr'>patvsactiones</span> 
     </span>
     <span class='ocr_line' id='line_1_85' title="bbox 1247 2183 2234 2231; baseline 0.002 -14"><span class='ocrx_word' id='word_1_586' title='bbox 1247 2185 1397 2220; x_wconf 67' lang='lat' dir='ltr'>dixinas.</span> <span class='ocrx_word' id='word_1_587' title='bbox 1443 2183 1505 2218; x_wconf 87' lang='lat' dir='ltr'>llle</span> <span class='ocrx_word' id='word_1_588' title='bbox 1520 2186 1614 2218; x_wconf 78' lang='lat' dir='ltr'>enim</span> <span class='ocrx_word' id='word_1_589' title='bbox 1636 2198 1714 2218; x_wconf 76' lang='lat' dir='ltr'>vere</span> <span class='ocrx_word' id='word_1_590' title='bbox 1728 2184 1823 2220; x_wconf 85' lang='lat' dir='ltr'>Deus</span> <span class='ocrx_word' id='word_1_591' title='bbox 1839 2193 1901 2225; x_wconf 78' lang='lat' dir='ltr'>est,</span> <span class='ocrx_word' id='word_1_592' title='bbox 1928 2186 1988 2231; x_wconf 84' lang='lat' dir='ltr'>qui</span> <span class='ocrx_word' id='word_1_593' title='bbox 2009 2186 2092 2218; x_wconf 79' lang='lat' dir='ltr'>sein</span> <span class='ocrx_word' id='word_1_594' title='bbox 2112 2183 2234 2219; x_wconf 85' lang='lat' dir='ltr'>Eccle-</span> 
     </span>
     <span class='ocr_line' id='line_1_86' title="bbox 1247 2235 2234 2280; baseline 0 -12"><span class='ocrx_word' id='word_1_595' title='bbox 1247 2236 1294 2268; x_wconf 90' lang='lat' dir='ltr'>sia</span> <span class='ocrx_word' id='word_1_596' title='bbox 1318 2235 1513 2268; x_wconf 83' lang='lat' dir='ltr'>illustribus</span> <span class='ocrx_word' id='word_1_597' title='bbox 1530 2235 1738 2269; x_wconf 81' lang='lat' dir='ltr'>testimoniis</span> <span class='ocrx_word' id='word_1_598' title='bbox 1756 2236 1931 2280; x_wconf 69' lang='lat' dir='ltr'>patefecit.</span> <span class='ocrx_word' id='word_1_599' title='bbox 1960 2244 1991 2270; x_wconf 85' lang='lat' dir='ltr'>et</span> <span class='ocrx_word' id='word_1_600' title='bbox 2008 2236 2056 2269; x_wconf 88' lang='lat' dir='ltr'>sic</span> <span class='ocrx_word' id='word_1_601' title='bbox 2073 2248 2108 2269; x_wconf 87' lang='lat' dir='ltr'>se</span> <span class='ocrx_word' id='word_1_602' title='bbox 2125 2249 2234 2277; x_wconf 74' lang='lat' dir='ltr'>agno-</span> 
     </span>
     <span class='ocr_line' id='line_1_87' title="bbox 1247 2286 2235 2331; baseline 0.001 -13"><span class='ocrx_word' id='word_1_603' title='bbox 1247 2286 1314 2323; x_wconf 75' lang='lat' dir='ltr'>sci,</span> <span class='ocrx_word' id='word_1_604' title='bbox 1351 2286 1505 2319; x_wconf 85' lang='lat' dir='ltr'>invocari</span> <span class='ocrx_word' id='word_1_605' title='bbox 1535 2295 1565 2320; x_wconf 91' lang='lat' dir='ltr'>et</span> <span class='ocrx_word' id='word_1_606' title='bbox 1595 2286 1660 2319; x_wconf 90' lang='lat' dir='ltr'>coli</span> <span class='ocrx_word' id='word_1_607' title='bbox 1685 2287 1854 2329; x_wconf 70' lang='lat' dir='ltr'>postulat,</span> <span class='ocrx_word' id='word_1_608' title='bbox 1889 2287 1976 2321; x_wconf 85' lang='lat' dir='ltr'>sicut</span> <span class='ocrx_word' id='word_1_609' title='bbox 2000 2299 2034 2319; x_wconf 81' lang='lat' dir='ltr'>se</span> <span class='ocrx_word' id='word_1_610' title='bbox 2063 2287 2235 2331; x_wconf 77' lang='lat' dir='ltr'>patefecit,</span> 
     </span>
     <span class='ocr_line' id='line_1_88' title="bbox 1248 2334 2234 2381; baseline 0.003 -12"><span class='ocrx_word' id='word_1_611' title='bbox 1248 2349 1310 2370; x_wconf 80' lang='lat' dir='ltr'>nec</span> <span class='ocrx_word' id='word_1_612' title='bbox 1335 2337 1436 2370; x_wconf 86' lang='lat' dir='ltr'>aliter</span> <span class='ocrx_word' id='word_1_613' title='bbox 1462 2337 1497 2370; x_wconf 88' lang='lat' dir='ltr'>in</span> <span class='ocrx_word' id='word_1_614' title='bbox 1523 2334 1627 2371; x_wconf 81' lang='lat' dir='ltr'>liuius</span> <span class='ocrx_word' id='word_1_615' title='bbox 1644 2337 1734 2371; x_wconf 80' lang='lat' dir='ltr'>vitae</span> <span class='ocrx_word' id='word_1_616' title='bbox 1755 2337 1902 2381; x_wconf 76' lang='lat' dir='ltr'>caligine</span> <span class='ocrx_word' id='word_1_617' title='bbox 1927 2337 2065 2381; x_wconf 75' lang='lat' dir='ltr'>agnosci</span> <span class='ocrx_word' id='word_1_618' title='bbox 2085 2344 2117 2372; x_wconf 82' lang='lat' dir='ltr'>ct</span> <span class='ocrx_word' id='word_1_619' title='bbox 2134 2337 2234 2372; x_wconf 83' lang='lat' dir='ltr'>invo-</span> 
     </span>
    </p>
   </div>
   <div class='ocr_carea' id='block_1_5' title="bbox 213 2386 1456 2435">
    <p class='ocr_par' dir='ltr' id='par_1_12' title="bbox 213 2386 1456 2435">
     <span class='ocr_line' id='line_1_89' title="bbox 213 2386 1456 2435; baseline -0.002 -11"><span class='ocrx_word' id='word_1_620' title='bbox 213 2393 407 2429; x_wconf 76' lang='lat' dir='ltr'>mentibus,</span> <span class='ocrx_word' id='word_1_621' title='bbox 435 2393 535 2424; x_wconf 78' lang='lat' dir='ltr'>etiam</span> <span class='ocrx_word' id='word_1_622' title='bbox 557 2402 695 2429; x_wconf 73' lang='lat' dir='ltr'>eurum,</span> <span class='ocrx_word' id='word_1_623' title='bbox 722 2391 780 2435; x_wconf 86' lang='lat' dir='ltr'>qni</span> <span class='ocrx_word' id='word_1_624' title='bbox 803 2390 835 2423; x_wconf 89' lang='lat' dir='ltr'>in</span> <span class='ocrx_word' id='word_1_625' title='bbox 854 2389 1005 2423; x_wconf 72' lang='lat' dir='ltr'>Ecclesia</span> <span class='ocrx_word' id='word_1_626' title='bbox 1025 2391 1098 2422; x_wconf 85' lang='lat' dir='ltr'>sine</span> <span class='ocrx_word' id='word_1_627' title='bbox 1117 2401 1195 2421; x_wconf 57' lang='lat' dir='ltr'>sera</span> <span class='ocrx_word' id='word_1_628' title='bbox 1220 2386 1223 2423; x_wconf 74' lang='grc' dir='ltr'><strong>ἶ</strong></span> <span class='ocrx_word' id='word_1_629' title='bbox 1246 2388 1316 2421; x_wconf 84' lang='lat' dir='ltr'>cari</span> <span class='ocrx_word' id='word_1_630' title='bbox 1335 2395 1456 2431; x_wconf 81' lang='lat' dir='ltr'>potest.</span> 
     </span>
    </p>
   </div>
   <div class='ocr_carea' id='block_1_6' title="bbox 213 2440 1195 2525">
    <p class='ocr_par' dir='ltr' id='par_1_13' title="bbox 213 2440 1195 2525">
     <span class='ocr_line' id='line_1_90' title="bbox 213 2440 1194 2483; baseline -0.003 -9"><span class='ocrx_word' id='word_1_631' title='bbox 213 2443 287 2474; x_wconf 72' lang='lat' dir='ltr'>lucr</span> <span class='ocrx_word' id='word_1_632' title='bbox 314 2440 496 2483; x_wconf 65' lang='lat' dir='ltr'>Evangelii</span> <span class='ocrx_word' id='word_1_633' title='bbox 526 2442 667 2480; x_wconf 66' lang='lat' dir='ltr'>vivunt.</span> <span class='ocrx_word' id='word_1_634' title='bbox 712 2443 823 2474; x_wconf 74' lang='lat' dir='ltr'>‹lonec</span> <span class='ocrx_word' id='word_1_635' title='bbox 854 2447 943 2474; x_wconf 73' lang='lat' dir='ltr'>recte</span> <span class='ocrx_word' id='word_1_636' title='bbox 973 2442 1194 2473; x_wconf 77' lang='lat' dir='ltr'>erudiuntur.</span> 
     </span>
     <span class='ocr_line' id='line_1_91' title="bbox 214 2489 1195 2525; baseline -0.003 0"><span class='ocrx_word' id='word_1_637' title='bbox 214 2492 297 2525; x_wconf 70' lang='lat' dir='ltr'>lde-n</span> <span class='ocrx_word' id='word_1_638' title='bbox 324 2493 413 2524; x_wconf 68' lang='lat' dir='ltr'>iuna-r</span> <span class='ocrx_word' id='word_1_639' title='bbox 437 2505 570 2524; x_wconf 80' lang='lat' dir='ltr'>summa</span> <span class='ocrx_word' id='word_1_640' title='bbox 598 2492 677 2524; x_wconf 81' lang='lat' dir='ltr'>novi</span> <span class='ocrx_word' id='word_1_641' title='bbox 697 2490 914 2525; x_wconf 76' lang='lat' dir='ltr'>Testamenti</span> <span class='ocrx_word' id='word_1_642' title='bbox 940 2503 1084 2523; x_wconf 84' lang='lat' dir='ltr'>munera</span> <span class='ocrx_word' id='word_1_643' title='bbox 1103 2489 1195 2523; x_wconf 78' lang='lat' dir='ltr'>Deus</span> 
     </span>
    </p>
   </div>
   <div class='ocr_carea' id='block_1_7' title="bbox 1249 2437 2233 2532">
    <p class='ocr_par' dir='ltr' id='par_1_14' title="bbox 1249 2437 2233 2532">
     <span class='ocr_line' id='line_1_92' title="bbox 1349 2437 2232 2482; baseline -0.001 -11"><span class='ocrx_word' id='word_1_644' title='bbox 1349 2439 1401 2471; x_wconf 72' lang='lat' dir='ltr'>sit</span> <span class='ocrx_word' id='word_1_645' title='bbox 1426 2438 1533 2482; x_wconf 78' lang='lat' dir='ltr'>igitur</span> <span class='ocrx_word' id='word_1_646' title='bbox 1557 2438 1590 2471; x_wconf 89' lang='lat' dir='ltr'>in</span> <span class='ocrx_word' id='word_1_647' title='bbox 1616 2446 1802 2482; x_wconf 78' lang='lat' dir='ltr'>conspectu</span> <span class='ocrx_word' id='word_1_648' title='bbox 1821 2446 1880 2473; x_wconf 82' lang='lat' dir='ltr'>aut</span> <span class='ocrx_word' id='word_1_649' title='bbox 1902 2437 2043 2473; x_wconf 83' lang='lat' dir='ltr'>historia</span> <span class='ocrx_word' id='word_1_650' title='bbox 2063 2437 2232 2482; x_wconf 84' lang='lat' dir='ltr'>Baptismi</span> 
     </span>
     <span class='ocr_line' id='line_1_93' title="bbox 1249 2488 2233 2532; baseline 0.002 -11"><span class='ocrx_word' id='word_1_651' title='bbox 1249 2488 1327 2521; x_wconf 76' lang='lat' dir='ltr'>Filii</span> <span class='ocrx_word' id='word_1_652' title='bbox 1356 2489 1437 2524; x_wconf 71' lang='lat' dir='ltr'>Dei.</span> <span class='ocrx_word' id='word_1_653' title='bbox 1472 2495 1530 2522; x_wconf 85' lang='lat' dir='ltr'>ant</span> <span class='ocrx_word' id='word_1_654' title='bbox 1560 2489 1645 2525; x_wconf 77' lang='lat' dir='ltr'>alia.</span> <span class='ocrx_word' id='word_1_655' title='bbox 1681 2490 1742 2522; x_wconf 89' lang='lat' dir='ltr'>ubi</span> <span class='ocrx_word' id='word_1_656' title='bbox 1777 2501 1812 2522; x_wconf 73' lang='lat' dir='ltr'>se</span> <span class='ocrx_word' id='word_1_657' title='bbox 1840 2490 2034 2523; x_wconf 73' lang='lat' dir='ltr'>audiendos</span> <span class='ocrx_word' id='word_1_658' title='bbox 2064 2488 2233 2532; x_wconf 71' lang='lat' dir='ltr'>praebent</span> 
     </span>
    </p>
   </div>
   <div class='ocr_carea' id='block_1_8' title="bbox 2301 0 2338 2226">
    <p class='ocr_par' dir='ltr' id='par_1_15' title="bbox 2301 0 2338 2226">
     <span class='ocr_line' id='line_1_94' title="bbox 2301 0 2338 2226; baseline 0 0"><span class='ocrx_word' id='word_1_659' title='bbox 2301 0 2338 2226; x_wconf 95' lang='lat' dir='ltr'> </span> 
     </span>
    </p>
   </div>
   <div class='ocr_carea' id='block_1_9' title="bbox 210 2538 2232 2685">
    <p class='ocr_par' dir='ltr' id='par_1_16' title="bbox 210 2538 2232 2685">
     <span class='ocr_line' id='line_1_95' title="bbox 211 2538 2232 2587; baseline -0 -13"><span class='ocrx_word' id='word_1_660' title='bbox 211 2544 380 2587; x_wconf 79' lang='lat' dir='ltr'>promittit</span> <span class='ocrx_word' id='word_1_661' title='bbox 407 2556 439 2574; x_wconf 79' lang='lat' dir='ltr'>s·-</span> <span class='ocrx_word' id='word_1_662' title='bbox 455 2545 668 2574; x_wconf 56' lang='lat' dir='ltr'>«turbaturum</span> <span class='ocrx_word' id='word_1_663' title='bbox 695 2543 796 2574; x_wconf 80' lang='lat' dir='ltr'>nobis</span> <span class='ocrx_word' id='word_1_664' title='bbox 815 2543 986 2585; x_wconf 77' lang='lat' dir='ltr'>Spiritum</span> <span class='ocrx_word' id='word_1_665' title='bbox 1010 2541 1139 2583; x_wconf 70' lang='lat' dir='ltr'>gratiae</span> <span class='ocrx_word' id='word_1_666' title='bbox 1163 2547 1195 2573; x_wconf 69' lang='lat' dir='ltr'>ot</span> <span class='ocrx_word' id='word_1_667' title='bbox 1219 2552 1221 2574; x_wconf 64' lang='lat'>3</span> <span class='ocrx_word' id='word_1_668' title='bbox 1245 2548 1406 2572; x_wconf 66' lang='lat' dir='ltr'>aeternus</span> <span class='ocrx_word' id='word_1_669' title='bbox 1426 2538 1544 2574; x_wconf 74' lang='lat' dir='ltr'>Pau-r.</span> <span class='ocrx_word' id='word_1_670' title='bbox 1574 2547 1602 2572; x_wconf 78' lang='lat' dir='ltr'>rt</span> <span class='ocrx_word' id='word_1_671' title='bbox 1627 2539 1737 2573; x_wconf 75' lang='lat' dir='ltr'>Filius</span> <span class='ocrx_word' id='word_1_672' title='bbox 1757 2540 1829 2573; x_wconf 78' lang='lat' dir='ltr'>eius</span> <span class='ocrx_word' id='word_1_673' title='bbox 1847 2539 2021 2575; x_wconf 79' lang='lat' dir='ltr'>Dominus</span> <span class='ocrx_word' id='word_1_674' title='bbox 2043 2547 2159 2572; x_wconf 72' lang='lat' dir='ltr'>noster</span> <span class='ocrx_word' id='word_1_675' title='bbox 2182 2538 2232 2573; x_wconf 85' lang='lat' dir='ltr'>le-</span> 
     </span>
     <span class='ocr_line' id='line_1_96' title="bbox 210 2585 2232 2638; baseline -0.002 -12"><span class='ocrx_word' id='word_1_676' title='bbox 210 2593 454 2626; x_wconf 80' lang='lat' dir='ltr'>invocationis.</span> <span class='ocrx_word' id='word_1_677' title='bbox 509 2592 604 2625; x_wconf 60' lang='lat' dir='ltr'>Dat-..i</span> <span class='ocrx_word' id='word_1_678' title='bbox 635 2591 688 2626; x_wconf 83' lang='lat' dir='ltr'>bic</span> <span class='ocrx_word' id='word_1_679' title='bbox 710 2593 837 2638; x_wconf 80' lang='lat' dir='ltr'>aliquis</span> <span class='ocrx_word' id='word_1_680' title='bbox 860 2591 1003 2625; x_wconf 75' lang='lat' dir='ltr'>llomeri</span> <span class='ocrx_word' id='word_1_681' title='bbox 1031 2600 1060 2625; x_wconf 88' lang='lat' dir='ltr'>et</span> <span class='ocrx_word' id='word_1_682' title='bbox 1085 2591 1194 2625; x_wconf 84' lang='lat' dir='ltr'>Calli-</span> <span class='ocrx_word' id='word_1_683' title='bbox 1218 2585 1222 2623; x_wconf 78' lang='lat' dir='ltr'>l</span> <span class='ocrx_word' id='word_1_684' title='bbox 1245 2603 1301 2623; x_wconf 87' lang='lat' dir='ltr'>sus</span> <span class='ocrx_word' id='word_1_685' title='bbox 1318 2588 1497 2628; x_wconf 58' lang='lat' dir='ltr'>(ibris-tus,</span> <span class='ocrx_word' id='word_1_686' title='bbox 1524 2598 1553 2622; x_wconf 78' lang='lat' dir='ltr'>ct</span> <span class='ocrx_word' id='word_1_687' title='bbox 1572 2591 1725 2634; x_wconf 75' lang='lat' dir='ltr'>Spiritus</span> <span class='ocrx_word' id='word_1_688' title='bbox 1741 2599 1888 2624; x_wconf 72' lang='lat' dir='ltr'>sauctus.</span> <span class='ocrx_word' id='word_1_689' title='bbox 1945 2588 1988 2623; x_wconf 79' lang='lat' dir='ltr'>Et</span> <span class='ocrx_word' id='word_1_690' title='bbox 2006 2590 2107 2622; x_wconf 84' lang='lat' dir='ltr'>simul</span> <span class='ocrx_word' id='word_1_691' title='bbox 2134 2589 2232 2623; x_wconf 76' lang='lat' dir='ltr'>testi·</span> 
     </span>
     <span class='ocr_line' id='line_1_97' title="bbox 210 2630 2231 2685; baseline -0.001 -10"><span class='ocrx_word' id='word_1_692' title='bbox 210 2642 322 2677; x_wconf 81' lang='lat' dir='ltr'>macbi</span> <span class='ocrx_word' id='word_1_693' title='bbox 341 2645 462 2677; x_wconf 60' lang='lat' dir='ltr'>lec-ton</span> <span class='ocrx_word' id='word_1_694' title='bbox 502 2643 626 2684; x_wconf 67' lang='lat' dir='ltr'>Qualia</span> <span class='ocrx_word' id='word_1_695' title='bbox 646 2641 727 2675; x_wconf 72' lang='lat' dir='ltr'>ban-c</span> <span class='ocrx_word' id='word_1_696' title='bbox 746 2651 824 2676; x_wconf 83' lang='lat' dir='ltr'>sunt</span> <span class='ocrx_word' id='word_1_697' title='bbox 844 2643 1015 2676; x_wconf 74' lang='lat' dir='ltr'>innuera?</span> <span class='ocrx_word' id='word_1_698' title='bbox 1063 2642 1193 2675; x_wconf 83' lang='lat' dir='ltr'>Natura</span> <span class='ocrx_word' id='word_1_699' title='bbox 1217 2630 1220 2684; x_wconf 61' lang='lat' dir='ltr'>f</span> <span class='ocrx_word' id='word_1_700' title='bbox 1245 2642 1361 2674; x_wconf 77' lang='lat' dir='ltr'>monia</span> <span class='ocrx_word' id='word_1_701' title='bbox 1379 2641 1476 2673; x_wconf 80' lang='lat' dir='ltr'>verbi</span> <span class='ocrx_word' id='word_1_702' title='bbox 1494 2641 1611 2674; x_wconf 85' lang='lat' dir='ltr'>traditi</span> <span class='ocrx_word' id='word_1_703' title='bbox 1629 2641 1799 2674; x_wconf 67' lang='lat' dir='ltr'>divinitus</span> <span class='ocrx_word' id='word_1_704' title='bbox 1815 2641 2020 2683; x_wconf 73' lang='lat' dir='ltr'>cogitentur,</span> <span class='ocrx_word' id='word_1_705' title='bbox 2038 2653 2125 2685; x_wconf 77' lang='lat' dir='ltr'>quae</span> <span class='ocrx_word' id='word_1_706' title='bbox 2142 2638 2231 2674; x_wconf 84' lang='lat' dir='ltr'>banc</span> 
     </span>
    </p>
   </div>
   <div class='ocr_carea' id='block_1_10' title="bbox 207 2691 2231 2736">
    <p class='ocr_par' dir='ltr' id='par_1_17' title="bbox 207 2691 2231 2736">
     <span class='ocr_line' id='line_1_98' title="bbox 207 2691 2231 2736; baseline -0.001 -11"><span class='ocrx_word' id='word_1_707' title='bbox 207 2708 327 2729; x_wconf 64' lang='lat' dir='ltr'>nonnos</span> <span class='ocrx_word' id='word_1_708' title='bbox 346 2703 463 2736; x_wconf 66' lang='lat' dir='ltr'>gentos</span> <span class='ocrx_word' id='word_1_709' title='bbox 481 2700 682 2728; x_wconf 67' lang='lat' dir='ltr'>moventur,</span> <span class='ocrx_word' id='word_1_710' title='bbox 713 2701 745 2725; x_wconf 84' lang='lat' dir='ltr'>nt</span> <span class='ocrx_word' id='word_1_711' title='bbox 766 2694 899 2727; x_wconf 83' lang='lat' dir='ltr'>amissis</span> <span class='ocrx_word' id='word_1_712' title='bbox 917 2691 1078 2726; x_wconf 77' lang='lat' dir='ltr'>immanis</span> <span class='ocrx_word' id='word_1_713' title='bbox 1095 2704 1192 2736; x_wconf 82' lang='lat' dir='ltr'>prae·</span> <span class='ocrx_word' id='word_1_714' title='bbox 1216 2696 1220 2734; x_wconf 51' lang='grc' dir='ltr'>ι’</span> <span class='ocrx_word' id='word_1_715' title='bbox 1243 2693 1285 2723; x_wconf 72' lang='lat' dir='ltr'>dv</span> <span class='ocrx_word' id='word_1_716' title='bbox 1311 2692 1380 2724; x_wconf 58' lang='lat' dir='ltr'>ltro</span> <span class='ocrx_word' id='word_1_717' title='bbox 1399 2692 1595 2724; x_wconf 74' lang='lat' dir='ltr'>doctrinam</span> <span class='ocrx_word' id='word_1_718' title='bbox 1622 2693 1723 2724; x_wconf 75' lang='lat' dir='ltr'>nobis</span> <span class='ocrx_word' id='word_1_719' title='bbox 1752 2698 1972 2735; x_wconf 74' lang='lat' dir='ltr'>proponunt,</span> <span class='ocrx_word' id='word_1_720' title='bbox 1999 2699 2029 2724; x_wconf 74' lang='lat' dir='ltr'>et</span> <span class='ocrx_word' id='word_1_721' title='bbox 2056 2692 2231 2724; x_wconf 75' lang='lat' dir='ltr'>affirmant</span> 
     </span>
    </p>
   </div>
  </div>
 </body>
</html>
