2338 2958
148 134 219 170 591

247 220 427 254 Hactenus
442 219 485 252 de
510 217 674 261 auspiciis
689 217 787 260 regni
806 215 979 257 Francici,
1003 223 1036 250 et
1052 215 1150 261 quasi

153 275 196 307 de
222 273 334 316 prima
358 278 466 304 aetate
498 268 581 302 dixi.
637 267 772 301 Posteri
789 268 916 301 deinde
940 280 1012 300 non
1037 267 1152 300 solum

153 324 378 358 retinuerunt
403 326 523 365 partas
546 330 646 363 opes,
681 320 738 351 sed
764 319 868 352 etiam
894 325 1088 358 auxerunt,
1115 330 1153 351 ac

154 387 228 409 non
253 375 358 407 modo
384 369 546 415 potentia
568 370 696 410 crevit,
723 371 782 403 sed
806 372 908 403 etiam
935 376 1153 403 accesserunt

155 426 288 460 maiora
306 423 420 456 studia
438 421 600 454 civilium
615 421 764 460 artium,
793 421 995 464 religionis,
1020 420 1153 454 doctri-

156 489 241 516 nae,
281 473 460 512 iusticiae,
495 472 714 515 disciplinae.
782 471 903 517 ltaque
939 484 1017 505 cum
1054 471 1155 504 facile

158 526 332 571 aequitate
356 531 390 557 et
415 522 562 556 lenitate
587 522 724 567 imperii
750 535 868 566 pacem
889 523 984 555 domi
1013 529 1155 556 tueren-

159 586 234 617 tut,
273 575 359 609 soris
393 575 436 607 ad
464 586 689 607 communem
719 572 884 618 Europae
913 573 1154 606 defensionem

158 628 250 662 bella
269 625 462 659 necessaria
486 626 665 668 gerebant.
719 623 868 658 Carolus
888 623 1076 657 'Martellus
1101 635 1156 656 re-

160 679 285 724 pressit
307 677 518 714 Saracenos,
546 676 658 709 deleta
688 675 820 718 ingenti
845 687 966 708 eorum
992 674 1155 707 multitu-

160 731 262 769 dine,
294 729 380 761 adeo
405 734 444 761 ut
460 726 652 770 Hispaniae
677 735 809 771 partem
836 733 921 759 tuuc
944 725 1154 758 amitterent.

160 781 312 825 Pipinus
342 778 477 822 pacavit
497 777 650 817 ltaliam,
679 785 712 810 et
730 776 874 810 Parisiis
896 776 1080 809 constituit
1096 788 1157 808 cu-

162 832 251 865 riam
275 831 453 866 iudicum,
485 840 590 872 quam
617 835 742 861 vocant
768 827 1050 867 Parlamentum,
1087 839 1156 871 quo

162 883 301 916 nullum
323 888 373 914 est
391 879 593 923 sapientius,
617 891 655 912 ac
673 879 799 912 melius
816 878 1045 911 constitutum
1065 878 1154 910 iudi-

163 935 255 968 cium
283 939 355 966 toto
382 932 467 964 orbe
496 937 679 963 terrarum.
739 930 796 963 Ab
821 927 876 962 his
904 929 1050 962 summis
1073 929 1159 961 viris

163 991 261 1018 ortus
279 982 429 1017 Carolus
446 980 617 1024 Magnus,
645 981 741 1015 auxit
766 981 894 1014 avitam
919 987 951 1013 et
978 987 1157 1024 paternam

163 1036 324 1079 gloriam.
375 1032 498 1077 *Neque
516 1033 608 1065 enim
635 1039 772 1066 tantum
799 1031 906 1064 armis
932 1031 1067 1073 pacavit
1090 1030 1159 1063 Ita-

164 1087 266 1123 liam,
295 1085 354 1118 sed
372 1084 475 1117 etiam
495 1083 638 1116 domitis
655 1083 900 1126 Longobardis
919 1082 995 1115 iura
1012 1089 1044 1115 et
1068 1082 1159 1126 leges

165 1138 281 1177 dedit,
309 1143 347 1169 ut
365 1137 406 1167 ad
426 1135 663 1178 posteritatem
683 1134 781 1167 ltalia
799 1134 915 1179 quieta
934 1140 1032 1168 esset.

268 1186 359 1221 Cum
395 1186 503 1229 igitur
538 1192 719 1229 appareret
753 1184 943 1218 Francicos
978 1183 1092 1227 Reges
1127 1189 1159 1216 et

165 1237 411 1283 magnitudine
443 1236 580 1279 imperii
609 1243 642 1270 et
665 1236 795 1269 virtute
812 1243 966 1268 caeteros
985 1233 1098 1277 Reges
1123 1234 1158 1266 in

165 1289 310 1333 Europa
326 1288 485 1327 vincere,
513 1294 670 1332 essetque
689 1286 808 1332 aliquo
832 1287 976 1319 custode
1000 1285 1161 1329 publicae

165 1338 433 1386 tranquillitatis
458 1350 547 1383 opus
570 1338 756 1371 universae
786 1335 969 1380 Europae,
997 1349 1034 1369 ac
1060 1347 1162 1380 prae-

166 1393 267 1437 cipue
294 1390 432 1429 ltaliae‚
467 1389 566 1423 cuius
594 1389 812 1433 possessione
836 1386 993 1421 Graecos
1019 1386 1161 1430 Longo-

166 1443 268 1477 bardi
283 1441 512 1485 depulerant,
540 1441 632 1473 bono
657 1439 805 1473 consilio
822 1438 984 1473 Romana
1005 1436 1161 1471 Ecclesia

166 1494 334 1530 Carolnm
361 1492 550 1537 appellavit
575 1491 845 1535 lmperatorem‚
873 1497 912 1523 ut
934 1490 964 1522 ei
984 1489 1161 1523 defensio-

167 1558 247 1579 nem
270 1544 389 1578 ltaliae
413 1550 515 1588 atque
532 1541 707 1575 Ecclesiae
724 1542 1000 1575 commendaret.
1054 1540 1161 1583 Quod

167 1604 284 1631 autem
315 1594 489 1627 illustrius
522 1593 764 1627 testimonium
799 1592 942 1625 virtutis
973 1591 1163 1624 Francicae

168 1645 436 1682 commemorari
464 1651 594 1688 potest,
629 1657 732 1689 quam
761 1641 844 1676 baec
870 1643 999 1675 iudicia
1030 1649 1163 1675 extera-

167 1711 247 1733 rum
265 1697 472 1736 uationum,
497 1708 584 1740 quae
604 1708 676 1727 non
695 1695 800 1727 modo
820 1694 989 1727 auxilium
1014 1706 1030 1725 a
1050 1692 1162 1726 Fran-

170 1751 219 1784 cis
236 1749 534 1792 imploraverunt,
564 1747 620 1779 sed
641 1747 743 1779 etiam
772 1745 1017 1778 existimarunt
1037 1756 1070 1777 se
1094 1744 1164 1776 illis

170 1799 427 1843 imperantibus
470 1799 667 1830 libertatem
713 1809 810 1829 suam
853 1808 951 1839 posse
988 1795 1165 1828 retinere?

170 1853 290 1895 Quare
317 1862 478 1891 maguam
504 1848 609 1881 fuisse
628 1848 785 1881 iustitiae
802 1847 1008 1892 opinionem
1035 1848 1078 1878 dc.
1100 1859 1165 1878 no-

169 1903 250 1937 stris
276 1899 482 1934 bomiuibus
504 1912 641 1932 necesse
667 1906 728 1932 est.
785 1898 910 1931 Fertur
937 1898 1023 1930 illud
1052 1897 1165 1931 Grae-

171 1967 270 1991 cum,
310 1950 374 1985 τὸν
404 1947 576 1998 :sptijszcw
605 1949 715 1996 ‘IN-⁰¹¹
745 1949 819 1994 ἔχε,
863 1945 1012 1995 ydrum}
1042 1946 1079 1981 δε
1109 1947 1166 1986 οὐ,

171 2012 270 2038 acute
295 2003 465 2037 fortassis.-
504 2001 592 2034 Nam
616 2008 826 2034 crescentem
856 2001 1076 2033 Francormn
1104 2012 1167 2043 po-

172 2056 316 2090 tentiam
350 2053 588 2086 formidabant
622 2052 760 2085 (irat-ci.
825 2051 892 2085 Sed
920 2058 1035 2084 tamen
1069 2049 1166 2083 ltalia

172 2120 244 2140 non
274 2106 424 2139 amicum
454 2105 558 2136 modo
583 2116 619 2136 ac
640 2104 818 2142 vicinum,
846 2103 904 2135 sed
931 2102 1034 2134 etiam
1053 2101 1168 2134 domi-

173 2171 258 2191 num
280 2156 405 2189 babere
428 2155 598 2188 francum
619 2162 762 2198 propter
779 2154 943 2187 virtutem
965 2160 992 2185 et
1012 2153 1168 2197 aequita-

174 2217 243 2243 tem
263 2207 398 2250 imperii
420 2220 488 2238 uon
508 2206 690 2238 recusavit.
727 2205 773 2239 st
790 2212 904 2238 autem
921 2204 1070 2237 Carolus
1087 2204 1168 2236 belli

174 2261 284 2303 gloria
303 2272 363 2302 par
383 2258 443 2290 suit
463 2257 607 2289 summis
630 2256 914 2301 luqieratoribuS,
943 2256 985 2287 ir·
1004 2255 1096 2297 pacis
1114 2267 1170 2287 ar-

175 2312 270 2346 tibus
296 2310 447 2353 optimos
466 2315 587 2353 aequat
609 2308 799 2350 Principes.
856 2307 1080 2339 Academiam
1100 2305 1170 2338 Ρη)-

178 2363 404 2399 unitivum-m,
439 2367 537 2392 autea
563 2372 579 2391 a
607 2357 811 2391 'l't1··‹›‹t‹›si‹›
839 2359 1086 2394 constitutam,
1115 2359 1164 2389 in-

177 2414 343 2447 staur-uit
360 2439 366 2448 ,
395 2413 550 2455 duasque
569 2423 676 2441 novas
695 2410 766 2453 ipse
786 2409 940 2446 addidit,
969 2409 1112 2441 alteram
1136 2408 1169 2439 iu
1195 2423 1198 2438 ι

180 2464 278 2498 ltalia
306 2462 528 2504 papiensem,
557 2462 700 2493 alteram
730 2461 764 2493 in
783 2460 912 2492 Galliis
929 2459 1172 2496 1‘.·risi‹·nsmn,

178 2523 214 2549 ut
242 2517 311 2547 ser·-
339 2513 486 2544 mttimm
521 2512 732 2554 optimarum
759 2512 886 2544 artium
911 2511 1025 2543 studia
1053 2523 1172 2543 rursus
1196 2525 1197 2533 ¹

179 2567 362 2601 excitaret,
390 2572 417 2596 et
440 2564 596 2595 doctriua
627 2563 831 2602 religioni-m
858 2575 894 2595 ac
921 2562 1074 2605 liespub.
1096 2574 1171 2593 tnu-
1196 2566 1199 2575 '

181 2619 269 2651 niret
295 2624 323 2648 et
352 2621 503 2647 ornaret.
560 2614 626 2646 Noc
651 2627 732 2646 xero
758 2615 946 2645 obscurum
974 2620 1042 2652 est,
1067 2625 1169 2658 (ptam
1197 2618 1199 2654 Ι

181 2669 357 2713 praeclare
385 2666 528 2698 meritus
564 2665 603 2697 sit
633 2667 674 2697 de
701 2672 772 2696 toto
800 2666 884 2696 orbe
916 2671 1087 2697 terrarum
1120 2661 1173 2696 bis

181 2720 310 2753 scholis
336 2717 552 2755 constitutis,
587 2728 735 2760 «piarum
763 2716 946 2760 praecipua
972 2728 1076 2761 opera
1104 2715 1172 2747 iam

719 128 877 165 DECL.
921 128 993 165 DE
1025 125 1302 164 ENCOMIO
1339 125 1654 166 FRANCIAE.

2127 131 2202 170 892

1205 214 1309 249 annis
1327 213 1559 258 septingentis
1573 221 1797 249 conservatae
1813 223 1895 250 sunt
1919 216 2053 251 literae.
2105 215 2203 252 Haec

1206 274 1256 301 est
1278 277 1359 298 vera
1386 265 1462 298 laus
1486 265 1615 298 summi
1642 266 1832 310 principis,
1860 279 1978 311 pacem
2003 267 2203 310 restituere,

1205 316 1434 360 religionem,
1461 316 1657 357 iusticiam,
1684 317 1907 360 disciplinam
1926 319 2036 359 tueri,
2064 331 2203 361 ornare,

1207 376 1240 402 et
1265 369 1307 400 ad
1330 373 1486 412 posteros
1510 379 1712 412 propagare.
1767 367 1883 410 Quam
1907 368 2093 403 dissimiles
2118 377 2203 405 sunt

1207 420 1251 452 ab
1267 417 1331 451 bac
1348 418 1501 461 imagine
1519 419 1688 452 exercitus
1706 419 1758 451 itti
1770 446 1779 459 ,
1807 419 1868 464 qui
1885 416 1939 452 his
1955 420 2122 463 proximis
2136 433 2200 454 an—

1207 470 1262 502 nis
1288 468 1425 502 ltaliam
1454 469 1556 502 foeda
1588 469 1818 514 populatione
1850 469 2106 511 dssacerarunt,
2139 484 2203 506 nec

1208 527 1334 564 gerunt
1351 520 1442 553 bella
1463 517 1529 553 boc
1547 520 1634 561 fine,
1661 527 1700 554 ut
1717 528 1834 564 postea
1852 521 2040 564 religiones
2064 528 2098 554 et
2125 522 2204 555 lite-

1209 584 1328 604 rarum
1346 571 1462 604 studia
1479 571 1648 609 excitent,
1676 573 1736 605 sed
1754 579 1792 605 ut
1810 579 1986 605 aeternam
2006 571 2204 606 barbariem

1209 630 1242 655 et
1259 622 1453 656 vastitatem
1479 621 1656 656 efficiant?
1690 622 1834 666 Quanto
1856 623 2000 656 fuerunt
2022 623 2206 657 foeticiora

1210 672 1428 706 Francorum
1458 673 1623 717 imperia,
1652 674 1711 719 qui
1735 674 1839 706 saluti
1864 673 2024 707 omnium
2048 674 2207 717 gentium

1210 724 1484 765 consuluerunt,
1511 731 1543 756 et
1563 725 1768 767 religionem
1787 737 1825 758 ac
1845 725 1962 758 literas
1979 736 2105 768 magna
2123 736 2206 759 cura

1211 772 1405 819 provehere
1419 775 1535 807 conati
1552 776 1660 809 sunt‘?
2223 777 2226 779 ’

1311 825 1482 869 Sequitur
1497 826 1596 858 tertia
1615 826 1830 860 Francorum
1850 834 1960 867 aetas,
1988 839 2066 861 cum
2087 824 2207 861 Gallia

1211 889 1228 909 a
1248 873 1441 908 Germania
1461 876 1580 909 avulsa
1595 884 1663 917 est,
1691 884 1768 921 post
1785 878 1818 910 id
1836 884 1972 922 tempus
1990 879 2137 912 fuerunt
2153 884 2208 911 ta-

1212 939 1291 959 men
1318 927 1354 959 in
1383 926 1576 969 Germania
1602 926 1821 961 Francorum
1845 927 1982 968 Duces,
2014 929 2076 975 qui
2107 935 2209 962 vetu-

1211 985 1297 1011 stam
1315 976 1534 1011 Francorum
1553 979 1668 1012 sedem
1688 979 1725 1011 in
1742 986 1890 1024 utraque
1914 979 2038 1013 Moeni
2069 979 2145 1024 ripa
2174 985 2209 1014 et

1213 1040 1337 1072 magna
1364 1036 1461 1073 parte
1479 1029 1632 1072 regionis
1648 1027 1843 1064 Rhenanae
1864 1037 2065 1067 tenuerunt.
2117 1029 2207 1063 Nam

1211 1079 1360 1113 Francia
1379 1087 1496 1113 nostra
1513 1081 1598 1113 olim
1619 1081 1803 1126 aliquanto
1823 1081 1926 1114 latius
1952 1082 2085 1126 patuit,
2113 1092 2209 1114 nune

1212 1132 1282 1164 fere
1300 1131 1412 1163 scalae
1428 1143 1501 1164 nou
1524 1132 1669 1173 figuram
1688 1132 1808 1173 efficit,
1837 1132 1936 1165 cuius
1960 1132 2052 1166 latus
2067 1138 2210 1177 septen-

1213 1181 1365 1216 trionale
1383 1182 1576 1225 porrigitur
1593 1183 1636 1215 ab
1654 1189 1734 1216 ortu
1752 1195 1872 1216 versus
1891 1195 2052 1216 occasum
2065 1210 2074 1223 ,
2107 1195 2126 1216 a
2143 1182 2210 1217 Sa-

1213 1233 1264 1266 lae
1290 1233 1448 1266 fontibus
1469 1245 1580 1278 usque
1607 1234 1650 1266 ad
1675 1234 1805 1267 ostium
1831 1233 1955 1267 Moeni
1982 1234 2018 1267 in
2037 1231 2208 1269 Rhenum

1215 1284 1405 1317 influentis.
1460 1283 1568 1317 Latus
1590 1285 1826 1318 meridianum
1851 1286 1895 1318 ab
1912 1285 2002 1319 ostio
2019 1284 2142 1319 Moeni
2165 1285 2209 1318 ad

1213 1335 1345 1368 ssumen
1375 1333 1609 1380 Altmylium,
1650 1348 1669 1369 a
1697 1336 1845 1369 meridie
1880 1347 2006 1379 magna
2043 1348 2084 1369 ex
2111 1342 2210 1380 parte

1214 1385 1454 1430 praecingitur
1470 1386 1586 1431 sylva,
1613 1399 1702 1431 quae
1720 1399 1738 1420 a
1757 1387 1918 1420 vastitate
1941 1398 2071 1420 nomeu
2092 1384 2211 1422 babet.

1214 1436 1401 1470 Orientale
1419 1437 1510 1471 latus
1530 1437 1573 1470 ab
1590 1436 1762 1483 Attrnylio
1782 1440 1822 1471 ad
1843 1438 1944 1472 Salae
1961 1439 2076 1472 sontes
2092 1437 2211 1482 porri-

1215 1488 1309 1531 gitur
1336 1487 1430 1521 iuxta
1455 1495 1590 1522 montes
1611 1488 1771 1525 Sudetes.
1826 1489 1896 1523 Nec
1920 1489 2044 1533 procul
2070 1488 2211 1522 recessit

1216 1552 1234 1572 a
1254 1539 1431 1572 veteribus
1459 1539 1603 1579 vicinis,
1631 1552 1782 1584 quorum
1802 1540 1929 1574 Strabo
1950 1539 2032 1573 fecit
2056 1538 2211 1573 mentio-

1217 1602 1310 1623 nem.
1355 1588 1445 1624 Nam
1464 1597 1496 1623 et
1514 1588 1620 1623 hodie
1640 1590 1844 1624 Vindelicos
1861 1603 1878 1624 a
1898 1591 2044 1625 meridie
2060 1590 2212 1634 attingit,

1217 1648 1245 1674 et
1266 1641 1337 1673 sere
1361 1641 1405 1673 ab
1432 1648 1514 1674 ortu
1532 1641 1655 1685 aspicit
1672 1641 1854 1677 Noricum.
1908 1641 2022 1675 Habet
2045 1642 2087 1674 ad
2108 1641 2212 1675 Moe-

1217 1705 1302 1725 num
1328 1691 1410 1724 sitas
1437 1692 1669 1736 metropoles,
1704 1692 1956 1735 Bambergam,
1992 1691 2213 1726 w'ircebur-

1218 1755 1298 1787 gum
1318 1750 1351 1776 et
1369 1742 1672 1778 Francofordiam.
1709 1743 1776 1776 llic
1794 1751 1923 1777 tractus
1942 1743 1977 1776 in
1995 1744 2069 1787 ripa
2088 1742 2213 1776 Moeni

1219 1794 1322 1827 bodie
1340 1795 1465 1827 retinet
1484 1795 1520 1826 in
1537 1794 1729 1828 Germania
1750 1794 1916 1827 Franciae
1935 1807 2076 1827 nomen.
2112 1792 2213 1828 Olim

1220 1847 1310 1878 bona
1332 1857 1410 1889 pars
1433 1845 1529 1889 ripae
1547 1847 1588 1878 ad
1607 1843 1773 1879 liberium
1799 1859 1814 1878 a
1833 1846 1936 1890 Spica
1957 1858 2066 1891 usque
2083 1847 2124 1878 ad
2143 1844 2213 1879 Co-

1219 1896 1350 1928 loniam
1376 1898 1567 1929 vocabatur
1590 1895 1760 1930 Franciae
1784 1895 1951 1931 Damius.
2009 1896 2214 1938 Moguntiae

1220 1948 1312 1980 euim
1324 1947 1498 1991 qui-spiam
1515 1960 1532 1979 e
1545 1948 1788 1982 vetustissimis
1801 1946 1960 1981 Ducibus
1977 1949 2134 1991 sepultus
2151 1954 2215 1988 est,

1220 1999 1276 2031 cui
1302 2010 1430 2031 nomen
1460 1997 1640 2042 stringas,
1673 2005 1705 2031 et
1728 1998 1936 2040 Cunrmlus,
1970 1999 2030 2043 qui
2055 1998 2216 2032 condidit

1221 2050 1391 2093 templum
1421 2049 1607 2093 Spirense,
1641 2062 1712 2082 uon
1743 2049 1866 2094 procul
1896 2062 1913 2083 a
1945 2049 2047 2094 Spita
2082 2049 2214 2091 regiam

1222 2099 1344 2133 babuit
1364 2100 1611 2145 Lympurgam.

1324 2151 1461 2194 Peperit
1479 2160 1594 2184 amem
1612 2160 1642 2185 et
1660 2150 1742 2185 baec
1768 2151 1867 2184 tertia
1887 2151 2052 2184 Francorx
2071 2163 2104 2183 m
2124 2157 2216 2184 actas

1224 2203 1481 2235 laudatissimus
1508 2202 1706 2247 Principes,
1753 2201 1944 2235 lleuricum
1979 2202 2216 2245 bambergen-

1223 2265 1312 2291 sem„
1341 2254 1400 2298 qui
1422 2254 1599 2297 Belgicum
1619 2254 1764 2297 recepit,
1792 2261 1820 2285 et
1844 2255 1975 2297 expulit
1997 2253 2092 2286 ltalia
2111 2253 2215 2287 Sara·

1223 2317 1343 2338 cenos:
1377 2305 1506 2337 ‹lt-iude
1531 2304 1717 2337 Com-aulus
1747 2305 1872 2349 recepit
1905 2303 2147 2347 liurguudiam
2183 2310 2217 2338 ct

1224 2370 1297 2388 eam
1324 2357 1461 2399 imperii
1491 2363 1641 2399 partem,
1678 2368 1781 2401 quam
1809 2363 1935 2389 xocant
1962 2356 2217 2393 Arelate—asem,

1223 2415 1251 2439 et
1270 2409 1402 2440 ‹loiimit
1425 2406 1623 2440 Pannonas.
1677 2406 1809 2439 l'osteri
1827 2407 1920 2444 eius,
1947 2407 2103 2440 artificiis
2122 2405 2217 2439 Pon-

1224 2459 1354 2491 tit'u-mu
1378 2458 1642 2495 lhunmmrum,
1672 2458 1831 2502 impliciti
1856 2466 1935 2491 suut
1960 2458 2124 2490 civilibus
2143 2457 2217 2489 bel-

1226 2510 1284 2546 lis,
1313 2513 1368 2541 sed
1390 2517 1505 2543 tamen
1525 2522 1577 2542 res
1603 2517 1785 2550 gesseruut
1807 2510 1986 2543 maximas.
2042 2507 2218 2541 llenricus

1225 2569 1370 2604 quartus
1396 2561 1533 2604 saepius
1558 2561 1630 2593 acie
1657 2560 1839 2593 dimicasse
1863 2560 2028 2592 scribitur
2053 2572 2158 2604 quarn
2179 2558 2218 2592 C.

1224 2612 1362 2647 (iau-sar.
1398 2612 1518 2644 l‘ostea
1535 2612 1684 2644 extincta
1706 2611 1812 2655 stirpe
1833 2609 1990 2650 Dm-um,
2020 2619 2136 2643 nostra
2154 2622 2219 2643 no-

1226 2663 1343 2695 bilitas
1361 2671 1392 2696 et
1409 2664 1576 2702 civitates,
1594 2676 1635 2696 ne
1652 2670 1811 2695 externos
1828 2662 1992 2695 ‹lotniuos
2009 2663 2219 2706 acciperent,

1198 2750 1200 2754 y
1226 2727 1312 2747 neve
1332 2715 1528 2749 libertatem
1545 2726 1642 2748 suam
1662 2713 1860 2747 amitterent
1875 2740 1883 2754 ,
1919 2726 2094 2746 sumntum
2115 2712 2219 2746 Prin-
