2338 2958
81 128 154 165 769

80 212 264 247 familiaris
294 210 370 245 fuit.
437 208 598 245 Caeteras
625 210 774 244 virtutes
799 211 876 244 sine
899 211 1067 255 pudicitia

79 263 210 297 similes
233 272 305 294 esse
329 258 496 304 pulchrae
517 267 671 300 statuae,
704 274 793 306 quae
817 269 932 295 tamen
956 262 1087 308 capite*

79 319 235 348 truncata
247 312 301 352 sit,
329 311 456 354 legitur
473 311 604 345 dictum
625 308 680 344 his
697 313 854 345 versibus
872 312 1084 347 redditumz'
1121 313 1241 347 labore
1262 315 1416 358 virgines
1441 323 1473 349 et
1495 319 1648 352 exercuit
1675 326 1707 353 et
1733 321 1873 355 erudiit.

129 365 168 396 L't
182 376 250 395 cum
267 365 303 394 de
321 372 415 394 statua
429 366 519 395 facies
534 368 666 395 formosa
684 373 796 395 remota
811 373 866 403 est,

177 415 247 447 Non
261 416 350 446 decus
367 418 398 445 in
416 418 532 457 reliquo
550 427 675 456 corpore
689 423 810 447 truncus
826 417 932 446 habet:

125 466 177 498 Sic
191 469 242 496 alii
258 478 354 497 mores
370 470 461 507 spreti
475 470 538 497 sine
555 468 669 497 honore
684 469 834 506 iacebunt,

176 518 216 548 N
232 520 290 548 sint
311 521 407 548 ornati
423 519 510 548 laude
532 519 703 558 pudicitiae.

74 565 146 599 Nos
167 579 250 599 vero
266 566 303 598 in
321 565 475 600 Ecclesia
494 566 688 599 manifestis
705 562 913 598 testimoniis
936 562 1065 596 erudiit

73 614 189 658 Deus,
216 629 359 661 prorsus
374 617 603 651 necessariam
620 627 691 649 esse
707 615 875 649 virtutem
894 614 931 645 in
949 613 1065 646 omni-

74 667 140 700 bus
157 668 348 702 castitatem
361 695 370 709 ‚
404 679 468 700 nec
485 667 622 711 placere
642 667 734 700 ullos
750 664 825 698 Deo
843 664 918 697 sine
935 675 990 697 ea:
1025 676 1064 697 ac

74 729 118 751 ne
134 730 234 762 posse
250 719 392 764 quidem
411 719 448 751 in
463 723 580 750 mente
598 716 797 761 impudica,
832 715 970 748 laxante
994 715 1064 748 fre-

74 780 159 802 num
176 769 358 803 obscoenis
375 767 637 812 cupiditatibus,
663 767 810 800 existere
830 766 972 799 caeteris
988 765 1062 798 vir-

74 826 183 858 tutes,
216 820 380 853 fiduciam
401 819 677 864 acquiescentem
696 818 734 851 in
747 816 843 855 Deo,
871 829 989 850 veram
1007 817 1064 849 in-

74 870 293 904 vocationem
326 876 358 903 et
383 869 608 902 dilectionem
633 867 712 902 Dei.
772 866 844 900 Nec
869 867 1063 912 praeceptis

72 927 231 962 tantum,
257 921 316 954 sed
342 920 447 954 etiam
469 917 703 953 horribilibus
727 919 850 964 poenis
873 918 1063 951 declaravit

70 968 167 1004 Deus
182 971 400 1005 voluntatem
418 982 517 1004 suam
536 968 599 1003 hac
616 972 658 1003 de
677 981 726 1010 re,
753 977 786 1003 et
803 969 954 1002 declarat
973 981 1063 1014 quo-

70 1021 171 1055 tidie.
226 1021 350 1055 Manet
369 1021 463 1055 enim
481 1022 549 1056 Dei
572 1021 744 1054 sententia
767 1020 928 1053 immota:
957 1019 1063 1053 Scor-

71 1078 200 1106 tatores
223 1079 256 1106 et
279 1072 457 1106 adulteros
488 1071 620 1105 iudicat
647 1071 755 1104 Deus:
789 1077 827 1103 ut
853 1071 889 1103 in
915 1070 1062 1111 diluvio,

71 1123 108 1156 in
125 1123 268 1157 excidiis
284 1122 539 1162 Sodomorum,
566 1119 792 1161 Thebarum,
820 1120 967 1161 Troiae,
995 1120 1062 1166 Sy-

70 1174 183 1215 baris,
209 1181 242 1207 et
260 1173 408 1206 aliarum
434 1172 748 1205 innumerabilium
775 1171 917 1204 urbium
943 1178 1061 1204 osten-

68 1224 132 1257 dit.
183 1222 274 1258 Cum
296 1223 405 1266 igitur
427 1223 646 1256 voluntatem
666 1221 733 1256 Dei
758 1229 876 1255 nosset
893 1221 1061 1265 Princeps

67 1281 205 1315 noster,
231 1287 270 1307 ac
287 1275 390 1307 sciret
406 1272 520 1306 Deum
538 1280 691 1306 mentem
708 1279 835 1306 castam
852 1283 942 1313 esse,
969 1280 1003 1306 et
1024 1274 1061 1305 in

68 1325 276 1370 quotidiana
293 1324 515 1357 invocatione
539 1324 589 1357 sic
610 1324 884 1356 discernendum
906 1335 978 1356 esse
1001 1336 1060 1356 ve-

69 1387 148 1409 rum
167 1375 285 1408 Deum
302 1387 320 1408 a
333 1374 436 1407 malis
452 1374 654 1418 spiritibus,
688 1381 727 1406 ut
751 1371 846 1407 hunc
870 1375 1061 1416 cogitemus

70 1436 142 1459 esse
167 1423 302 1466 Deum,
336 1436 453 1458 rerum
479 1425 716 1462 conditorem,
751 1423 812 1468 qui
836 1435 871 1456 se
898 1425 1061 1467 patefecit

68 1476 174 1509 misso
191 1475 274 1516 filio,
302 1482 334 1509 et
352 1482 402 1509 est
419 1475 543 1514 iustus,
571 1486 686 1514 verax,
713 1474 901 1512 beneficus,
930 1482 1058 1508 castus:

66 1527 116 1561 ita
133 1537 248 1559 mores
264 1526 374 1567 rexit,
399 1532 438 1559 ut
456 1526 498 1558 ad
517 1525 675 1568 regulam
692 1531 888 1566 aeternam,
916 1537 1005 1570 quae
1022 1526 1058 1558 in

66 1584 183 1610 mente
198 1576 319 1610 divina
335 1577 524 1610 castitatem
542 1575 674 1615 sancit,
709 1582 961 1618 congruerent,
994 1588 1059 1609 nec

67 1628 144 1661 labe
161 1627 232 1661 ulla
253 1638 412 1672 unquam
430 1627 474 1659 ab
492 1639 529 1659 ea
548 1625 684 1659 castitas
702 1626 829 1658 violata
847 1626 903 1659 sit.
958 1626 1060 1660 Sem-

67 1690 130 1723 per
154 1685 187 1712 et
202 1676 317 1711 Deum
342 1688 429 1722 pura
455 1683 487 1710 et
512 1676 696 1721 impolluta
721 1676 932 1710 conscientia
955 1677 1059 1710 invo-

67 1729 157 1763 cavit
169 1756 177 1769 ‚
205 1735 239 1762 et
255 1729 360 1762 unico
377 1727 517 1771 coniugi
536 1739 598 1761 suo
615 1738 741 1771 corpus
757 1728 910 1762 servavit
925 1734 1057 1761 castum

66 1787 100 1813 et
122 1786 292 1814 sanctum.

169 1829 302 1871 Blagna
324 1839 406 1861 cura
431 1827 570 1865 oculos,
599 1827 776 1869 linguam,
802 1833 917 1868 gestus
937 1839 1058 1860 omnes

68 1881 115 1914 ita
141 1878 372 1923 gubernavit,
413 1885 452 1912 ut
484 1885 596 1911 castae
620 1877 750 1910 mentis
774 1878 871 1920 signa
900 1879 1056 1924 conspici

66 1937 220 1976 possent.
273 1928 318 1963 Et
340 1936 377 1962 ut
392 1927 548 1962 honestis
566 1928 725 1971 exemplo
743 1935 830 1961 esset
845 1929 886 1960 ad
905 1929 1057 1969 graxita-

66 1988 136 2016 tem
153 1981 340 2020 tuendam,
366 1992 438 2012 non
461 1979 552 2012 oculi
578 1985 753 2016 errantes,
786 1991 857 2011 non
882 1979 977 2012 locus
1001 1980 1056 2012 in-

65 2033 194 2075 dignus
219 2038 398 2069 matrona,
430 2042 501 2062 non
528 2029 693 2067 fabellae,
726 2040 798 2060 non
824 2035 938 2071 gestus
962 2030 1055 2062 ullus

66 2083 213 2117 liberior
230 2082 266 2115 in
285 2093 322 2114 ea
339 2079 570 2114 animadverti
599 2079 723 2122 potuit.
778 2077 822 2112 Et
846 2080 1052 2121 gravitatem

65 2131 557 2178 sanctitatemqueDominae,
584 2136 676 2163 totus
693 2136 808 2162 coetus
828 2130 863 2162 in
879 2142 1052 2175 gynaeceo

66 2185 281 2218 imitabatur.
342 2182 421 2216 Non
441 2181 490 2214 ibi
511 2181 626 2214 ocium
653 2180 848 2223 voluptates
871 2181 1054 2223 invitabat,

66 2247 139 2268 non
157 2234 435 2268 admittebantur
456 2232 618 2265 illecebra
643 2231 895 2274 cupiditatum,
933 2232 1053 2266 lectio-

66 2297 128 2319 nes
152 2292 211 2318 aut
233 2285 443 2323 cantilenae,
470 2290 527 2316 aut
543 2294 722 2315 sermones
742 2282 805 2314 ulli
830 2282 937 2325 magis
953 2283 1051 2317 faceti

66 2343 126 2370 aut
143 2335 245 2375 belli,
267 2347 372 2379 quam
388 2334 449 2379 qui
467 2335 590 2366 decent
607 2333 827 2375 gravissimas
851 2341 883 2366 et
906 2335 1053 2368 sanctis-

64 2388 170 2421 simas
207 2393 397 2419 matronas.
458 2383 526 2417 Sed
565 2383 801 2417 distribuebat
836 2382 988 2418 Domina
1021 2394 1054 2421 et

64 2449 188 2482 operas
213 2444 246 2470 et
273 2436 513 2480 precationum
535 2445 573 2467 ac
595 2434 785 2467 lectionum
809 2442 981 2478 tempora:
1015 2444 1055 2471 ut

64 2486 180 2523 adhuc
197 2498 421 2532 gynaeceum,
447 2485 521 2528 piae
536 2484 715 2517 doctrinae
732 2491 764 2518 et
781 2485 922 2518 virtutis
937 2484 1054 2521 schola

65 2546 126 2574 est.
193 2537 264 2572 Nec
295 2544 431 2571 tantum
458 2537 499 2569 ad
526 2535 640 2568 colum
667 2542 699 2568 et
726 2537 768 2567 ad
797 2548 877 2568 acus
903 2537 1054 2572 assidere

65 2589 199 2634 puellas
216 2589 347 2629 voluit,
379 2588 439 2621 sed
463 2588 504 2620 ad
532 2587 682 2619 duarum
707 2598 823 2619 rerum
846 2588 1056 2631 doctrinam,

65 2652 171 2685 quam
189 2639 260 2683 ipsa
277 2640 432 2677 colebat,
460 2648 516 2671 eas
533 2636 739 2670 adsuefecit:
767 2638 878 2680 coegit
903 2645 942 2671 ut
963 2640 1056 2683 lege-

65 2697 144 2724 rent
184 2690 294 2723 libros
324 2687 549 2734 propheticos
577 2694 609 2720 et
643 2687 872 2731 apostolicos,
917 2696 950 2723 et
988 2691 1055 2725 alia

120 2740 306 2775 Mtraxrit.
335 2743 438 2773 Orza.
466 2742 548 2771 Vot.
577 2740 637 2770 xl.

615 122 778 160 DECL.
813 124 888 161 DE
921 123 1251 162 DOROTIIEA
1286 128 1573 167 PRINCIPE.

1083 1452 1090 1548 Ι

2039 138 2112 173 770

1122 213 1249 257 scripta
1269 215 1426 248 moribus
1442 222 1474 249 et
1491 216 1610 260 pietati
1629 217 1741 254 utilia.
1783 217 1942 266 Cumque
1959 225 2110 258 remedia

1121 265 1229 297 multa
1247 264 1318 297 fere
1334 272 1407 298 toto
1425 267 1507 298 anni
1525 274 1682 312 tempore
1699 270 1895 314 adpararet,
1922 274 2110 318 multiplici

1929 324 2109 366 Quantam
2148 346 2152 349 ·

1119 364 1212 396 enim
1239 365 1397 398 laborum
1418 367 1620 401 varietatem
1646 369 1682 402 in
1706 372 1918 415 apparandis
1944 376 2108 408 remediis

1118 426 1190 447 esse
1214 427 1353 448 necesse
1379 416 1440 456 sit,
1482 429 1554 450 non
1577 419 1763 453 obscurum
1790 431 1849 458 est.
1921 422 1973 457 Ac
2001 426 2107 459 simul

1119 465 1244 508 puellis
1257 490 1265 504 ‚
1292 477 1409 499 rerum
1428 476 1569 501 naturas
1585 476 1617 502 et
1632 481 1734 503 usum
1750 474 1986 508 remediorum
2003 489 2106 510 mon-

1116 516 1269 556 strabat,
1297 528 1422 562 easque
1439 518 1481 550 ad
1503 518 1658 551 laborem
1687 521 1757 564 ipsa
1782 524 1962 558 doctrinae
1988 528 2106 560 suavi-

1117 573 1186 600 tate
1203 566 1388 602 invitabat.
1443 568 1540 610 Quid
1560 570 1602 602 de
1619 567 1730 604 liortis
1748 573 1878 614 dicam,
1913 576 1949 608 in
1977 579 2106 622 quibus

1117 617 1182 660 ipsi
1202 617 1305 650 flores
1324 618 1441 661 lugere
1459 619 1645 652 Dominam
1672 634 1765 655 nunc
1789 624 1980 659 videntur?
2031 627 2105 662 Hos

1116 665 1241 701 habuit
1256 669 1291 700 in
1315 666 1377 701 hac
1397 667 1526 703 Arctoa
1543 677 1575 703 et
1592 671 1716 713 frigida
1737 674 1877 716 regione
1900 689 1970 709 non
1989 679 2105 712 minus

1116 730 1303 758 amoenos,
1332 731 1434 764 quani
1454 719 1595 754 Alcinoi
1621 719 1741 755 hortos
1764 724 1870 758 fuisse
1895 735 2011 760 narrat
2030 727 2106 762 Ho-

1115 781 1242 802 merus.
1278 768 1439 815 Cumque
1457 772 1646 815 conquisiti
1666 781 1779 807 essent
1795 787 1920 818 magna
1938 779 2103 813 varietate

1115 820 1310 853 salubrium
1329 818 1528 862 herbarum,
1546 822 1754 857 colebantur
1769 837 1787 858 a
1806 826 2013 869 virginibus,
2030 842 2104 862 non

1116 878 1260 914 propter
1275 871 1431 915 corporis
1447 873 1642 916 voluptates
1654 901 1662 914 ‚
1689 876 1746 907 sed
1765 882 1803 909 ut
1817 873 1963 912 honesto
1982 880 2103 913 labore

1115 929 1374 962 exercerentur,
1408 934 1446 955 ac
1470 923 1572 956 simul
1591 931 1750 958 naturam
1771 939 1887 960 rerum
1902 931 2104 963 considera-

1115 979 1208 1012 rent,
1236 979 1267 1006 et
1285 973 1394 1006 multa
1418 975 1572 1007 remedia
1595 975 1781 1010 discerent.
1847 978 1885 1011 ln
1910 977 1964 1012 liis
1993 979 2103 1015 hortis

1115 1029 1148 1055 et
1167 1023 1319 1056 Domina
1337 1030 1370 1056 et
1387 1023 1540 1065 virgines
1558 1025 1654 1058 velut
1670 1025 1839 1068 Na'iades,
1870 1031 1954 1062 dum
1971 1038 2029 1065 aut
2048 1044 2104 1065 se-

1114 1073 1208 1105 mina
1229 1079 1340 1106 terrae
1359 1077 1540 1115 mandant,
1567 1082 1626 1108 aut
1643 1076 1816 1110 sitientem
1838 1086 1963 1113 terram
1979 1082 2103 1125 rigant,

1115 1130 1174 1156 aut
1198 1123 1335 1166 plantas
1356 1122 1457 1157 humi
1480 1133 1657 1168 serpentes
1679 1128 1838 1170 erigunt,
1884 1131 2006 1165 laudes
2032 1133 2102 1166 Dei

1114 1174 1307 1207 conditoris
1325 1172 1429 1207 huius
1453 1174 1707 1219 pulcherrimae
1733 1186 1877 1214 naturae
1901 1194 2016 1216 rerum
2045 1197 2104 1217 ca-

1113 1231 1214 1257 nunt.
1268 1223 1364 1257 Haec
1384 1223 1529 1259 honesta
1548 1228 1729 1266 exercitia,
1757 1231 1858 1274 plena
1883 1234 2104 1276 eruditionis,

1112 1275 1336 1319 disciplinam
1355 1287 1427 1308 esse
1443 1288 1520 1309 cum
1537 1277 1684 1310 aliarum
1703 1279 1874 1315 virtutum
1900 1284 2104 1326 multarum,

1112 1332 1186 1358 tum
1206 1337 1288 1358 vero
1305 1326 1470 1360 castitatis
1488 1326 1706 1370 (praesertim
1726 1342 1803 1363 cum
1825 1334 1955 1366 accedit
1973 1335 2104 1368 doctri-

1114 1387 1157 1408 na
1176 1376 1219 1408 de
1235 1376 1286 1408 ira
1305 1375 1390 1416 Dei,
1418 1384 1450 1410 et
1469 1378 1511 1410 de
1529 1379 1650 1421 poenis
1667 1387 1760 1413 certo
1779 1383 2027 1418 comitantibus
2046 1386 2102 1419 in-

1112 1426 1336 1470 quinationes
1361 1429 1568 1473 corporum)
1593 1438 1867 1465 consentaneum
1901 1441 1958 1470 est.
2030 1436 2101 1470 Sed

1111 1477 1251 1510 accessit
1268 1484 1301 1511 et
1316 1477 1382 1510 alia
1402 1478 1523 1518 νίτευε,
1550 1480 1719 1513 modestia
1738 1482 1911 1525 videlicet,
1935 1497 1994 1521 seu
2013 1493 2102 1520 tem-

1112 1527 1289 1570 perantia,
1332 1540 1436 1575 quam
1462 1528 1593 1562 Paulus
1616 1531 1775 1575 adiungit
1798 1536 1960 1577 caeteris,
2001 1537 2038 1570 in
2061 1550 2100 1571 eo

1111 1577 1226 1618 dicto,
1253 1579 1344 1623 quod
1364 1591 1467 1622 supra
1485 1580 1719 1617 recitavimus,
1768 1583 1964 1619 Multarum
1991 1590 2100 1621 maxi-

1111 1640 1248 1661 marum
1267 1629 1436 1661 virtutum
1455 1630 1573 1663 nutrix
1591 1639 1639 1664 est
1654 1636 1882 1676 temperantia
1902 1637 1937 1669 in
1959 1638 2036 1671 cibo
2062 1651 2100 1672 ac

1112 1685 1215 1722 potu,
1244 1678 1474 1712 Verissimum
1496 1688 1543 1713 est
1561 1682 1653 1714 enim
1671 1686 1764 1727 quod
1787 1686 1933 1720 dicitur:

1215 1734 1298 1769 Quin
1311 1744 1418 1772 corpus
1437 1741 1589 1771 onustum,

1162 1782 1314 1811 Hesteruis
1330 1786 1410 1813 vitiis
1425 1787 1558 1813 animuin
1577 1797 1696 1825 quoque
1712 1797 1880 1827 praegravat
1900 1792 2008 1829 ipsum,

1161 1833 1266 1873 Atque
1283 1836 1391 1873 affligit
1407 1835 1491 1863 humi
1508 1836 1626 1864 divinae
1642 1840 1817 1876 particulam
1835 1850 1932 1873 aurae.

1108 1879 1196 1915 Cum
1217 1888 1332 1915 autem
1352 1883 1448 1915 sedes
1464 1883 1523 1915 illa
1542 1884 1714 1918 divinitus
1730 1889 1870 1921 condita
1894 1891 1937 1922 ad
1965 1891 2097 1933 cogita—

1109 1932 1240 1965 tionem
1262 1933 1304 1964 de
1323 1933 1427 1965 rebus
1441 1933 1592 1975 divinis,
1619 1945 1800 1979 quassatur
1822 1940 1938 1973 densis
1964 1948 1995 1974 et
2022 1949 2098 1975 tur-

1108 1982 1198 2015 bidis
1218 1980 1388 2016 halitibus
1407 1996 1424 2015 a
1443 1984 1521 2017 cibo
1540 1992 1571 2017 et
1592 1993 1674 2029 potu
1694 1988 1798 2025 ortis,
1832 1997 1864 2022 et
1883 1992 2022 2034 crapula
2041 2005 2095 2026 as-

1107 2032 1242 2065 siduam
1261 2033 1466 2075 vertiginem
1491 2036 1609 2075 efficit,
1646 2037 1807 2081 impediri
1835 2048 1867 2073 et
1893 2041 2096 2084 languefieri

1107 2082 1340 2116 intentionem
1355 2085 1501 2125 mentis,
1531 2086 1566 2118 in
1587 2088 1796 2129 cogitatione
1811 2091 1853 2122 de
1871 2090 1945 2124 Deo
1963 2100 1993 2126 et
2016 2106 2096 2137 pre-

1107 2133 1262 2174 catione,
1289 2134 1510 2169 manifestum
1528 2143 1587 2169 est.
1643 2137 1762 2180 Quare
1783 2142 1824 2173 ad
1852 2154 1966 2175 veram
1993 2144 2095 2178 invo-

1106 2184 1279 2217 cationem
1297 2182 1362 2217 Dei
1381 2187 1572 2220 necessaria
1590 2194 1640 2220 est
1657 2192 1898 2233 temperantia.
1957 2192 2095 2229 Deinde

1107 2242 1139 2267 et
1163 2235 1205 2267 ad
1231 2235 1423 2268 castitatem
1448 2243 1480 2269 et
1502 2238 1544 2269 ad
1565 2240 1842 2274 moderationem
1870 2243 1904 2275 in
1931 2245 2094 2280 omnibus

1106 2285 1302 2318 actionibus
1322 2288 1482 2329 prodest,
1509 2295 1546 2320 ut
1562 2301 1683 2322 omnes
1703 2292 1778 2323 sani
1796 2299 1976 2328 testantur.
2026 2295 2096 2330 Ita-

1107 2348 1174 2380 que
1199 2348 1277 2368 cum
1310 2343 1433 2369 natura
1462 2345 1660 2381 temperans
1694 2348 1799 2380 esset,
1840 2347 2095 2380 consuetudine

1107 2387 1230 2426 etiam,
1258 2398 1345 2430 quac
1366 2387 1402 2419 in
1422 2388 1544 2430 primis
1562 2389 1597 2421 in
1617 2402 1656 2423 eo
1676 2402 1800 2434 genere
1820 2395 1969 2429 multum
1995 2398 2095 2437 valet,

1108 2437 1316 2481 perfecerat,
1345 2444 1383 2471 ut
1402 2439 1538 2472 modico
1556 2440 1633 2473 cibo
1652 2448 1684 2474 et
1702 2450 1785 2485 potu
1803 2451 1964 2480 contenta
1989 2455 2093 2481 esset:

1108 2500 1170 2521 nec
1192 2488 1374 2527 laborum,
1395 2489 1592 2523 studiorum
1609 2503 1648 2524 ac
1671 2494 1912 2536 precationum
1938 2504 2094 2541 tempora

1108 2539 1333 2582 impendebat
1351 2539 1536 2579 conviviis,
1565 2553 1626 2575 nec
1645 2543 1831 2586 splendore
1849 2547 2093 2581 conviviorum

1108 2596 1168 2622 ant
1194 2589 1342 2622 vestium
1370 2591 1537 2624 excellere
1561 2594 1741 2634 studebat,
1778 2598 1936 2640 quamvis
1961 2599 2094 2641 precio-

1109 2652 1162 2673 sas
1188 2646 1299 2673 vestes
1323 2640 1492 2683 plurimas
1515 2639 1668 2678 liaberet.
1720 2646 1788 2679 Sed
1808 2647 1946 2680 dolebat
1967 2649 2093 2691 potius,

1111 2689 1236 2723 barum
1260 2703 1377 2724 reruni
1399 2704 1479 2725 cura
1508 2692 1544 2725 in
1569 2695 1734 2729 omnibus
1755 2697 1843 2729 aulis
1867 2698 1932 2730 alia
1958 2700 2094 2742 negotia

1508 2743 1557 2776 49
