2338 2958
106 118 180 154 695

705 114 863 154 DECL.
897 114 971 152 DE
1003 113 1185 152 DICTO
1218 113 1401 152 Mosts
1436 125 1517 152 mc.

2051 127 2123 164 694

106 204 143 236 in
161 201 275 246 aliqua
301 206 396 244 parte
418 211 515 233 meus
537 200 639 235 labor
664 198 840 235 Ecclesiae
863 201 930 235 Dei
950 202 1087 240 serviat,
1110 202 1115 230 Ι
1137 207 1211 234 orat
1222 199 1360 234 Patrem
1379 208 1575 236 aeternum:
1600 202 1714 245 Pater,
1735 216 1832 240 serva
1850 219 1908 241 eos
1924 208 1961 241 in
1977 212 2120 246 nomine

105 253 213 285 immo
231 250 406 294 proposita
425 248 511 283 mihi
528 262 599 284 esse
624 251 747 285 acerba
763 252 862 292 odia,
898 251 1086 285 certamina

105 309 138 335 et
153 300 305 345 pericula
322 299 436 335 video.

201 356 283 391 Non
309 357 355 390 ita
378 368 454 391 sum
478 358 575 391 rudis
599 365 631 393 et
651 359 792 402 ignarus
809 359 900 392 vitae
923 370 1085 392 commu-

101 407 174 448 nis,
198 414 238 441 ut
262 407 412 441 nesciam
438 408 523 453 quid
549 406 710 442 homines
735 409 854 453 impii,
880 408 1084 453 praesertim

99 464 276 503 potentes,
308 469 457 503 quorum
481 469 628 502 magnus
650 466 699 492 est
720 470 908 499 numerus,
942 460 985 493 de
1009 465 1082 492 toto

98 505 167 541 hoc
185 508 379 541 ministerio
395 508 555 541 sentiant.
607 507 744 542 Deinde
761 506 827 542 hoc
844 515 1017 552 tempore,
1044 509 1082 541 in

98 555 154 590 his
177 558 330 591 dissidiis
355 556 548 597 Ecclesiae,
574 559 765 591 maioribus
789 558 953 602 periculis
971 566 1004 592 et
1024 570 1081 590 ae-

97 609 235 641 rumnis
253 608 401 641 exerceri
417 608 666 651 gubernatores
680 609 902 641 manifestum
920 615 986 642 est:
1010 608 1080 641 scio

98 657 206 701 igitur
221 670 276 690 me
293 659 334 691 ad
354 658 506 698 labores,
533 669 652 698 curas,
677 658 933 691 sollicitudines
955 665 987 691 et
1005 670 1081 691 cer-

96 708 229 741 tamina
255 708 309 751 (ut
324 708 464 752 quidem
483 708 596 740 indies
618 706 797 753 experior)
815 715 973 742 vocatum
998 720 1080 750 esse,

96 770 185 802 quae
208 764 247 791 ut
271 758 440 801 gubernet
457 757 550 791 filius
565 756 631 791 Dei
645 756 821 792 Dominus
844 765 963 792 noster
984 758 1079 792 Iesus

96 805 276 847 Christus,
301 820 375 841 oro.

197 864 272 908 Ego
306 873 397 899 certe
429 863 653 908 cohorresco‚
695 867 819 901 ordine
853 867 1078 901 considerans

93 923 208 960 partes
225 917 292 948 mei
308 916 425 949 officii.

191 973 360 1007 Doctrina
378 974 532 1018 primum
550 973 768 1017 inspicienda
785 981 834 1007 est
851 975 887 1007 in
906 972 972 1008 hoc
990 981 1078 1008 tem-

92 1023 152 1067 plo
171 1030 202 1056 et
220 1024 384 1057 omnibus
403 1025 499 1064 locis,
526 1035 675 1068 qnorum
692 1024 861 1067 inspectio
876 1022 964 1057 mihi
982 1037 1077 1057 com-

90 1074 254 1107 mendata
276 1081 342 1115 est,
368 1086 443 1108 mea
469 1074 571 1107 etiam
588 1085 672 1106 voce
690 1074 865 1107 declarare
887 1087 942 1108 me
958 1087 1075 1108 coram

91 1123 192 1156 vobis
216 1131 249 1158 et
275 1131 348 1157 tota
372 1122 525 1157 Ecclesia
553 1130 709 1166 oportet,
737 1124 821 1168 quid
847 1125 1010 1166 sentiam,
1037 1131 1076 1157 ut

91 1173 207 1207 sciatis
224 1186 277 1207 me
295 1187 417 1218 puram
435 1173 621 1216 Evangelii
637 1174 835 1207 doctrinam
853 1175 896 1207 de
918 1175 990 1207 filio
1008 1173 1074 1207 Dei

89 1221 245 1257 Domino
260 1231 379 1258 nostro
399 1224 476 1258 Iesu
493 1221 633 1258 Christo
657 1224 832 1267 profiteri,
859 1231 891 1258 et
912 1225 1074 1257 defensu-

91 1285 171 1307 rum
191 1285 276 1309 esse.

192 1330 330 1364 Deinde
367 1330 582 1363 ceremoniae
617 1329 660 1362 ad
694 1328 878 1375 Evangelii
912 1343 1072 1365 normam

90 1381 262 1424 regendae
286 1388 385 1419 sunt,
412 1380 620 1413 emendandi
643 1380 760 1414 vitiosi
783 1383 913 1423 cultus,
938 1389 971 1415 et
992 1394 1074 1426 pro-

89 1432 252 1475 ponenda
271 1442 352 1464 vera
370 1429 435 1463 Dei
452 1430 636 1463 invocatio.

192 1488 315 1522 Postea
349 1489 476 1532 gradus
511 1495 542 1522 et
571 1488 713 1521 ordines
745 1486 930 1522 hominum
957 1489 1073 1523 consi-

90 1540 248 1573 derandi.

189 1597 347 1631 Primum
370 1598 492 1629 fratres
515 1596 651 1639 collegii
675 1597 787 1630 nostri
806 1597 847 1629 ad
866 1609 967 1630 verae
991 1610 1072 1641 pro-

88 1648 249 1681 fessionis
277 1654 309 1680 et
335 1647 375 1679 ad
402 1647 561 1679 omnium
584 1658 742 1679 meorum
768 1646 995 1681 consiliorum
1015 1659 1072 1681 so—

88 1698 245 1731 cietatem
264 1697 452 1739 adiungere
469 1696 584 1739 cupio.

191 1756 311 1790 Postea
330 1756 433 1788 etiam
449 1766 562 1787 mores
580 1755 721 1798 populi,
748 1755 954 1798 disciplinae
975 1767 1071 1788 seve-

88 1807 190 1840 ritate
214 1807 256 1838 ad
281 1806 441 1849 pietatem
466 1811 498 1838 et
520 1805 725 1838 modestiam
750 1805 937 1837 revocandi
960 1811 992 1838 et
1009 1805 1069 1837 sse-

88 1857 204 1889 ctendi
225 1863 317 1890 sunt.

186 1912 262 1947 Etsi
285 1919 399 1946 autem
423 1911 578 1955 singulae
598 1917 710 1954 partes
736 1911 858 1954 plenae
881 1918 961 1945 sunt
978 1912 1069 1944 diffi-

86 1965 275 2003 cultatum,
300 1970 417 1996 tamen
440 1963 466 1994 si
488 1962 634 1995 fratrum
658 1961 794 2003 collegii
817 1962 926 1994 nostri
944 1963 1069 1995 volun-

87 2022 174 2048 tates
190 2025 323 2046 mecnm
342 2018 544 2053 congruent,
569 2018 600 2044 et
616 2012 659 2043 ab
676 2011 724 2043 eis
741 2011 944 2050 adiuvabor,
967 2024 1068 2056 spero

87 2072 238 2098 caeteras
255 2063 362 2097 officit
378 2069 490 2106 partes
507 2062 679 2094 faciliores
695 2061 779 2095 sore.

186 2129 287 2164 Certe
304 2129 385 2161 inde
402 2139 512 2173 nsque
534 2128 576 2160 ab
596 2127 696 2159 initio
714 2127 858 2159 summis
881 2128 1068 2161 sacerdoti-

86 2183 152 2215 bus
171 2181 213 2213 ad
233 2179 495 2213 tabernaculum
520 2178 555 2209 in
575 2177 699 2216 lsrael,
727 2183 758 2209 et
782 2184 898 2220 postea
923 2175 1067 2221 Episco-

86 2232 159 2275 pis,
192 2231 353 2263 adiuncta
380 2230 523 2262 suerunt
546 2227 708 2269 collegia,
743 2227 823 2271 qnia
849 2239 938 2260 unns
962 2225 1067 2262 homo

87 2280 376 2325 gubernationem
399 2278 570 2311 sustinere
594 2289 666 2310 non
690 2285 819 2321 potest,
849 2279 906 2310 sed
931 2290 1066 2312 necesse

87 2338 138 2365 est
162 2342 240 2363 eum
265 2327 393 2362 habere
422 2328 589 2361 Senatum
617 2328 789 2372 aliquem,
823 2334 855 2360 et
880 2328 1067 2370 adiutores,

86 2392 238 2427 quorum
267 2391 344 2413 cum
372 2379 568 2411 voluntates
592 2384 624 2411 et
653 2378 842 2411 sententiae
869 2378 904 2409 in
935 2380 1068 2422 profes-

87 2432 185 2465 sione
207 2441 309 2462 verae
335 2429 515 2462 doctrinae
542 2434 756 2470 congruunt,
790 2425 964 2462 Ecclesiae
987 2437 1067 2463 sunt

85 2481 345 2519 foelicissimae,
372 2486 410 2511 ut
426 2477 584 2511 Psalmus
608 2484 742 2510 monet:
775 2475 864 2511 Ecce
882 2491 984 2522 quam
1003 2480 1067 2513 bo„

87 2543 172 2564 num
190 2538 222 2564 et
241 2542 344 2576 quam
365 2529 556 2562 iucundum
575 2525 730 2560 habitare
745 2528 867 2560 fratres
888 2529 924 2561 in
947 2541 1067 2564 unum.

188 2594 240 2629 De
262 2594 328 2630 hoc
352 2605 523 2629 consensu
549 2593 640 2626 filius
664 2592 731 2626 Dei
751 2591 928 2626 Dominus
950 2602 1067 2628 noster

87 2647 182 2680 Iesus
197 2643 357 2680 Christus
372 2646 409 2679 in
425 2651 598 2690 postremo
614 2654 723 2686 agone
739 2654 801 2676 suo
820 2650 900 2677 ante
919 2653 1065 2679 mortem

1136 256 1208 289 tuo,
1236 263 1322 294 qnos
1340 252 1465 285 dedisti
1483 251 1582 292 mihi,
1609 261 1646 287 ut
1662 267 1774 288 unum
1795 257 1874 298 sint,
1902 258 1990 293 sicut
2004 267 2035 293 et
2054 274 2118 295 nos

1135 312 1245 333 unum
1262 312 1392 336 sumus.
1446 301 1485 334 ld
1504 310 1570 343 est,
1598 304 1749 347 primum
1775 307 1951 341 coniuncti
1977 309 2044 342 sint
2064 318 2116 344 te-

1134 361 1212 382 cum
1232 350 1268 382 in
1287 361 1387 383 verae
1409 351 1588 385 doctrinae
1606 355 1784 396 agnitione
1811 363 1843 390 et
1867 369 1948 391 vera
1974 359 2115 394 invoca-

1133 400 1249 438 tione,
1274 400 1402 432 deinde
1423 400 1515 433 inter
1534 413 1569 434 se
1587 403 1658 436 sint
1676 407 1876 441 concordes.

1233 448 1335 482 Hanc
1352 450 1635 484 coniunctionem
1651 454 1787 487 utinam
1805 463 1837 490 et
1851 456 1943 490 inter
1959 469 2023 491 nos
2039 460 2114 491 effi-

1132 498 1199 533 ciat
1223 498 1318 532 Deus
1345 506 1379 533 et
1405 506 1566 534 aeternus
1599 501 1702 535 Pater
1732 502 1875 538 Domini
1899 508 2010 540 nostri
2036 508 2112 542 Iesu

1131 547 1274 583 Christi.

1232 598 1284 632 Ac
1300 610 1361 641 ego
1380 599 1521 643 quidem
1540 599 1640 633 vobis
1659 601 1824 636 fratribus
1845 606 1980 648 collegii
2002 611 2112 642 nostri

1130 650 1247 682 defero
1271 649 1438 682 sinceram
1470 650 1767 692 benevolentiam,
1804 661 1835 687 et
1866 656 2035 697 polliceor
2058 671 2111 692 me

1129 700 1364 742 perfecturum
1382 699 1477 731 omni
1493 699 1629 740 studio,
1657 707 1695 733 ut
1720 702 1812 744 piam
1837 704 1928 737 inter
1946 718 2007 739 nos
2027 720 2110 740 con—

1129 750 1282 782 cordiam
1303 756 1335 782 et
1353 749 1562 782 constituam
1587 756 1621 783 et
1640 756 1747 786 tuear.
1800 752 1869 786 Sed
1893 767 1954 788 vos
1971 769 2110 801 quoque

1129 811 1190 832 oro
1216 806 1247 832 et
1271 800 1425 832 obtestor
1447 805 1588 843 propter
1605 798 1798 834 Dominum
1818 811 1976 837 nostrum
1996 805 2109 840 Iesum

1127 847 1328 889 Christum,
1359 855 1397 882 ut
1427 856 1460 882 et
1485 855 1613 882 vestras
1639 858 1770 884 mentes
1801 853 1842 885 ad
1872 854 2018 896 gloriam
2043 855 2109 889 Dei

1129 899 1391 939 illustrandam,
1417 900 1458 931 ad
1486 906 1633 932 vestram
1659 907 1691 933 et
1710 913 1930 936 communem
1951 907 2108 943 salutem,

1127 950 1216 982 etad
1235 947 1324 982 hanc
1342 949 1563 981 concordiam
1581 949 1672 981 inter
1689 962 1772 989 nos,
1800 953 1955 989 flectatis.
2002 956 2107 998 Quod

1126 999 1155 1032 si
1171 999 1314 1038 facietis,
1331 1006 1363 1031 et
1375 997 1449 1031 Deo
1468 1005 1602 1040 gratum
1620 999 1772 1032 osficium
1789 1002 1932 1043 facietis,
1948 1012 1980 1038 et
1997 1013 2108 1039 aeter-

1126 1060 1191 1081 nae
1207 1049 1298 1081 vitae
1315 1048 1460 1091 gloriam
1477 1050 1695 1081 consecuturi
1714 1051 1794 1082 estis
1806 1078 1814 1091 ,
1843 1059 1873 1085 et
1891 1050 1981 1086 hanc
1998 1061 2105 1088 totam

1125 1099 1303 1141 regionem
1329 1105 1361 1131 et
1390 1098 1536 1141 patriam
1552 1105 1698 1130 vestram
1722 1101 1856 1143 magnis
1884 1103 1985 1136 bonis
2003 1117 2107 1138 orna-

1125 1148 1217 1182 bitis.
1268 1147 1357 1181 Nam
1376 1148 1559 1180 constituta
1577 1155 1694 1181 nostra
1712 1152 1910 1190 concordia,
1935 1154 1998 1186 erit
2016 1163 2106 1188 certa

1124 1198 1303 1231 doctrinae
1343 1204 1376 1230 et
1411 1197 1622 1230 iudiciorum
1660 1199 1969 1235 ecclesiasticorum
2001 1207 2107 1243 sedes,

1125 1248 1226 1282 etiam
1263 1249 1304 1280 ad
1340 1247 1586 1291 posteritatem.
1648 1248 1753 1289 Quod
1790 1251 1922 1285 bonum
1959 1255 2107 1287 maxime

1125 1305 1246 1342 optant
1263 1304 1297 1330 et
1322 1303 1487 1340 expetunt
1503 1308 1623 1329 omnes
1643 1300 1832 1341 prudentes
1852 1309 1885 1335 et
1908 1303 1956 1345 pii
1983 1304 2019 1336 iu
2043 1303 2106 1337 hac

1125 1355 1196 1382 tota
1213 1348 1354 1390 regione
1372 1353 1498 1379 nostra.

1225 1396 1271 1431 Ut
1289 1404 1401 1430 autem
1425 1397 1503 1430 talis
1520 1396 1613 1430 inter
1631 1409 1694 1430 nos
1713 1401 1897 1434 concordia
1916 1404 2105 1437 constitua-

1124 1455 1199 1487 tur,
1227 1459 1244 1479 a
1261 1446 1335 1480 Deo
1353 1458 1416 1479 nos
1438 1447 1548 1479 ordiri
1568 1454 1715 1491 oportet.
1768 1450 1872 1484 Nulla
1898 1459 2010 1496 potest
2035 1466 2106 1487 esse

1124 1495 1326 1530 hominibus
1351 1497 1447 1529 firma
1470 1497 1633 1537 societas,
1661 1499 1728 1531 nisi
1747 1508 1877 1534 mentes
1897 1514 1914 1534 a
1931 1502 2005 1535 Deo
2022 1516 2106 1537 con-

1124 1548 1262 1580 iunctae
1294 1547 1373 1579 sint.
1426 1546 1506 1580 Sint
1540 1545 1675 1592 (inquit
1702 1547 1884 1596 Christus)
1919 1553 2006 1586 sicut
2043 1567 2106 1587 nos

1124 1609 1233 1630 unum
1253 1608 1386 1636 sumus,
1406 1596 1440 1628 id
1459 1603 1518 1635 est,
1533 1597 1685 1639 primum
1705 1600 1886 1633 nobiscum
1902 1603 1970 1635 sint
1985 1616 2106 1641 unum,

1123 1659 1203 1679 vera
1227 1647 1405 1691 agnitione
1431 1654 1463 1679 et
1488 1646 1709 1681 invocatione
1727 1650 1829 1683 nobis
1851 1652 2006 1686 adiuncti
2027 1655 2106 1693 sint,

1122 1704 1238 1741 postea
1255 1698 1346 1731 inter
1363 1709 1435 1730 sese
1453 1699 1652 1731 concordes.

1222 1746 1380 1780 Primum
1398 1746 1478 1789 ergo
1497 1748 1802 1790 proposuidictum
1814 1749 1933 1784 Iacob:
1952 1751 2105 1787 Abiicite

1122 1795 1215 1829 Deos
1234 1797 1385 1836 alienosJ
1413 1797 1473 1840 qui
1492 1797 1529 1828 in
1550 1799 1664 1829 medio
1684 1799 1787 1831 vestri
1813 1807 1912 1841 sunt,
1941 1809 1973 1835 et
1999 1815 2104 1836 mun-

1122 1846 1266 1879 damini.
1320 1845 1356 1890 ld
1378 1847 1509 1879 dictum
1535 1858 1599 1879 nos
1622 1859 1742 1880 omnes
1767 1846 1943 1891 hortatur,
1970 1860 2009 1886 ut
2026 1861 2105 1887 ante

1121 1896 1238 1928 omnia
1256 1908 1375 1929 verum
1392 1895 1456 1928 Dei
1485 1897 1617 1929 cultum
1646 1904 1677 1930 et
1702 1909 1817 1931 veram
1845 1900 2103 1936 invocationem

1120 1946 1292 1979 discamus
1319 1953 1350 1978 et
1375 1946 1636 1989 amplectamur.

1222 1994 1276 2028 Ad
1295 1993 1362 2029 hoc
1385 1995 1523 2029 condita
1541 2003 1589 2029 est
1608 1994 1790 2030 hominum
1808 2007 1950 2041 natura,
1977 2009 2007 2035 et
2028 2011 2102 2045 post

1119 2046 1253 2089 lapsum
1269 2057 1330 2089 per
1348 2043 1526 2079 Christum
1545 2048 1732 2090 redempta,
1759 2055 1795 2081 ut
1812 2048 1926 2082 Deum
1942 2061 2102 2094 agnoscat

1119 2102 1150 2128 et
1176 2096 1343 2136 celebret,
1368 2108 1440 2128 non
1463 2097 1504 2128 ad
1530 2097 1755 2139 perfruendas
1774 2098 1810 2130 in
1834 2096 1896 2132 hac
1913 2101 1982 2134 vita
2001 2104 2102 2136 volu-

1119 2152 1247 2189 ptates,
1274 2157 1347 2178 non
1371 2147 1412 2179 ad
1439 2147 1674 2190 quaerendam
1703 2149 1892 2190 potentiam
1913 2152 2101 2194 nascimur,

1119 2208 1205 2240 quae
1221 2196 1319 2228 brevi
1336 2203 1512 2228 momento
1529 2197 1695 2230 duratura
1714 2205 1772 2238 est,
1789 2200 1845 2231 sed
1863 2201 1901 2232 ad
1921 2213 1973 2233 res
1990 2210 2099 2235 aeter—

1118 2258 1180 2278 nas
1197 2247 1383 2286 nascimur,
1403 2248 1443 2279 ad
1461 2246 1674 2288 agnitionem
1693 2255 1724 2279 et
1741 2249 2009 2284 celebrationem
2025 2252 2100 2293 Dei,

1117 2297 1158 2329 ad
1185 2296 1409 2338 sapientiam,
1450 2298 1492 2328 ad
1528 2297 1697 2330 iusticiam
1733 2307 1765 2330 et
1792 2300 1833 2330 ad
1864 2301 2098 2335 dulcissimam

1118 2346 1404 2379 consuetudinem
1423 2358 1499 2378 cnm
1517 2345 1590 2378 Deo
1609 2352 1761 2382 aeterno,
1805 2347 1966 2383 Inchoari
1984 2359 2097 2385 autem

1119 2394 1207 2428 lianc
1224 2396 1334 2428 lucem
1353 2396 1389 2427 in
1409 2392 1471 2427 liae
1484 2396 1552 2428 vita
1569 2403 1716 2440 oportet,
1745 2398 1831 2431 sicut
1848 2400 2013 2443 scriptum
2033 2411 2096 2435 cst:

1118 2445 1212 2479 llaec
1237 2452 1285 2478 est
1310 2447 1471 2478 voluntas
1493 2444 1579 2486 Dei,
1612 2454 1650 2479 ut
1675 2448 1806 2488 omnis,
1840 2450 1899 2494 qui
1925 2452 2032 2485 credit
2062 2453 2095 2484 in

1118 2496 1246 2534 filium,
1280 2493 1528 2529 liabeatxitam
1552 2504 1738 2530 aeternam.
1793 2496 1840 2532 Et
1858 2511 1991 2534 rursus:
2025 2503 2095 2543 Qui

1119 2559 1190 2579 non
1213 2545 1340 2585 credit,
1372 2546 1439 2578 iam
1466 2545 1638 2581 iudicatus
1663 2554 1723 2582 est.
1776 2547 1903 2582 Veram
1930 2551 2035 2593 igitur
2054 2553 2096 2583 de

1118 2596 1190 2630 Deo
1223 2596 1417 2629 doctrinam
1459 2597 1641 2630 audiamus
1677 2604 1710 2630 et
1744 2599 2009 2641 amplectamur,
2052 2613 2095 2633 ne

1117 2654 1255 2680 aeterna
1268 2646 1319 2679 ira
1335 2645 1399 2679 Dei
1424 2652 1458 2678 et
1475 2648 1624 2681 aeternis
1647 2647 1826 2692 suppliciis
1847 2650 2094 2692 opprimamur.

1402 2693 1485 2729 44*
