2338 2958
181 106 254 148 195

181 194 289 238 signis
311 193 455 228 utilitas.
516 191 574 225 Sic
607 189 709 222 etiam
732 186 934 221 Medicinae
955 197 1028 219 non
1052 184 1172 218 minus

182 245 372 290 voluptatis
394 251 426 277 et
448 244 560 277 bonae
578 240 708 283 frugis,
735 250 840 283 quam
863 237 1045 281 dignitatis
1070 236 1173 276 inest,

183 297 252 330 nisi
280 295 357 341 quis
386 300 483 339 putat
507 291 639 336 aliquid
671 289 796 322 melius
824 296 855 323 et
887 288 1077 333 optabilius
1102 297 1173 319 esse

184 349 278 381 bona
295 344 508 383 valetudine,
530 353 618 387 quae
633 340 833 374 Medicinae
847 339 1018 374 beneficio
1033 348 1176 370 conser-

186 405 308 435 vatur,
334 403 366 429 et
383 395 538 427 eiusdem
555 404 660 436 opera
676 391 881 425 labefactata
898 396 1058 429 curatur3
1086 399 1175 433 quae

187 461 227 482 ex
254 446 359 480 variis
385 443 502 478 herbis
523 455 645 477 succos
667 442 844 488 quantivis
867 440 974 486 precii
1003 439 1119 482 exugit
1139 438 1175 470 in

188 496 398 531 valetudinis
422 494 640 534 subsidium,
665 494 756 527 sicut
778 504 860 536 apes
886 504 926 524 ex
947 490 1054 523 variis
1078 488 1178 522 flori-

187 550 253 582 bus
271 542 453 580 materiam
471 545 661 588 colligunt,
686 545 781 578 unde
803 543 872 576 mel
897 541 1072 580 conflent,
1098 539 1179 585 qui—

188 601 254 632 bus
270 597 373 631 nobis
387 609 404 630 a
422 596 556 630 morbis
573 594 820 629 circumventis
838 601 870 627 et
884 591 1058 637 oppressis
1076 602 1178 634 opem

189 651 295 689 serat,
322 647 383 693 qui
407 647 511 681 nobis
535 659 553 680 a
575 647 710 686 fronte,
737 651 853 688 tergo,
880 643 1066 682 lateribus,
1094 640 1180 674 insi-

190 701 264 733 dias
280 700 441 739 tendunt,
464 705 502 732 ut
521 709 565 730 ne
586 695 690 730 lanus
706 696 848 741 quidem
865 695 909 728 ab
926 692 980 726 1115
996 700 1092 726 1111115
1107 702 1180 725 esse

191 757 311 796 queat,
338 750 366 783 si
382 761 455 782 non
474 747 652 782 Medicina
671 747 776 786 adsit,
804 757 893 791 quae
912 745 955 778 ab
970 743 1068 777 omni
1084 748 1181 787 parte

191 802 335 835 morbos
349 808 514 845 tanquam
532 811 549 831 e
564 797 702 842 specula
720 798 892 837 observet,
918 803 951 829 et
967 807 1033 828 nos
1047 794 1108 840 qni
1123 804 1182 826 eos

193 852 418 895 effugiamus,
457 855 614 889 moneat,
649 848 703 882 vel
730 848 773 881 ab
803 845 857 880 his
883 857 1085 890 oppressos,
1119 856 1181 877 ceu

193 916 210 936 e
228 902 350 935 mortis
366 900 527 934 faucibus
544 899 679 943 eripiat.
733 898 842 932 Cuius
859 898 908 931 rei
927 897 1022 931 testis
1037 903 1088 929 est
1104 907 1184 938 gra-

192 953 355 986 vissimus
371 952 449 992 ille,
478 963 550 984 non
570 949 712 984 dicendi
731 950 856 989 modo,
882 949 939 981 sed
959 948 1062 981 etiam
1080 946 1185 979 intel-

193 1004 325 1048 ligendi
356 1009 560 1047 praeceptor
583 1008 615 1035 et
640 1001 803 1044 magister
827 999 969 1039 Cicero,
1003 998 1183 1043 inquiens:

195 1054 370 1088 Valetudo
395 1060 610 1088 sustentatur
633 1052 763 1085 noticia
786 1051 839 1084 sui
864 1049 1041 1094 corporis,
1069 1056 1099 1082 et
1121 1048 1185 1081 ob-

194 1105 391 1139 servatione
425 1116 544 1137 earum
570 1115 706 1143 rernm,
742 1114 831 1147 quae
857 1113 911 1134 res
935 1107 996 1134 aut
1020 1099 1186 1144 prodesse

195 1157 346 1197 soleant,
373 1162 432 1188 aut
456 1156 588 1188 obesse.
641 1153 687 1187 At
712 1154 785 1187 sola
811 1152 990 1185 Medicina
1015 1152 1187 1189 observat,

196 1208 325 1252 quibus
355 1213 474 1240 nostra
507 1213 631 1240 natura
666 1202 889 1237 vehementer
928 1202 1124 1235 oblectetur
1154 1207 1188 1233 et

196 1258 389 1298 reficiatur,
418 1257 590 1302 quibusve
607 1255 760 1299 graviter
775 1255 945 1293 laedatur,
970 1264 1078 1298 quare
1094 1252 1186 1283 idem

198 1316 300 1343 autor
325 1308 443 1348 addit,
472 1307 708 1340 valetudinem
736 1304 922 1339 sustentari
953 1310 1028 1337 arte
1052 1314 1188 1341 eorum,

199 1371 349 1405 quorum
378 1359 419 1391 ad
450 1358 631 1390 scientiam
659 1354 744 1389 haec
772 1355 967 1399 pertinent3
1011 1360 1043 1386 et
1072 1360 1188 1386 tamen

199 1417 296 1450 sunt,
324 1410 383 1455 qui
411 1406 495 1441 haec
518 1414 722 1440 monentem
747 1418 820 1439 11011
839 1406 1006 1444 audiunt,
1033 1403 1094 1448 qni
1115 1410 1187 1435 tum

198 1463 341 1495 demum
359 1472 420 1493 sua
435 1459 592 1499 consilia,
616 1458 687 1491 imo
702 1457 931 1491 temeritatem
947 1459 1191 1492 contemnunt,

200 1525 278 1546 cnm
303 1512 371 1545 iam
390 1517 451 1545 aut
471 1510 559 1543 febri
582 1508 854 1547 concutiuntur,
881 1513 942 1540 aut
959 1505 1085 1538 morbo
1105 1515 1190 1537 con-

200 1564 395 1597 tabescunt.
447 1559 568 1593 Veluti
586 1556 839 1599 Athenienses,
867 1557 989 1602 quide
1012 1568 1095 1600 pace
1119 1566 1191 1587 non

202 1613 270 1647 nisi
297 1611 422 1658 pullati
448 1611 714 1648 consultabant,
748 1610 837 1643 sicut
859 1606 1033 1641 Demades
1063 1605 1190 1651 inquit.

202 1663 248 1699 Et
267 1665 407 1697 discunt
425 1663 480 1696 isti
505 1662 568 1695 lari
593 1673 718 1705 magno
735 1672 797 1694 suo
816 1659 928 1697 malo,
956 1663 1046 1691 recte
1062 1667 1193 1701 sapere,

203 1723 236 1749 et
272 1726 326 1748 res
356 1726 436 1747 vere
463 1714 566 1747 utiles
593 1724 666 1746 non
694 1718 822 1745 temere
858 1709 1084 1753 negligendas
1112 1718 1193 1740 esse.

204 1766 384 1800 Medicina
409 1777 512 1805 vero,
539 1764 566 1797 si
592 1763 662 1796 ulla
686 1773 740 1796 res
762 1762 849 1801 alia,
877 1761 978 1793 nobis
1004 1759 1040 1792 in
1069 1758 1194 1802 primis

205 1817 395 1850 necessaria
415 1823 476 1854 est,
501 1815 599 1848 cuius
615 1826 721 1858 opera
739 1813 934 1846 incolumes
949 1819 982 1845 et
1000 1810 1086 1843 salvi
1106 1808 1195 1841 vivi-

205 1881 292 1901 mus.
352 1867 452 1908 Sole‚
480 1867 578 1909 igne,
610 1877 699 1910 aqna
729 1871 763 1898 et
793 1875 872 1896 aere
903 1862 1056 1907 deniqne
1093 1860 1196 1894 citius

205 1919 419 1959 carebimus,
447 1930 550 1962 quam
569 1915 761 1950 Medicina.
814 1913 902 1948 Nam
922 1918 1072 1957 praestat
1088 1910 1195 1944 semel

206 1970 295 2003 mori
321 1976 354 2003 et
380 1969 516 2011 magnis
538 1967 689 2000 miseriis
711 1964 874 2008 defungi,
902 1976 1007 2009 quam
1027 1963 1064 1996 in
1081 1961 1197 2004 longis

207 2021 357 2061 morbis,
384 2020 513 2065 quibus
530 2017 674 2051 liberari
692 2028 860 2062 nequeas,
886 2015 1052 2048 miserum
1070 2014 1197 2047 ducere

208 2072 386 2116 spiritum,
413 2081 515 2115 atque
532 2069 729 2102 infoelicem
749 2068 866 2100 vivere
882 2066 1005 2105 vitam,
1034 2077 1051 2097 a
1069 2064 1197 2109 quibus

210 2123 310 2155 multi
338 2123 385 2155 sir.
412 2129 640 2165 premuntur,
668 2133 685 2152 a
708 2118 908 2152 Medicinae
934 2116 1066 2149 auxilio
1091 2114 1197 2147 desti-

209 2174 290 2212 tuti,
316 2181 352 2205 111
376 2173 441 2205 sibi
459 2184 584 2205 manus
606 2172 741 2204 adferre
763 2181 834 2202 non
853 2168 1028 2201 dubitent.
1078 2166 1198 2208 Quare

209 2223 362 2257 Romani
380 2222 543 2257 Caesares
557 2221 667 2255 videri
686 2227 831 2266 possunt
849 2219 1073 2255 intellexisse,
1093 2229 1197 2262 quam

210 2276 378 2308 salutares
414 2282 445 2307 et.
481 2273 663 2307 necessarii
699 2279 811 2305 essent
846 2271 929 2303 boni
960 2268 1090 2302 Medici
1128 2266 1197 2301 Ite-

211 2326 359 2369 buspub.
382 2325 441 2370 qui
473 2325 521 2357 cis
553 2325 588 2357 in
614 2323 771 2367 singulos
802 2333 913 2355 annos
944 2320 1198 2363 amplissimum

211 2377 425 2420 stipendium
444 2377 593 2409 ducenta
611 2383 640 2408 et
661 2373 915 2420 quinquaginta
933 2371 1088 2405 sestertia
1113 2381 1199 2413 pen-

211 2428 360 2469 debant,
388 2428 471 2460 sicut
493 2426 629 2459 Plinius
653 2434 754 2458 autor
779 2432 849 2463 est,
879 2437 957 2456 cuin
982 2430 1096 2455 tamen
1118 2420 1199 2454 reli-

212 2491 359 2524 quaruzu
388 2478 654 2521 disciplinarum
685 2475 941 2520 professoribus
967 2481 1111 2506 centena
1146 2483 1198 2503 se-

211 2529 329 2562 stertia
348 2529 502 2560 111111111111
522 2541 654 2561 :ninum
675 2527 906 2560 numerarint.
961 2524 1071 2557 Cuius
1095 2535 1199 2567 pecu-

213 2580 290 2613 niae.
310 2580 338 2612 si
364 2580 535 2612 rationem
556 2592 651 2611 more.
667 2585 788 2611 nostro
812 2576 974 2614 iniretis,
1007 2573 1200 2618 comperies

215 2629 431 2665 lilio-toribus
453 2639 481 2663 ct
503 2629 616 2663 Poetis
641 2630 704 2663 tria
723 2629 832 2661 millia
852 2639 997 2660 aureum
1016 2634 1046 2659 ct
1064 2633 1197 2659 trecen-

214 2689 266 2715 tos
284 2682 423 2725 triginta
441 2688 592 2727 quatuor
610 2687 829 2720 numeratos,
856 2678 1005 2712 Medicis
1022 2690 1103 2710 vero
1120 2682 1197 2709 octo

673 100 832 138 DECL.
868 99 925 135 lN
958 96 1206 135 LAUDEM
1240 94 1421 133 ARTIS
1455 92 1734 132 MEDICAE.

2149 95 2220 134 196

1225 182 1338 216 millia
1373 192 1519 214 aureum
1554 186 1588 214 et
1620 179 1771 224 amplius
1801 180 1964 214 trecentis
1990 180 2028 214 in
2061 180 2220 225 singulos

1227 244 1339 267 annos
1361 231 1578 276 stipendium
1602 230 1725 264 fuisse:
1753 243 1818 265 nae
1842 231 1898 264 illi
1922 232 2033 276 probe
2058 233 2221 267 maiesta-

1227 291 1297 318 tem
1321 290 1354 317 et
1377 294 1520 327 operam
1539 280 1742 315 Medicinae
1763 289 1980 327 perspectam
2005 279 2222 326 habuerunt,

1229 342 1264 369 et
1287 334 1413 367 melius
1435 339 1468 367 et
1492 332 1679 366 candidius
1703 332 1747 365 de
1770 331 1928 366 honestis
1954 333 2060 367 rebus
2085 334 2224 368 iudica-

1229 392 1324 419 runt.
1378 383 1534 427 Quidam
1557 382 1764 416 liberalibus
1785 383 1949 428 praemiis
1972 384 2084 418 bonos
2103 385 2223 419 Medi-

1230 447 1288 469 cos
1318 433 1553 468 honestarunt
1583 440 1754 478 tantoque
1777 434 1879 468 illum
1901 434 2063 468 ordinem
2087 432 2223 469 honore

1230 487 1435 520 affecerunt.
1488 483 1536 519 At
1552 496 1647 518 nunc
1664 497 1704 518 eo
1722 485 1912 519 deventum
1928 492 1996 527 est,
2027 492 2065 519 ut
2082 497 2123 519 ex
2139 486 2223 520 libi-

1231 538 1334 577 dine,
1358 548 1430 569 non
1451 548 1491 569 ex
1513 548 1597 569 vero
1625 535 1838 569 iudicemus:
1867 548 1907 569 ex
1926 536 2055 580 gratia,
2084 549 2158 570 non
2183 548 2224 571 ex

1232 588 1359 622 merito
1389 587 1604 628 tribuamus,
1652 586 1812 631 fiuntque
1844 587 2014 631 paulatim
2050 588 2225 622 deteriora

1233 639 1372 679 omnia,
1408 645 1442 672 et
1467 638 1503 670 in
1532 638 1630 682 peius
1655 637 1879 673 delabuntur.
1940 636 2061 683 Neque
2086 639 2224 678 desunt,

1234 690 1364 735 quibus
1389 701 1484 722 nunc
1502 687 1682 722 Medicina
1702 689 1837 727 sordet,
1863 700 1953 733 qnae
1976 689 2062 722 olirn
2087 689 2225 733 magnis

1235 748 1268 774 et
1284 740 1501 784 sapientibus
1516 739 1601 772 viris
1618 739 1706 773 tanti
1725 739 1838 774 fiebat.
1878 739 1948 773 Sed
1966 739 2052 784 quid
2070 739 2227 774 mirum?

1234 790 1284 825 Ut
1307 791 1401 823 enim
1426 790 1582 823 scarabei
1609 790 1753 834 preciosi
1777 790 1951 834 unguenti
1973 791 2082 824 odore
2113 791 2228 824 offen-

1236 843 1389 882 duntur,
1416 847 1450 874 et
1465 852 1544 874 sues
1559 841 1749 874 amaracini
1766 841 1967 884 fragrantia,
1994 841 2043 875 sic
2059 839 2096 875 hi
2114 841 2228 875 nostri

1237 892 1391 926 scarabei
1418 898 1450 924 et
1479 903 1574 931 sues,
1608 892 1804 935 praeclaras
1828 898 1862 926 et
1886 890 2052 925 honestas
2078 904 2133 926 res
2154 904 2229 926 non

1237 944 1366 977 serunt.
1420 941 1490 976 Sed
1514 942 1592 986 quis
1616 942 1701 975 istos
1725 955 1799 975 non
1816 942 2041 977 contemnat?
2066 943 2134 976 nisi
2150 943 2229 988 quis

1237 994 1351 1027 levem
1367 1000 1400 1027 et
1415 993 1595 1036 impurum
1611 1004 1751 1026 servum
1767 991 1962 1039 Caryonem
1979 995 2073 1038 apud
2090 994 2230 1028 Aristo·

1239 1042 1392 1090 phanem
1425 1044 1644 1076 audiendum
1671 1049 1788 1088 putat,
1821 1044 1883 1088 qui
1906 1044 2022 1078 virum
2049 1043 2231 1079 Medicum

1239 1093 1497 1139 scatophagon,
1532 1094 1566 1127 id
1599 1101 1665 1134 est,
1699 1095 1864 1128 stercoris
1892 1103 2093 1130 voratorem
2121 1103 2233 1134 vocat,

1241 1159 1319 1180 cum
1339 1145 1475 1178 nemini
1491 1143 1677 1178 hominum
1693 1145 1883 1179 obscurum
1900 1145 1963 1186 sit,
1990 1147 2083 1191 quod
2111 1146 2231 1190 lingua

1242 1205 1302 1238 est,
1330 1205 1368 1230 ut
1386 1196 1443 1228 ille
1462 1196 1588 1240 inquit,
1615 1207 1694 1240 pars
1710 1195 1860 1240 pessima
1877 1196 1984 1230 servi·
2037 1196 2159 1242 Neque
2177 1196 2235 1230 isti

1242 1255 1472 1287 veneratores,
1497 1247 1626 1291 quibus
1644 1247 1734 1279 mala
1754 1259 1864 1288 mens,
1889 1247 2001 1281 malus
2018 1247 2159 1281 animus
2174 1255 2236 1289 est,

1243 1299 1345 1332 aliter
1365 1298 1516 1337 faciunt,
1541 1310 1560 1330 a
1579 1297 1708 1342 quibus
1726 1297 1934 1341 vituperari,
1961 1298 2058 1331 laudi
2075 1297 2234 1332 ducitur:

1244 1350 1434 1393 prudentes
1458 1347 1526 1380 viri
1560 1354 1651 1381 recte
1676 1348 1844 1383 iudicant.
1905 1347 1995 1382 Istos
2022 1349 2125 1382 etiam
2150 1361 2237 1382 con-

1244 1399 1453 1434 temnendos
1477 1398 1585 1438 duco,
1619 1398 1679 1443 qui
1703 1398 1791 1431 ebrii
1816 1398 1908 1432 inter
1931 1399 2056 1443 pocula
2075 1406 2235 1434 eructant

1245 1458 1278 1484 et
1303 1456 1462 1493 crepant:
1505 1448 1578 1491 Qui
1614 1448 1747 1481 medice
1776 1449 1882 1490 vivit,
1917 1450 2113 1483 miserrime
2138 1451 2237 1492 vivit,

1245 1501 1406 1534 videntes
1425 1499 1578 1545 aliquem
1590 1499 1829 1533 continentiae
1846 1507 1880 1534 et
1894 1500 2113 1544 frugalitatiS,
2130 1513 2237 1546 quain

1246 1552 1408 1596 crapulae
1426 1550 1671 1585 amantiorem.
1716 1549 1783 1584 Sed
1803 1563 1909 1596 quam
1927 1551 2052 1585 misere
2071 1552 2155 1586 istae
2170 1549 2238 1586 ho-

1245 1603 1382 1636 minum
1407 1601 1525 1634 larvae
1542 1601 1714 1639 delirant,
1741 1601 1802 1646 qui
1820 1601 2020 1636 existimant
2038 1602 2144 1636 istum
2168 1602 2239 1636 mi-

1246 1665 1320 1687 sere
1345 1653 1480 1693 vivere,
1513 1652 1573 1697 qui
1598 1652 1731 1685 medice
1758 1652 1858 1687 vivit:
1894 1665 1960 1686 nae
1976 1653 2033 1688 isti
2060 1653 2238 1697 ignorant,

1247 1705 1333 1750 quid
1351 1703 1504 1743 mederi,
1531 1710 1592 1737 aut
1606 1702 1806 1744 Medicina,
1834 1711 1894 1738 aut
1909 1703 2071 1738 Medicus
2089 1705 2149 1738 sit:
2177 1703 2240 1750 qui

1248 1756 1275 1790 si
1301 1755 1539 1798 intelligerent
1561 1754 1686 1794 verba,
1721 1754 1867 1788 iuvandi
1894 1762 1926 1789 et
1946 1755 2143 1789 auxiliandi
2166 1756 2238 1789 vim

1249 1805 1396 1846 babere,
1424 1813 1516 1839 certe
1535 1805 1637 1838 aliter
1661 1805 1871 1840 iudicarent.
1924 1805 1994 1840 Sed
2011 1806 2095 1851 quid
2122 1817 2241 1840 mora-

1251 1869 1330 1891 mur
1348 1854 1432 1897 hos,
1458 1856 1587 1901 quibus
1610 1868 1713 1889 nemo
1736 1867 1842 1889 sanus
1863 1857 2149 1901 respondendum
2175 1869 2241 1901 pu-

1250 1916 1318 1949 tat,
1345 1909 1404 1941 sed
1422 1905 1643 1940 helleborum
1666 1907 1937 1950 porrigendum,
1964 1914 2003 1941 ut
2021 1914 2168 1952 purgato
2185 1920 2242 1941 ce-

1251 1960 1374 1997 rebro,
1415 1958 1579 1992 desinant
1614 1958 1790 1991 delirare?
1857 1957 1979 2004 Neque
2017 1957 2241 1993 Medicorum

1251 2009 1369 2044 ordini
1397 2009 1511 2043 fraudi
1537 2020 1609 2042 esse
1636 2009 1739 2042 debet
1763 2010 1986 2054 quorundam
2011 2009 2188 2043 temeritas
2210 2016 2244 2044 et

1253 2062 1407 2102 inscitia,
1434 2060 1494 2105 qui
1512 2060 1585 2093 eins
1601 2059 1686 2092 artis
1705 2059 1808 2093 titulo
1825 2071 1861 2093 se
1880 2060 2122 2101 venditantes,
2148 2060 2244 2094 mul-

1252 2114 1296 2148 tis
1312 2114 1428 2146 sucum
1445 2111 1598 2149 faciunt,
1625 2110 1755 2155 quibus
1772 2110 1800 2143 si
1818 2110 1897 2157 quis
1919 2111 2061 2146 titulum
2078 2108 2244 2146 detrahe·

1253 2171 1323 2202 ret,
1353 2163 1444 2196 idem
1462 2174 1545 2196 sane
1562 2161 1610 2202 eis
1627 2161 1818 2200 accideret,
1845 2163 1940 2207 quod
1957 2161 2119 2196 Cumano
2137 2162 2243 2203 leoni,

1253 2215 1312 2260 qui
1332 2215 1422 2259 pelle
1439 2215 1604 2253 nudatus,
1630 2212 1750 2245 asinus
1767 2213 1880 2248 fiebat.
1921 2212 2026 2246 Tales
2044 2225 2116 2246 11011
2134 2213 2244 2257 magis

1254 2266 1454 2300 Medicinae
1489 2265 1627 2297 officere
1657 2264 1805 2303 debent,
1853 2276 1959 2309 quam
1994 2261 2244 2298 honestissimo

1253 2315 1517 2359 'l‘lieologorum
1534 2313 1666 2352 ordini,
1686 2315 1894 2348 triobolares
1911 2315 1967 2349 isti
1985 2313 2244 2359 Theologastri,

1254 2369 1335 2413 qui,
1371 2380 1433 2400 ceu
1460 2363 1775 2410 soedaellarpyae,
1809 2373 1842 2400 et
1865 2378 1979 2407 sacra,
2005 2373 2038 2400 et
2064 2366 2242 2399 sanctissi-

1255 2432 1350 2452 11111111
1361 2417 1568 2460 Tlicologici
1588 2417 1743 2449 nominis
1757 2417 1918 2450 ordinem
1935 2417 2122 2450 defoedant
2137 2424 2243 2463 atque

1254 2476 1499 2514 conspurcant.
1544 2467 1589 2502 [it
1606 2468 1698 2500 enim
1719 2469 1811 2501 inter
1828 2465 2082 2512 pulcherrimas
2098 2475 2241 2511 segetes,

1254 2522 1410 2555 triticum
1437 2528 1469 2554 et
1491 2519 1685 2562 siliginem,
1713 2519 1843 2552 zizania
1867 2525 1898 2553 et
1926 2519 2049 2552 lolium
2076 2518 2144 2551 sibi
2171 2530 2242 2553 esse

1254 2573 1379 2606 111111111
1404 2573 1539 2608 lorum.
1575 2570 1619 2603 ita
1644 2578 1675 2604 et
1702 2569 1829 2614 perditi
1854 2569 1998 2615 qnidam
2024 2566 2184 2603 homines
2202 2571 2240 2604 111

1253 2621 1436 2656 honoratis
1465 2622 1622 2655 virorum
1652 2620 1839 2654 ordinibus
1863 2633 2007 2666 quoquo
2033 2621 2138 2653 modo
2172 2633 2244 2654 esse

1252 2676 1396 2715 10111111,
1423 2674 1483 2719 qui
1502 2672 1599 2713 digni
1618 2680 1716 2711 sunt,
1745 2679 1783 2706 111
1805 2671 1839 2705 in
1858 2684 1981 2705 corvos
2000 2673 2242 2716 deportentur,

2325 893 2338 975 ⁸⁸82·
