2338 2958
208 109 282 145 235

216 193 282 228 rali
304 191 484 232 doctrina,
521 199 610 235 quae
640 193 673 222 et
695 183 964 231 Philosophiam
991 192 1026 220 et
1046 184 1203 231 antiqui-

215 244 298 279 tatis
315 242 481 277 noticiam
498 239 665 273 continet.
720 235 934 272 Adhibenda
959 243 1010 270 est
1028 237 1131 270 etiam
1147 235 1203 269 di-

216 294 317 329 cendi
334 291 530 327 exercitatio
543 317 551 330 ‚
575 289 704 334 quibus
721 289 826 323 rebus
849 287 992 332 ingenia
1012 293 1045 320 et
1061 288 1103 320 ad
1124 298 1204 319 sua-

215 346 358 380 vitatem
377 350 479 387 atque
496 339 750 373 humanitatem
768 340 986 377 formantur,
1014 345 1047 371 et
1065 349 1204 371 acuun—

216 403 275 430 tur
308 402 411 438 atque
443 393 683 431 instruuntur,
721 396 761 424 ut
788 390 965 435 percipere
997 395 1028 422 et
1059 394 1205 421 tractare

218 453 308 480 artes
326 445 410 477 alias
425 441 584 475 foelicius
601 441 744 484 possint.

310 495 348 529 Si
364 493 442 539 quis
459 499 573 526 autem
589 487 1040 534 existimatPhilosophiam
1060 489 1207 533 perfecte

219 546 379 590 cognosci
397 555 496 588 posse
513 543 588 576 sine
606 540 751 575 Graecis
769 542 899 582 literis,
927 539 1021 573 hunc
1041 551 1122 573 sane
1146 550 1208 583 pa-

218 598 286 633 tiar
310 607 370 629 sua
394 594 562 639 opinione
585 593 724 627 beatum
752 604 835 627 esse.
889 592 957 626 Sed
975 602 1030 624 res
1049 590 1208 635 loquitur

217 649 303 691 ipsa,
331 652 501 692 quantum
520 644 657 677 intersit
673 644 764 676 inter
782 642 982 685 Aristptelis
1001 642 1209 684 interpretes

220 698 354 733 Graece
371 697 512 733 doctos,
539 702 570 728 et
596 695 676 727 illos
693 694 850 737 ineptos,
875 693 935 737 qui
954 704 1033 725 cum
1052 703 1107 725 res
1131 702 1207 734 gra-

219 750 378 783 vissimas
399 748 442 780 ab
468 746 551 790 ipsis
577 745 761 778 autoribus
780 744 924 777 traditas
948 743 1120 786 explicare
1138 753 1210 774 non

221 806 385 846 possent,
412 808 545 830 novum
564 796 744 840 quoddam
765 791 949 828 doctrinae
972 805 1080 836 genus
1105 803 1212 836 pepe-

220 843 356 889 rerunt,
383 848 526 893 plenum
547 845 757 890 prodigiosis
775 845 933 885 somniis,
959 845 1053 889 quod
1072 843 1211 876 nullum

221 903 257 935 in
296 901 368 933 vita
395 905 455 931 aut
490 897 738 930 communibus
774 895 928 939 negociis
962 907 1065 928 usum
1094 891 1213 927 habet.

220 952 360 987 Deinde
377 948 544 982 iniuriam
561 945 812 990 Philosophiae
829 947 927 987 facit,
960 945 1119 990 quisquis
1138 956 1212 977 eam

221 1011 292 1037 tam
310 1000 465 1045 angustis
479 998 607 1031 finibus
631 998 904 1036 circumscribit,
933 1006 969 1029 ut
989 994 1079 1029 nihil
1103 995 1133 1028 ei
1150 994 1213 1028 tri-

223 1055 326 1093 lutat,
353 1051 420 1084 nisi
439 1050 497 1082 illa
517 1049 674 1092 vulgaria
696 1055 895 1092 praecepta,
922 1059 1010 1092 quae
1029 1047 1065 1079 in
1085 1043 1215 1080 scholis

224 1117 264 1138 ex
291 1101 480 1137 Aristotele
506 1101 706 1133 traduntur.
769 1098 842 1142 Ego
871 1111 954 1131 vero
979 1105 1020 1132 ut
1042 1098 1110 1130 iam
1142 1108 1213 1129 non

223 1156 337 1189 dicam
371 1153 413 1186 de
438 1150 699 1184 Mathematicis
729 1149 945 1193 disciplinis,
978 1148 1214 1191 cognitionem

225 1203 461 1250 antiquitatis,
488 1202 689 1245 polimatnm
710 1208 741 1233 et
767 1199 1015 1239 historiarum,
1041 1199 1095 1231 vel
1116 1199 1217 1241 prae-

225 1258 363 1301 cipuam
396 1259 527 1297 partem
558 1249 810 1295 Philosophiae
839 1262 910 1283 esse
944 1257 1070 1284 statuo.
1122 1247 1217 1281 Haec

226 1308 320 1341 enim
338 1304 493 1338 continet
510 1300 738 1336 humanitatis
755 1302 966 1341 doctrinam,
989 1312 1067 1333 cum
1087 1311 1216 1343 propo-

226 1364 285 1392 nat
301 1356 462 1390 omnium
480 1353 677 1386 officiorum
696 1359 876 1396 praecepta
893 1359 997 1397 atque
1017 1350 1184 1394 exempla.

328 1404 429 1440 Nihil
457 1403 614 1437 accidere
638 1410 752 1447 potest
776 1403 813 1434 in
831 1403 899 1436 vita
926 1402 1081 1445 privata,
1109 1399 1218 1433 autin

228 1458 367 1503 Ptepub.
392 1455 491 1489 cuius
513 1466 585 1489 non
608 1461 697 1488 extet
720 1454 834 1496 imago
859 1453 975 1498 aliqua
999 1452 1036 1485 in
1061 1449 1219 1484 historiis

227 1507 483 1555 sapientissime
502 1505 654 1550 scriptis.
696 1503 895 1538 Plurimum
915 1510 1044 1541 autem,
1071 1514 1148 1535 meo
1165 1501 1220 1534 iu-

229 1560 340 1600 dicio,
366 1558 510 1603 prodest
533 1567 713 1590 accessuro
736 1556 778 1588 ad
799 1566 852 1588 res
876 1565 1018 1597 magnas
1039 1553 1220 1596 gerendas,

231 1610 359 1645 intueri
385 1609 421 1641 in
446 1607 522 1640 illas
547 1607 714 1650 imagines
730 1606 827 1639 velut
851 1605 887 1637 in
909 1604 1088 1648 speculum
1116 1610 1148 1636 et
1169 1603 1220 1635 vi-

230 1664 312 1696 dere
334 1658 500 1695 consilia,
536 1670 574 1691 ac
594 1658 770 1691 bonorum
797 1663 830 1690 et
852 1656 1026 1689 malorum
1052 1653 1219 1687 consilio·

231 1725 309 1747 rum
328 1716 484 1744 eventus.
538 1708 720 1742 Praeterea
738 1707 847 1740 multa
863 1713 944 1739 sunt
960 1706 996 1738 in
1015 1706 1098 1750 ipsis
1115 1716 1221 1746 nego-

232 1764 293 1797 ciis
313 1770 386 1796 tnm
412 1756 621 1804 prophanis,
649 1766 722 1792 tum
746 1757 1005 1797 ecclesiasticis,
1034 1763 1122 1801 qnae
1148 1756 1222 1788 sinc

232 1811 454 1858 antiquitatis
476 1811 676 1854 cognitione
701 1821 814 1854 neque
838 1807 1005 1848 intelligi,
1032 1818 1145 1851 neque
1170 1807 1223 1838 iu-
1248 1817 1251 1852 ¹,
1278 1807 1349 1839 lent
1367 1807 1410 1838 de
1428 1806 1675 1839 communibus
1695 1807 1838 1846 officiis,
1865 1819 1968 1851 quam
1988 1807 2083 1851 ipsae
2097 1807 2197 1851 leges.

231 1865 338 1898 dicari
364 1867 521 1907 possunt.
575 1860 722 1903 Quoties
739 1861 781 1892 de
800 1859 1033 1903 lmperiorum
1057 1857 1224 1890 mutatio-

231 1916 337 1949 nibus
354 1913 542 1946 dicendnm
560 1912 632 1944 est'?
659 1912 794 1956 quoties
813 1910 848 1942 in
867 1907 1021 1943 Ecclesia
1042 1909 1224 1953 requiren-

235 1970 298 2000 dae
314 1971 394 1999 sunt
416 1970 570 1996 veterum
587 1962 833 1996 contentiones
852 1962 894 1993 de
917 1961 1022 1993 rebus
1041 1959 1226 1992 maximis?

234 2017 329 2051 llaec
358 2016 432 2049 sine
457 2012 601 2047 Graecis
626 2020 657 2046 et
681 2012 815 2046 Latinis
847 2011 958 2043 literis
990 2010 1090 2043 nullo
1120 2010 1225 2043 inodo

236 2066 396 2110 cognosci
427 2071 582 2109 possunt.

236 2126 372 2153 tantum
393 2115 526 2149 Graece
545 2115 693 2159 scriptae
714 2120 805 2148 sunt.
857 2111 1042 2146 Caeterum
1062 2111 1228 2145 varietate

239 2178 269 2202 et
296 2168 393 2212 copia
417 2179 532 2199 rertnn
559 2173 661 2210 atque
685 2165 923 2207 exemplorum
955 2164 1056 2206 longe
1082 2163 1229 2195 vincunt

239 2220 384 2254 Latinos
403 2225 475 2251 tum
496 2217 643 2255 Pucino,
673 2224 743 2248 tutu
762 2215 928 2248 llistorici
948 2214 1084 2247 Graeci.
1139 2213 1226 2247 Nam

239 2269 390 2304 Humani
410 2268 617 2300 domesticas
636 2279 688 2299 res
705 2274 839 2299 tantuin
858 2278 983 2298 ornare
1001 2267 1228 2303 studuernnt3

241 2330 270 2354 at
294 2318 770 2359 ‹3r2wc'101muumgauium
795 2324 897 2361 atque
919 2315 1150 2360 imperiorum
1174 2313 1229 2348 hi-
1255 2335 1257 2342 ›

242 2372 364 2404 storias
381 2369 549 2412 complexi
570 2375 661 2409 sunt,
690 2379 814 2413 easque
832 2367 876 2400 ita
894 2367 1167 2411 descripserunt,
1192 2373 1231 2399 ut

242 2423 357 2455 verius
395 2417 689 2464 philosoplis-ntur
731 2420 765 2451 in
805 2419 960 2462 ipsorum
1005 2418 1229 2457 negociorum

242 2482 346 2518 mque
371 2471 599 2502 consiliorum
626 2470 861 2513 expositione.
897 2481 1001 2513 quam
1030 2469 1079 2501 illi
1107 2468 1164 2512 qui
1195 2467 1230 2499 in

243 2523 371 2557 sellulis
395 2523 487 2554 nuda
515 2528 694 2565 praerepta
719 2522 881 2557 tradunt,
909 2532 946 2552 ac
972 2532 1050 2551 verr
1071 2518 1233 2552 l’hiluso-
1256 2524 1257 2527 ’

244 2574 361 2621 1ι1ιὶ.ιπι
388 2585 426 2604 ex
454 2573 574 2604 nmlura
602 2572 635 2603 in
663 2571 769 2603 sule-m
802 2583 838 2603 ac
866 2571 1043 2614 pulvereni
1071 2572 1234 2609 mlucnnt,
1258 2566 1259 2569 ¹

244 2624 309 2660 hoc
334 2632 400 2659 est.
433 2635 532 2655 usum
557 2623 629 2654 cius
656 2622 689 2654 iu
717 2622 784 2654 vita
813 2629 917 2665 atque
945 2622 1097 2663 negociis
1115 2629 1232 2655 osteu-

247 2679 347 2710 «lunt.

759 99 922 137 DECL.
960 98 1037 136 DE
1069 97 1292 136 STUDIO
1323 96 1695 137 LINGUARUM.

642 2061 684 2097 Et
710 2063 851 2108 quidem
886 2061 1136 2095 ecclesiasticae
1173 2072 1227 2093 res
1252 2083 1254 2089 ,

2165 98 2239 137 2³6

1357 183 1454 218 Haec
1472 183 1632 217 doctrina
1648 183 1784 218 etiamsi
1801 190 1937 219 tantum
1959 191 2104 230 propter
2125 185 2244 220 suavi-

1257 243 1361 270 tatem
1389 235 1579 279 expetenda
1605 242 1712 276 esset,
1744 241 1863 269 tamen
1885 235 1968 269 satis
1996 247 2120 279 magna
2143 247 2246 270 causa

1257 293 1362 327 esset,
1389 297 1451 319 cur
1469 284 1603 319 Graece
1622 285 1845 321 disceremus,
1897 284 1996 329 Quae
2019 287 2112 320 enim
2133 293 2247 331 potest

1258 349 1330 371 csse
1352 336 1514 381 voluptas
1536 336 1647 379 magis
1671 336 1774 379 digna
1806 337 2062 380 praestantibus
2085 337 2248 381 ingeniis,

1259 399 1363 433 quam
1388 398 1426 420 ea
1451 398 1540 431 quae
1567 386 1759 431 percipitur
1785 398 1843 422 ex,
1858 387 1918 420 illa
1942 387 2016 431 ipsa
2047 388 2249 432 cognitione

1258 437 1491 472 maximarum
1508 437 1649 471 rerum?
1683 435 1730 471 Et
1746 437 1914 482 qnoniam
1931 437 2129 482 voluptates
2153 439 2249 484 ipsae

1261 490 1380 534 aliquo
1405 489 1510 521 modo
1529 490 1571 522 ad
1591 499 1706 521 mores
1727 488 1926 532 pertinent,
1952 489 2087 522 traduci
2114 489 2157 522 ad
2181 487 2250 522 hu-

1262 540 1464 573 manitatem
1490 546 1522 573 ct
1540 539 1747 573 suavitatem
1772 536 1839 572 hac
1861 539 2092 574 delectatione
2113 539 2252 573 animos

1262 591 1427 624 arbitror.

1366 640 1413 674 At
1437 651 1518 673 vero
1538 651 1603 673 nos
1622 652 1694 674 non
1713 646 1848 673 tantum
1874 640 1917 673 de
1933 640 2113 684 voluptate
2129 640 2254 685 dispu-

1265 699 1394 731 tamus,
1428 692 1470 723 de
1496 690 1611 724 fructu
1638 703 1676 724 ac
1702 691 1905 724 necessitate
1938 691 2136 736 loquimur,
2170 691 2254 736 quia

1265 743 1339 775 sine
1356 739 1421 775 hac
1436 741 1573 774 liberali
1589 742 1767 780 doctrina,
1794 753 1883 786 quae
1907 741 2090 786 praecipue
2108 740 2256 776 Graecis

1266 793 1375 826 literis
1399 791 1616 834 continetur,
1647 805 1751 825 nemo
1774 792 1857 826 satis
1882 793 2033 826 idoneus
2059 799 2109 826 est
2133 793 2187 826 vel
2209 793 2254 826 ad

1267 851 1416 877 caeteras
1443 850 1533 875 artes
1554 844 1772 884 tractandas,
1806 842 1861 876 vel
1886 844 1928 876 ad
1951 854 2004 876 res
2029 853 2173 886 magnas
2196 854 2257 887 ge-

1268 895 1406 928 rendas.
1460 892 1538 925 Nun
1563 900 1645 927 sunt
1669 894 1704 926 in
1728 892 1793 927 hoc
1818 894 1949 929 omnia.
2003 893 2071 928 Sed
2094 901 2211 928 tamen
2227 895 2258 928 si

1268 945 1351 991 quid
1378 943 1524 977 omnino
1549 945 1708 977 doctrina
1735 944 1790 977 vel
1813 945 1856 977 ad
1877 945 2059 978 excitanda
2080 945 2122 978 ad
2143 945 2258 979 virtu-

1269 1003 1348 1035 tem,
1373 995 1427 1027 vel
1446 995 1488 1027 ad
1507 995 1759 1028 conformanda
1778 995 1918 1038 ingenia
1937 995 2084 1039 proficit,
2102 1007 2174 1028 non
2190 997 2258 1030 du-

1268 1047 1342 1080 bito
1371 1045 1563 1086 affirmare,
1591 1057 1665 1078 eam
1691 1046 1731 1079 ad
1761 1057 1834 1078 rem
1854 1045 2044 1089 plurimum
2064 1047 2260 1081 conducere

1274 1095 1339 1130 hoc
1353 1096 1535 1129 doctrinae
1553 1108 1682 1139 genus,
1710 1097 1752 1129 de
1770 1108 1841 1141 qno
1859 1097 1995 1142 loquor.
2050 1095 2143 1130 lllnd
2167 1104 2260 1132 certe

1272 1147 1388 1190 negari
1409 1158 1480 1179 non
1496 1154 1630 1190 potest,
1657 1148 1698 1179 ad
1718 1154 1866 1180 caeteras
1881 1154 1971 1181 arn-s
1989 1148 2188 1181 tractandas
2202 1159 2261 1182 re-

1271 1197 1363 1243 quiri
1387 1195 1477 1230 hanc
1501 1198 1710 1231 doctrinam.
1761 1196 1851 1230 Nam
1874 1204 1908 1230 et
1931 1195 2111 1230 Medicina
2135 1209 2262 1242 magna

1271 1261 1311 1281 ex
1339 1254 1433 1292 parte
1459 1246 1592 1281 Graeca
1620 1255 1687 1287 est,
1722 1255 1755 1282 et
1776 1248 1852 1280 sine
1874 1245 2105 1293 Philosophia
2128 1249 2261 1294 percipi

1272 1311 1343 1332 non
1369 1305 1493 1343 potest.
1544 1296 1590 1332 Et
1612 1298 1641 1332 si
1666 1296 1702 1331 hi
1717 1299 1778 1344 qui
1802 1310 1836 1332 se
1854 1299 2067 1332 dediderunt
2084 1297 2262 1334 Iuriscon-

1272 1350 1383 1389 sultis,
1409 1360 1481 1382 non
1496 1355 1633 1382 tantum
1651 1349 1747 1382 illam
1766 1349 1939 1382 sorensem
1954 1346 2182 1383 Rhetoricam
2197 1362 2263 1385 au-

1273 1401 1363 1433 ferre
1383 1400 1542 1440 student,
1569 1407 1608 1433 ut
1624 1411 1698 1432 eam
1716 1400 1757 1433 ad
1777 1406 1958 1445 quaestum
1976 1399 2178 1442 conferant,
2202 1403 2263 1436 sed

1273 1451 1469 1484 doctrinam
1501 1457 1669 1495 expetunt
1698 1450 1853 1484 futuram
1885 1449 1966 1484 usui
1991 1449 2145 1494 Reipub.
2169 1458 2202 1486 et
2224 1459 2264 1487 ut

1274 1502 1339 1546 ipsi
1378 1502 1591 1546 loquuntur,
1638 1513 1711 1535 non
1745 1501 1944 1535 simulatam
1979 1498 2263 1547 Philosophiam:

1274 1551 1329 1585 his
1358 1558 1395 1585 ut
1419 1552 1552 1595 possint
1578 1564 1657 1585 cum
1682 1553 1807 1586 decoro
1831 1551 1920 1586 tueri
1949 1563 2134 1596 personam
2154 1565 2264 1594 suam,

1274 1603 1429 1647 profecto
1446 1603 1548 1635 etiam
1566 1603 1632 1636 alia
1651 1604 1799 1648 quadam
1818 1602 1976 1637 doctrina
1995 1615 2083 1648 opus
2102 1604 2186 1646 erit,
2212 1605 2266 1638 vi-

1275 1654 1418 1694 delicet,
1447 1654 1658 1696 religionum
1685 1653 1848 1694 scientia,
1880 1653 2010 1687 noticia
2037 1655 2268 1701 antiquitatis,

1276 1704 1474 1749 eloquentia
1499 1712 1529 1738 et
1555 1705 1625 1737 illis
1648 1704 1776 1743 literis,
1805 1717 1893 1750 qnae
1916 1717 1994 1737 cum
2019 1705 2133 1740 fontes
2151 1707 2267 1750 legum

1277 1757 1501 1794 contineant,
1527 1768 1599 1788 non
1619 1755 1736 1788 minus
1762 1756 1797 1788 in
1817 1755 2004 1789 consilium
2025 1753 2185 1791 adhiberi
2210 1769 2268 1791 so-

1380 1857 1448 1889 Sed
1472 1864 1553 1890 sunt
1577 1857 1720 1902 quidam
1748 1857 1907 1896 invenes,
1937 1870 1997 1902 qut
2022 1870 2101 1890 curn
2127 1866 2270 1904 propter

1279 1907 1453 1951 ignasiam
1471 1908 1604 1950 fugiant
1622 1908 1777 1941 disce-ndi
1799 1907 1954 1941 lahorem
1967 1935 1976 1949 ‚
2006 1909 2122 1944 subito
2141 1911 2271 1944 irrum-

1281 1965 1366 2003 punt
1405 1959 1446 1991 ad
1483 1970 1636 1992 summas
1670 1959 1921 2003 professiones,
1963 1971 2112 2004 quarum
2148 1961 2271 1995 titulos

1283 2017 1485 2053 praetexunt
1504 2021 1585 2043 suae
1603 2009 1771 2053 ignaviae.
1819 2008 1864 2042 Hi
1885 2017 1922 2044 ut
1940 2009 2069 2043 iudicio
2084 2011 2272 2047 videantur

1283 2059 1344 2093 lias
1361 2068 1449 2094 artes
1468 2061 1659 2105 aspernari,
1686 2058 1770 2093 haec
1788 2068 1905 2093 nostra
1923 2061 2038 2094 studia
2058 2062 2270 2107 vituperant.

1282 2111 1353 2153 Qui
1379 2112 1553 2156 siquidem
1581 2112 1628 2146 ita
1657 2111 1758 2146 libet.
1793 2112 1876 2144 fiant
1899 2123 1982 2145 sane
2006 2111 2155 2147 Solones
2184 2114 2273 2148 meri

1282 2162 1356 2195 sim·
1374 2161 1631 2201 (irauunatica,
1657 2162 1731 2195 sine
1748 2160 1954 2201 Dialectica,
1981 2163 2055 2196 sine
2074 2164 2276 2208 cognitione

1254 2213 1514 2255 ἸιϊΙί·,,·ἱυιιιιιιι,
1556 2213 1630 2246 sine
1660 2213 1885 2258 eloquentia,
1922 2213 1997 2246 sine
2034 2212 2276 2261 Philosophia,

1284 2265 1435 2308 deniqu·¹
1455 2266 1528 2297 siue
1548 2263 1764 2297 humanitate.
1783 2264 1866 2298 ulla.
1915 2263 2045 2298 Verum
2069 2263 2134 2299 hoc
2152 2266 2276 2309 miror,

1285 2327 1355 2360 quo
1380 2316 1434 2349 isti
1460 2328 1520 2348 ore
1543 2315 1696 2359 aspicere
1722 2315 1835 2357 legum
1861 2315 1970 2349 libros
1989 2317 2159 2355 audeant,
2186 2329 2275 2363 qua-

1286 2378 1362 2398 rum
1379 2374 1516 2399 autores
1535 2373 1675 2410 apparet
1694 2366 1868 2410 praeclare
1887 2366 2075 2402 instructos
2097 2367 2203 2402 fuisse
2219 2365 2275 2402 his

1286 2417 1367 2459 ipsis
1385 2417 1535 2456 artibus,
1560 2418 1602 2449 «le
1618 2417 1747 2461 quilius
1764 2417 1923 2450 dicimus.
1973 2417 2090 2460 Quam
2108 2418 2217 2452 multa
2233 2430 2274 2454 ex

1286 2467 1430 2501 (iram-is
1448 2476 1478 2502 et
1497 2467 1629 2502 laminis
1648 2466 1803 2501 historiis
1823 2468 2009 2512 repetunt?
2043 2468 2157 2512 Quam
2175 2480 2276 2503 reve-

1286 2527 1401 2552 renter
1424 2526 1606 2562 assurgunt
1627 2517 1802 2558 Homero,
1829 2518 1966 2564 quoties
1986 2518 2060 2552 eins
2084 2520 2277 2555 sententias

1288 2570 1378 2602 velut
1399 2570 1539 2603 oracula
1557 2569 1688 2603 ritant?
1730 2569 1870 2603 Aliculvi
1888 2568 2122 2613 pronunciant
2141 2584 2181 2605 ex
2198 2583 2276 2606 ven—

1288 2620 1340 2651 luis
1361 2618 1618 2661 Demosthenis,
1645 2621 1773 2654 alicubi
1793 2621 1835 2653 ad
1855 2621 2000 2653 verbnm
2021 2622 2278 2658 transscribunt

1290 2670 1446 2706 Platonis
1472 2672 1574 2706 dicta.
1636 2670 1680 2706 Et
1707 2671 1849 2717 quidem
1875 2672 2085 2706 recentiores
2111 2671 2278 2708 Doctum

2287 0 2338 174 l

2327 182 2332 299 l

2329 407 2333 550 ι
