2338 2958
213 125 286 163 175
513 127 525 138 ’

212 212 341 248 bilium
358 221 459 255 saepe
480 207 633 242 cladium
655 215 730 237 non
746 214 820 237 uno
835 202 874 236 in
890 203 967 237 loco
984 203 1070 237 tales
1084 201 1203 237 bomi-

213 275 277 298 nes
295 260 502 306 Rebuspub.
532 263 670 291 autores
700 255 857 290 fuerunt.
916 252 998 287 llias
1027 254 1203 288 malorum

214 320 335 348 manet
359 324 414 346 eas
434 309 607 345 civitates,
633 317 722 351 quae
745 311 830 339 sunt
845 305 910 339 sub
936 311 1070 338 rectore
1086 312 1202 339 temu-

213 367 322 400 lento.
383 361 490 396 Recte
506 357 601 392 enim
616 355 704 391 Cato
728 356 834 396 dixit,
862 367 935 390 uno
954 361 1114 400 excepto,
1141 367 1204 388 ne-

213 417 345 450 minem
365 422 522 457 unquam
549 409 592 442 ad
610 408 833 441 evertendam
851 405 1027 449 Rempub.
1043 406 1203 439 sobrium

216 464 414 504 accessisse;
446 461 505 493 vix
522 459 616 493 enim
633 458 706 492 ulla
723 457 882 501 Respub.
901 457 963 490 diu
980 457 1090 498 stetit,
1116 468 1204 502 quae

214 516 434 551 ebriosorum
461 511 608 545 consilio
633 516 727 553 gesta
750 515 817 549 cst3
853 508 911 540 vix
940 507 1012 541 ulla
1038 507 1206 548 concidit,

214 578 317 614 quarn
335 576 409 598 non
427 562 558 596 ebriosi
577 560 783 600 everterint3
811 559 868 591 vix
885 558 957 591 ulla
982 570 1057 591 non
1073 558 1206 595 floruit,

214 629 302 665 quae
319 629 338 649 a
355 615 453 648 siccis
470 625 509 646 ac
523 612 651 646 sobriis
666 608 872 643 bominibus
888 609 1205 643 administraretur.

212 669 296 704 Non
312 667 421 710 igitur
434 661 716 709 potuitAchilles
734 662 826 704 apud
838 658 1034 693 Homerum
1052 660 1206 693 atrocius

214 718 410 755 convitium
429 717 556 759 ignavo
573 726 612 746 ac
635 724 762 744 vesano
777 710 868 754 Regi
884 711 1017 751 dicere,
1046 722 1151 755 quam
1167 717 1207 744 ut

212 770 447 806 temulentum
473 777 553 799 eum
580 769 737 802 vocaret,
770 759 837 794 hoc
856 773 928 795 uno
946 761 1078 805 probro
1103 761 1204 806 quid-

214 822 299 868 quid
318 826 391 854 erat
407 816 693 861 gravissimorum
708 812 923 855 flagitiorum
945 813 1131 856 complecti
1154 812 1207 843 vi-

213 885 282 908 sus.
333 870 425 904 Nam
449 868 486 900 in
512 866 641 911 quibus
658 862 725 897 boc
747 863 874 896 vitium
898 863 1033 896 radices
1050 863 1136 906 egit,
1165 863 1207 895 de

212 924 285 957 illis
306 918 399 954 nihil
421 925 471 952 cst
493 918 588 964 quod
614 916 678 949 tibi
697 914 896 959 pollicearis
922 921 982 947 aut
999 925 1113 958 speres
1130 926 1208 946 mo-

212 973 326 1009 derati
362 970 508 1004 bonive:
543 973 626 1001 sunt
656 964 820 999 homines
852 965 1018 998 omnibus
1049 965 1207 1009 partibus

213 1025 285 1059 suis
303 1036 342 1057 ac
364 1019 533 1054 membris
559 1017 661 1051 fracti
688 1017 934 1060 corruptique,
963 1016 1063 1049 omni
1083 1027 1208 1058 genere

212 1072 447 1120 turpitudinis
472 1077 505 1103 et
526 1068 742 1112 flagitiorum
768 1067 1011 1101 contaminati.
1067 1065 1207 1111 Aquam

213 1140 230 1161 e
251 1125 389 1171 pumice
417 1128 531 1167 petas,
558 1120 587 1153 si
608 1119 796 1153 consilium
820 1118 864 1150 ab
880 1118 929 1150 eis
947 1118 1020 1150 ulla
1038 1118 1074 1150 in
1093 1129 1130 1150 re
1150 1122 1210 1149 aut

214 1175 439 1223 prudentiam
470 1170 642 1216 requiras.
704 1168 894 1211 Quomodo
921 1169 1016 1201 enim
1050 1168 1209 1201 animum

216 1227 405 1262 incendere
419 1229 565 1267 possunt
581 1222 624 1254 ad
637 1220 789 1264 aliquam
808 1219 934 1252 seriam
952 1219 1210 1261 cogitationem,

217 1280 278 1325 qui
302 1278 362 1310 illa
386 1280 552 1319 perpetua
582 1270 786 1305 heluatione
816 1277 971 1314 potuque
996 1270 1136 1313 penitus
1157 1281 1211 1301 se-

214 1330 306 1375 pulti
323 1333 406 1361 sunt
429 1337 467 1358 ac
490 1322 663 1356 demersi?
713 1320 905 1364 Nunquam
928 1321 980 1353 illi
997 1328 1056 1354 aut
1072 1319 1211 1353 rarissi-

215 1393 272 1414 me
303 1376 608 1422 expergiscuntur,
649 1371 760 1404 sobrii
785 1377 876 1404 certe
907 1383 1091 1415 nunquam
1119 1376 1212 1409 sunt,

216 1433 321 1467 etiam
340 1440 418 1462 cum
435 1437 509 1459 non
526 1431 607 1458 sunt
624 1422 716 1466 poti,
744 1428 861 1455 tamen
880 1421 932 1454 illi
951 1421 1075 1455 furiosi
1095 1427 1212 1454 motus

215 1483 300 1515 vino
319 1477 478 1522 concepti
497 1482 531 1509 et
547 1474 703 1511 excitati,
732 1470 848 1505 adhuc
866 1472 903 1504 in
926 1473 975 1505 eis
998 1478 1212 1505 exaestuant.

217 1534 319 1568 Plato
348 1531 384 1563 in
412 1527 558 1573 epistola
585 1525 736 1570 quadam
763 1524 805 1556 ad
832 1521 958 1556 Dionis
983 1523 1214 1573 propinquos,

219 1587 262 1619 de
282 1595 341 1617 sua
363 1582 399 1613 in
419 1578 576 1613 Siciliam
596 1574 878 1620 peregrinatione
899 1574 945 1607 ita
964 1574 1101 1607 scribit:
1131 1573 1212 1615 Quo

220 1647 298 1671 cum
314 1632 507 1669 venissem,
535 1627 668 1672 inquit,
704 1625 775 1657 vita
793 1625 853 1657 illa
873 1625 991 1664 beata,
1019 1636 1106 1669 quae
1123 1624 1214 1656 sere-

220 1689 342 1724 batur,
377 1683 480 1727 plena
507 1679 705 1712 italicarum
728 1676 1098 1721 Syracusanarumque
1114 1686 1214 1707 men-

222 1748 360 1774 sarum,
384 1732 484 1766 nullo
502 1732 607 1763 modo
632 1725 720 1760 mibi
746 1726 895 1771 placuit,
921 1727 974 1760 bis
992 1727 1028 1759 iu
1047 1727 1103 1759 die
1120 1732 1215 1759 satu-

222 1801 300 1823 rum
329 1785 423 1824 ficri,
459 1794 522 1815 nec
538 1790 695 1825 unquam
715 1784 922 1822 pernoctare
940 1778 1072 1817 solum,
1104 1783 1214 1809 caete-

222 1850 329 1885 raque
356 1847 444 1880 quae
463 1832 676 1866 comitantur
701 1827 784 1862 huic
802 1829 913 1868 vitae,
941 1829 977 1860 in
995 1840 1061 1873 qua
1079 1828 1217 1871 sapiens

224 1902 328 1924 nemo
346 1885 494 1920 efficitur
509 1893 684 1927 unquam,
705 1881 908 1913 moderatus
922 1892 1005 1912 vero
1022 1879 1133 1912 multo
1150 1878 1218 1911 mi-

225 1953 303 1975 nus.
363 1938 471 1979 §egat
496 1934 595 1967 Plato
624 1931 718 1975 gigni
749 1931 954 1974 sapientiam
989 1931 1025 1963 in
1050 1930 1092 1962 iis
1122 1929 1218 1967 locis,

224 1993 286 2027 ubi
305 1989 467 2024 homines
491 1986 545 2018 bis
572 1985 607 2016 in
633 1983 688 2015 (lie
714 1982 824 2015 saturi
845 1982 954 2014 fiant?
1007 1981 1102 2024 Quid
1131 1980 1158 2012 si
1175 1981 1216 2013 ad

228 2056 292 2077 nos
310 2040 465 2077 veniret,
492 2049 530 2069 ac
547 2036 681 2067 videret
701 2031 861 2065 bomiues
878 2045 949 2065 non
969 2044 1030 2076 per
1051 2031 1219 2064 interval-

228 2097 260 2127 la
294 2093 346 2125 bis
380 2097 439 2123 aut
469 2086 607 2132 saepius
633 2085 668 2117 in
695 2084 753 2117 dic
779 2091 933 2122 saturos,
965 2084 1023 2116 sed
1054 2089 1219 2127 perpetua

230 2145 381 2190 quadam
417 2139 558 2183 crapula
601 2137 756 2180 vinoque
797 2135 985 2171 distentos.
1038 2145 1221 2178 nunquam

230 2197 386 2235 ieiunos,
421 2191 589 2225 sict-osvo,
625 2187 760 2220 sobrios
787 2186 992 2230 nunquam?
1039 2192 1113 2218 tum
1139 2196 1221 2217 vero

232 2250 334 2286 longe
354 2245 396 2276 ab
414 2240 469 2275 bis
488 2241 572 2273 locis
590 2238 796 2281 sapientiam
817 2237 947 2280 pariter
962 2248 999 2269 ac
1016 2235 1222 2268 modestiam

233 2298 370 2330 exulare
396 2294 540 2325 diceret:
574 2289 700 2323 „Nullus
722 2288 814 2320 euim
841 2287 1048 2326 modestiae,
1074 2293 1133 2319 aut
1158 2286 1221 2319 ulli

232 2346 354 2381 virtuti
384 2346 479 2377 locus
503 2353 573 2374 esse
600 2346 711 2384 potest
737 2339 771 2371 in
794 2339 855 2371 ista
874 2339 1060 2382 plusquam
1081 2337 1222 2370 beluina

236 2398 367 2431 ventris
388 2393 540 2435 ingluxie
558 2404 595 2424 ar.
615 2391 704 2423 vitae
722 2390 898 2423 foeditate.
955 2389 1113 2422 lnduuut
1130 2388 1223 2420 enim

236 2449 398 2483 bomines
425 2458 463 2478 ex
488 2443 552 2476 boc
579 2441 720 2474 vivendi
747 2453 842 2473 more
866 2440 1017 2473 furiosos
1041 2447 1224 2484 vastosque

236 2512 368 2535 sstOsf'S,

236 2550 459 2592 ingeniorum
487 2546 602 2578 feritas
625 2543 753 2575 deinde
769 2543 871 2574 etiam
899 2543 931 2574 iu
951 2542 1080 2574 sobriis
1097 2547 1225 2574 manet.

238 2603 335 2635 Sit-nt
360 2599 453 2631 euim
479 2609 556 2628 rum
592 2595 742 2638 cuipiam
776 2593 808 2624 iu
839 2594 910 2625 sole
940 2593 1091 2625 x-ersanti
1124 2597 1223 2635 caput

237 2652 347 2696 coepit
367 2650 504 2685 dolere,
531 2647 589 2678 ubi
612 2646 735 2678 iterum
753 2645 785 2676 in
799 2645 958 2676 tunbrain
977 2644 1097 2680 rediit,
1124 2643 1226 2674 dolor
1250 2647 1252 2649 ’

241 2713 353 2737 tamen
367 2729 374 2739 ,
409 2711 511 2744 quent
537 2697 631 2728 calor
655 2698 695 2727 sm
711 2696 731 2728 it
745 2722 752 2732 ,
788 2702 901 2728 niauet
917 2720 923 2730 ,
960 2708 1020 2727 ner
1039 2694 1153 2727 statim
1173 2705 1225 2725 re—

884 115 1044 152 DECL.
1097 115 1170 151 DE
1211 113 1572 153 EBRIETATE.

2174 120 2246 156 176

1253 201 1379 236 mittit:
1415 201 1464 234 ita
1489 201 1552 235 ubi
1583 198 1745 236 homines
1768 203 1830 237 illa
1860 203 2043 238 barbarica
2074 201 2247 239 heluandi

1254 252 1510 287 consuetudine
1524 252 1679 286 devincti
1695 253 1812 288 furere
1828 261 2038 299 coeperunt,
2064 256 2169 290 durat
2182 256 2245 290 ille

1254 304 1354 337 furor
1377 302 1482 336 etiam
1507 315 1586 337 cum
1612 315 1686 337 non
1711 311 1792 339 sunt
1815 305 1911 349 poti,
1938 312 1972 339 et
1988 305 2096 339 iidem
2113 306 2246 341 rabiosi

1255 367 1293 387 ac
1317 353 1514 389 turbulenti
1537 359 1655 387 motus
1674 354 1712 387 in
1735 355 1862 389 animis
1879 362 2046 399 manent,
2071 357 2246 392 sentiunt-

1255 417 1322 450 que
1339 416 1378 437 ac
1393 402 1655 439 debacchantur
1668 405 1777 439 sobrii
1792 406 1922 450 pariter
1941 418 1980 440 ac
1995 407 2087 450 poti,
2112 419 2176 441 nec
2191 408 2247 442 fa-

1256 456 1321 489 cile
1344 455 1456 499 possis
1479 455 1694 496 discernere,
1720 468 1932 503 quocunque
1949 464 2107 502 tempore
2127 458 2166 491 in
2188 470 2247 493 eos

1256 506 1411 545 incidas,
1439 512 1559 539 utrum
1579 507 1755 548 biberint,
1783 519 1908 542 necne.

1358 556 1490 591 Seneca
1514 557 1666 600 graviter
1687 570 1727 591 ac
1750 570 1832 591 vere
1854 558 1960 600 dixit,
1992 560 2248 594 consuetudine

1256 608 1415 641 insaniae
1442 609 1566 641 durata
1589 608 1674 641 vitia
1708 609 1792 642 vino
1818 616 2004 654 concepta,
2040 610 2146 644 etiam
2171 611 2248 644 sine

1256 659 1341 691 vino
1365 659 1493 694 valere.
1554 656 1602 692 Et
1622 666 1761 693 sanctus
1785 659 1918 693 Paulus
1938 659 2034 695 iubet
2055 673 2121 695 nos
2137 661 2249 696 vitare

1258 710 1481 748 ebrietatem,
1509 716 1695 753 propterea
1719 711 1814 755 quod
1835 710 1873 743 in
1891 722 1929 744 ea
1950 711 2035 746 insit
2057 712 2185 753 asotia,
2211 712 2249 745 id

1258 767 1327 797 est,
1370 760 1442 792 vita
1475 760 1641 793 immanis
1671 772 1709 794 ac
1733 761 1897 802 beluina,
1938 759 2005 795 Dei
2037 763 2168 807 pariter
2197 770 2250 797 at-

1258 823 1325 855 que
1349 808 1536 844 hominum
1564 811 1751 857 omnisque
1779 810 1974 846 honestatis
2005 813 2250 858 contemptrix.

1259 861 1410 904 Qualem
1428 859 1495 894 hoc
1516 872 1626 904 genus
1648 860 1833 896 hominum
1852 863 2014 897 lurcones
2031 871 2064 898 et
2081 862 2253 898 helnones

1259 913 1383 955 degere
1408 912 1586 953 videmus,
1618 913 1679 957 qui
1706 911 1799 947 nihil
1822 915 1922 958 pensi
1943 911 2092 957 habent,
2119 915 2188 949 nisi
2212 922 2253 950 ut

1258 970 1350 996 totos
1367 963 1441 995 dies
1466 969 1655 1008 noctesque
1681 971 1886 1008 per-potent,
1914 965 2043 1010 quibus
2061 977 2161 1000 mens
2178 967 2252 1011 ipsa

1260 1021 1293 1047 et
1315 1014 1405 1047 ratio
1427 1025 1620 1058 omnesque
1637 1025 1760 1047 sensus
1784 1015 1915 1050 scilicet
1931 1013 2110 1050 heluando
2126 1024 2254 1061 potan-

1261 1066 1377 1110 doque
1408 1064 1527 1097 obruti
1561 1071 1666 1110 atque
1691 1065 1942 1110 obstupefacti,
1982 1079 2165 1112 nunquam
2198 1080 2255 1101 re-

1261 1117 1370 1149 deunt
1394 1117 1437 1148 ad
1464 1127 1555 1156 sese,
1586 1127 1770 1161 nunquam
1795 1117 1951 1159 cogitant
1973 1118 2108 1163 aliquid
2125 1118 2254 1152 serium

1261 1173 1321 1200 aut
1337 1166 1483 1209 dignum
1501 1163 1661 1206 bomine,
1690 1167 1749 1199 sed
1766 1169 1861 1212 quod
1878 1168 1916 1200 in
1931 1168 1994 1201 tali
2011 1168 2082 1202 vita
2098 1169 2173 1202 fieri
2191 1181 2255 1202 ne-

1262 1229 1353 1251 cesse
1371 1223 1441 1257 est,
1468 1217 1517 1250 sic
1541 1217 1584 1249 ad
1611 1217 1727 1250 omnis
1753 1218 1890 1260 generis
1909 1218 2165 1252 immanissima
2182 1231 2256 1253 sce-

1263 1269 1333 1301 lera
1360 1273 1537 1311 proruunt
1562 1279 1653 1306 sese,
1685 1269 1785 1313 quasi
1805 1269 1941 1302 nemini
1964 1270 2159 1315 quidquam
2178 1277 2255 1314 post

1262 1331 1297 1352 se
1324 1318 1453 1362 reliqui
1477 1319 1589 1351 facere
1614 1319 1814 1353 statuerint.
1873 1318 1955 1353 Non
1979 1321 2048 1353 iam
2072 1321 2185 1354 dicam
2213 1322 2256 1354 de

1263 1368 1502 1412 turpitudine,
1551 1380 1640 1413 quae
1677 1369 1714 1401 in
1750 1369 1908 1413 ipsorum
1942 1371 2115 1404 conviviis
2151 1372 2255 1405 etiam

1263 1425 1404 1463 regnat,
1439 1430 1512 1451 non
1536 1419 1578 1451 de
1600 1419 1742 1453 furiosis
1768 1420 1982 1454 clamoribus
2005 1433 2146 1463 eorum,
2176 1422 2257 1467 qui-

1264 1472 1329 1504 bus
1352 1470 1485 1513 plateae
1517 1475 1606 1502 totas
1635 1477 1754 1504 noctes
1779 1478 1986 1514 personant:
2025 1469 2110 1506 haec
2140 1473 2257 1507 adhuc

1264 1521 1364 1554 initia
1382 1527 1464 1553 sunt
1483 1521 1611 1554 suroris
1627 1528 1658 1554 et
1672 1521 1769 1566 quasi
1794 1522 1928 1565 primae
1943 1523 1986 1555 ad
2008 1534 2256 1569 paroxysmum

1264 1571 1488 1605 accessiones.
1546 1569 1736 1604 Innumera
1757 1572 1825 1605 alia
1845 1579 1877 1606 et
1895 1573 2057 1615 graviora
2074 1574 2178 1608 nobis
2194 1575 2259 1608 ssa-

1265 1622 1346 1665 gitia
1366 1634 1405 1654 ex
1425 1619 1488 1654 bac
1506 1621 1603 1654 lerna
1621 1629 1830 1666 erumpunt,
1857 1630 1961 1668 atque
1978 1624 2116 1658 utinam
2135 1625 2258 1659 talium

1267 1672 1451 1706 bominum
1491 1673 1590 1705 furor
1622 1685 1881 1719 nonnunquam
1920 1675 2023 1708 etiam
2063 1674 2258 1710 Ecclesiam

1266 1737 1338 1757 non
1355 1723 1600 1763 conturbaret,
1629 1730 1659 1757 et
1678 1723 1780 1768 Reip.
1797 1737 1867 1757 non
1885 1732 1973 1760 esset
1991 1726 2111 1760 exitio.

1368 1773 1566 1819 Cambysen
1591 1774 1675 1820 Cyri
1700 1775 1810 1808 filium
1834 1777 1979 1810 tradunt
2003 1777 2047 1810 ab
2078 1775 2142 1811 hac
2168 1778 2258 1812 suria

1268 1826 1436 1867 agitatum
1470 1825 1594 1863 fnisse,
1637 1837 1740 1870 quem
1769 1839 1847 1859 cum
1878 1826 2066 1871 Prexaspes
2096 1840 2189 1861 unus
2220 1842 2259 1863 ex

1269 1877 1493 1920 Principibus
1518 1883 1549 1909 et
1567 1877 1721 1919 paternis
1741 1877 1861 1910 amicis
1884 1885 2040 1912 amanter
2056 1891 2094 1912 ac
2112 1879 2261 1914 fideliter

1269 1929 1473 1960 admoneret
1487 1953 1495 1966 ,
1522 1927 1616 1971 quod
1636 1926 1751 1960 Persis
1772 1928 1830 1961 illa
1850 1928 1924 1961 eius
1947 1930 2158 1973 perpotandi
2175 1942 2260 1964 con-

1270 1979 1417 2012 suetudo
1442 1978 1659 2020 displiceret,
1698 1979 1796 2012 iussit
1825 1980 1897 2023 ipse
1924 1979 2106 2023 Principes
2130 1993 2262 2015 convo-

1271 2030 1359 2069 cari,
1386 2036 1418 2062 et
1444 2029 1698 2071 interrogabat,
1733 2037 1852 2063 utrum
1870 2030 2004 2075 aliquid
2032 2031 2066 2063 in
2085 2043 2138 2071 se,
2164 2034 2260 2077 quod

1272 2077 1589 2124 reprehenderent,
1627 2077 1812 2114 baberent:
1849 2081 1899 2113 illi
1927 2089 2020 2114 metu
2048 2084 2263 2125 mussabant,

1272 2144 1334 2164 nec
1352 2137 1423 2164 erat
1445 2131 1536 2164 inter
1560 2143 1617 2164 eos
1645 2131 1705 2176 qui
1730 2129 1794 2164 boc
1813 2129 1936 2166 bulcus
1954 2139 2094 2172 tangere.
2108 2135 2262 2174 auderet,

1273 2183 1358 2227 quin
1381 2182 1485 2226 pleno
1503 2195 1562 2215 ore
1580 2182 1768 2216 laudabant
1787 2195 1883 2218 eum,
1912 2190 1943 2216 et
1969 2184 2056 2226 patri
2075 2184 2178 2217 etiam
2195 2186 2263 2232 sy—

1273 2247 1311 2266 ro
1332 2233 1571 2276 praeferebant
1591 2233 1758 2277 plerique.
1815 2234 1955 2276 Quibus
1974 2234 2138 2268 laudibus
2161 2236 2263 2271 infla-

1275 2292 1328 2317 tus
1351 2283 1425 2317 l‘wx
1453 2283 1645 2327 l‘rexaspen
1664 2285 1777 2316 solum
1802 2285 1928 2317 aet-ersi
1947 2285 2062 2324 iubet,
2090 2286 2207 2332 Atque
2226 2295 2263 2321 ut

1275 2336 1393 2367 xidere
1425 2335 1554 2379 possis,
1588 2335 1720 2379 inquit.
1751 2349 1804 2368 me
1837 2337 1938 2368 etiam
1964 2343 2105 2380 potum,
2146 2345 2263 2372 tamen

1275 2386 1401 2418 mentis
1427 2392 1621 2429 rornpotem
1645 2398 1736 2422 esse,
1771 2385 1876 2419 bodie
1903 2388 1962 2421 ubi
1984 2388 2263 2428 1.··r;;inst·ilwm.

1249 2449 1251 2480 3
1275 2438 1372 2469 sistes
1397 2433 1484 2468 mibi
1509 2437 1619 2468 tilium
1648 2443 1746 2469 tuum
1772 2439 1944 2470 minorem
1974 2445 2057 2471 natu
2078 2439 2113 2471 itt
2130 2440 2264 2474 foribus

404 2504 431 2528 et
459 2503 527 2528 tota
553 2501 675 2526 natura
701 2493 908 2528 ent-rantur,
939 2504 975 2523 ea
1001 2503 1166 2523 sensuum
1187 2502 1224 2522 ac
1249 2488 1251 2507 ⁴¹

1276 2487 1473 2525 coenaculi,
1515 2487 1550 2519 in
1579 2499 1658 2519 eum
1688 2501 1766 2521 rum
1799 2501 1878 2521 arcu
1914 2489 2071 2529 sagittam
2107 2490 2266 2530 einisero,

1250 2539 1342 2582 *uisi
1373 2539 1486 2582 ipsum
1523 2539 1620 2582 pueri
1649 2551 1708 2571 cor
1737 2540 1984 2576 vulnerarem,
2027 2547 2099 2573 tum
2138 2547 2174 2574 tu
2213 2555 2266 2575 me

1277 2591 1454 2622 ebriosum
1483 2595 1584 2633 atque
1611 2590 1772 2623 insanum
1802 2590 1967 2625 iudicato.
2035 2590 2127 2624 llaec
2156 2592 2201 2626 ita
2228 2600 2265 2626 nt

1277 2642 1359 2672 dixit
1397 2642 1484 2672 sarta
1508 2648 1608 2677 suut,
1645 2653 1724 2673 uam
1752 2649 1825 2685 post
1859 2639 1982 2674 boram
2003 2654 2151 2681 coenae,
2186 2656 2263 2677 cum

1279 2692 1407 2732 largius
1440 2691 1505 2723 iam
1535 2691 1710 2726 imitasset
1739 2704 1828 2728 sese.
1863 2705 2009 2736 puerum
2028 2694 2154 2727 adduci
2174 2695 2264 2728 sisti-
