2338 2958
175 125 250 163 503

182 214 220 246 in
238 208 468 255 Philosophia
486 212 669 242 versantur
694 217 916 251 nequaquam
941 205 1016 239 sine
1035 203 1172 239 Galeno

182 263 273 297 tueri
297 274 398 296 suum
423 270 550 293 munus
572 268 690 302 posse,
725 269 807 290 nam
826 263 859 290 et
879 255 1081 291 Aristotelis
1100 257 1175 300 ple-

185 325 294 359 raque
309 313 383 347 sine
397 309 525 344 Galeni
542 308 825 342 enarrationibus
839 308 991 351 intelligi
1004 319 1076 340 non
1093 319 1175 352 pos-

185 371 280 398 sunt.
346 361 528 405 Denique,
562 359 591 393 si
626 359 705 404 quis
738 359 847 399 alius,
892 357 1052 392 Galenus
1086 365 1178 391 certe

185 421 328 460 propter
359 411 545 445 utilissima
576 416 804 444 monumenta
837 421 925 454 quae
960 409 1106 454 reliquit
1136 410 1179 441 de

186 472 311 498 natura
336 469 370 496 et
394 463 436 495 de
462 461 649 502 remediis,
677 459 744 494 hoc
764 460 932 504 preconio
952 460 1180 504 dignissimus

187 522 254 555 est,
276 526 345 560 quo
359 512 536 546 Homerus
553 512 743 546 celebravit
754 510 956 555 Aesculapii
970 512 1102 552 filium,
1125 510 1180 543 vir

186 565 350 599 Medicus
365 564 486 598 multis
503 563 582 596 aliis
599 562 832 608 praestantior
852 574 957 597 unuS.
1009 561 1102 596 Dixi.

202 764 270 797 No.
288 763 349 798 64.
1023 762 1117 801 (anno
1129 762 1159 798 ?)

197 819 368 834 Μ
1006 815 1179 829 Μ

487 871 562 912 De
587 869 884 925 Hippocrate.

258 953 291 978 In
316 951 437 977 Declam.
465 949 498 979 T.
519 949 553 975 ll.
578 957 604 983 p.
625 948 702 981 391„
737 958 750 974 a
772 948 808 974 ud
833 948 960 975 Richard.
984 948 1009 973 T
1027 947 1047 974 1.
1066 955 1094 981 p.
1114 947 1187 981 544„

293 987 321 1011 in
343 985 461 1012 Servesi.
483 984 515 1010 ll.
536 993 562 1018 p.
582 983 643 1010 385.
663 996 694 1002 —
764 983 814 1008 )uo
833 992 907 1009 auno
926 982 1025 1017 scripta
1043 983 1094 1016 sit,
1119 982 1188 1007 deli-

294 1019 362 1080 pgag
381 1019 553 1081 ηοΙηῊξοωί.
588 1018 653 1046 Sine
681 1017 763 1044 dubio
790 1023 880 1044 autem
908 1018 1023 1053 pertinet
1040 1017 1083 1047 ?ad
1100 1026 1187 1043 annos

394 1143 520 1176 Oratio
547 1139 593 1174 de
619 1141 865 1185 Hippocratis
890 1142 983 1174 vita.

190 1219 350 1259 Excusat
366 1234 420 1255 me
438 1221 578 1266 publiea
597 1220 835 1259 consuetude,
859 1219 953 1263 quod
972 1218 1009 1251 in
1026 1215 1094 1251 hoc
1111 1218 1188 1251 loco

191 1277 235 1309 de
251 1281 370 1307 nostra
387 1272 603 1317 professione
621 1270 712 1305 dico.
765 1267 843 1303 Etsi
858 1270 1013 1302 arbitror
1030 1281 1092 1302 vos
1109 1280 1189 1302 eru—

192 1325 385 1360 ditissimos
411 1321 593 1363 homines,
629 1321 727 1355 nulla
745 1321 789 1354 de
808 1332 846 1353 re
867 1320 1037 1354 libentius
1054 1321 1189 1358 audire,

193 1387 299 1422 quam
316 1375 358 1408 de
382 1387 419 1408 ea
445 1381 536 1414 arte,
569 1384 657 1418 quac
673 1378 818 1416 propter
835 1371 1017 1405 doctrinae
1039 1371 1189 1405 varieta-

193 1435 264 1462 tem
301 1438 339 1459 ac
371 1425 578 1459 suavitatem
612 1424 716 1467 longe
748 1423 911 1467 princeps
943 1429 993 1455 est
1028 1422 1188 1455 omnium

194 1474 440 1523 philosophiae
459 1476 632 1520 partium,
659 1480 692 1507 et
708 1475 752 1507 de
776 1471 932 1507 humano
957 1484 1083 1517 genere
1097 1473 1191 1517 opti-

194 1541 250 1562 me
274 1535 444 1561 meretur:
481 1538 543 1571 ego
562 1533 678 1560 tamen
705 1532 744 1558 ut
769 1532 940 1570 quantum
958 1535 1115 1568 possem,
1140 1524 1191 1556 le-

194 1591 314 1614 varem
333 1578 536 1616 fastidium,
563 1576 700 1610 institui
716 1573 784 1609 hoc
808 1582 966 1619 tempore
983 1575 1193 1615 orationem,

195 1632 239 1665 de
255 1630 416 1675 principe
434 1635 574 1662 nostrae
597 1627 700 1667 artis,
724 1625 952 1671 Hippocrate.
1007 1624 1090 1658 ldeo
1115 1625 1193 1665 feci,

197 1681 293 1727 quod
311 1680 510 1714 arbitrabar
525 1676 594 1712 hoc
615 1684 861 1722 argumentum
878 1688 952 1711 non
971 1676 1110 1716 minus,
1137 1677 1192 1709 vel

196 1733 241 1767 ad
267 1731 493 1765 delectandos
522 1729 697 1770 eruditos,
723 1728 778 1761 vel
794 1729 837 1761 ad
855 1728 1055 1762 excitandos
1073 1728 1194 1761 adole-

197 1790 347 1821 scentes,
375 1794 455 1815 cum
480 1781 523 1815 ad
548 1780 761 1820 medicinae,
788 1785 862 1813 tum
882 1791 965 1812 vero
986 1779 1029 1811 ad
1049 1778 1194 1811 univer-

197 1846 254 1868 sae
289 1830 536 1878 philosophiae
572 1831 729 1865 studium
765 1830 1069 1863 accommodatum
1111 1841 1196 1868 esse,

197 1896 309 1931 quam
328 1883 438 1929 ipsius
455 1883 540 1918 artis
555 1881 727 1916 Encomia
740 1907 749 1922 ‚
775 1892 862 1926 quae
880 1881 923 1913 de
949 1892 1046 1913 more
1064 1878 1120 1913 hic
1139 1892 1196 1913 re-

200 1936 301 1970 citari
326 1936 451 1969 solent.
517 1933 676 1968 Delectat
708 1932 802 1965 enim
839 1943 900 1976 per
933 1942 1006 1964 sese
1037 1928 1197 1972 historia,

200 1994 346 2032 propter
362 1985 634 2020 admirationem
655 1984 802 2017 eximiae
826 1982 985 2022 virtutis,
1011 1988 1044 2016 et
1061 1981 1197 2016 exusci-

203 2045 254 2073 tat
280 2045 371 2072 recta
399 2036 559 2081 ingenia,
592 2043 667 2069 tum
691 2035 734 2067 ad
764 2033 1024 2077 cognitionem,
1057 2039 1132 2066 tum
1153 2033 1197 2066 ad

202 2101 357 2123 aniorem
383 2100 599 2121 summarum
625 2085 769 2120 artium:
804 2085 918 2118 multo
939 2084 1042 2118 etiam
1066 2091 1198 2123 monet,

203 2152 292 2185 quae
327 2140 364 2172 in
399 2139 483 2183 ipsis
518 2138 654 2172 artibus
688 2136 888 2170 exercendis
926 2147 1026 2168 usum
1056 2132 1198 2169 habent.

204 2191 292 2224 Nam
312 2189 556 2223 excellentium
583 2188 757 2222 artificum
781 2187 956 2230 exempla,
984 2186 1095 2219 multo
1116 2186 1199 2219 illu-

205 2242 331 2274 striora
350 2248 431 2275 sunt
448 2240 531 2283 ipsis
550 2240 753 2284 praeceptis.
790 2236 934 2271 Utinam
947 2249 1029 2270 vero
1047 2237 1198 2280 effigiem

205 2291 421 2336 Hippocrate
436 2291 579 2335 dignam
591 2318 600 2331 ,
626 2290 787 2324 oratione
802 2289 931 2331 fingere
946 2288 1099 2332 possem!
1130 2288 1199 2321 Sed

207 2343 374 2389 quoniam
395 2343 429 2375 id
457 2355 527 2375 non
547 2348 658 2386 potest
679 2340 834 2374 breviter
852 2339 943 2380 fieri,
971 2339 1200 2372 deurnbrabi-

207 2405 285 2427 mus
308 2394 495 2436 imaginem
520 2390 586 2426 hoc
603 2399 777 2436 tempore,
805 2398 837 2424 et
863 2390 960 2436 quasi
980 2390 1110 2434 primas
1126 2390 1201 2423 eius

209 2445 320 2478 lineas
343 2445 527 2483 ducemus,
563 2451 595 2477 et
618 2456 725 2488 pauca
757 2443 931 2487 quaedam
955 2442 1051 2474 illius
1072 2440 1200 2475 summi

210 2495 276 2529 viri
304 2495 467 2539 preconia
490 2495 713 2539 colligemus,
747 2506 834 2539 quae
853 2492 996 2538 quidem
1019 2503 1120 2536 spero
1140 2503 1202 2525 vos

210 2547 394 2581 audituros
410 2558 482 2578 esse
506 2546 690 2585 libentius,
712 2546 740 2578 si
762 2544 982 2587 cogitabitis,
1004 2555 1066 2577 vos
1090 2543 1202 2588 pluri-

211 2610 308 2631 mum
324 2595 431 2630 huius
448 2597 531 2629 artis
553 2597 734 2630 autoribus
751 2596 889 2630 debere.
949 2593 1124 2628 Omittam
1138 2606 1202 2627 au-

213 2657 280 2683 tem
309 2648 508 2692 pervulgata
540 2648 598 2680 illa
629 2650 671 2680 de
702 2646 812 2691 patria
835 2645 1078 2690 Hippocratis,
1114 2657 1202 2691 quae

213 2707 294 2734 nota
311 2706 390 2734 sunt
408 2699 584 2733 omnibus.
635 2699 703 2732 Sed
723 2698 890 2743 quoniam
910 2698 1081 2742 perfectae
1096 2703 1201 2743 atque

831 117 991 155 DECL.
1044 117 1117 154 DE
1157 114 1552 154 HIPPOCRATE.

2140 118 2215 155 504

1225 202 1386 237 heroicae
1402 203 1549 236 virtutes
1564 203 1708 236 existere
1724 215 1797 237 non
1817 208 1978 249 possunt,
2005 206 2080 238 sine
2096 205 2216 250 aliquo

1228 254 1350 288 divino
1367 254 1508 293 afflatu,
1534 260 1574 288 ut
1590 254 1756 287 convenit
1781 254 1873 288 inter
1891 268 2013 290 omnes
2038 257 2159 290 doctos
2186 262 2220 289 et

1228 306 1438 350 prudentes,
1471 316 1545 338 non
1571 315 1714 348 possum
1739 301 1897 339 hocloco
1916 307 2106 350 praeterire
2125 307 2221 352 quod

1230 356 1451 389 verissimum
1477 366 1549 388 esse
1573 366 1629 388 res
1654 355 1813 400 loquitur
1838 355 1930 399 ipsa,
1964 369 1983 390 a
2005 358 2073 391 diis
2104 364 2220 391 ortum

1231 418 1302 440 esse
1324 405 1598 450 Hippocratem,
1632 403 1700 439 hoc
1732 413 1783 440 est
1807 406 1977 450 peculiari
2004 410 2155 453 quadam
2189 415 2221 441 et

1231 456 1371 491 heroica
1396 458 1431 490 vi
1454 457 1626 490 divinitus
1649 457 1692 490 ad
1715 454 1807 490 hanc
1822 457 1998 491 infinitam
2014 466 2220 493 naturarum

1232 509 1436 542 varietatem
1462 509 1739 551 cognoscendam
1757 514 1790 541 et
1812 508 2105 551 patefaciendam,
2132 510 2222 543 exci-

1232 566 1342 594 tatum
1369 571 1455 600 esse,
1490 565 1550 592 aut
1575 559 1604 591 si
1623 557 1689 592 hoc
1714 559 1823 602 magis
1840 559 1970 603 placet,
1995 560 2224 604 quemadmo-

1233 612 1318 644 dum
1345 611 1387 643 de
1412 608 1568 642 Homero
1589 609 1834 643 venustissime
1858 609 1998 650 dicunt,
2022 610 2129 643 fuisse
2146 621 2224 643 eum

1234 673 1306 694 non
1324 658 1504 694 hominem
1516 685 1525 700 ,
1548 661 1608 693 sed
1624 661 1729 693 deum
1746 661 1922 705 quendam
1940 661 2085 694 missum
2101 660 2139 693 in
2156 667 2228 693 ter-

1234 724 1290 745 ras
1314 723 1353 744 ex
1377 723 1543 755 superum
1568 711 1741 752 concilio,
1767 718 1807 745 ut
1826 709 1891 745 hoc
1908 711 2070 745 divinum
2087 722 2227 744 carmen

1236 763 1280 796 ad
1297 760 1460 794 homines
1484 763 1669 806 perferret:
1694 762 1743 796 ita
1768 762 1880 795 videri
1898 769 2010 805 potest
2029 761 2229 806 Hippocra-

1236 819 1288 847 tes
1308 824 1380 845 non
1399 820 1468 845 tam
1483 810 1607 852 homo,
1634 825 1738 857 quam
1757 815 1842 846 deus
1856 813 2031 858 quispiam
2049 813 2175 845 missus
2191 811 2229 844 in

1238 870 1366 904 terras,
1393 865 1435 896 ad
1453 864 1706 896 ostendendam
1721 864 1887 897 medendi
1902 871 2012 897 artem
2027 863 2149 897 salutis
2165 860 2231 896 ho-

1238 915 1376 948 minum
1410 925 1523 949 causa.
1585 913 1707 958 Neque
1732 915 1826 947 enim
1855 914 2005 948 dubium
2040 921 2109 955 est,
2143 913 2231 959 quin

1238 963 1324 998 haec
1349 976 1404 998 ars
1435 965 1607 998 divinitus
1638 966 1681 998 ad
1709 962 1870 998 homines
1895 965 2112 1009 pervenerit;
2149 975 2231 997 nam

1239 1022 1337 1050 tanta
1359 1016 1510 1049 varietas
1532 1027 1651 1049 rerum
1673 1016 1710 1048 in
1733 1023 1857 1050 natura
1885 1016 2034 1060 perspici
2052 1028 2090 1049 ac
2106 1016 2234 1059 depre-

1239 1065 1350 1100 hendi
1368 1079 1440 1100 non
1456 1067 1646 1110 potuisset,
1673 1067 1742 1100 nisi
1759 1073 1977 1100 monstrante
1991 1065 2079 1102 Deo.
2133 1064 2234 1108 Quae

1238 1124 1354 1149 autem
1372 1115 1511 1148 homini
1528 1117 1640 1149 maior
1654 1117 1749 1156 laus,
1773 1128 1879 1161 quam
1895 1117 2092 1151 divinitatis
2105 1126 2235 1159 cogna-

1239 1167 1288 1200 tio
1305 1166 1414 1199 tribui
1431 1166 1567 1209 potest?
1603 1177 1692 1211 quae
1714 1166 1790 1199 sine
1809 1167 2050 1201 controversia
2072 1166 2234 1200 omnium

1240 1217 1619 1261 praestantissimarum
1644 1217 1816 1250 virtutum
1838 1217 1973 1251 semina
1990 1218 2168 1258 continet3
2196 1228 2236 1250 ac

1240 1267 1321 1301 talis
1337 1267 1498 1310 cognatio
1518 1267 1554 1300 in
1571 1264 1722 1300 heroicis
1741 1268 1877 1302 naturis
1895 1280 1969 1302 esse
1986 1269 2086 1303 solet.

1344 1341 1532 1376 Caeterum
1547 1340 1716 1376 historiae
1740 1349 1913 1377 testantur
1928 1341 2181 1388 Hippocratem
2198 1344 2237 1378 in

1240 1395 1374 1428 familia
1392 1393 1527 1427 medica
1552 1400 1674 1426 natum
1695 1405 1786 1435 esse,
1815 1394 1852 1427 in
1876 1406 1944 1440 qua
1963 1402 2132 1440 perpetua
2149 1395 2238 1429 serie

1241 1445 1391 1479 maiores
1408 1445 1517 1489 ipsius
1534 1442 1624 1478 hanc
1639 1452 1767 1485 artem,
1793 1451 1826 1479 et
1843 1451 2081 1479 tractaverunt
2097 1453 2130 1480 et
2141 1458 2239 1480 exer-

1244 1503 1404 1531 cuerunt.
1458 1495 1579 1542 Itaque
1607 1496 1703 1541 quod
1726 1495 1919 1540 plurimum
1948 1497 2070 1538 refert,
2097 1497 2240 1531 accessit

1244 1549 1286 1581 ad
1324 1547 1551 1580 excellentem
1585 1553 1749 1580 naturam
1783 1547 1958 1581 institutio
1990 1555 2023 1582 et
2059 1548 2241 1590 doctrina,

1244 1604 1374 1644 quanta
1401 1598 1516 1642 potuit
1540 1609 1611 1631 esse
1635 1605 1716 1631 ante
1738 1596 1967 1642 Hippocratis
1989 1605 2239 1633 monumenta.

1245 1656 1277 1683 et
1305 1649 1448 1695 quidem
1478 1648 1562 1681 inde
1586 1660 1696 1694 usque
1719 1660 1739 1681 a
1766 1649 1880 1692 prima
1906 1649 2057 1692 pueritia
2082 1656 2241 1684 versatus

1245 1707 1296 1734 est
1322 1700 1415 1744 apud
1438 1698 1618 1739 Medicos‚
1643 1706 1678 1734 et
1698 1698 1835 1733 audivit
1855 1699 1891 1732 in
1910 1697 1975 1733 hoc
1992 1711 2118 1744 genere
2140 1700 2242 1745 prin-

1246 1751 1356 1796 cipes,
1385 1757 1418 1784 et
1441 1750 1477 1783 in
1493 1747 1548 1783 his
1564 1750 1668 1784 etiam
1690 1761 1791 1783 suum
1811 1757 1958 1794 patrem.
2010 1750 2135 1785 Postea
2161 1762 2242 1796 per-

1247 1807 1390 1845 vagatus
1405 1808 1454 1835 est
1470 1801 1670 1834 universam
1687 1799 1889 1840 Graeciam,
1917 1801 2078 1845 regiones
2095 1800 2243 1836 Graecis

1247 1853 1397 1893 vicinas,
1425 1852 1598 1896 primuni,
1622 1859 1661 1886 ut
1678 1851 1811 1897 ubique
1826 1852 2020 1896 peritorum
2038 1852 2167 1886 iudicia
2183 1865 2244 1886 ex—

1249 1904 1419 1948 ploraret,
1452 1903 1582 1936 deinde
1605 1902 1730 1942 etiam,
1765 1909 1806 1936 ut
1831 1903 1981 1946 aegrotis
1998 1915 2102 1948 opem
2126 1904 2243 1939 ferret.

1250 1954 1290 1988 ln
1316 1952 1381 1988 hac
1406 1954 1710 1999 peregrinatione,
1740 1965 1821 1988 cum
1846 1960 1959 1988 errata
1992 1954 2244 1999 empiricorum

1249 2005 1401 2050 plurima
1416 2003 1712 2048 deprehenderet,
1732 2011 1772 2038 ut
1788 2004 1862 2050 ipse
1876 2004 1912 2038 in
1921 2002 2120 2050 Epidemiis
2134 2004 2244 2050 signi—

1250 2057 1345 2098 ficat,
1372 2055 1657 2096 Medicinamad
1684 2055 1856 2090 rationem
1882 2056 2080 2098 revocavit,
2114 2068 2153 2090 ac
2171 2068 2244 2090 non

1250 2108 1363 2141 solnm
1382 2107 1532 2142 servavit
1550 2106 1730 2152 singulos,
1755 2107 1816 2140 sed
1835 2117 1936 2151 saepe
1959 2108 2064 2143 etiam
2086 2107 2245 2142 civitates

1250 2170 1443 2193 universas.

1353 2233 1443 2269 Cum
1467 2234 1503 2267 in
1532 2233 1672 2280 Illyrico
1695 2240 1728 2268 et
1745 2233 1878 2268 Peonia
1902 2234 2027 2279 ingens
2044 2236 2245 2281 pestilentia

1251 2294 1345 2327 orta,
1370 2286 1518 2329 grassari
1545 2286 1613 2319 iam
1634 2285 1671 2318 in
1695 2285 1821 2319 vicinis
1837 2284 2043 2329 regionibus
2065 2287 2247 2333 coepisset,

1252 2337 1405 2371 remedia
1426 2337 1565 2381 publice
1589 2337 1791 2380 proposuit,
1818 2338 1948 2383 quibus
1972 2345 2094 2372 contra
2117 2339 2153 2373 id
2171 2349 2246 2372 mn-

1253 2389 1326 2422 lmn
1344 2388 1488 2425 §muniit
1520 2385 1739 2421 Thessaliam
1769 2399 1808 2422 ac
1846 2388 2019 2434 reliquam
2048 2388 2247 2425 Graeciam.

1254 2439 1354 2474 Misit
1368 2451 1441 2473 non
1458 2439 1572 2473 solum
1590 2439 1801 2482 discipulos,
1823 2440 1883 2473 sed
1901 2439 2006 2473 etiarn
2024 2440 2114 2474 filio·
2131 2451 2170 2474 ac
2188 2451 2247 2484 ge-

1253 2503 1378 2524 nerum
1403 2490 1530 2535 passim
1554 2491 1597 2524 ad
1619 2490 1796 2531 civitates,
1820 2497 1859 2524 ut
1876 2497 2113 2525 monstrarent
2133 2503 2248 2524 reme-

1253 2543 1310 2575 dia
1338 2549 1371 2576 ct
1390 2542 1562 2575 rationem
1587 2542 1758 2575 arcendae
1780 2541 1903 2586 pestis,
1933 2541 2048 2586 sylvas
2066 2542 2171 2576 etiam
2188 2542 2247 2576 in-

1253 2593 1390 2633 cendit,
1425 2594 1619 2637 prudenter
1658 2592 1852 2626 observatis
1882 2592 2016 2631 ventis.
2060 2600 2100 2627 ut
2129 2596 2245 2627 aerem

1254 2646 1396 2677 ssmnma
1434 2651 1615 2688 purgaret,
1662 2643 1803 2677 incitata
1838 2643 2007 2677 adversus
2050 2643 2248 2690 pestilentis

1254 2706 1428 2740 regiones.
