2338 2958
27 380 31 436 ἰ

115 99 188 135 469

659 91 818 130 DECL.
859 93 931 130 DE
966 92 1245 131 GUELPHO
1280 94 1430 132 DUCE
1462 98 1586 137 BAV.

2060 116 2132 151 470

113 182 338 219 rebellionem
361 178 670 220 animadverteret,
703 179 872 224 oppidum
890 192 908 214 a
925 180 1098 214 militibus
1147 177 1262 220 Deus,
1299 194 1362 215 nec
1383 180 1488 218 homo
1516 187 1698 233 quisquam
1726 190 1911 228 invidebit.
1965 195 2012 232 At
2038 213 2129 234 nun-

113 234 341 277 diriperetur,
376 229 468 262 cives
486 229 593 263 vitam
617 241 657 263 ac
681 230 876 265 libertatem
894 231 1097 265 retinerent.

112 284 214 318 Tunc
249 280 386 320 Guelfi‚
425 286 710 325 caeterorumque
746 281 920 315 nobilium
958 292 1096 321 uxores,

109 340 294 377 antequam
313 339 433 375 portae
452 330 692 374 aperirentur,
719 332 938 376 petiverunt,
965 338 1004 365 ut
1027 331 1094 365 sibi

108 383 212 418 salvis
242 381 339 415 abire
372 381 510 422 liceret,
541 382 763 426 portantibus
796 383 839 415 de
870 383 942 415 suis
975 383 1091 425 rebus,

107 439 276 480 quantum
300 443 530 477 unaquaeque
562 439 687 476 posset.
746 431 851 475 Quod
876 444 953 466 cum
979 444 998 465 a
1022 433 1093 465 cle-

104 484 214 518 menti
238 483 369 516 victore
393 489 425 516 et
450 482 582 526 optimo
606 481 769 526 Principe
797 483 896 515 facile
927 483 1087 526 impetra-

103 540 192 575 rent,
219 533 362 578 capiunt
378 533 540 566 mulieres
556 532 754 573 consilium,
781 533 878 576 pium
896 544 934 565 ac
952 545 1089 565 memo-

103 584 230 619 rabile:
265 595 345 616 nam
371 595 450 617 cum
473 580 605 621 hostes,
640 593 696 615 eas
721 594 846 616 aurum
872 589 905 616 et
928 594 1089 625 gemmas,

101 636 346 679 mundumque
368 634 593 673 muliebrem,
617 638 674 665 aut
692 633 860 676 pecuniae
883 633 1017 678 aliquid
1035 645 1087 665 se-

101 698 181 720 cuni
206 686 356 718 elaturas
386 689 568 728 putarent,
600 682 681 715 illae
709 683 873 716 omnibus
902 680 960 716 ‘his
984 683 1088 716 rebus

100 736 254 769 militum
282 735 428 779 praedae
455 733 603 773 relictis,
631 733 773 766 maritos
795 745 876 767 suos
900 734 936 766 in
963 731 1088 767 hume—

101 798 158 820 ros
181 786 355 826 sublatos,
382 791 415 818 et
440 795 566 827 parvos
591 783 721 816 liberos
739 784 774 816 in
797 785 996 829 sinuatque
1011 796 1085 816 am-

99 837 203 881 plexu
219 842 383 875 tenentes,
408 834 496 867 urbe
512 834 752 877 exportabant.
788 833 944 867 Yidisses
962 846 1084 877 agmen

100 887 298 930 mulierum,
323 885 420 918 cuius
435 884 582 927 agminis
599 882 678 917 Dux
693 891 766 918 erat
782 884 957 928 Principis
968 885 1084 918 Gnelfi

98 948 204 976 uxor,
231 947 292 978 per
315 935 428 967 media
453 932 608 967 hostium
633 941 742 968 castra
767 942 799 969 et
819 936 886 969 tela
912 936 1084 976 incedere,

96 985 305 1030 gestantium
327 985 529 1018 dulcissima
555 985 703 1028 pignora
726 997 805 1026 sua,
836 993 868 1019 et
894 983 1083 1031 lachrymis

96 1035 372 1080 profluentibus,
399 1042 504 1080 atque
523 1033 588 1068 hoc
606 1036 682 1079 ipso
699 1036 788 1070 facto
804 1047 902 1069 suam
920 1037 1082 1080 pietatem

93 1086 307 1121 testantium.
360 1085 482 1118 Fiebat
500 1097 689 1117 concursus
706 1097 745 1117 ex
768 1087 850 1119 totis
873 1087 1011 1126 castris,
1038 1087 1082 1119 ad

94 1134 160 1170 hoc
177 1136 304 1169 mirum
330 1147 530 1180 novumque
549 1135 782 1178 spectaculum
809 1136 1082 1169 effundebantur

94 1187 249 1220 certatim
268 1197 408 1224 omnes,
435 1185 523 1218 varii
550 1185 691 1217 interim
717 1196 894 1219 sermones
915 1187 1080 1219 sereban-

93 1244 168 1278 tur,
194 1237 241 1269 ita
257 1243 293 1269 ut
309 1237 380 1268 fieri
398 1237 501 1275 solet,
527 1235 605 1267 aliis
628 1232 818 1268 humanam
838 1242 986 1276 sortem,
1014 1236 1079 1268 tri-

92 1295 249 1331 stemque
287 1298 403 1319 casum
439 1285 705 1326 miserantibus,
734 1286 813 1318 aliis
847 1287 1010 1330 pietatem
1048 1293 1080 1319 et

91 1337 295 1381 neutiquam
313 1336 483 1369 muliebre
508 1336 685 1379 inceptum
709 1342 948 1370 matronarum
973 1337 1077 1380 pleno

92 1399 152 1421 ore
167 1386 461 1431 praedicantibus,
486 1385 669 1419 nonnullis
684 1392 716 1418 et
736 1386 1012 1428 indignantibus,
1039 1399 1078 1419 ac

90 1439 181 1481 leges
196 1437 385 1470 deditionis
402 1437 466 1469 isto
484 1436 566 1469 dolo
584 1435 706 1468 violari
723 1437 968 1470 frementibus:
995 1449 1078 1480 prc-

90 1489 203 1521 dierat
229 1493 260 1520 et
280 1486 483 1530 imperator,
511 1486 663 1519 militum
685 1498 745 1530 per
768 1494 837 1519 tota
861 1495 969 1519 castra
991 1500 1076 1519 tou-

89 1537 288 1572 cursatioue
307 1544 431 1570 motus.
477 1536 566 1579 Qui,
595 1543 633 1568 ut
651 1536 864 1579 ingeniosam
884 1534 1074 1580 philostor-

89 1589 181 1632 giam
202 1587 391 1620 mulierum
416 1587 523 1627 vidit,
548 1587 664 1619 subito
686 1587 729 1619 ad
754 1584 818 1619 hoc
839 1587 1073 1631 spectaculum

89 1639 158 1679 ira,
186 1637 322 1671 etiamsi
339 1649 410 1670 non
426 1637 576 1676 iniusta,
599 1636 723 1680 optimi
741 1635 916 1681 Principis
933 1637 1072 1677 resedit,

87 1688 308 1732 amplectitur
332 1694 405 1721 toto
429 1687 548 1721 auimo
572 1686 668 1719 illam
687 1686 868 1731 pietatem,
890 1687 1074 1721 miseretur

88 1739 318 1778 afflictorum,
359 1738 528 1771 memoria
560 1748 641 1770 suae
675 1750 816 1782 quoque
846 1737 1073 1779 conditionis,

86 1787 154 1823 hoc
186 1795 255 1828 est,
289 1788 511 1822 mortalitatis
543 1794 576 1820 et
611 1787 806 1831 fragilitatis
836 1785 1071 1821 humanarum

87 1851 204 1873 reruni
222 1839 339 1871 auimo
355 1839 428 1871 cius
444 1838 548 1875 subit,
574 1850 645 1870 non
663 1844 774 1881 potest
790 1838 940 1881 amplius
957 1838 1071 1881 irasci,

86 1902 159 1923 non
180 1896 290 1933 potest
315 1889 428 1922 odisse
447 1900 505 1921 eos
531 1887 682 1925 diutius,
710 1900 798 1932 quos
821 1894 918 1921 tanta
943 1889 1070 1921 virtute

85 1952 124 1974 ac
142 1940 267 1984 pietate
284 1939 458 1983 praeditos
473 1939 628 1971 videbat:
656 1938 796 1970 foelices
814 1939 968 1982 quidem,
990 1939 1070 1983 qui—

85 1991 150 2024 bus
166 2002 184 2023 a
203 1990 263 2023 tali
279 1989 402 2023 victori
427 1989 518 2022 vinci
539 1988 702 2031 contigit,
729 1996 762 2021 at
783 1989 894 2022 multo
912 1989 1070 2022 foelicior

85 2041 175 2086 ipse,
201 2040 262 2085 qui
281 2047 380 2073 antea
398 2037 530 2074 hostem
543 2064 552 2078 ‚
579 2051 672 2071 nuuc
689 2038 857 2082 seipsum,
885 2041 979 2084 quod
998 2052 1068 2072 non

85 2092 189 2136 paulo
208 2091 385 2123 difficilius
409 2097 500 2130 erat,
528 2089 638 2123 multo
669 2089 889 2131 generosiore
914 2103 951 2123 ac
969 2103 1068 2134 prae-

85 2141 231 2175 clariore
256 2141 401 2174 victoria
425 2141 613 2185 superaxit.
667 2139 836 2183 Opi-abile
860 2146 928 2180 est,
954 2141 1068 2185 inquit

86 2190 293 2234 Euripides,
328 2192 364 2223 in
394 2190 528 2225 bostem
562 2190 771 2234 sapientem,
809 2202 871 2223 uec
901 2191 1067 2224 stolidum

87 2242 259 2281 incidere,
284 2254 362 2274 cum
387 2240 443 2275 liic
462 2242 621 2285 superior
643 2241 751 2274 sactus
776 2248 909 2274 tantum
935 2242 1068 2275 saevire

85 2292 328 2337 soleatffiapud
348 2291 446 2325 illum
463 2292 704 2331 verecundiae,
733 2291 901 2331 iustitiae,
928 2293 1068 2325 veniat·-

85 2354 153 2388 que
172 2343 268 2375 locus
286 2342 341 2376 sit.
393 2341 490 2382 Hoc,
517 2343 607 2376 utin
631 2343 734 2375 rebus
751 2342 925 2383 adversis,
953 2343 1068 2377 neuti-

87 2405 190 2439 quam
212 2394 397 2426 adversum
423 2392 569 2436 contigit
586 2392 733 2433 Guelso‚
761 2393 804 2425 ab
828 2405 869 2425 eo
885 2393 977 2426 enim
1004 2391 1068 2427 bo-

87 2451 136 2477 ste
153 2443 265 2477 victus
280 2450 348 2483 est,
375 2456 392 2476 a
413 2455 482 2488 quo
501 2442 553 2475 illi
569 2444 672 2476 etiarn
697 2443 852 2487 optabile
875 2450 947 2476 erat
964 2444 1067 2479 vinci.

86 2492 231 2534 Falisci,
260 2506 338 2527 cum
362 2505 396 2526 se
420 2494 514 2527 ultro
540 2493 706 2526 dederent
731 2494 875 2527 Senatui
895 2493 1068 2535 Romano,

87 2556 158 2576 non
177 2545 317 2589 quidem
336 2544 442 2577 armis
459 2556 598 2581 eorum,
627 2545 685 2576 sed
704 2544 838 2577 iusticia
856 2551 888 2577 et
904 2543 1067 2578 humani-

87 2600 154 2627 tate
165 2592 304 2627 Camilli
321 2595 490 2639 superati:
522 2593 615 2627 Victi
632 2606 762 2634 sumus,
783 2595 960 2639 inquiunt,
980 2595 1017 2629 Ρ.
1030 2596 1068 2630 C.

86 2656 104 2677 a
130 2644 229 2677 vobis
261 2652 445 2690 vestroque
478 2644 692 2689 Imperatore
716 2645 879 2687 victoria,
918 2646 973 2679 cui
1006 2658 1068 2680 nec

1145 229 1231 274 quid
1248 228 1331 265 haec
1348 245 1487 279 quoque
1497 235 1677 272 Chunradi
1695 241 1838 276 victoria
1856 246 1932 279 talis
1948 249 2026 290 suit,
2041 265 2127 295 quae

1145 276 1238 336 haud
1262 282 1369 315 dubie
1385 282 1460 317 Deo
1481 297 1615 321 summe
1637 291 1787 334 placuit,
1813 301 1846 327 et
1861 297 1917 329 cui
1941 298 2031 332 livor
2056 302 2127 345 ipse

1144 327 1235 363 nihil
1255 330 1438 366 detrahere
1454 338 1585 378 potuit,
1613 351 1675 373 nec
1692 341 1765 375 eius
1782 344 1888 379 ullam
1907 355 2039 391 partem
2059 353 2125 386 sibi

1141 380 1281 437 fortuna
1301 383 1510 418 vendicare?
1544 385 1592 421 Et
1609 395 1723 424 tamen
1747 405 1817 426 non
1833 396 1976 432 deerant
1998 412 2037 433 ex
2063 415 2125 436 au-

1142 429 1236 487 licis,
1263 432 1324 476 qni
1350 433 1384 465 id
1409 436 1562 476 graviter
1581 440 1791 483 acciperent,
1819 447 1949 492 quique
1971 449 2124 494 lmpera-

1140 486 1208 513 tori
1232 483 1408 515 saeviendi
1434 492 1572 520 autores
1599 498 1727 531 essent,
1753 501 1789 526 ut
1814 505 1894 530 sunt
1919 498 2122 547 Principum

1139 531 1264 564 domus
1301 533 1470 567 fecundae
1512 538 1712 572 crudelibus
1756 547 2024 586 consultoribus.
2077 553 2123 589 Et

1138 592 1238 625 saepe
1254 582 1300 622 sit,
1326 584 1537 630 utPrincipe
1552 586 1640 621 nihil
1660 591 1784 625 melius
1800 595 1896 629 sitin
1915 601 2004 636 aula.
2041 604 2121 638 Cir-

1137 634 1390 688 cumsonabant
1409 635 1476 668 iam
1497 649 1595 671 aures
1616 640 1689 673 eius
1705 642 1821 686 impiis
1837 653 1939 691 atque
1957 650 2120 689 inhuma-

1137 694 1190 714 nis
1207 683 1368 725 vocibus,
1397 685 1594 721 iubentium
1616 701 1694 724 enm
1711 703 1773 726 suo
1791 694 1866 728 iure
1884 698 1919 730 in
1936 701 2043 736 victos
2058 708 2107 739 uti

1136 739 1169 764 et
1204 733 1294 766 collo
1330 736 1518 769 mulierum
1546 738 1728 775 detrahere
1755 746 1916 788 maritos,
1956 735 2120 796 amplexu,

1134 790 1285 839 matrum
1311 785 1440 819 liberos
1462 789 1631 829 avellere,
1664 804 1736 825 non
1759 795 1851 828 enim
1879 810 2023 844 corpora
2049 805 2118 840 illis

1134 845 1291 866 urorum
1308 842 1340 869 et
1358 837 1548 872 liberorum
1568 841 1694 875 donata
1707 868 1715 881 ‚
1741 846 1798 877 sed
1817 856 1986 891 quantum
2003 854 2046 887 de
2061 868 2119 889 or-

1133 891 1217 917 natu
1235 892 1296 918 aut
1311 887 1414 920 rebus
1430 889 1507 921 aliis
1526 892 1702 934 quaelibet
1719 896 1854 929 auferre
1872 909 1983 942 posset
2029 905 2117 948 leges

1133 935 1226 978 pacis
1244 947 1304 978 per
1321 936 1479 971 fraudem
1496 940 1631 974 violari.
1672 941 1717 976 At
1736 951 1809 986 tua,
1837 930 2001 994 inquiuni
2046 955 2117 989 lm..

1132 991 1273 1042 perator
1295 987 1523 1029 existimatio,
1559 998 1590 1024 et
1616 992 1753 1036 imperii
1772 996 1924 1039 dignitas
1948 1014 1986 1035 ac
2011 981 2116 1039 inaie-

1130 1040 1198 1067 stas
1216 1043 1353 1092 agitur,
1390 1050 1434 1071 ne
1464 1037 1517 1072 liis
1548 1041 1690 1086 impune
1721 1045 1781 1086 sit,
1815 1059 1908 1082 arma
1937 1061 2056 1088 contra
2084 1064 2116 1091 te

1130 1097 1297 1143 movisset:
1325 1100 1412 1132 quos
1435 1090 1463 1122 si
1488 1091 1533 1123 ita
1552 1100 1669 1135 aperte
1691 1094 1754 1127 tibi
1775 1096 1939 1139 illudere,
1968 1110 1999 1136 et
2018 1105 2115 1140 inco-

1130 1135 1239 1191 lumes
1259 1134 1340 1169 binc
1364 1139 1460 1171 abire
1485 1141 1646 1183 patieris,
1675 1156 1745 1177 non
1762 1147 1907 1182 dubium
1931 1160 1997 1194 est,
2027 1158 2112 1201 quin

1129 1192 1329 1242 importuna
1355 1185 1438 1221 haec
1461 1190 1643 1226 clementia
1672 1195 1788 1237 plures
1812 1200 1854 1231 ad
1886 1202 2113 1241 rebellionem

1127 1241 1170 1291 sit
1191 1242 1392 1272 invitaturi«.
1446 1238 1631 1283 Magnifice
1657 1241 1757 1287 baec,
1785 1259 1848 1281 nec
1867 1263 2008 1293 prorsus
2026 1257 2111 1291 falso

1127 1286 1364 1341 laetabantur,
1393 1295 1424 1321 et
1441 1297 1601 1332 poterant
1617 1301 1768 1328 mentem
1786 1298 1888 1332 etiam
1907 1314 1967 1344 per
1983 1317 2016 1337 se
2037 1309 2112 1350 pla—

1126 1336 1272 1391 cabilem
1297 1337 1451 1378 irritare,
1483 1343 1684 1383 praesertim
1708 1357 1786 1378 cum
1817 1350 1942 1384 callida
1969 1352 2050 1389 haec
2079 1366 2111 1393 et

1124 1395 1276 1441 speciosa
1294 1388 1539 1423 conditionum
1559 1403 1596 1425 ac
1620 1393 1704 1426 iuris
1727 1395 1967 1442 interpretatio
1986 1409 2110 1442 crude-

1124 1434 1214 1468 litati
1239 1444 1503 1479 praetexeretiir.
1565 1442 1631 1475 Sed
1663 1452 1736 1479 erat
1766 1444 1958 1486 Cbnnrado
1991 1464 2108 1499 pectus

1123 1497 1196 1517 non
1213 1489 1425 1528 penetrabile
1446 1491 1514 1523 telo
1537 1492 1748 1536 calumniae,
1775 1509 1874 1533 aures
1892 1514 1962 1536 non
1981 1508 2108 1542 admit-

1122 1541 1251 1574 tentes,
1280 1549 1342 1570 nec
1359 1539 1399 1570 ad
1418 1541 1575 1574 animum
1594 1545 1802 1585 perferentes
1820 1549 1902 1585 istos
1919 1566 2094 1592 sermones

1121 1591 1155 1618 et
1169 1588 1464 1629 quemadmodum
1484 1592 1527 1623 de
1542 1591 1671 1627 Latino
1691 1594 1858 1640 Virgilius
1876 1603 1940 1636 ait:
2099 1585 2107 1598 ⁵

1171 1637 1227 1667 llle
1245 1642 1324 1669 velut
1341 1643 1438 1682 pelagi
1454 1655 1542 1683 rupes
1558 1648 1680 1677 immota
1697 1653 1815 1689 resistit,

1170 1688 1210 1718 Ut
1226 1692 1323 1729 pelagi
1341 1703 1426 1731 rupes
1443 1706 1553 1734 magno
1571 1700 1706 1728 veniente
1721 1702 1846 1740 fragore,

1171 1738 1257 1777 Quae
1274 1753 1335 1770 sese
1351 1746 1452 1774 inultis
1470 1748 1755 1781 circumlatrantibus
1771 1755 1857 1783 undis

1169 1789 1251 1819 Mole
1269 1799 1366 1830 tenet,
1393 1799 1508 1835 scopuli
1526 1801 1724 1839 nequicquam
1744 1809 1771 1832 et
1789 1815 1909 1843 spumea
1927 1811 2037 1839 circum

1141 1886 1150 1890 -
1169 1839 1248 1870 Saxa
1264 1844 1413 1881 fremunt,
1441 1848 1584 1888 laterique
1599 1851 1676 1879 illisa
1692 1853 1859 1883 refunditur
1873 1859 1948 1891 alga.

1120 1886 1235 1945 ’Ut-que
1251 1891 1393 1932 sagittae
1413 1904 1429 1924 a
1448 1896 1537 1927 duro
1555 1896 1724 1943 firmoque
1739 1909 1834 1935 scuto
1852 1888 2027 1948 resiliunt,
2054 1911 2101 1944 ita

1117 1945 1174 1971 isti
1190 1950 1365 1974 sermones
1383 1942 1419 1975 in
1437 1952 1573 1987 pectore
1591 1948 1717 1982 virtute
1742 1953 1906 1987 roborato
1924 1969 1995 1991 non
2021 1957 2102 1993 liae-

1118 1989 1257 2046 rebant,
1281 1992 1340 2024 sed
1363 1993 1502 2028 animus
1527 2003 1662 2031 tantum
1687 1999 1722 2032 in
1749 1998 1853 2037 huius
1878 2006 2014 2048 pietatis
2039 2013 2101 2044 ad-

1116 2047 1304 2074 miratione
1320 2043 1450 2077 defixus
1468 2053 1551 2084 erat,
1580 2055 1611 2080 et
1629 2056 1665 2082 ut
1680 2052 1798 2085 oculos
1815 2057 1967 2090 suaviter
1984 2060 2100 2095 virens

1117 2090 1230 2131 color,
1257 2099 1316 2125 aut
1331 2105 1431 2127 aures
1452 2096 1564 2130 dulcis
1581 2108 1779 2141 concentus,
1807 2104 1852 2137 ita
1868 2107 2024 2142 animum
2043 2124 2100 2155 ge-

1116 2153 1280 2198 nerosum
1309 2149 1419 2200 totuin
1444 2155 1600 2190 ceperat,
1633 2162 1930 2201 occupaveratque
1954 2171 2099 2204 conspe-

1117 2198 1370 2248 ctus-virtutis:
1395 2194 1517 2238 Egone
1539 2198 1664 2240 igitur,
1693 2210 1808 2236 tantae
1827 2206 1947 2241 virtuti
1966 2222 2003 2243 ac
2024 2213 2099 2256 pie-

1117 2248 1181 2298 tati.
1201 2254 1288 2298 irain
1313 2257 1421 2277 ineam
1451 2259 1522 2279 non
1550 2251 1763 2296 condonem,
1791 2256 1850 2299 qui
1875 2269 1974 2303 saepe
1991 2263 2099 2298 multo

1117 2293 1308 2325 levioribus
1341 2296 1452 2329 causis
1490 2300 1790 2336 condonaverim'?
1832 2307 1977 2354 plusque
2006 2316 2099 2357 apud

1118 2355 1171 2375 me
1207 2343 1333 2377 valebit
1367 2346 1513 2381 oss‘ensio
1548 2350 1644 2393 prior
1673 2353 1714 2384 ad
1746 2357 1934 2398 perniciem
1962 2358 2086 2396 horum

1117 2406 1220 2438 quam
1238 2405 1398 2437 praeseus
1412 2398 1596 2433 admiratio
1614 2401 1752 2436 virtutis
1768 2407 1809 2438 ad
1825 2408 1994 2444 salutem?
2018 2393 2098 2448 Scio,

1117 2456 1221 2489 quain
1252 2445 1351 2478 dulce
1380 2446 1423 2479 sit
1448 2448 1566 2482 ulcisci
1591 2451 1767 2495 inimicos,
1804 2462 2004 2500 praesertim
2032 2477 2086 2497 eos

1117 2495 1244 2539 quibus
1268 2495 1355 2529 iuste
1378 2496 1553 2540 irascaris,
1577 2502 1635 2535 sed
1662 2500 1726 2537 hoc
1745 2518 1882 2552 quoque
1905 2512 1975 2545 scio
2001 2493 2097 2556 prae:

1117 2545 1247 2578 clarum
1265 2553 1297 2579 et
1319 2547 1495 2583 laudabile
1512 2563 1602 2592 esse,
1630 2553 1729 2587 illum
1750 2556 1917 2601 impetum
1937 2561 2096 2597 cohihere

1117 2608 1154 2628 ac
1189 2596 1375 2631 refrenare.
1436 2598 1515 2633 Scio
1550 2603 1670 2637 decere
1703 2604 1835 2650 Regem
1872 2613 2097 2654 severitatem,

1118 2647 1176 2679 sed
1205 2647 1295 2680 idem
1322 2660 1394 2681 non
1418 2649 1562 2692 ignoro,
1590 2666 1693 2699 quam
1716 2668 1786 2690 non
1809 2660 1924 2694 deceat
1949 2664 2096 2697 eundem

1411 2697 1492 2732 30*
