2338 2958
160 158 234 193 363

517 141 679 180 DECL.
729 134 804 173 DE
838 126 1161 170 UTILITATE
1195 121 1469 164 STUDIOR
1502 118 1834 165 ELOQUENT.

2118 115 2192 152 364

167 241 272 276 etiam
288 233 507 283 frequentius
530 227 717 264 consilium
735 220 1073 257 Iurisconsultorum
1093 213 1158 250 ba-
1180 217 1185 263 Ι
1206 224 1282 253 reS,
1310 209 1543 248 retineamus,
1571 212 1606 240 et
1638 205 1738 239 omni
1769 203 1887 239 studio
1918 211 2194 248 propugnemus.

166 294 335 327 buerunt.
401 281 602 320 Alexander
635 277 808 315 Severus,
850 271 949 306 cuins
984 267 1188 333 plurimae*

169 341 338 378 extantin
354 336 482 371 Codice
502 333 610 374 leges,
635 327 774 361 nullum
791 326 970 358 decretum
982 347 992 361 ‚
1019 318 1089 352 nisi
1105 317 1160 350 vi-

171 394 261 439 ginti
284 384 545 424 Iurisconsultis
566 378 755 418 adhibitis,
781 375 904 409 edidit.
956 371 1064 405 Hunc
1081 380 1160 401 mo-

173 457 246 479 rem
268 451 347 475 cum
372 436 505 480 cogito,
539 443 614 466 non
637 440 778 474 possum
803 437 877 460 non
902 419 1161 468 reprehendere

173 490 420 537 negligentiam
450 493 484 520 et
512 482 710 518 barbariem
745 485 885 511 nostrae
917 473 1057 513 aetatis,
1094 481 1162 515 qua

173 555 245 581 tam
267 540 370 576 multi
395 535 524 572 summi
538 534 652 577 Reges
677 538 710 565 et
731 528 913 572 Principes
939 522 1165 568 respondent,

174 603 235 630 aut
259 594 334 627 sine
358 589 468 623 doctis
486 586 589 626 viris,
616 590 676 617 aut
699 588 790 615 certe
812 579 887 612 sine
910 573 1110 620 frequentia
1133 577 1166 604 et

175 643 414 689 disputatione
449 641 648 672 doctorum.
700 632 783 666 Ideo
816 628 967 663 absurda
995 624 1105 657 multa
1135 627 1168 654 et

176 694 384 732 dissidentia
418 703 437 724 a
476 690 553 722 iure
588 687 758 723 eduntur,
799 691 887 726 quae
915 672 1169 711 existimationi

176 746 385 789 Principum
410 753 483 775 non
506 738 631 772 leviter
654 733 824 768 officiunt.
877 728 968 763 Cum
988 726 1095 770 igitur
1116 723 1171 756 illi

178 795 364 833 clarissimi
381 793 449 826 viri
465 797 573 825 artem
591 785 788 824 effecerint,
814 788 847 815 et
862 779 982 814 omnia
1001 774 1172 821 exquisite

181 847 354 893 complexi
370 845 453 884 sint,
481 852 569 887 quae
585 839 628 872 ad
646 836 812 871 tuendam
829 831 1029 866 societatem
1046 825 1173 860 huma-

182 913 264 935 nam
283 898 479 943 pertinent,
505 899 734 936 personarum
759 885 907 929 gradus,
934 891 1052 914 rerum
1079 876 1175 910 divi-

183 953 318 990 siones‚
345 943 552 991 acquirendi
575 941 717 978 modos,
744 940 962 973 contractus,
985 927 1176 964 successio-

185 1014 265 1043 nes,
295 997 544 1034 baereditates,
570 989 822 1034 obligationes,
847 984 1020 1022 actiones,
1046 989 1177 1024 poenas

185 1054 408 1088 delictorum.
476 1043 654 1079 Convenit
682 1051 782 1084 agere
807 1036 935 1081 gratias
956 1033 1051 1071 Deo,
1083 1029 1179 1075 quod

186 1105 255 1139 tale
276 1103 330 1136 ius
345 1099 493 1144 imperio
512 1093 715 1129 reddiderit.
769 1089 890 1133 Neque
906 1085 1000 1119 enim
1018 1083 1092 1116 sine
1110 1078 1181 1114 Dei

189 1154 338 1190 consilio
354 1150 490 1189 accidit,
518 1147 612 1192 quod
629 1155 708 1178 cum
726 1147 803 1186 post
820 1136 1088 1171 inclinationem
1104 1130 1182 1165 Ro-

189 1205 287 1240 mani
302 1201 442 1248 imperii
468 1199 572 1232 etiam
600 1195 747 1230 amissus
772 1197 858 1225 esset
882 1199 966 1222 usus
990 1184 1117 1218 barum
1133 1182 1183 1214 le-

191 1269 294 1302 gum,
322 1261 356 1288 ct
379 1251 622 1286 successissent
646 1242 823 1279 barbarici
848 1241 936 1273 ritus
961 1235 1185 1272 iudiciorum,

193 1318 310 1344 tamen
338 1304 440 1338 annis
464 1307 543 1346 post
568 1297 804 1332 lastinianum
827 1288 1049 1337 quingentis,
1083 1296 1187 1318 revo-

194 1367 289 1394 catae
317 1362 399 1389 sunt
420 1355 457 1387 in
480 1353 597 1385 sorum
621 1355 654 1382 et
678 1348 714 1380 in
732 1342 871 1379 scholas
886 1340 1070 1375 Romanae
1085 1337 1188 1378 leges.

194 1410 290 1445 Haec
317 1404 490 1440 restitutio
512 1401 643 1435 multos
666 1407 779 1431 mores
802 1391 1008 1427 barbaricos
1029 1385 1190 1424 correxit,

198 1473 273 1496 non
297 1459 403 1492 modo
426 1456 463 1488 in
486 1451 646 1489 iudiciis,
682 1449 742 1482 sed
771 1446 874 1480 etiam
900 1443 939 1475 in
955 1440 1090 1484 reliqua
1108 1437 1191 1469 vita.

198 1511 338 1547 Proluit
362 1508 466 1543 etiam
493 1503 636 1543 studiis;
672 1511 779 1545 quare
804 1495 871 1530 boc
894 1499 1031 1528 tantum
1056 1490 1190 1522 bonum

201 1569 343 1609 propter
367 1566 594 1593 communem
618 1551 807 1585 utilitatem
832 1553 884 1580 tot
910 1543 1069 1587 gentium
1096 1546 1194 1572 tuea-

200 1626 293 1649 mur.
344 1611 434 1644 Nam
462 1607 631 1650 scriptum
657 1603 712 1635 ius
736 1607 786 1633 est
810 1598 949 1630 firmum
980 1589 1195 1637 praesidium

203 1668 371 1701 adversus
386 1657 624 1706 tyrannidem,
643 1660 675 1687 et
693 1664 762 1697 quo
781 1647 954 1683 eruditius
973 1651 1036 1683 est,
1062 1654 1101 1674 eo
1118 1640 1197 1684 plus

203 1716 360 1751 continet
385 1708 580 1755 aequitatis.
634 1704 712 1738 Iloc
736 1712 837 1735 muro
862 1704 959 1742 septa
982 1702 1031 1728 est
1054 1693 1198 1726 libertas

205 1766 329 1814 populi
347 1765 512 1797 adversus
528 1762 713 1804 potentum
729 1751 950 1796 cupiditates,
1005 1745 1041 1779 Si
1058 1743 1199 1778 tollere-

206 1827 265 1854 tur
289 1815 356 1850 hoc
381 1815 454 1853 ius,
481 1822 569 1857 quae
593 1812 783 1852 sequutura
806 1807 893 1835 esset
913 1796 1094 1844 tyrannis,
1123 1803 1200 1825 cum

209 1883 271 1916 pro
297 1867 432 1910 legibus
461 1867 574 1896 essent
599 1863 784 1903 potentum
809 1849 975 1886 allectus?
1010 1845 1129 1880 Facile
1155 1849 1203 1875 est

209 1921 303 1955 enim
324 1919 452 1961 fingere
475 1917 690 1958 praetenta,
717 1914 750 1940 et
775 1903 887 1949 specie
905 1901 1022 1945 aliqua
1042 1896 1203 1930 affectum

210 1982 336 2016 tegere.
389 1968 498 2002 Recte
530 1961 645 2007 inquit
669 1958 808 1992 Cicero:
846 1953 915 1988 Ubi
940 1952 1131 1984 discessum
1156 1950 1207 1977 est

214 2039 231 2059 a
252 2025 338 2060 iure,
365 2018 484 2053 omnia
502 2021 582 2049 sunt
600 2013 742 2044 incerta.
782 2006 901 2041 Multo
918 2001 1031 2035 maior
1048 2003 1135 2032 esset
1152 1996 1207 2028 in-

215 2074 408 2111 certitudo,
434 2070 462 2102 si
483 2076 626 2112 prorsus
644 2061 780 2095 nullum
799 2061 929 2090 extaret
954 2054 1007 2085 ius
1026 2050 1207 2093 scriptum.

217 2127 352 2161 Natura
370 2129 485 2155 autem
506 2119 551 2151 ita
568 2117 644 2154 sert,
670 2120 709 2146 ut
726 2107 938 2144 incertitudo
957 2104 1015 2136 illa
1035 2114 1071 2134 ac
1090 2107 1210 2145 tyran-

218 2177 319 2211 nides
353 2183 473 2207 rursus
504 2168 712 2213 praeberent
749 2159 966 2194 occasionem
1005 2152 1088 2185 novi
1126 2148 1212 2183 iuris

221 2225 413 2262 scribendi:
440 2222 533 2267 qnod
558 2218 584 2250 si
612 2218 725 2250 fieret,
753 2211 992 2245 scriberentur
1015 2201 1160 2246 agrestia
1181 2205 1212 2231 et

223 2278 417 2314 inerudita,
442 2280 479 2306 ut
505 2281 599 2304 nunc
623 2269 657 2300 fn
682 2267 717 2298 in
733 2262 912 2307 aliquibus
933 2257 1036 2295 locis,
1063 2260 1094 2287 et
1112 2250 1213 2285 (lissi-

222 2330 320 2364 milia
340 2330 374 2360 in
396 2323 543 2365 siugulis
562 2318 712 2364 oppidis.

225 2390 276 2415 tas
303 2378 411 2412 nostri
447 2375 533 2409 iuris
560 2371 702 2416 prodest
735 2366 776 2398 ad
811 2359 1124 2406 tranquillitatem,
1157 2352 1216 2386 sed

704 2417 798 2463 quod
829 2414 958 2447 multae
987 2415 1106 2451 gentes
1134 2403 1220 2437 iuris

796 2468 916 2508 Quare
935 2461 999 2495 lioc
1026 2461 1098 2496 ins,
1125 2455 1219 2501 quod

228 2433 314 2466 illud
346 2430 449 2461 etiam
480 2422 666 2459 conducit,

228 2480 459 2518 similitudine.
485 2473 742 2509 consociantur.

229 2549 246 2569 a
274 2528 538 2577 sapientissimis
572 2524 656 2556 viris
687 2522 721 2553 in
755 2517 892 2561 l'tepub.
925 2507 1221 2556 praestantissima
1247 2520 1248 2525 ¹

536 2576 629 2620 quod
663 2583 790 2612 magno
827 2565 974 2599 consilio
1004 2534 1250 2595 snmmoruml

1249 2607 1251 2611 ’
1277 2602 1394 2644 Quare.
1415 2595 1502 2631 mibi
1522 2594 1660 2627 xeniam
1677 2591 1752 2625 dari
1775 2597 1874 2635 peto,
1901 2588 1995 2634 quod
2011 2595 2172 2633 suscepto
2189 2599 2267 2631 gra-

231 2586 398 2629 scriptum
435 2587 501 2617 est,

232 2638 388 2670 virorum
408 2631 607 2665 restitutum
632 2631 700 2662 est,
727 2620 821 2666 qnod
848 2625 894 2651 est
917 2612 1166 2659 aequissimum
1193 2613 1224 2639 et

235 2687 384 2723 maxime
410 2687 683 2716 consentaneum
717 2670 865 2708 rationi,
899 2667 993 2712 qnod
1023 2661 1139 2696 munit
1163 2669 1227 2692 nos

237 2743 402 2775 adversus
421 2731 657 2779 tyrannidem,
686 2725 779 2769 qnod
801 2721 940 2765 produ-st
960 2718 1001 2750 ad
1023 2716 1135 2747 bonos
1152 2723 1227 2743 mo-
1252 2747 1255 2753 Ι

1221 748 1287 782 No.
1308 744 1368 802 505
1919 732 1933 741 “

759 2314 860 2347 Nunc
879 2322 950 2343 non
970 2307 1076 2340 modo
1096 2301 1216 2348 aequi-
1241 2308 1243 2342 ζ
1520 2321 1526 2327 .
1595 2319 1602 2325 .
1715 2318 1722 2324 .
1749 2317 1755 2323 .

1269 2341 1339 2361 non
1363 2332 1411 2359 est
1435 2323 1666 2356 mediocrium
1690 2329 1831 2349 virtum.

1209 263 1325 297 Tanta
1347 267 1398 294 est
1419 259 1514 293 enim
1537 257 1713 303 aequitaS,
1738 263 1779 290 ut
1800 254 1937 289 etiamsi
1963 254 2002 287 in
2023 252 2141 286 sorum
2163 257 2198 285 et

1210 313 1344 348 curiam
1363 323 1438 345 non
1452 315 1541 343 esset
1557 314 1757 352 receptum,
1782 312 1901 339 tamen
1922 305 1961 337 in
1979 301 2109 337 scholis
2130 301 2200 345 legi

1213 368 1409 409 oporteret,
1455 361 1499 394 ad
1538 358 1741 392 discendam
1775 362 1939 390 naturam
1974 354 2133 388 iustitiae
2167 357 2201 385 et

1212 413 1408 473 aequitatiS.
1447 411 1631 456 Nusquam
1648 408 1744 442 enim
1760 413 1854 441 extat
1869 405 2053 450 perfectior
2068 410 2102 438 et
2118 403 2203 437 illu-

1214 474 1321 500 strior
1336 465 1450 507 imago
1468 461 1639 501 iusticiae,
1659 470 1765 505 quarn
1783 458 1821 491 in
1837 455 1893 490 bis
1911 455 2056 499 legibus.
2083 453 2204 497 Quare

1216 518 1319 551 etiam
1345 528 1363 549 a
1384 514 1461 548 Deo
1483 519 1603 557 optare
1625 511 1812 551 debemus,
1837 515 1877 542 ut
1899 504 1991 540 banc
2008 505 2205 539 doctrinam

1217 570 1261 603 ad
1277 566 1512 612 Reipublicae
1532 561 1827 608 tranquillitatem
1846 562 2039 593 conservet.
2090 553 2187 590 Dixi.

1222 659 2210 680 *sd-d

2049 749 2095 768 an.
2119 737 2214 768 1538.

1323 847 1399 888 De
1430 843 1636 886 utilitate
1667 838 1856 881 studior.
1887 839 2112 889 eloquent.

1297 927 1376 967 Apud
1399 926 1471 951 Crat,
1491 922 1561 963 Myl.
1583 919 1762 955 p.1.⁹13=qq.‚
1788 918 1814 943 in
1845 916 1997 943 Declamat.
2018 914 2050 942 Τ.
2067 914 2086 940 Ι.
2109 922 2136 947 p.
2150 911 2222 944 489.„

1332 972 1359 988 ιιι
1373 961 1492 987 Servesl.
1507 956 1524 981 'l
1534 974 1541 982 .
1556 957 1577 981 Ι.
1599 965 1623 990 p.
1637 955 1698 993 SSJ.
1717 959 1742 978 et
1756 952 1829 985 apud
1846 951 1973 977 Richard.
1987 950 2019 976 T.
2036 950 2056 975 Ι.
2070 958 2095 982 ρ.
2109 948 2168 975 274.
2190 960 2221 966 —

1332 993 1559 1025 Melanthonem,
1587 995 1616 1015 ut
1638 989 1695 1014 altis
1716 987 1828 1018 multis,
1857 986 1892 1011 ita
1921 985 2000 1010 etiam
2029 983 2129 1009 Sabino
2152 980 2224 1007 varia

1333 1030 1432 1069 scripta
1446 1022 1749 1066 publice-praelegenda
1765 1019 1968 1061 eoniposuisse,
1987 1017 2049 1044 satis
2063 1016 2226 1051 intelligitur

1334 1076 1363 1091 ex
1381 1063 1492 1099 epistula
1507 1060 1599 1086 babin-
1616 1066 1697 1092 supra
1714 1066 1742 1081 in
1758 1057 1825 1091 hpp.
1837 1054 1897 1080 Vol.
1913 1054 1958 1080 lll.
1975 1063 2000 1088 p.
2018 1053 2095 1078 1104.

1237 1149 1296 1183 De
1337 1145 1508 1180 utilitate
1545 1137 1759 1174 studiorum
1799 1135 2053 1180 eloquentiae,
2106 1131 2228 1166 oratio

1236 1197 1422 1244 Georyii
1449 1190 1640 1232 Sabini,
1674 1187 1807 1223 habita
1832 1188 1869 1221 in
1890 1186 2088 1231 Gymnasio
2109 1184 2230 1217 Fran-

1481 1240 1734 1289 cofordiensi,
1764 1249 1860 1272 anno
1880 1235 1990 1274 1538

1238 1332 1444 1368 Clarissimo
1461 1328 1559 1368 viro,
1584 1337 1663 1360 cum
1682 1322 1819 1367 generis
1834 1320 2040 1360 nobilitate,
2067 1325 2142 1352 tum
2160 1317 2234 1350 vir-

1240 1391 1314 1419 tute
1331 1379 1543 1428 praestanti,
1569 1376 1614 1412 D.
1642 1373 1795 1408 Eusla
1807 1369 1904 1406 chio
1929 1383 1953 1404 a
1981 1366 2237 1409 Schlieben,

1344 1441 1493 1479 patrono
1521 1441 1584 1463 suo
1596 1453 1605 1467 ,
1633 1423 1817 1471 Georgius
1844 1421 2011 1457 Sabinus
2038 1420 2074 1456 S.
2092 1420 2136 1456 D.

1243 1503 1367 1553 Magis
1391 1504 1516 1540 studiis
1541 1500 1768 1548 quorundam
1790 1497 2003 1537 amicorum,
2027 1507 2133 1542 quam
2158 1505 2238 1528 meo

1245 1560 1378 1596 iudicio
1402 1558 1533 1590 factum
1558 1559 1628 1591 est,
1658 1558 1697 1585 ut
1715 1551 1879 1584 ederetur
1900 1548 2033 1589 oratio,
2067 1558 2174 1592 quam
2197 1546 2241 1580 de

1247 1608 1470 1656 eloquentiae
1487 1603 1661 1639 exercitiis
1677 1614 1715 1635 ac
1736 1601 1902 1634 laudibus
1918 1611 2017 1632 more
2033 1595 2242 1632 scholastico

1248 1661 1370 1698 habui.
1423 1656 1598 1690 Videbam
1633 1653 1728 1686 enim
1766 1651 1879 1685 multo
1923 1662 1995 1683 esse
2034 1649 2245 1688 tenuiorem,

1251 1725 1358 1761 qnam
1398 1717 1439 1743 ut
1479 1705 1709 1751 responderet
1754 1701 1953 1746 argumenti
1995 1698 2246 1744 magnitudini.

1252 1768 1353 1809 Quae
1378 1761 1473 1795 enim
1498 1769 1553 1791 ars
1576 1756 1645 1789 alia
1669 1761 1782 1788 tantas
1805 1755 1847 1787 ad
1866 1753 1973 1786 vitam
1997 1752 2168 1786 utilitates
2184 1749 2249 1783 ad-

1252 1819 1331 1856 fert,
1356 1824 1444 1858 quae
1459 1822 1513 1843 res
1530 1808 1679 1841 maiores
1696 1806 1879 1849 gubernat,
1903 1816 2008 1849 qnam
2027 1800 2251 1848 eloquentia?

1255 1865 1417 1911 Explicat
1443 1860 1650 1904 religiones,
1679 1857 1768 1900 regit
1790 1855 1991 1889 universam
2017 1859 2168 1898 togatam
2186 1852 2251 1885 ad-

1258 1914 1574 1952 ministrationem,
1608 1909 1814 1942 dominatur
1839 1907 1873 1939 in
1899 1906 2059 1945 iudiciis,
2086 1905 2122 1940 in
2144 1903 2253 1944 curia,

1260 1971 1295 2003 in
1316 1965 1520 2009 Principum
1539 1960 1712 1999 consiliis,
1739 1965 1771 1992 et
1789 1957 1926 1991 infinita
1945 1956 2170 2000 negociorum
2190 1966 2253 1987 va·

1260 2021 1391 2054 rietate.
1431 2017 1542 2059 Saepe
1559 2012 1664 2045 ctiam
1679 2010 1790 2048 bella,
1819 2015 1851 2042 et
1867 2014 1997 2041 stantes
2016 2008 2051 2039 in
2068 2005 2253 2051 procinctu

1261 2072 1350 2105 acies
1373 2066 1520 2101 dirimit.
1585 2062 1706 2108 ltaque
1731 2060 1908 2106 praeclare
1930 2056 2084 2092 Ovidius
2109 2069 2187 2090 cum
2210 2057 2255 2089 ad

1265 2119 1482 2157 Mercurium
1507 2115 1639 2160 inquit:
1677 2112 1776 2146 Pacis
1795 2118 1827 2144 et
1847 2122 2027 2143 armorum
2047 2109 2144 2143 Deus
2161 2107 2256 2141 arbi-

1264 2183 1326 2209 ter.
1351 2170 1521 2215 significat
1538 2163 1788 2211 eloquentiam,
1814 2168 1847 2195 et
1866 2162 1900 2194 in
1918 2173 2000 2205 pace
2018 2172 2071 2193 res
2088 2159 2258 2192 maximas

1266 2236 1402 2267 regere,
1430 2227 1462 2254 et
1483 2229 1582 2262 saepe
1605 2215 1694 2249 bella
1719 2227 1757 2247 ac
1782 2213 1995 2258 populorum
2015 2211 2188 2245 tumultus
2205 2221 2259 2243 se-

1267 2279 1360 2309 dare.
1414 2272 1567 2306 'l'antam
1593 2267 1792 2301 facultatem
1820 2277 1882 2308 pro
1910 2263 2080 2307 dignitate
2104 2261 2260 2300 laudare,

1894 2312 1970 2358 Ego
1993 2321 2110 2348 antem
2135 2313 2178 2345 de
2204 2323 2260 2345 me

1271 2379 1357 2412 illud
1384 2374 1496 2409 multo
1523 2370 1639 2404 verius
1670 2368 1872 2413 praedicare
1902 2378 2065 2411 possum,
2098 2363 2192 2409 quod
2219 2362 2262 2396 de

1272 2431 1383 2474 seipso
1400 2425 1516 2471 inquit
1533 2421 1704 2455 Ovidius:

1375 2489 1479 2521 Invida
1495 2499 1542 2516 tne
1563 2487 1668 2525 spaciis
1685 2491 1787 2513 natura
1804 2484 1935 2512 co'erruit
1952 2482 2048 2515 arctis,

1427 2540 1543 2578 Ingenii
1561 2541 1637 2566 vires
1657 2538 1839 2575 exiguasque
1855 2533 1947 2563 dedit.

1278 2653 1419 2684 xissimo
1456 2651 1679 2689 argumento,
1720 2649 1789 2675 tam
1824 2647 1963 2674 tenuem
1993 2638 2267 2673 Oratiunculam

1279 2705 1352 2738 sine
1382 2700 1556 2736 motibus.
1600 2696 1674 2729 sine
1701 2693 1888 2739 splendore
1923 2691 2043 2736 aliquo
2078 2689 2267 2735 composui.

2326 2885 2332 2958 l
