2338 2958
194 142 268 180 619

299 224 354 260 De
369 221 424 258 his
439 219 545 256 tantis
558 217 681 256 rebus,
707 212 843 260 quoties
857 211 989 246 Paulus
1003 211 1077 255 ipse
1092 222 1178 244 con-

196 278 375 315 cionatur,
398 269 554 315 superari
579 279 614 300 se
636 263 878 309 magnitudine
901 274 1020 296 earum
1038 262 1178 302 fatetur,

197 338 322 372 easque
338 323 435 357 nulla
451 317 649 364 eloquentia
666 315 749 349 satis
769 313 934 358 explicari
958 323 1057 357 posse
1073 317 1178 346 testa-

197 385 266 412 tur.
318 374 407 408 Cum
421 377 536 404 autem
553 368 601 401 sic
617 364 780 401 iudicarit
796 365 850 397 vir
865 369 1000 404 tantus,
1027 362 1087 408 qui
1104 366 1178 395 erat

197 428 332 464 verius,
358 433 463 467 quam
490 419 640 453 Pericles
663 422 782 450 orator
806 421 951 453 tonans,
984 413 1179 455 fulgurans,

199 484 232 511 et
249 477 283 508 in
302 472 478 507 mentibus
499 469 700 503 auditorum
718 465 854 499 aculeos
877 464 1099 508 relinquens,
1123 473 1179 495 ar—

197 526 301 559 debat
323 522 418 557 enirn
441 519 564 554 divino
586 524 686 551 motu
708 522 810 560 atque
831 514 976 548 adflatu:
1007 513 1092 558 quid
1115 522 1179 544 nos

197 577 235 608 in
251 573 316 607 hac
332 570 573 605 imbecillitate
589 574 707 600 nostra
719 593 727 607 ‚
751 565 895 607 dignum
918 561 981 596 hac
1002 563 1180 596 maiestate

196 636 314 659 rerum
332 622 447 656 dicere
462 617 669 664 possumus?
698 615 748 649 Ac
764 615 822 647 ille
837 614 979 659 quidem
995 624 1067 646 sese
1080 617 1181 645 vocat

198 675 389 719 ἴκῑρωμα,
417 669 482 704 hoc
500 676 568 709 est,
594 668 725 700 soetum
743 665 969 697 immaturum
987 670 1090 707 atque
1114 662 1182 694 im-

196 724 375 762 becillem,
401 733 474 754 non
498 729 617 763 parem
639 715 783 749 caeteris
798 713 989 756 Apostolis.
1042 711 1110 745 Sed
1130 718 1182 745 ta-

196 787 278 808 men
294 771 490 806 illustribus
505 766 713 802 testimoniis
726 770 868 797 vocatus
881 763 924 796 ad
939 761 1088 795 docendi
1104 773 1183 795 mu-

197 836 282 864 nus,
314 822 484 856 divinitus
508 819 550 851 ad
581 829 656 850 eam
690 814 854 848 militiam
878 813 1070 846 instructus
1099 817 1184 844 erat.

197 875 270 908 Nos
304 872 415 905 multo
448 869 574 902 iustius
609 875 835 909 agnoscamus
867 875 932 896 nos
967 858 1184 907 ἓκτρώματα

198 935 289 964 esse,
316 920 382 955 hoc
408 926 476 959 est,
502 918 606 951 rudes
629 923 662 949 et
685 915 852 947 informes
870 924 1017 954 massas,
1043 912 1087 946 ab
1104 917 1185 945 ortu

199 974 326 1010 editas,
354 972 577 1008 immaturas,
604 966 768 1011 pollutas.

288 1037 364 1082 Ego
380 1038 486 1080 igitur
502 1036 544 1068 de
561 1046 635 1066 mea
652 1031 890 1065 imbecillitate
907 1029 1072 1072 cogitans,
1088 1027 1185 1061 aliud

198 1095 442 1134 argumentum
462 1085 694 1118 institueram.
746 1081 812 1115 Sed
834 1093 889 1113 me
906 1079 1007 1113 amici
1033 1079 1075 1112 ad
1094 1077 1186 1111 Pau-

199 1142 291 1177 lum,
324 1136 388 1171 hac
419 1136 578 1170 oratione
600 1132 826 1166 revocabant.
878 1130 985 1173 Quod
1012 1129 1075 1162 etsi
1101 1125 1186 1160 haec

199 1191 338 1223 infirma
360 1186 554 1221 mortalitas
576 1195 640 1216 nec
657 1182 722 1215 Dei
747 1188 927 1220 naturam,
954 1191 1017 1212 nec
1032 1179 1107 1211 eius
1124 1178 1182 1210 be-

198 1240 319 1273 neficia
339 1237 477 1281 penitus
497 1233 723 1276 introspicere
745 1231 869 1274 possit,
893 1228 1038 1271 cogitari
1057 1234 1187 1264 tamen,

199 1289 339 1333 agnosci
365 1293 396 1319 et
420 1285 527 1329 aspici
550 1295 587 1316 ea
603 1282 699 1316 Deus
723 1281 841 1324 aliquo
862 1281 968 1312 modo
989 1277 1083 1310 velit.
1136 1275 1187 1309 Ne

199 1340 284 1373 solis
301 1337 443 1382 quidem
465 1335 640 1380 fulgorem
665 1331 840 1364 sustinent
863 1329 954 1362 oculi
968 1355 977 1368 ‚
1004 1338 1118 1371 neque
1135 1333 1188 1359 ta-

198 1401 279 1422 men
298 1393 481 1433 propterea
495 1385 609 1418 lucem
626 1381 792 1424 fugimus.
846 1378 967 1422 Quid?
1001 1377 1095 1423 qnod
1116 1376 1188 1419 ipse

199 1438 295 1473 Deus
312 1436 444 1482 pariter
460 1446 494 1468 se
512 1445 635 1468 senum
656 1438 688 1464 et
713 1441 903 1474 puerorum
919 1440 1002 1461 voce
1020 1425 1188 1460 celebrari

200 1489 313 1523 iussit.
365 1485 527 1529 Denique
551 1482 799 1526 disputabant,
825 1486 857 1512 et
883 1478 1080 1522 exemplum
1103 1475 1189 1509 utile

200 1551 272 1572 esse
289 1536 441 1575 canteris,
469 1541 502 1568 et
519 1533 622 1567 bonis
636 1531 771 1564 nullam
792 1529 984 1562 orationem
1002 1526 1189 1570 gratiorem

200 1591 294 1628 sore,
328 1586 396 1620 boc
423 1583 627 1629 praesertim
655 1582 733 1621 die,
773 1591 878 1624 quam
911 1578 1191 1622 qualemcunque

201 1639 370 1673 Paulinae
386 1634 553 1668 historiae
572 1629 954 1665 commemorationem.

301 1703 440 1737 Horum
475 1701 661 1733 obsecutus
695 1707 753 1729 seu
788 1694 937 1733 indicio,
973 1704 1033 1726 seu
1059 1691 1191 1733 studio,

202 1755 294 1789 redii
309 1754 352 1787 ad
370 1751 539 1789 Paulum,
566 1758 697 1792 vosque
713 1758 792 1785 oro,
816 1751 854 1777 ut
873 1743 1008 1777 etiamsi
1026 1742 1192 1785 amplitu—

204 1806 280 1839 dini
295 1800 491 1846 argumenti
508 1811 579 1832 non
596 1795 823 1841 respondebit
840 1794 952 1827 oratio
969 1804 1056 1833 mea,
1075 1799 1193 1825 tamen

204 1868 268 1900 pro
293 1859 406 1886 vestra
432 1850 576 1894 pietate,
602 1854 634 1881 et
660 1847 812 1879 candore
829 1850 964 1880 vestro,
991 1840 1082 1875 hanc
1106 1853 1194 1886 qua-

205 1907 427 1947 lemcumque
446 1911 587 1944 operam
609 1897 694 1931 boni
721 1894 921 1930 consulatis.
975 1892 1067 1926 lllud
1089 1892 1193 1924 etiarn

206 1956 243 1988 in
269 1952 334 1987 hac
363 1960 433 1986 tam
459 1950 574 1993 ampla
599 1959 698 1981 causa
723 1946 826 1979 nobis
849 1943 1112 1977 incommodum
1134 1947 1196 1980 est,

208 2005 302 2050 qnod
332 2010 469 2044 tempus
500 2000 543 2032 ad
567 1997 755 2031 (licendum
784 1995 896 2028 multo
924 1992 1065 2026 brevius
1092 1991 1195 2024 nobis

206 2053 422 2091 conceditur,
449 2061 552 2095 quam
569 2054 739 2093 quantum
758 2043 864 2078 liuius
877 2042 1072 2086 argumenti
1089 2042 1195 2075 uber-

206 2113 258 2138 tas
281 2102 443 2148 postulat.
497 2099 615 2140 Quare
633 2097 787 2130 breviter
805 2106 939 2128 summa
958 2104 1083 2138 sequar
1099 2090 1196 2125 sasti-

206 2155 260 2198 gia
280 2164 416 2191 rerum,
440 2156 480 2184 ut
495 2149 624 2182 Poetae
642 2146 758 2179 verbis
777 2152 866 2179 utar.

296 2218 347 2253 Ac
369 2216 396 2249 si
416 2214 644 2259 panegyricos
662 2219 794 2245 veteres
810 2209 941 2243 imitari
959 2208 1198 2246 instituissem,

208 2270 361 2314 primum
380 2267 422 2298 de
438 2264 537 2298 Pauli
555 2275 697 2305 genere,
725 2261 855 2305 patria,
883 2259 1118 2298 incunabulis,
1143 2257 1198 2290 di-

210 2332 338 2353 cerem:
375 2317 433 2349 sed
460 2315 603 2347 aliunde
627 2313 740 2346 ordiri
764 2311 914 2346 decrevi.
972 2309 1132 2343 Primum
1155 2308 1198 2340 de

209 2369 320 2403 causis
345 2366 521 2399 monenda
546 2371 596 2397 est
616 2361 870 2400 adolescentia,
906 2372 967 2394 cur
996 2359 1106 2404 prosit
1137 2355 1199 2391 lias

211 2418 376 2453 historias
399 2426 618 2457 cognoscere.
670 2413 762 2447 Sunt
786 2411 880 2445 enim
905 2418 972 2444 tres
993 2409 1199 2454 praecipuae

211 2480 352 2507 cans-ie,
387 2478 534 2510 quarum
557 2464 670 2509 prima
692 2470 759 2497 est:
795 2460 841 2496 Ut
863 2461 949 2506 quid
976 2461 1020 2494 sit
1045 2457 1199 2493 Ecclesia

213 2520 421 2563 cogitemus,
449 2523 481 2548 et
506 2515 676 2548 divinitus
700 2513 825 2546 missos
848 2524 920 2546 esse
943 2511 1048 2544 duces
1071 2522 1109 2543 ac
1136 2520 1200 2551 gu-

213 2573 417 2604 bernatores
439 2575 684 2605 agnoscamus,
717 2576 755 2596 ac
780 2569 853 2596 toto
877 2569 1015 2606 pectore
1033 2561 1105 2595 Deo
1122 2571 1201 2602 gra-

214 2623 278 2655 tias
295 2629 452 2661 agamus,
480 2628 541 2657 pru
565 2615 702 2645 donatis
730 2614 878 2645 aeternis
905 2606 1007 2644 bonis
1035 2619 1066 2645 et
1096 2609 1200 2642 mini·

212 2670 342 2709 steriis‚
370 2679 430 2711 per
448 2676 535 2711 quos
552 2676 589 2697 ea
609 2661 812 2697 bominibus
831 2663 997 2707 impertit.

767 126 930 164 DECL.
981 123 1056 162 DE
1088 122 1283 161 PAULO
1317 120 1647 160 APOSTOLO.

2137 121 2212 158 620

1332 205 1453 241 Altera
1469 217 1570 240 causa
1587 212 1648 247 est,
1674 212 1714 241 ut
1728 217 1845 241 rerum
1861 219 1946 252 quas
1962 211 2153 250 gesserunt,
2179 211 2215 240 et

1231 259 1401 292 virtutum
1421 256 1656 291 consideratio
1681 267 1744 289 nos
1765 258 1920 298 erudiat,
1945 264 1984 291 ut
2008 256 2134 290 melius
2158 256 2215 288 in-

1232 309 1440 352 telligamus,
1453 307 1538 352 quid
1553 306 1793 351 profiteantur.
1826 305 1962 340 Deinde
1977 307 2080 341 etiam
2098 317 2216 339 exem-

1231 360 1287 404 pla
1306 369 1593 402 unumquemque
1609 368 1672 390 suo
1688 357 1784 395 loco,
1820 363 1853 389 et
1871 368 1933 399 pro
1949 369 2010 391 sua
2025 356 2216 390 mediocri-

1232 416 1302 444 tate
1317 409 1360 442 ad
1379 408 1518 442 virtutis
1538 407 1772 440 imitationem
1790 405 1950 442 excitent.

1333 465 1516 500 Postremo
1527 491 1536 505 ,
1561 470 1599 497 ut
1616 464 1707 497 veris
1725 469 1759 497 et
1782 463 1987 497 ardentibus
2002 464 2092 498 votis
2107 476 2126 497 a
2140 462 2216 497 Deo

1234 524 1409 562 petamu5‚
1435 522 1473 550 ut
1490 513 1682 548 Ecclesiam
1707 521 1837 554 servet,
1863 525 1902 546 ac
1926 525 1989 546 nos
2006 526 2145 558 qnoque
2165 514 2217 547 sa-

1235 569 1301 601 ciat
1316 578 1444 610 organa
1459 565 1578 605 utilia,
1601 564 1742 597 adiuvet
1766 575 1804 596 ac
1826 561 1995 607 provehat
2013 570 2149 596 nostros
2166 564 2218 596 la-

1235 619 1336 651 bores
1349 644 1358 658 ,
1385 623 1422 649 ut
1444 616 1481 648 in
1500 626 1685 648 commune
1703 613 1841 657 prosint
1856 611 2050 654 Ecclesiae,
2077 613 2147 646 sint
2162 624 2217 646 sa-

1235 669 1364 701 lutares
1395 666 1515 705 honis,
1550 677 1613 698 nec
1645 663 1787 697 abiiciat
1818 675 1883 696 nos
1908 670 2077 708 tanquam
2108 669 2219 706 pestes

1236 717 1372 761 generis
1397 713 1564 755 humani,
1591 726 1650 747 seu
1675 721 1713 747 nt
1735 713 1866 746 Paulus
1890 720 2007 752 vocat,
2034 724 2114 745 vasa
2137 713 2222 752 irae,

1237 779 1388 812 qnorum
1423 765 1569 798 infoelix
1596 763 1811 797 curriculum
1843 763 2087 807 multipliciter
2121 767 2223 795 nocet

1237 815 1417 851 communi
1433 816 1540 855 vitae,
1564 820 1604 848 ut
1622 814 1707 848 vixit
1723 813 1809 848 Saul
1826 814 1869 847 ad
1884 821 2090 854 extremum,
2112 819 2146 846 et
2161 811 2223 845 alii

1238 865 1524 901 innumerabiles.

1340 924 1439 966 Quos
1460 923 1520 956 alii
1544 922 1628 955 fines
1652 921 1688 954 in
1705 921 1923 966 panegyricis
1947 927 2140 965 proponat,
2167 917 2225 954 hic

1237 975 1383 1009 recitare
1401 974 1545 1016 longum
1565 979 1663 1007 esset.
1705 971 1774 1005 Sed
1791 973 1834 1004 ad
1852 969 1916 1004 hos
1934 983 2022 1016 quos
2037 971 2109 1004 dixi
2124 982 2224 1015 prae-

1238 1027 1339 1069 cipue
1363 1025 1560 1057 referantur
1592 1020 1676 1055 haec
1708 1021 1885 1061 encomia,
1926 1028 2130 1054 nostrorum
2162 1018 2226 1053 he-

1239 1087 1359 1115 roum,
1391 1085 1454 1118 per
1476 1084 1564 1118 quos
1596 1072 1692 1107 Deus
1721 1072 1882 1104 mirando
1914 1071 2062 1104 consilio
2091 1077 2125 1104 et
2159 1070 2227 1102 im-

1239 1136 1357 1159 mensa
1383 1124 1541 1157 bonitate
1565 1134 1629 1156 nos
1652 1123 1695 1154 ad
1723 1121 1881 1155 coelestis
1908 1121 2000 1154 vitae
2027 1121 2227 1154 societatem

1241 1175 1389 1209 vocavit.
1440 1171 1553 1206 Acin
1592 1169 1720 1205 horum
1747 1171 1870 1204 finium
1902 1171 2120 1215 expositione
2155 1177 2228 1204 tota

1239 1223 1324 1258 haec
1342 1223 1455 1257 oratio
1472 1229 1591 1255 nostra
1605 1221 1811 1254 versabitur.

1342 1281 1500 1314 Primum
1516 1280 1623 1322 igitur
1637 1278 1712 1312 Deo
1731 1285 1893 1319 aeterno,
1919 1279 2007 1322 patri
2032 1279 2228 1312 liberatoris

1241 1332 1354 1366 nostri
1374 1331 1450 1364 lesu
1467 1328 1612 1370 Christi,
1629 1329 1804 1362 conditori
1823 1329 1983 1362 omnium
2001 1340 2132 1369 rerum,
2152 1340 2230 1371 gra-

1241 1384 1307 1417 tias
1322 1393 1385 1424 ago
1398 1408 1407 1422 ‚
1436 1392 1567 1425 vosque
1583 1390 1720 1412 mecum
1737 1385 1811 1412 toto
1836 1386 1974 1422 pectore
1991 1390 2090 1421 agere
2113 1379 2232 1419 iubeo,

1242 1433 1336 1479 quod
1352 1430 1545 1465 Ecclesiam
1569 1429 1636 1463 sibi
1662 1435 1866 1473 perpetuam
1891 1429 2070 1466 condidit,
2095 1440 2134 1462 ac
2152 1428 2232 1462 Do-

1243 1491 1355 1517 ctores
1393 1482 1436 1514 ad
1477 1492 1553 1513 eam
1596 1479 1862 1512 instaurandam
1906 1479 2057 1512 subinde
2096 1479 2233 1513 excitat.

1244 1533 1407 1576 Quorum
1444 1542 1505 1564 vos
1539 1530 1605 1573 ipsi
1634 1529 1839 1572 praecipuos
1867 1529 1995 1561 animis
2022 1536 2232 1567 enumerate,

1244 1583 1326 1616 inde
1350 1592 1461 1625 usque
1486 1592 1504 1613 a
1529 1577 1640 1612 Kobe.
1700 1578 1796 1621 Quid
1827 1579 1921 1611 enim
1948 1579 2139 1612 iucundius
2161 1589 2234 1612 esse

1244 1634 1359 1665 bonae
1376 1630 1484 1663 menti
1503 1635 1635 1673 potest,
1660 1641 1765 1673 quam
1791 1630 1834 1661 de
1849 1629 1978 1662 virtute
2002 1641 2039 1662 ac
2056 1629 2099 1661 de
2123 1635 2235 1662 certa-

1245 1681 1402 1715 minibus
1423 1680 1546 1713 talium
1564 1679 1739 1716 virorum,
1771 1678 1841 1710 imo
1857 1679 1898 1710 de
1914 1677 1979 1711 Dei
2004 1679 2160 1712 bonitate
2175 1690 2236 1711 co-

1245 1732 1375 1776 gitare,
1402 1730 1462 1774 qni
1486 1726 1553 1761 hoc
1578 1728 1652 1772 ipso
1677 1728 1863 1767 beneficio,
1890 1729 1982 1773 quod
2008 1739 2095 1772 pene
2120 1728 2236 1762 conti-

1246 1781 1327 1815 nuis
1344 1780 1515 1813 aetatibus
1540 1778 1790 1811 instauratores
1813 1778 1991 1818 excitavit,
2011 1784 2154 1811 testatus
2174 1785 2236 1817 est,

1246 1830 1440 1866 Ecclesiam
1463 1828 1529 1862 sibi
1554 1839 1700 1870 magnae
1724 1839 1826 1860 curae
1847 1839 1929 1861 esse.
1982 1828 2050 1862 Sed
2070 1828 2174 1861 venio
2191 1830 2235 1862 ad

1248 1881 1439 1915 secundum
1458 1878 1655 1911 membrum
1675 1877 1854 1911 institutae
1873 1878 2081 1921 partitionis.

1348 1936 1437 1971 Cum
1460 1936 1526 1969 alia
1552 1935 1682 1975 multa,
1706 1942 1780 1968 tum
1805 1947 1886 1968 vero
1905 1935 2009 1968 etiam
2032 1936 2237 1970 constitutio

1249 1996 1281 2022 et
1298 1988 1402 2021 series
1421 1986 1666 2031 imperiorum,
1694 1991 1840 2018 testatur
1867 1983 1960 2019 hunc
1980 1987 2152 2019 mundum
2169 1984 2237 2020 Dei

1250 2038 1396 2073 consilio
1417 2049 1456 2070 ac
1485 2035 1708 2080 providentia
1734 2035 1825 2078 regi,
1859 2043 1908 2075 et,
1942 2047 1995 2068 res
2023 2035 2181 2080 loquitur
2202 2037 2239 2069 in

1250 2087 1400 2123 heroicis
1427 2086 1596 2123 ducibus,
1627 2091 1664 2118 ut
1693 2085 1729 2117 in
1757 2084 1869 2130 Cyro,
1909 2084 2130 2124 Alexandro,
2162 2083 2239 2120 Sci-

1250 2140 1366 2183 pione,
1394 2136 1566 2180 Augusto,
1596 2136 1746 2179 impetus
1762 2147 1864 2179 supra
1883 2146 2105 2168 communem
2123 2133 2240 2169 homi-

1250 2202 1337 2223 nnm
1372 2194 1534 2220 naturam
1563 2186 1726 2228 flagrare,
1758 2192 1791 2218 et
1818 2186 1980 2218 accedere
2014 2185 2237 2219 foelicitatem

1252 2239 1476 2283 singularem.
1530 2235 1629 2269 llanc
1650 2234 1800 2268 Virtutis
1823 2241 1854 2267 et
1872 2235 2049 2269 fortunae
2068 2236 2240 2269 excellen-

1252 2291 1336 2324 tiam
1368 2288 1443 2322 sani
1479 2298 1600 2319 omnes
1632 2285 1826 2323 mirantur,
1869 2292 1901 2318 et
1932 2285 2126 2330 suspiciunt
2160 2286 2240 2320 illos

1251 2350 1407 2374 summos
1424 2337 1535 2377 viros,
1561 2335 1620 2381 qui
1639 2335 1722 2368 alias
1738 2335 1820 2368 alibi
1840 2335 1893 2368 vel
1912 2336 2169 2371 constituerunt
2184 2336 2239 2369 vel

1252 2390 1502 2425 defenderunt,
1530 2387 1582 2419 vel
1602 2386 1841 2419 instaurarunt
1860 2385 2016 2430 imperia.

1353 2453 1431 2488 Etsi
1450 2459 1564 2486 autem
1583 2448 1638 2483 liis
1661 2451 1874 2484 antecellunt
1902 2451 2012 2484 nostri
2030 2451 2151 2491 duca,
2179 2451 2240 2496 qui

1253 2505 1445 2541 Ecclesiam
1469 2503 1727 2546 gubernarunt:
1756 2508 1871 2534 tamen
1897 2512 2016 2534 eorum
2034 2500 2144 2533 virtus
2167 2513 2241 2534 non

1255 2556 1400 2601 perinde
1427 2552 1641 2597 conspicitur
1664 2552 1708 2585 ab
1732 2551 1862 2594 ignaris
1886 2562 2002 2584 rerum
2028 2550 2242 2584 divinarum.

1259 2604 1464 2650 Nlagnisacis
1485 2601 1693 2648 sapientiam
1710 2601 1870 2638 Solonis,
1894 2599 2062 2643 Augusti,
2087 2608 2119 2634 et
2143 2601 2242 2634 simi-

1257 2659 1354 2697 lium,
1383 2666 1534 2701 quorum
1546 2653 1654 2696 leges,
1680 2663 1805 2695 magna
1823 2650 1988 2695 imperia,
2014 2651 2140 2684 multas
2156 2662 2242 2695 gen-
