2338 2958
174 155 249 190 903

551 146 706 183 DECL.
754 142 829 179 DE
863 139 1065 178 DICTO:
1100 137 1268 177 NEMO
1300 138 1523 177 RJAPIET
1557 138 1712 177 OVES
1739 151 1830 178 Ἐτε.

2143 140 2218 178 904

180 239 373 285 amplector
387 248 503 270 veram
521 233 793 271 enarrationem,
819 235 854 263 et
872 228 948 263 Deo
963 228 1090 273 gratias
1108 238 1172 271 ago
1199 248 1202 285 Ι
1226 228 1280 262 vel
1297 228 1340 260 ab
1358 227 1526 271 exemplis
1542 233 1742 268 sumuntur,
1765 239 1838 261 non
1855 235 1988 263 tamam
2008 228 2219 262 levationem

182 299 256 326 toto
279 297 433 334 pectore,
464 285 558 331 quod
583 284 696 318 lucem
721 293 820 315 suam
845 280 1014 314 restituit:
1042 285 1076 313 et
1093 290 1174 312 eum
1227 279 1402 313 adferunt.

185 354 268 383 oro,
296 348 333 375 ut
351 351 424 373 non
443 337 535 370 sinat
551 347 626 369 eam
646 344 769 367 rursus
786 331 953 375 extingui.

289 397 537 432 Adolescentes
553 393 656 428 etiam
673 389 861 429 adhortor,
888 396 927 423 ut
942 396 976 423 et
994 388 1068 423 Deo
1087 387 1177 432 grati

189 452 258 486 sint
275 461 338 494 pro
354 447 513 481 restituta
522 442 708 487 Evangelii
726 442 820 475 luce:
847 448 880 475 et
897 440 966 474 sint
985 440 1021 473 in
1039 440 1177 473 discen-

189 505 233 536 do
259 498 522 542 diligentiores,
554 502 594 529 ut
614 493 681 534 Dei
705 494 839 527 donum
863 498 1041 526 tueantur.
1103 490 1179 524 Sci-

190 563 266 586 mus
285 550 378 583 enim
397 553 621 594 praeceptum
640 556 730 579 esse:
763 543 962 577 Honestum
981 541 1180 586 depositum

190 601 328 637 custodi
354 612 416 645 per
439 599 614 644 Spiritum
634 603 815 636 sanctum,
850 594 911 639 qui
935 594 972 627 in
992 593 1094 627 nobis
1117 589 1182 624 ha-

190 655 288 688 bitat.
341 651 435 686 Dixi.

192 832 257 867 NO.
287 829 369 865 115.
996 836 1043 854 an.
1070 824 1162 854 1550.

198 879 368 893 *ον’-»κ
981 869 1183 885 m

279 934 352 974 De
372 931 515 972 dicto.-
552 928 694 969 Nemo
719 927 874 980 rapiet
898 938 999 965 oves
1014 929 1096 964 etc.

261 1023 289 1048 ln
310 1021 401 1047 relect.
421 1019 571 1046 Declamat,
599 1016 630 1041 T.
655 1015 700 1042 ΙΙΙ.
723 1025 749 1049 p.
771 1014 821 1039 570
837 1023 911 1048 sqq.‚
943 1012 1060 1038 servasi.
1085 1012 1117 1039 T.
1141 1011 1185 1037 ΙΙΙ.

293 1067 320 1090 p.
335 1057 411 1083 5⁴0..
447 1053 571 1078 [sichard.
595 1051 627 1078 T.
645 1050 692 1076 lll.
720 1059 745 1083 p.
761 1048 820 1075 829.
849 1054 873 1073 et
899 1048 926 1073 in
950 1047 981 1074 Τ.
1003 1046 1048 1072 ΙΙΙ.
1076 1046 1183 1072 Ersord.

296 1091 333 1116 lit.
348 1099 389 1121 cc,
403 1089 428 1114 3.
466 1088 532 1113 ltem
552 1087 578 1112 in
595 1084 707 1118 Georgii
725 1082 858 1117 Principis
880 1081 1016 1108 Anbaltini
1038 1081 1185 1107 concioni-

291 1126 342 1150 bus
358 1130 383 1149 et
403 1122 511 1153 scriptis
529 1131 554 1155 p.
569 1120 629 1146 433.
648 1133 683 1137 —
721 1119 766 1144 Est
787 1118 872 1143 oratio
896 1115 1016 1150 Georgio
1039 1115 1184 1140 Anbaltino

293 1159 391 1192 scripta
412 1154 479 1189 (vid.
499 1155 549 1189 Ep.
563 1156 589 1181 d.
607 1155 646 1179 12.
661 1153 721 1179 Oct.
741 1153 844 1183 155⁰),
870 1152 916 1184 qui
937 1160 995 1176 eam
1016 1150 1139 1176 recitavit
1159 1151 1184 1175 in

293 1193 398 1227 synodo
415 1191 559 1217 Pastorum
578 1187 747 1222 Merseburgi
764 1187 789 1214 d.
807 1187 847 1212 15.
863 1185 926 1211 Oct.
944 1185 1017 1210 1550.

190 1277 318 1310 Oratio
347 1265 572 1320 [synodalis]
599 1266 646 1302 de
669 1266 769 1302 dicto
789 1264 928 1302 Christi
953 1262 1054 1309 apud
1075 1266 1186 1298 Ioan-

190 1337 294 1362 nem:
322 1325 439 1358 Nemo
457 1323 578 1366 rapiet
601 1330 686 1354 oves
709 1329 815 1353 meas
831 1327 877 1351 e-z·
896 1315 1065 1351 manibus
1081 1317 1186 1349 meis.

188 1397 277 1436 Tibi
294 1399 519 1442 omnipotens
536 1401 570 1429 et
586 1405 667 1427 vere
682 1392 796 1431 Deus,
824 1398 966 1425 aeterne
993 1397 1090 1435 pater
1109 1390 1188 1439 D0‘.

189 1453 279 1487 mini
304 1449 415 1484 nostri
436 1447 512 1482 lesu
533 1444 686 1486 Christi,
721 1443 886 1478 conditor
908 1442 996 1476 coeli
1019 1449 1051 1475 et
1074 1448 1186 1475 terrae

189 1513 222 1540 et
243 1503 403 1538 omnium
430 1505 691 1537 creaturarum,
725 1506 796 1528 una
821 1505 900 1527 cum
924 1493 996 1526 filio
1024 1500 1084 1526 tuo
1110 1491 1185 1525 Do-

189 1556 287 1589 mino
311 1559 433 1586 nostro
460 1549 538 1584 Iesu
563 1546 706 1583 Christo
737 1553 771 1580 et
794 1544 930 1589 Spiritu
956 1551 1094 1582 sancto,
1130 1556 1186 1577 sa-

188 1608 299 1651 piens,
323 1605 426 1645 bone,
451 1613 568 1640 verax,
592 1600 692 1639 iuste,
718 1596 926 1636 misericors,
950 1602 1053 1634 caste,
1078 1595 1186 1627 liber-

189 1659 298 1697 rime,
325 1655 454 1699 gratias
472 1652 619 1695 agimus,
644 1649 738 1694 quod
758 1645 926 1680 hactenus
945 1646 981 1678 in
999 1643 1052 1678 bis
1071 1645 1185 1687 regio-

191 1709 296 1742 nibus
323 1704 514 1739 Ecclesiam
548 1707 582 1735 et
606 1700 681 1734 eius
713 1696 864 1742 hospitia
894 1697 1084 1730 clementer
1114 1708 1185 1729 ser-

191 1759 294 1793 vasti:
331 1764 432 1801 teque
461 1752 636 1797 supplices
667 1761 827 1789 oramus,
863 1755 901 1781 ut
926 1759 1064 1791 semper
1095 1747 1188 1781 inter

191 1822 255 1844 nos
280 1806 528 1841 haereditatem
554 1803 626 1835 filio
651 1809 730 1843 tuo,
758 1800 1011 1834 celebraturam
1032 1805 1064 1831 te
1088 1799 1185 1831 omni

191 1859 416 1900 aeternitate,
444 1855 598 1897 colligas.
637 1852 750 1896 Saepe
766 1858 881 1885 autem
900 1849 936 1882 in
954 1847 1007 1882 bis
1022 1860 1185 1891 congres-

191 1914 289 1947 sibus
308 1908 456 1945 nostris,
483 1906 538 1939 vel
561 1902 823 1938 admonitiones
846 1901 900 1934 vel
923 1900 1188 1943 obiurgationes

193 1961 356 1999 recitavi,
390 1969 476 2005 quas
493 1955 693 1989 meminisse
711 1954 896 1997 plerosque
915 1963 1027 1995 spero.
1082 1951 1187 1984 Nunc

194 2027 276 2048 vero
303 2023 381 2045 cum
412 2007 573 2043 omnium
604 2006 742 2039 animos
771 2016 862 2037 nova
889 2003 1131 2036 sollicitudine.
1156 2009 1187 2035 et

195 2077 287 2099 novo
315 2063 459 2100 dolore,
492 2064 635 2103 propter
660 2056 793 2089 bellum
814 2054 970 2087 vicinum
997 2053 1187 2087 excruciari

196 2115 404 2155 existimem,
432 2109 497 2144 boc
516 2117 652 2153 tempus
669 2106 946 2141 consolationem
965 2104 1108 2148 flagitat.
1143 2103 1189 2138 Et

197 2175 234 2201 ut
253 2166 400 2203 dicitur,
422 2162 483 2195 ubi
500 2160 617 2202 dolet,
646 2159 694 2191 ibi
719 2169 863 2190 manum
889 2153 1011 2189 babet:
1041 2156 1189 2190 intanta

198 2215 442 2259 magnitudine
466 2211 679 2245 moesticiae:
705 2209 772 2242 alia
790 2209 833 2242 de
850 2219 886 2241 re
912 2207 1093 2240 instituere
1110 2220 1189 2240 ora-

199 2269 331 2303 tionem
350 2278 420 2298 non
434 2263 546 2308 potui.
601 2262 814 2304 Quanquam
832 2266 946 2292 autem
965 2270 1036 2291 nou
1054 2259 1191 2297 dubito,

200 2331 262 2353 vos
281 2319 372 2363 ipsos
390 2314 541 2349 remedia
561 2313 596 2345 in
613 2312 745 2345 divinis
761 2310 991 2343 concionibus
1007 2322 1191 2354 quaerere:

201 2379 316 2405 tamen
333 2377 362 2401 et
382 2379 442 2408 ego
460 2365 629 2410 quaedam
654 2363 736 2395 inde
752 2362 894 2395 collecta
912 2361 1083 2401 recitabo,
1111 2361 1192 2406 quia

201 2423 304 2456 etiam
319 2431 356 2452 ea
374 2430 462 2463 quae
480 2416 543 2460 ipsi
561 2414 802 2457 cogitavimus,
823 2413 975 2454 gratiora
993 2413 1092 2451 sunu.
1114 2424 1192 2446 cum

203 2474 324 2506 eadem
343 2469 422 2503 aliis
438 2467 568 2500 mederi
588 2465 762 2498 audimus.
816 2461 862 2497 Et
878 2464 960 2509 quia
978 2464 1101 2506 longae
1121 2463 1193 2496 dis-

203 2522 404 2569 putationes
429 2519 464 2551 in
490 2517 666 2550 moesticia
685 2516 840 2559 ingratae
859 2521 951 2554 sunt,
979 2527 1059 2548 mox
1076 2522 1193 2548 osteu-

203 2578 283 2609 dam
301 2585 376 2606 eam
394 2569 670 2604 consolationem
688 2579 777 2612 quae
796 2573 846 2599 est
860 2566 1107 2599 efficacissima.

306 2628 495 2672 Praecipue
517 2625 699 2657 leniuntur
720 2624 879 2663 dolores,
906 2635 985 2657 cum
1005 2623 1195 2656 offendun—

205 2692 261 2718 tur
279 2693 332 2715 res
348 2681 462 2713 bonae
478 2684 508 2710 et
528 2676 716 2716 salutares,
745 2674 906 2708 videlicet
924 2675 1095 2708 auxilium
1115 2675 1194 2708 laeti

205 2735 325 2768 exitus.
381 2730 526 2765 Caetera
559 2732 784 2769 argumenta,
821 2737 910 2770 quae
939 2738 957 2759 a
992 2726 1196 2759 necessitate

1330 335 1448 371 Offert
1466 343 1581 370 autem
1605 337 1699 371 filius
1714 336 1780 371 Dei
1798 337 1974 372 Dominus
1990 345 2110 373 noster
2127 337 2222 372 Iesus

1230 387 1410 429 Christus,
1435 388 1620 422 crucifixus
1650 389 1842 433 pro.nobis
1870 395 1902 422 et
1923 390 2156 431 resuscitatus,
2184 401 2224 423 ac

1231 441 1354 474 sedens
1389 440 1431 473 ad
1456 440 1633 473 dexteram
1664 440 1797 474 aeterni
1827 440 1955 484 patris,
1990 441 2159 475 auxilium
2190 447 2223 474 et

1233 491 1497 533 liberationem,
1531 497 1564 523 et
1587 488 1678 524 hanc
1695 491 1912 524 voluntatem
1940 491 1977 523 in
2001 491 2122 525 multis
2143 502 2224 525 sen-

1234 543 1353 576 tentiis
1380 541 1557 586 expressit.
1611 541 1681 575 Sed
1705 553 1767 585 ego
1785 554 1881 575 nunc
1904 543 1947 575 de
1973 539 2035 574 bac
2061 554 2144 575 voce
2169 542 2226 575 di-

1235 605 1325 626 cam:
1370 593 1484 626 Nemo
1507 593 1621 637 rapiet
1642 605 1723 626 oves
1750 605 1842 626 meas
1873 605 1912 626 ex
1938 592 2100 626 manibus
2126 593 2223 627 meis.

1235 643 1331 677 Haec
1355 644 1526 678 sententia
1550 655 1651 688 saepe
1675 656 1730 677 me
1761 643 1798 677 in
1828 644 1974 677 summis
2003 644 2227 677 moeroribus

1237 695 1364 736 erexit,
1391 703 1424 730 et
1442 702 1610 740 tanquam
1631 707 1669 728 ex
1688 695 1813 728 inseris
1829 695 1985 730 retraxit.

1339 751 1519 787 Omnibus
1537 753 1708 787 aetatibus
1723 753 1971 798 sapientissimi
1990 751 2151 786 homines
2167 753 2229 786 de-

1237 805 1467 849 ploraverunt
1488 804 1768 848 magnitudinem
1788 805 2027 838 calamitatum
2046 804 2083 837 in
2103 815 2230 848 genere

1238 854 1405 896 humano,
1426 866 1511 900 quas
1529 855 1640 889 oculis
1655 856 1843 894 cernimus,
1866 862 2053 902 antequam
2072 857 2115 888 ad
2133 855 2230 888 illam

1237 907 1477 941 aeternitatem
1496 907 1681 939 transitur:
1708 913 1747 940 ut
1765 914 1847 940 sunt
1871 907 2008 947 morbi,
2033 917 2147 947 mors,
2175 907 2231 939 in-

1238 959 1358 1003 opiae,
1396 969 1532 990 errores
1555 958 1666 991 nostri
1699 957 1830 1002 quibus
1862 958 2069 991 accersimus
2101 958 2229 991 damna

1238 1017 1270 1043 et
1288 1020 1438 1053 poenas,
1472 1008 1627 1048 inimici,
1659 1009 1825 1052 perfidiae
1849 1009 2232 1048 coniunctissimorum,

1238 1060 1353 1099 exilia,
1379 1059 1553 1100 infamiae,
1569 1059 1749 1100 orbitates,
1765 1059 1926 1093 miseriae
1940 1060 2082 1100 sobolis,
2097 1059 2232 1093 discor-

1238 1112 1316 1144 diae
1335 1111 1490 1156 privatae
1509 1117 1543 1143 et
1558 1111 1737 1154 publicae,
1763 1111 1872 1151 bella,
1901 1111 2039 1149 caedes,
2065 1111 2233 1145 vastatio-

1239 1173 1311 1195 nes.
1360 1159 1407 1194 Et
1427 1158 1512 1194 baec
1529 1173 1608 1194 cum
1627 1161 1823 1205 promiscue
1840 1162 1943 1194 bonis
1962 1169 1995 1196 et
2017 1161 2120 1195 malis
2143 1162 2233 1196 acci-

1239 1213 1321 1246 dere
1346 1212 1552 1252 videantur,
1579 1211 1681 1245 multi
1700 1212 1873 1256 sapientes
1895 1212 2163 1257 quaesiverunt,
2188 1225 2232 1246 an

1239 1264 1282 1297 sit
1305 1262 1549 1307 providentia,
1582 1275 1627 1295 an
1650 1275 1733 1295 vero
1760 1263 1835 1296 sine
1860 1263 2007 1296 consilio
2024 1262 2090 1296 Dei
2114 1265 2233 1297 omnia

1239 1327 1319 1348 casu
1337 1314 1506 1347 ferantur.
1555 1313 1623 1347 Sed
1641 1325 1705 1347 nos
1725 1313 1762 1346 in
1780 1311 1936 1347 Ecclesia
1952 1314 2080 1347 scimus
2096 1325 2233 1347 causam

1239 1377 1489 1399 aerumnarum
1515 1365 1666 1409 primam
1691 1371 1722 1397 et
1753 1364 1985 1409 principalem
2013 1376 2103 1405 esse,
2139 1367 2234 1411 quod

1239 1415 1346 1450 homo
1371 1422 1514 1460 propter
1536 1423 1715 1460 peccatum
1740 1415 1847 1449 morti
1869 1422 1903 1449 et
1927 1416 2005 1449 aliis
2025 1415 2235 1451 calamitati-

1239 1468 1304 1501 bus
1327 1467 1505 1501 subiectus
1533 1474 1598 1501 est:
1627 1479 1716 1512 quae
1742 1467 1885 1513 quidem
1911 1467 1947 1499 in
1973 1465 2128 1500 Ecclesia
2155 1475 2237 1502 suut

1239 1519 1448 1558 atrociores,
1475 1518 1557 1563 quia
1577 1518 1740 1551 diabolus
1757 1518 1839 1551 odio
1859 1517 1923 1552 Dei
1947 1515 2166 1552 horrendum
2185 1519 2236 1552 la-

1239 1570 1430 1604 trocinium
1450 1569 1488 1602 in
1505 1568 1660 1603 Ecclesia
1679 1576 1831 1610 exercet,
1857 1575 1888 1602 et
1906 1569 2065 1603 funditus
2083 1581 2158 1603 eam
2175 1571 2237 1603 de—

1240 1622 1310 1654 lere
1328 1627 1487 1654 conatur.
1546 1620 1625 1653 ldeo
1642 1621 1810 1664 scriptum
1830 1627 1895 1654 est:
1925 1619 2058 1654 Ponam
2084 1621 2237 1655 inimici-

1239 1672 1305 1705 tias
1325 1671 1416 1704 inter
1433 1677 1630 1714 serpentem
1647 1678 1680 1704 et
1697 1683 1815 1703 semen
1838 1671 2006 1704 mulieris.
2047 1669 2093 1704 Et
2113 1671 2237 1706 Petrus

1240 1723 1370 1767 inquit:
1408 1722 1642 1755 Adversarius
1667 1729 1780 1755 vester
1804 1721 1965 1754 diabolus
1989 1729 2155 1766 tanquam
2182 1723 2236 1757 leo

1240 1774 1382 1817 rugiens
1403 1773 1546 1813 circuit,
1574 1784 1746 1817 quaerens
1762 1785 1866 1817 quem
1886 1774 2040 1807 devoret.

1340 1841 1413 1874 Nec
1438 1841 1566 1873 frustra
1587 1840 1750 1884 patefecit
1779 1839 1882 1873 nobis
1907 1838 2002 1873 Deus
2027 1852 2147 1874 causas
2171 1854 2237 1876 no·

1240 1900 1392 1927 stratum
1407 1891 1644 1924 miseriarum:
1673 1891 1750 1924 vult
1774 1897 1807 1924 et
1831 1891 1984 1934 ipsarum
2001 1891 2237 1927 calamitatum

1241 1943 1523 1987 magnitudinem
1540 1942 1659 1986 aspici,
1684 1948 1717 1975 et
1732 1953 1851 1975 causas
1868 1941 2031 1985 intelligi,
2051 1949 2082 1976 et
2097 1945 2237 1987 agnosci

1243 1994 1467 2028 iustissimam
1492 1993 1578 2026 iram
1602 1994 1769 2026 adversus
1794 1999 1950 2036 peccata,
1987 1999 2025 2027 ut
2047 2006 2065 2027 e
2094 1995 2238 2037 regione

1242 2053 1276 2080 et
1308 2046 1567 2088 redemptorem
1603 2051 1634 2077 et
1663 2043 1944 2087 magnitudinem
1976 2043 2239 2081 misericordiae

1242 2107 1485 2140 agnoscamus.
1545 2093 1591 2129 Et
1624 2093 1679 2128 his
1713 2095 1786 2128 suis
1817 2094 2048 2128 concionibus
2080 2097 2238 2131 testimo-

1244 2149 1301 2181 nia
1330 2147 1448 2188 addit,
1488 2146 1788 2180 resuscitationem
1824 2153 2069 2186 mortuorum,
2103 2154 2136 2181 et
2170 2149 2238 2183 alia

1243 2199 1423 2232 miracula.

1346 2257 1474 2291 Procul
1498 2257 1605 2301 igitur
1621 2269 1660 2290 ex
1679 2256 1857 2289 mentibus
1880 2255 2067 2290 eiiciantur
2084 2256 2240 2302 propha—

1244 2321 1310 2343 nae
1336 2309 1543 2353 opiniones,
1578 2320 1667 2354 quac
1695 2307 1850 2350 fingunt.
1888 2318 1969 2340 casu
1997 2314 2056 2341 aut
2085 2306 2239 2355 physicis

1245 2368 1381 2395 tantum
1398 2361 1509 2393 causis
1524 2360 1681 2393 accidere
1698 2358 1801 2391 uobis
1817 2358 1919 2393 mala.

1345 2417 1436 2451 Cum
1453 2426 1568 2452 autem
1585 2417 1773 2450 domestica
1791 2416 1936 2449 vulnera
1952 2423 2157 2459 contrectas,
2179 2427 2238 2454 aut

1246 2470 1394 2503 intueris
1417 2469 1574 2514 publicas
1602 2468 1831 2512 imperiorum
1859 2467 1995 2500 ruinas:
2023 2480 2112 2513 quae
2134 2469 2237 2504 simul

1246 2521 1454 2566 opprimunt
1478 2520 1655 2563 singulos,
1683 2526 1721 2553 ut
1744 2518 1855 2554 Solon
1880 2518 2014 2563 inquit,
2044 2517 2178 2554 Intraut
2203 2522 2239 2555 in

1247 2570 1422 2606 thalamos
1447 2571 1586 2616 publica
1608 2572 1735 2603 damna
1761 2576 1854 2603 tuos:
1881 2569 2003 2613 Cogita
2024 2569 2178 2613 primum
2196 2573 2240 2606 de

1247 2623 1316 2657 tuis
1341 2631 1370 2656 rt
1401 2624 1443 2656 de
1471 2623 1620 2656 aliorum
1651 2621 1814 2666 pcccatis,
1841 2627 1872 2653 et
1899 2621 1942 2653 de
1971 2621 2059 2653 iusta
2089 2622 2138 2655 ira
2160 2622 2238 2657 Dei:

1248 2674 1375 2707 deinde
1393 2681 1425 2708 et
1448 2675 1580 2708 rabiem
1598 2673 1730 2706 diaboli
1748 2672 1948 2711 considera,
1977 2672 2035 2716 qui
2054 2674 2240 2720 praecipue

1248 2726 1428 2759 saevitiam
1447 2737 1543 2759 suam
1564 2725 1598 2757 in
1618 2723 1771 2757 Ecclesia
1790 2729 1934 2756 exercet.
