2338 2958
201 133 272 170 135

196 218 243 255 Et
261 218 355 254 haud
377 220 468 259 scio,
496 231 540 253 an
558 225 680 252 noceat
696 217 824 251 nostris
843 213 1050 251 hominibus
1069 223 1190 250 conta-

198 272 255 316 gio
271 270 532 316 Hispanorum:
561 268 644 310 hos,
672 276 712 302 ut
730 280 871 309 vereor,
899 280 1011 302 novae
1031 267 1190 311 discipli-

197 333 264 356 nae
289 322 470 366 magistros
499 318 641 354 habent.
703 316 760 353 Ab
782 316 838 352 his
863 326 1030 365 tanquam
1056 317 1192 351 lanistis

197 373 384 407 avariciam
404 371 716 416 crudelitatemque
733 371 883 405 discunt.

267 449 348 483 Non
366 447 484 480 minus
501 452 617 479 autem
635 446 854 489 sacrilegium
871 454 930 485 est,
948 441 1192 483 bibliothecas,

199 511 303 546 quam
321 495 621 541 phana‘diripere.
676 496 757 530 Non
777 496 870 529 enim
895 496 988 529 inter
1007 506 1120 528 sacras
1138 505 1191 527 res

198 557 257 584 aut
271 549 410 582 divinas
428 549 639 581 recensenda
659 553 742 581 sunt
760 558 864 580 aurea
883 558 980 584 vasa,
1009 546 1138 590 quibus
1156 545 1191 577 in

198 599 406 634 ceremoniis
423 599 552 632 nostris
568 598 725 631 utimur?
753 605 785 631 et
800 609 872 630 non
890 597 1095 630 recensendi
1110 603 1191 629 sunt

198 651 295 691 libri,
317 650 378 695 qui
398 650 557 683 coelestia
576 648 728 689 oracula,
755 648 815 693 qui
831 648 1029 681 doctrinam
1049 647 1192 692 religio-

198 702 276 742 nis,
303 701 389 734 alias
408 698 572 734 honestas
597 706 686 732 artes
706 699 878 733 divinitus
894 705 1048 732 ostensas
1073 697 1190 741 generi

199 751 370 792 humano,
389 750 595 785 continent?
613 749 734 795 Neque
744 761 825 783 vero
836 761 983 794 usquam
1000 746 1192 781 bibliothe-

199 815 258 836 cae
275 802 522 846 locupletiores
541 807 624 834 sunt
641 801 751 841 ullae,
776 813 880 845 quam
897 801 1041 833 fuerunt
1058 798 1192 833 Roma-

199 866 276 889 nae.
329 852 408 886 Huc
433 853 548 885 omnis
568 852 707 895 generis
729 852 916 895 scriptores
943 863 982 883 ex
1010 857 1083 883 toto
1108 850 1193 882 orbe

200 912 391 943 terrarum,
417 914 544 945 magna
561 914 643 936 cura
660 903 837 935 bonorum
854 901 1083 939 Pontificum,
1108 912 1192 933 con-

200 955 290 989 vecti
309 960 402 989 sunt.
455 953 535 987 Huc
557 965 672 997 nuper
688 954 794 992 adeo,
823 953 990 998 quiequid
1016 951 1192 996 reliquum

199 1006 267 1040 suit
283 1005 458 1039 literariae
476 1004 702 1048 supellectilis
721 1004 757 1037 in
776 1011 846 1037 tota
865 1003 1033 1042 Graecia,
1060 1003 1193 1047 impor-

200 1064 312 1091 tatum
337 1063 397 1089 est.
458 1054 553 1088 Haec
583 1061 812 1088 monumenta
842 1067 919 1088 cum
948 1061 1087 1087 aeterna
1122 1064 1193 1086 esse

201 1107 408 1147 debuerint,
436 1113 553 1139 tamen
578 1106 698 1139 furore
724 1106 877 1139 militum
901 1105 1017 1150 aliqua
1038 1116 1077 1136 ex
1097 1110 1194 1147 parte

201 1164 364 1201 corrupta
382 1157 561 1192 dicuntur.
614 1155 659 1190 Et
679 1154 771 1190 haud
789 1156 876 1196 scio,
905 1168 948 1189 an
967 1155 1074 1199 impia
1092 1155 1194 1187 ssam—

201 1222 257 1243 rna
281 1221 342 1253 per
362 1209 487 1242 urbem
504 1213 624 1250 vagata
653 1205 886 1241 bibliothecas
902 1207 1006 1240 etiam
1031 1205 1194 1248 attigerit.

201 1258 237 1294 Ο
270 1260 439 1293 iacturam
473 1259 573 1292 nullo
609 1270 766 1304 unquam
803 1258 919 1290 seculo
952 1256 1194 1300 reparabilem.

202 1310 300 1353 Quot
315 1309 497 1352 religionis
522 1316 662 1343 nostrae
689 1309 912 1352 interpretes,
940 1308 1001 1353 qui
1019 1314 1193 1351 praeterea

201 1373 376 1405 nusquam
394 1367 531 1402 extant,
556 1368 642 1404 quot
659 1360 807 1392 aliarum
826 1359 1041 1401 optimarum
1066 1358 1193 1390 artium

202 1419 341 1445 autores
357 1411 503 1443 amissos
519 1410 754 1443 arbitremur?
806 1408 896 1451 Quis
915 1420 986 1441 non
1007 1405 1196 1440 vehemen—

202 1471 255 1496 ter
270 1463 387 1495 doleat
404 1469 454 1495 tot
471 1461 668 1494 seculorum
687 1461 836 1497 labores,
862 1467 912 1493 tot
930 1459 1086 1492 noctium
1104 1458 1197 1500 vigi-

202 1514 265 1547 lias
292 1526 310 1546 a
336 1513 446 1546 doctis
470 1510 675 1545 horninibus
697 1512 739 1543 ad
765 1511 953 1544 utilitatem
985 1509 1197 1552 posteritatis

203 1565 419 1602 lucubratas,
449 1563 484 1595 in
510 1561 599 1595 hanc
624 1563 802 1596 fortunam
829 1560 1016 1593 incidisse?
1057 1562 1196 1594 Statuas

203 1622 263 1649 aut
289 1616 441 1659 picturas
468 1614 641 1654 elegantes
665 1624 872 1656 magnorum
890 1611 1046 1644 virorum
1071 1622 1196 1653 magno

205 1678 284 1700 cum
320 1665 441 1698 dolore
476 1664 690 1703 amittimus,
727 1675 813 1708 quas
847 1662 902 1695 vel
940 1668 1084 1705 propter
1113 1661 1198 1694 artis

204 1717 416 1751 bonitatem,
460 1715 513 1747 vel
547 1721 689 1758 propter
720 1713 925 1747 memoriam
956 1724 1076 1745 eornm
1109 1724 1197 1757 quos

205 1767 530 1811 repraesentabant,
580 1766 608 1798 si
643 1766 715 1798 fieri
754 1770 886 1809 posset,
931 1771 1090 1797 aeternas
1126 1775 1196 1795 esse

205 1826 378 1864 optamus,

300 1894 443 1937 Quanto
461 1894 568 1934 magis
585 1893 703 1925 dolere
723 1892 888 1924 debemus
907 1898 952 1923 tot
974 1891 1195 1930 ingeniorum

207 1946 414 1980 interitum?
453 1957 540 1989 qnae
575 1957 646 1976 non
684 1945 788 1975 niodo
818 1950 959 1986 propter
986 1943 1195 1984 scriptorum

206 1996 507 2042 pulchritudinem
531 1995 718 2034 miramur,
746 1995 802 2026 sed
831 1994 935 2026 etiarn
962 2000 1106 2037 propter
1129 1992 1196 2025 nti-

208 2049 338 2082 litatem
362 2046 559 2080 amamus?
577 2045 696 2090 Neque
722 2045 814 2077 enini
844 2045 986 2077 retineri
1009 2043 1197 2087 liespnlnli-

209 2113 266 2132 cae
293 2099 366 2131 sine
400 2097 624 2131 honestarum
654 2097 781 2129 artiuni
810 2095 1028 2137 cognitione,
1062 2102 1092 2127 et
1122 2095 1196 2127 sine.

209 2150 307 2182 libris
328 2156 481 2192 possunt.
533 2147 620 2181 Cum
639 2148 744 2189 igitur
761 2159 853 2179 arma
874 2146 944 2188 geri
966 2146 1126 2184 debeant,
1154 2146 1194 2177 ad

208 2202 370 2241 tegendas
389 2211 510 2231 ornnes
527 2199 618 2242 paris
636 2205 741 2234 artes,
769 2198 882 2230 videte
897 2204 1066 2242 quantuni
1087 2197 1197 2228 serlus

209 2252 262 2284 isti
289 2253 440 2284 latrones
465 2251 679 2283 admiserint.
733 2249 803 2291 Qui
823 2261 911 2293 qnae.
931 2248 1035 2280 arinis
1055 2247 1195 2279 defendi

209 2303 370 2346 inprimis
401 2301 574 2345 oportuit,
615 2314 650 2333 ea
678 2313 766 2332 nova
795 2307 827 2333 et
859 2299 1013 2331 inaudita
1045 2298 1196 2331 :unentia

207 2354 419 2397 dissiparunt
450 2360 553 2397 atque
584 2359 796 2384 ‹weris-runt.
852 2349 945 2383 llaec
972 2363 1048 2381 runi
1077 2350 1110 2381 iu
1137 2362 1195 2381 nr-

207 2405 309 2437 hilius
329 2405 418 2436 lwllo
439 2404 565 2447 raptis,
594 2416 663 2435 non
685 2403 785 2435 aliter
804 2408 907 2446 atque
928 2401 1030 2443 tenipl
1048 2415 1072 2439 ι,
1102 2413 1195 2432 sarra

205 2456 381 2500 symbola,
409 2468 500 2490 aras..
531 2454 612 2486 lioni
642 2453 868 2495 liupo-ratores
896 2464 1031 2494 §enipi-i·
1055 2463 1195 2483 tonsi-r-

206 2507 277 2538 vari
304 2506 484 2542 inisseiint,
515 2506 566 2537 iai
599 2505 700 2542 odio,
729 2505 852 2542 (reolo,
889 2503 1069 2542 religionis
1090 2501 1194 2534 (iliri-

205 2558 356 2594 suanae,
393 2570 461 2588 non
490 2557 588 2588 wrizi
614 2563 691 2588 sunt
722 2555 836 2598 ivr-piis
863 2555 1024 2586 inanibus
1045 2554 1195 2585 lwerare

206 2620 243 2640 nc
263 2610 416 2651 perdere,

207 2659 407 2691 detrimenti
429 2659 594 2701 acceperit
617 2657 770 2700 lii-§pult
791 2654 1016 2688 liibliotberis
1037 2656 1104 2688 illis
1122 2655 1192 2687 dis·
1218 2640 1221 2691 i

206 2711 345 2754 sipatis,
374 2710 512 2756 quaein
538 2708 774 2741 ecclesiastis-is
793 2707 1086 2744 dissensionibus,
1115 2713 1191 2739 tan-
1216 2697 1220 2740 i

473 2606 548 2639 Non
576 2615 622 2639 est
649 2614 762 2638 autern
784 2607 991 2644 olm-nram,
1021 2611 1192 2648 quantuni

857 128 1016 168 DECL.
1050 129 1124 165 DE
1157 125 1347 165 CAPTA
1380 125 1566 164 ROMA.

2166 129 2237 166 136

1243 226 1348 260 quam
1361 213 1543 246 oraculum
1558 212 1695 246 consuli
1711 214 1887 255 solebant,
1907 226 1946 248 ex
1957 215 2086 260 quibus
2102 215 2237 260 publici

1244 266 1358 309 legum
1384 263 1486 304 libri,
1519 270 1697 307 praeterea
1718 265 1878 298 omnium
1903 265 2077 299 bonarum
2092 266 2236 307 artium,

1244 315 1534 349 emendabantur.
1586 313 1710 359 Neque
1727 326 1808 349 vero
1825 315 1941 350 studia
1957 316 2140 351 literarum
2159 317 2237 350 sine

1245 367 1356 400 literis
1372 377 1410 398 ac
1426 365 1528 398 libris
1547 365 1741 398 emendatis
1756 366 1882 400 florere
1899 374 2060 411 possunt:
2095 379 2185 413 quae
2205 367 2237 401 si

1245 418 1394 450 extincta
1410 416 1558 457 suerint,
1586 427 1675 461 quae
1692 416 1889 458 barbaries,
1917 429 2006 463 qnae
2024 418 2236 462 religionum

1245 467 1404 501 confusio
1417 494 1426 508 ,
1454 478 1543 511 quae
1563 466 1744 500 civitatum
1761 469 1979 511 perturbatio
1996 469 2087 513 apud
2113 479 2236 503 omnes

1245 526 1363 561 gentes
1382 524 1544 551 secutura
1566 517 1640 550 est'?
1678 516 1759 550 Non
1784 517 1890 561 igitur
1915 519 1958 552 ad
1982 531 2087 553 unam
2112 519 2237 553 urbem

1246 568 1329 602 haec
1345 569 1524 602 calamitas
1541 568 1704 612 pertinet,
1723 569 1783 601 sed
1799 569 1842 602 ad
1862 581 1983 603 omnes
1999 577 2129 614 gentes,
2148 581 2238 616 quae

1245 621 1395 653 retinere
1419 619 1605 662 religiones
1629 630 1667 652 ac
1685 619 1798 652 studia
1817 620 1990 654 bonarum
2013 621 2143 654 artium
2162 621 2238 654 sine

1245 670 1417 705 Romanis
1442 666 1668 703 bibliothecis
1693 681 1766 702 non
1793 677 1950 714 possunt.
2010 670 2132 717 Neque
2153 683 2238 705 vero

1247 722 1389 765 impune
1414 721 1480 754 erit
1507 722 1581 754 istis
1605 721 1821 761 latronibus,
1848 728 1900 756 tot
1925 721 2051 755 scelera
2072 723 2109 755 in
2132 722 2238 756 unius

1247 772 1504 816 expugnatione
1521 771 1620 805 urbis
1636 779 1865 815 perpetrasse.
1908 771 2013 806 Videt
2031 770 2115 806 haec
2131 771 2239 814 Deus,

1248 824 1425 867 inspector
1443 830 1545 867 atque
1568 822 1699 856 arbiter
1715 823 1873 856 omnium
1899 820 2136 857 humanorum
2154 835 2241 857 con-

1246 873 1407 906 siliorum
1432 880 1536 917 atque
1561 874 1745 906 factorum.
1809 873 1876 907 Hic
1900 874 2088 908 ulciscetur
2113 881 2241 909 contu-

1248 924 1388 957 meliam
1414 924 1574 967 templis,
1609 923 1709 956 libris
1737 930 1770 957 et
1791 924 1969 958 similibus
1998 925 2240 959 monumentis

1247 975 1427 1018 religionis
1444 975 1594 1014 illatam,
1622 985 1695 1006 non
1714 974 1816 1008 aliter
1832 981 1936 1021 atque
1961 977 2004 1009 de
2023 975 2120 1020 Rege
2143 987 2241 1023 assy-

1247 1027 1300 1059 rio
1316 1026 1527 1069 supplicium
1548 1024 1715 1068 sumpsit,
1738 1025 1799 1070 qni
1820 1037 1916 1059 sacra
1934 1037 2014 1059 vasa
2031 1026 2241 1073 Hierosoly—

1248 1077 1314 1109 mis
1331 1077 1435 1109 allata
1451 1073 1700 1120 prophanavit.
1753 1075 1875 1121 Neque
1895 1077 1952 1109 illa
1978 1089 2044 1110 vox
2061 1075 2242 1122 Baptistae

1248 1127 1448 1166 cuiusdam,
1486 1138 1590 1172 quem
1615 1125 1752 1160 Romae
1779 1127 1878 1161 aiunt
1910 1134 1942 1161 et
1970 1134 2072 1162 antea
2103 1128 2240 1162 civibus

1249 1177 1339 1211 hanc
1361 1178 1514 1217 cladem,
1542 1183 1575 1211 et
1599 1183 1715 1221 postea
1740 1177 1935 1211 victoribus
1957 1178 2130 1212 minatum
2153 1190 2240 1222 esse,

1249 1230 1324 1262 sine
1350 1229 1497 1262 numine
1520 1227 1643 1260 emissa
1668 1228 1818 1263 videtur.
1875 1228 2026 1273 Legistis
2053 1229 2168 1274 enim,
2201 1236 2241 1264 ut

1249 1280 1395 1324 opinor,
1437 1279 1564 1312 dixisse
1595 1277 1789 1322 Baptistam
1826 1279 1948 1320 illum,
1985 1280 2163 1321 futurum,
2202 1287 2242 1315 ut

1249 1338 1346 1374 rapta
1364 1330 1523 1374 undique
1540 1329 1651 1373 spolia
1667 1329 1765 1362 brevi
1784 1337 1977 1364 revomant.
2006 1329 2128 1377 Neque
2144 1331 2240 1364 enim

1249 1381 1309 1413 diu
1334 1381 1481 1414 tolerare
1499 1381 1597 1412 Deus
1623 1379 1677 1412 sui
1696 1387 1956 1424 contemptum,
1984 1381 2185 1426 superbiam
2202 1382 2240 1415 in

1251 1432 1353 1464 rebus
1388 1430 1569 1471 secundis,
1619 1431 1862 1464 crudelitatem
1902 1431 1938 1464 in
1982 1432 2242 1474 imbecilliores,

1252 1489 1371 1526 potest.
1414 1481 1494 1514 Non
1511 1481 1603 1514 enim
1621 1492 1762 1525 possum
1782 1479 1836 1514 hic
1854 1482 1981 1521 dicere,
2009 1483 2147 1528 qualem
2164 1495 2242 1519 car-

1252 1533 1428 1565 nificinam
1448 1532 1483 1564 in
1501 1539 1572 1565 tota
1591 1533 1677 1564 urbe
1694 1533 1922 1566 exercuerint.
1956 1532 2026 1567 Nec
2044 1534 2127 1567 libet
2145 1546 2241 1567 com-

1252 1595 1443 1617 memorare
1473 1590 1590 1626 raptas
1614 1593 1632 1615 a
1656 1583 1840 1626 complexu
1868 1591 2052 1627 parentum
2078 1585 2242 1629 virgines,

1252 1646 1322 1666 non
1346 1635 1534 1680 abstractas
1554 1647 1572 1666 a
1593 1633 1728 1666 maritis
1755 1631 1917 1668 honestas
1946 1642 2140 1676 matronas,
2167 1648 2240 1670 non

1252 1691 1417 1718 mactatos
1434 1696 1531 1717 senes
1547 1696 1585 1717 ac
1605 1685 1810 1718 sacerdotes.
1863 1684 2003 1728 Quanta
2023 1687 2118 1719 enim
2136 1687 2243 1722 suerit

1251 1737 1287 1768 in
1316 1737 1403 1768 urbe
1428 1736 1566 1768 licentia
1586 1734 1900 1769 audacissimorum
1920 1734 2124 1779 hominum,
2157 1738 2241 1772 inde

1251 1787 1424 1820 aestimari
1457 1792 1588 1830 potest,
1625 1787 1720 1830 quod
1749 1787 1933 1820 duodecim
1964 1788 2089 1821 diebus
2124 1789 2242 1823 nullos

1252 1836 1375 1871 habuit
1393 1837 1581 1874 exercitus,
1609 1837 1752 1869 militari
1770 1849 1884 1875 more,
1912 1837 2154 1881 Magistratus.
2201 1839 2241 1872 ln

1252 1896 1300 1922 tot
1319 1889 1455 1921 dierum
1475 1885 1634 1933 f'ei‘ctvgi'cg
1652 1888 1843 1933 tranquilla
1867 1889 1999 1934 alioqui
2024 1890 2158 1930 cixitas,
2185 1891 2242 1923 ni-

1252 1938 1301 1972 llil
1325 1952 1396 1972 non
1422 1940 1502 1971 niali
1535 1939 1577 1971 ab
1606 1938 1739 1971 urbana
1767 1939 1994 1973 multitudiue
2027 1941 2242 1985 pertulisset·

1252 1992 1393 2033 Quanto
1413 1990 1584 2023 atrociora
1604 2001 1740 2022 necesse
1755 1990 1821 2023 snit
1837 1991 2010 2030 accidere,
2038 1992 2082 2024 ab
2099 1992 2242 2026 armatis

1253 2049 1283 2075 vt
1313 2042 1528 2074 xirtoribns?
1565 2038 1625 2074 Est
1651 2040 1744 2073 enirn
1769 2040 1990 2074 verissimum
2009 2042 2117 2081 illud,
2145 2044 2239 2088 quod

1251 2093 1342 2137 apud
1368 2091 1573 2136 Euripidem
1600 2090 1673 2125 Rex
1700 2091 1874 2135 quispiam
1897 2093 1999 2133 dicit,
2039 2094 2137 2127 nollo
2169 2106 2239 2127 uon

1253 2144 1415 2175 incendio
1433 2156 1503 2175 §.ies
1516 2143 1622 2175 iorem
1641 2139 1827 2185 ἀναρχίαν
1843 2144 2012 2176 excutias
2030 2157 2111 2179 esse.
2148 2143 2239 2178 <Nus-

1251 2207 1354 2238 quam
1374 2194 1571 2227 andivimus
1589 2201 1645 2226 ant
1664 2193 1809 2235 legimus
1829 2194 1863 2225 in
1882 2194 1951 2226 nlla
1970 2195 2109 2229 risitate
2131 2203 2241 2240 capta,

1253 2253 1381 2278 ‹antain
1410 2245 1585 2278 licentiam
1610 2244 1781 2276 exercitus
1806 2245 1950 2278 victoris
1972 2246 2094 2285 fnisse,
2129 2253 2163 2279 ut
2191 2254 2239 2281 tot

1264 2297 1373 2329 !i‹·l›us
1399 2297 1507 2329 nullis
1535 2294 1798 2338 Magistratibus
1823 2304 1999 2338 regeretur
2031 2305 2088 2332 ant
2113 2295 2238 2331 rolier-

1251 2356 1397 2382 teretur.

1357 2399 1564 2441 ,Xer-‘pimus
1578 2404 1606 2429 et
1626 2405 1702 2429 ante
1724 2396 1871 2430 lioniam
1890 2405 2024 2441 captam
2047 2411 2137 2438 esse,
2168 2399 2238 2443 pri-

1251 2463 1308 2483 mu
1327 2465 1344 2481 ιι
1365 2465 1380 2482 a
1403 2450 1536 2486 (tatis,
1563 2449 1781 2492 deindepost
1804 2449 1911 2481 inulta
1931 2449 2044 2481 serni-n
2073 2464 2089 2483 a
2110 2451 2238 2486 (iottis.

1252 2501 1267 2531 Χ
1284 2514 1399 2537 ιϊιιιιι,
1430 2501 1539 2533 inulto
1567 2500 1706 2540 graxins
1737 2497 1800 2531 linc
1824 2509 1976 2542 tempore
1995 2501 2120 2534 afflicta
2142 2500 2238 2533 vide·

1250 2559 1315 2585 tur.
1371 2552 1465 2584 (is-lli
1499 2550 1591 2583 enini
1625 2558 1759 2582 tantuin
1796 2551 1830 2582 in
1862 2551 2015 2584 desertas
2039 2554 2140 2584 aedes
2164 2565 2238 2585 sar-

1249 2605 1397 2636 xiernnt.
1431 2603 1489 2635 (lix
1500 2614 1533 2634 es
1552 2602 1677 2645 panim
1699 2602 1732 2633 in
1750 2601 1953 2643 capitolium
1974 2614 2009 2633 se
2027 2610 2240 2647 reru-perant,

1248 2655 1371 2698 partini
1401 2654 1505 2686 Veios
1530 2655 1776 2697 profugerant,
1809 2653 1932 2685 intenti
1959 2653 1993 2684 in
2019 2655 2236 2688 occasionem

1246 2706 1292 2738 rei
1321 2707 1406 2738 liene
1431 2706 1611 2747 gerendae.
1668 2703 1745 2737 Nun
1769 2715 1880 2736 arcein
1902 2704 2002 2743 urbs,
2028 2717 2097 2738 non
2125 2705 2239 2749 inipe-

2329 821 2338 973 ..-—--—.—
2334 788 2338 809 —
2334 740 2338 754 ..
2335 709 2338 726 ..
