2338 2958
73 127 150 166 529

554 121 715 159 DECL.
768 121 841 159 DE
876 121 1278 159 IMPERATORE
1313 121 1560 159 OTTONE
1595 123 1622 160 1.

2033 127 2106 163 530

75 219 298 258 nequaquam
315 205 400 242 haec
414 206 576 242 Romana
593 214 627 242 et
649 209 829 243 barbarica
851 209 1001 243 servitus
1026 208 1063 241 in
1087 208 1090 228 '
1117 207 1292 251 imperiis,
1320 220 1399 241 cum
1423 209 1518 242 nulla
1538 209 1575 242 in
1594 222 1631 243 re
1648 211 1725 254 plus
1746 211 1855 254 possit
1877 223 1948 245 esse
1965 213 2105 247 virtutis

69 261 225 297 Ecclesia
243 259 424 293 toleranda
441 265 539 298 esset,
563 271 652 304 quae
668 267 760 293 vetat
776 260 928 294 discerni
946 271 1062 292 veram
1086 263 1087 291 ἰ
1113 265 1146 291 et
1172 258 1325 300 gloriae,
1363 272 1469 304 quam
1498 268 1545 292 est
1584 261 1620 292 in
1649 263 1807 294 ornanda
1835 269 1868 295 et
1895 263 2103 298 illustranda

71 311 270 348 doctrinam
303 310 348 343 ab
382 310 602 350 adulterina,
633 322 721 355 quae
754 311 907 344 nefarios
934 311 1062 344 abusus

68 361 271 401 confirmat,
304 372 394 405 quae
423 372 559 394 summa
586 361 775 395 acerbitate
807 361 1059 406 suppliciorum

68 412 228 447 defendit
262 411 520 445 invocationem
555 419 774 453 sanctorum,
807 409 1059 456 prophanatio-

66 475 147 497 nem
169 473 296 496 coenae
316 462 532 503 dominicae,
564 463 840 496 nundinationes
863 464 1060 502 missarum,

64 513 226 558 impuros
249 512 441 547 coelibatus
467 519 501 546 et
523 513 688 558 pleraque
709 514 777 546 alia
793 513 921 546 scelera
940 512 1059 556 ponti-

63 564 167 598 ficum
179 590 188 603 ,
214 563 344 608 quibus
360 575 395 596 se
412 563 587 607 principes
603 563 714 597 nostri
732 570 913 607 tantopere
929 564 1057 596 adiun—

64 621 152 659 gunt
170 611 236 647 hoc
252 621 426 658 tempore,
453 614 492 647 ut
508 615 696 647 sententias
713 621 745 647 et
761 615 918 656 linguam
936 614 977 646 iis
994 615 1057 646 ad-

63 665 179 699 dicere
202 677 275 698 non
301 671 504 705 vereantur,
530 664 657 703 nescii,
684 666 778 709 quod
810 665 1052 708 turpissimum

62 715 131 750 sibi
156 716 220 754 sit,
251 722 349 749 tanto
376 714 543 748 assentari
562 715 816 758 depeculatori‚
852 716 912 761 qui
936 715 1000 748 etsi
1018 716 1055 748 in

61 766 299 811 possessiones
316 766 472 809 ipsorum
489 773 607 808 aperta
630 765 664 797 vi
684 777 756 798 non
775 766 910 805 veniat,
937 773 1055 799 tamen

61 817 247 850 fraudibus
271 816 467 849 innumeris
485 827 631 849 suorum
649 816 913 850 coniuratorum
932 817 981 851 ita
998 829 1053 850 re—

61 867 152 901 tinet
172 878 231 900 eos
253 867 528 906 circumventos,
562 873 602 900 ut
628 874 661 900 et
686 868 904 911 principibus
928 879 1052 911 parum

61 917 190 962 reliqui
216 917 278 958 sit,
303 917 333 950 si
357 917 509 950 subditis
531 917 745 961 stipendium
775 919 991 952 remiserint:
1020 925 1053 952 et

59 967 211 1002 subditis
234 967 333 1001 domi
355 967 426 1000 fere
451 965 543 1000 nihil
567 968 630 1008 sit,
657 981 726 1013 quo
753 970 901 1002 tolerare
925 970 1052 1002 famem

58 1018 211 1063 possint,
251 1018 280 1051 si
302 1019 547 1062 dependerint.
600 1018 704 1052 Unde
727 1020 897 1064 consequi
924 1020 1053 1052 deinde

58 1068 234 1113 oportuit,
261 1070 356 1114 quod
373 1069 539 1102 omnibus
557 1076 716 1113 apertum
734 1077 801 1110 est,
827 1077 886 1110 ut,
912 1077 1050 1114 postea-

58 1131 163 1165 quam
180 1130 294 1162 reges,
323 1119 510 1163 principes,
535 1119 626 1152 cives
647 1121 793 1163 pecunia
812 1121 858 1153 ita
876 1121 1051 1165 despolia—

58 1170 147 1203 verit
173 1167 257 1203 haec
279 1168 442 1203 Romana
468 1169 591 1210 factio,
618 1182 756 1204 necesse
780 1171 824 1205 sit
848 1172 929 1204 illos
947 1172 1050 1204 vicis-

58 1220 135 1261 sim,
162 1220 234 1253 sive
251 1220 400 1265 pessimo
422 1221 580 1264 exemplo
604 1221 736 1261 induci,
763 1222 835 1255 sive
848 1222 1050 1255 necessitate

57 1271 134 1314 cogi
151 1271 248 1315 (licet
261 1283 335 1304 non
351 1271 393 1303 sit
410 1283 490 1304 vera
509 1269 716 1317 necessitas)
734 1272 776 1305 ad
794 1273 982 1305 auferenda
1002 1284 1051 1313 ea,

57 1333 147 1367 quae
161 1328 241 1354 sunt
259 1319 448 1355 Ecclesiae.

159 1371 295 1409 Taceo,
329 1372 424 1416 quod
458 1383 680 1417 nequaquam
709 1373 813 1406 etiam
845 1373 914 1406 iam
947 1373 1050 1406 annis

57 1421 197 1455 circiter
220 1421 389 1454 sexcentis
413 1419 498 1454 haec
514 1421 676 1456 Romana
703 1423 863 1467 tyrannis
882 1424 972 1456 bella
993 1424 1048 1456 in-

57 1471 194 1506 tulisset
213 1471 343 1516 pacatis
366 1471 523 1515 populis:
558 1478 591 1505 et
616 1472 708 1504 inter
734 1473 891 1506 civitates
910 1472 1050 1506 Princi-

55 1533 186 1568 pesque
201 1522 395 1555 dIscordias
409 1522 583 1562 saevisset,
610 1535 723 1567 neque
740 1520 806 1555 hoc
822 1530 943 1557 nostro
960 1531 1049 1556 tem-

56 1584 143 1617 pore
166 1573 299 1618 ubique
323 1579 504 1616 tantopere
529 1573 692 1606 arderent
714 1573 815 1616 impii
841 1580 873 1607 et
890 1574 1048 1606 scelerati

56 1622 238 1668 Principes
256 1623 293 1655 in
312 1623 460 1656 delenda
483 1623 644 1656 funditus
664 1621 873 1667 Germania,
902 1631 1048 1668 propter

53 1671 288 1716 Evangelium
303 1671 454 1713 Christi,
481 1673 509 1705 si
532 1671 678 1707 Ottonis
698 1672 924 1716 Imperatoris
947 1682 1049 1708 auto—

54 1724 139 1758 ritas
161 1725 303 1759 valeret.
357 1722 444 1758 Otto
470 1731 580 1764 certe,
616 1725 710 1769 quod
734 1725 801 1757 rivi
820 1725 930 1758 amari
953 1732 1047 1765 sunt,

54 1775 188 1809 fontem
213 1775 399 1808 iudicasset
423 1775 677 1807 obstruendum
704 1787 794 1813 esse,
833 1777 928 1820 quod
958 1776 1045 1807 rami

55 1832 138 1859 suut
154 1825 342 1865 immundi,
362 1837 379 1858 e
397 1825 513 1858 radice
529 1825 755 1858 intellexisset
771 1826 897 1858 vitium
916 1825 1047 1866 venire,

55 1876 151 1921 quod
171 1886 281 1908 massa
299 1882 414 1908 sancta
438 1887 509 1907 non
528 1882 594 1915 est,
621 1876 870 1908 delibationem
894 1882 1047 1920 putasset

56 1927 332 1959 abominandam
358 1938 445 1959 esse:
487 1933 538 1965 et,
565 1933 603 1958 ut
624 1926 729 1958 semel
749 1926 881 1967 dicam,
907 1926 1047 1960 Princi-

55 1983 176 2021 patum
200 1977 376 2020 potentiae
400 1977 532 2021 papalis
564 1988 636 2008 non
661 1988 699 2008 ex
717 1975 806 2016 Deo,
828 1978 886 2009 sed
905 1989 943 2010 ex
959 1976 1045 2010 Dia-

56 2027 138 2061 bolo
159 2027 332 2070 originem
357 2025 486 2060 habere
512 2027 716 2067 iudicasset,
747 2028 840 2071 quod
867 2034 1044 2061 tantorum

56 2077 244 2118 scelerum,
287 2085 536 2123 tantorumque
562 2077 678 2110 omnis
710 2078 845 2119 generis
871 2078 1043 2110 malorum

56 2135 211 2162 cerneret
229 2140 367 2162 causam
386 2140 459 2162 esse
477 2131 512 2161 in
536 2128 721 2165 pontifice,
751 2129 899 2171 superbe
916 2135 948 2162 et
965 2141 1045 2162 cru-

57 2179 184 2212 deliter
200 2179 405 2223 imperante.
459 2179 602 2223 Quanto
625 2179 751 2211 rectius
777 2178 884 2221 igitur
902 2178 1044 2212 Princi—

57 2239 118 2274 pes
138 2227 266 2263 horum
288 2237 486 2274 temporum
508 2230 615 2263 secuti
642 2229 773 2262 fuerint
792 2227 938 2262 Ottonis
966 2242 1044 2263 sen-

57 2280 223 2318 tentiam,
249 2287 351 2325 atque
372 2278 435 2314 hos
456 2280 744 2325 depopulatores,
772 2279 1043 2322 Magistratuum

56 2330 337 2375 possessionibus
361 2331 498 2374 pulsos,
532 2337 583 2364 tot
607 2331 782 2375 tantisque
806 2331 939 2375 rapinis
962 2343 1044 2375 pro-

57 2379 254 2420 hibuerint,
280 2382 512 2426 dederintque
530 2394 689 2426 operam,
718 2394 761 2414 ne
785 2388 835 2415 tot
858 2380 1045 2416 horrendis

56 2432 230 2466 scandalis
245 2433 491 2465 obscuraretur
508 2433 666 2465 doctrina
683 2430 833 2473 Christi,
862 2434 904 2466 de
921 2434 1044 2466 remis-

57 2482 156 2516 sione
179 2491 421 2526 peccatorum,
461 2490 493 2517 et
521 2483 591 2515 vita
621 2484 786 2516 aeterna?
824 2483 915 2517 Sunt
950 2485 1042 2517 enim

58 2533 204 2567 omnino
238 2534 313 2568 sine
347 2535 508 2573 cerebro,
550 2540 723 2578 quotquot
758 2533 938 2578 Principes
973 2547 1045 2569 esse

59 2583 204 2627 ignavos
227 2585 439 2629 opinantur,
467 2585 527 2630 qui
546 2585 581 2617 iu
606 2584 835 2627 religionibus
856 2586 1045 2619 emendan-

55 2635 114 2667 dis
135 2635 214 2678 plus
236 2647 361 2680 operae
391 2643 530 2670 sumant
555 2646 658 2680 quam
690 2635 728 2669 in
757 2636 1044 2671 administrandis

110 2737 286 2768 Mnaxru.
307 2737 408 2770 Onu.
437 2739 518 2769 Vox„
537 2740 599 2773 XI.

1111 306 1245 342 Christi
1260 308 1429 344 Ecclesia.
1483 310 1615 344 Lucere
1631 312 1724 345 enim
1750 323 1787 345 ea
1805 313 1841 345 iu
1867 325 1903 346 re
1923 314 2103 347 fortitudi-

1110 371 1190 392 nem
1220 366 1252 393 et
1281 359 1562 403 magnitudinem
1588 362 1696 394 animi
1723 362 1929 407 Principum
1954 365 2102 399 omnino

1109 421 1247 443 necesse
1271 417 1338 449 est,
1367 411 1461 455 quod
1486 411 1561 443 sine
1584 412 1746 446 maximis
1768 414 1934 457 periculis
1957 421 1992 448 et
2023 416 2102 459 plu—

1108 460 1279 493 rimorum
1296 461 1388 493 odiis
1406 468 1562 504 receptae
1578 463 1765 505 religiones
1781 465 1880 498 nullo
1896 466 2002 498 modo
2021 478 2102 499 mu-

1107 517 1238 546 tentur.
1300 510 1369 545 Sed
1397 511 1483 556 quid
1511 512 1635 546 attinet
1663 514 1705 546 de
1733 511 1798 547 hac
1824 527 1861 548 re
1889 527 2102 561 magnopere

1107 563 1332 602 contendere,
1360 575 1463 607 quam
1482 575 1586 595 nemo
1606 570 1719 606 negat,
1747 565 1814 597 nisi
1833 566 1910 609 quis
1925 566 2101 600 Constan-

1106 611 1234 653 tinum,
1261 611 1445 653 Davidem,
1471 613 1711 655 Salomonem,
1735 613 1934 657 Ezechiam,
1963 616 2100 657 losiam,

1105 663 1227 697 fecerit
1248 664 1412 707 ignavos,
1443 666 1537 709 quod
1560 665 1729 698 acerrime
1757 666 2014 712 fortissimeque
2035 680 2097 711 pro

1104 712 1259 747 Ecclesia
1278 715 1531 758 pugnaverint,
1558 727 1647 760 quos
1661 727 1730 749 una
1750 728 1828 749 cum
1849 715 1984 750 Ottone
2002 725 2096 751 vete-

1103 764 1202 797 ribus
1234 765 1338 798 etiam
1366 765 1537 800 Romanis
1566 766 1670 808 longe
1700 766 1818 800 iudico
1850 769 2096 811 praeferendos

1104 827 1194 855 esse,
1222 817 1282 860 qui
1309 823 1392 849 sunt
1417 815 1580 857 Camilli,
1607 816 1724 857 Decii,
1751 816 1954 861 Scipiones,
1983 819 2095 852 Fabii.

1103 863 1179 899 Etsi
1197 867 1290 899 enim
1305 866 1404 900 Decii
1423 874 1535 901 morte
1554 879 1614 900 sua
1631 879 1750 912 pacem
1769 866 1924 901 Deorum
1951 870 2095 903 immor-

1101 917 1225 950 talium
1249 918 1421 950 redimere
1444 930 1515 951 non
1538 919 1797 959 dubitaverint,
1823 918 1993 953 Camillus
2011 933 2094 954 vero

1101 973 1197 1000 tanta
1215 968 1346 1000 virtute
1364 980 1428 1012 pro
1443 969 1553 1002 salute
1571 969 1701 1012 patriae
1719 969 1957 1010 dimicaverit,
1984 979 2022 1005 ut
2041 984 2093 1004 se-

1100 1017 1382 1052 cundusRomae
1399 1020 1561 1053 conditor
1576 1020 1620 1053 sit
1635 1019 1846 1063 appellatus:
1874 1028 1989 1053 tamen
2011 1022 2094 1054 illu-

1100 1068 1262 1101 striorem
1289 1069 1433 1114 reliquit
1449 1070 1493 1103 de
1517 1082 1553 1102 se
1571 1070 1730 1110 virtutis,
1757 1076 1789 1103 et
1809 1070 1954 1103 bellicae
1980 1072 2093 1106 laudis

1099 1119 1325 1162 opinionem,
1355 1118 1464 1159 Otto,
1493 1121 1587 1166 quod
1614 1133 1685 1153 non
1704 1127 1839 1154 tantum
1867 1122 2032 1165 patriam,
2059 1130 2092 1155 et

1098 1168 1302 1203 Romanum
1333 1170 1542 1214 imperium,
1583 1172 1641 1204 sed
1672 1169 1863 1204 Ecclesiam
1895 1179 1930 1205 et
1959 1169 2092 1207 Christi

1099 1220 1247 1262 gloriam
1266 1220 1392 1253 acriter
1409 1222 1697 1264 propugnaverit,
1725 1234 1788 1255 nec
1805 1223 1954 1255 eundem
1972 1235 2090 1256 casum

1097 1271 1206 1308 ferre,
1240 1277 1300 1304 aut
1326 1283 1389 1313 pro
1413 1269 1570 1304 Ecclesia
1594 1272 1683 1304 mori
1705 1280 1914 1314 recusasset,
1950 1273 1978 1305 si
2005 1275 2089 1318 quid

1097 1333 1160 1364 per
1175 1320 1246 1352 vim
1269 1322 1460 1355 accidisset.
1516 1321 1785 1355 Decertantibus
1802 1323 1894 1355 enim
1922 1335 1984 1366 pro
2007 1325 2090 1357 reli-

1097 1371 1200 1413 gione
1217 1383 1288 1403 non
1307 1383 1385 1404 cum
1402 1379 1536 1405 armato
1555 1370 1653 1405 hoste
1671 1370 1819 1413 tantum,
1839 1375 1897 1406 sed
1914 1386 1992 1407 cum
2010 1387 2089 1418 per-

1098 1422 1211 1465 petuis
1240 1423 1518 1456 devastatoribus
1544 1421 1720 1456 Ecclesiae
1751 1421 1913 1457 Diabolis
1941 1436 1996 1458 res
2026 1433 2088 1467 est,

1097 1483 1247 1515 quorum
1275 1472 1410 1505 viribus
1426 1485 1526 1516 pares
1541 1481 1632 1506 certe
1652 1474 1743 1506 nulli
1762 1473 1993 1518 Imperatores
2013 1477 2087 1509 sine

1095 1521 1218 1554 divino
1238 1522 1371 1554 auxilio
1388 1534 1460 1555 esse
1479 1536 1635 1568 unquam
1656 1531 1860 1567 potuerunt.
1911 1524 2088 1560 Ecclesiae

1095 1572 1198 1605 etiam
1215 1572 1386 1606 autoritas
1408 1574 1572 1606 anteferri
1590 1575 1748 1606 omnium
1773 1576 1905 1618 patriae
1923 1589 1963 1609 eo
1981 1578 2087 1610 debe-

1096 1623 1165 1660 bit,
1193 1623 1306 1667 quod,
1335 1635 1414 1656 cnm
1434 1622 1594 1657 Christus
1611 1631 1643 1658 et
1661 1622 1816 1657 Ecclesia
1832 1638 1942 1660 unum
1961 1640 2086 1672 corpus

1095 1674 1183 1712 sint,
1210 1674 1375 1707 omnibus
1391 1675 1547 1707 studium
1569 1676 1815 1719 propugnandi
1836 1674 2025 1711 Ecclesiam
2049 1679 2085 1711 in

1094 1724 1212 1767 priore
1245 1724 1360 1756 tabula
1386 1725 1430 1758 sit
1455 1726 1677 1759 mandatum:
1711 1726 1843 1769 patriae
1865 1740 1946 1761 vero
1963 1729 2085 1762 desen—

1095 1775 1146 1806 sio
1164 1786 1284 1806 eorum
1303 1786 1451 1807 numero
1475 1773 1664 1817 habeatur,
1691 1789 1777 1821 quae
1802 1779 2006 1820 posterioris
2034 1787 2084 1813 ta—

1095 1824 1198 1857 bulae
1223 1835 1294 1857 esse
1321 1825 1499 1859 dicuntur.
1562 1826 1691 1859 Merito
1715 1827 1832 1872 itaque
1853 1830 1944 1872 apud
1976 1828 2083 1863 Otto—

1095 1887 1175 1907 nem
1199 1875 1309 1907 valuit
1331 1877 1500 1909 autoritas
1523 1875 1717 1917 Ecclesiae,
1751 1885 1790 1911 ut
1814 1890 1915 1912 verae
1940 1881 2082 1923 patriae.

1094 1925 1141 1959 Et
1168 1925 1253 1970 quid
1283 1924 1409 1958 Ottoni
1439 1928 1547 1970 magis
1582 1927 1703 1961 fuisset
1732 1929 1945 1971 gloriosum,
1977 1943 2080 1976 quam

1094 1977 1260 2009 omnibus
1276 1977 1328 2008 sui
1347 1976 1486 2019 imperii
1507 1979 1624 2011 nervis
1643 1978 1731 2011 tueri
1750 1980 1949 2014 venerabile
1966 1982 2083 2015 conci-

1094 2027 1180 2059 lium
1198 2026 1286 2059 illud
1303 2028 1521 2060 credentium
1534 2053 1542 2067 ‚
1570 2030 1625 2061 cui
1642 2037 1776 2072 praeest
1791 2028 1854 2063 Dei
1874 2031 1984 2072 filius,
2005 2033 2082 2066 Do-

1094 2077 1212 2109 minus
1227 2083 1345 2109 noster
1362 2076 1456 2111 Iesus
1472 2077 1644 2119 Christus,
1670 2092 1739 2112 una
1759 2092 1836 2113 cum
1855 2083 2082 2124 praestantis-

1094 2128 1191 2160 simis
1216 2127 1398 2168 Patribus,
1428 2127 1633 2173 ProphetiS,
1662 2129 1860 2174 Apostolis,
1893 2133 2083 2178 multisque

1094 2176 1300 2211 hominibus
1315 2179 1398 2222 piis,
1426 2181 1677 2214 excellentibus
1696 2182 1798 2214 donis
1815 2194 1832 2214 a
1851 2182 1924 2215 Deo
1939 2185 2082 2221 ornatis.

1095 2237 1133 2262 ut
1157 2230 1281 2262 docere
1306 2229 1498 2269 Ecclesias‚
1536 2238 1567 2264 et
1599 2243 1716 2273 regere
1750 2231 1894 2276 imperia
1925 2234 2082 2277 possint?

1094 2279 1199 2313 Hunc
1222 2280 1477 2313 sanctissimum
1504 2288 1638 2315 coetum
1657 2282 1772 2315 decuit
1797 2284 1956 2316 venerari
1975 2282 2081 2318 Otto-

1094 2343 1195 2369 nem,
1222 2331 1427 2376 decebitque
1450 2345 1588 2371 ornnes,
1615 2339 1787 2377 quotquot
1805 2345 1844 2366 ex
1870 2331 1933 2367 hac
1955 2335 2079 2369 misera

1094 2383 1163 2415 vita
1193 2382 1228 2413 in
1253 2388 1434 2414 aeternum
1463 2381 1594 2416 Christi
1621 2394 1765 2426 regnum
1790 2384 1949 2428 cupimus
1968 2392 2082 2419 trans-

1094 2433 1188 2468 ferri.
1242 2431 1334 2467 Dixi.
1384 2457 1388 2462 .
