2338 2958
194 121 270 157 987

297 205 375 241 Etsi
393 217 513 240 verum
531 211 591 245 est,
617 202 702 238 baec
719 204 795 248 pios
812 204 964 239 libenter
980 205 1111 246 facere,
1137 212 1191 240 ta-

197 271 276 293 men
296 266 327 292 et
343 257 453 290 malos
472 264 504 289 et
527 257 657 294 bonos,
685 267 773 300 opus
799 263 850 290 est
871 257 1036 290 mandato
1063 257 1190 300 urgeri.

198 309 332 350 Malos,
359 320 402 341 ne
426 313 549 351 putent
575 303 665 338 nihil
691 306 830 339 sceleris
854 313 887 339 et
910 306 1100 351 impietatis
1119 318 1191 340 esse

197 361 234 393 iu
254 358 414 403 ignavia,
441 364 473 390 et
497 357 800 400 praetermissione
818 357 936 391 officii.
989 356 1125 398 Bonos,
1152 363 1191 391 ut

194 408 367 444 admoniti
392 409 434 440 de
459 407 684 440 ordinatione
710 415 743 441 et
760 408 943 441 voluntate
958 406 1042 449 Dei,
1069 420 1190 453 prorn-

195 461 289 505 ptius
304 458 432 491 saciant
448 465 479 491 et
496 457 696 498 ardentius,
722 458 919 503 maiorique
938 459 1047 492 animi
1065 459 1190 492 alacri-

195 518 282 549 tate,
310 509 403 554 quod
431 508 630 551 intelligant
646 507 722 542 Deo
739 515 875 552 gratum
895 520 984 550 esse,
1013 522 1091 543 cum
1113 510 1190 542 ani-

195 561 422 593 madvertunt
458 559 696 592 necessitatem
736 560 894 593 mandati
929 567 962 593 et
997 560 1190 593 voluntatis

195 609 272 644 Dei.
326 609 378 643 Ac
402 609 519 642 videte
545 609 746 653 superbiam
772 607 916 643 humani
936 611 1062 643 cordis.
1113 610 1190 644 Nisi

194 661 290 694 enim
312 657 474 693 homines
495 657 669 704 prophani
689 661 880 703 cogitarent
903 673 938 693 se
961 661 1036 694 sine
1058 661 1190 694 auxilio

195 711 318 745 divino
344 722 444 754 posse
467 721 521 743 res
545 721 624 743 suas
640 711 836 753 gubernare
851 718 884 745 et
906 712 1089 755 perficere,
1117 723 1189 744 non

194 763 241 795 ita
258 762 367 794 securi
387 767 520 801 essent,
545 767 577 793 et
594 761 775 794 ardentius
798 768 955 805 peterent
972 774 991 795 a
1006 762 1081 796 Deo
1105 774 1190 795 con-

194 812 272 845 silia
292 819 325 845 et
340 822 527 845 successus.
582 810 649 844 Sed
668 811 750 856 quia
770 813 974 853 confidunt,
999 824 1034 846 se
1051 824 1112 846 sua
1136 824 1191 845 sa-

194 862 328 907 pientia
350 869 382 895 et
411 862 553 894 fortuna
579 861 613 894 id
644 862 828 895 effecturos
858 864 952 907 quod
986 863 1190 903 instituunt,

195 919 321 957 putant
367 912 692 956 superstitiosorum
738 920 797 947 aut
844 914 1053 947 miserorum
1101 925 1192 955 esse,

194 975 213 997 a
230 962 305 997 Deo
323 969 439 1006 petere
457 963 648 1000 auxilium,
677 963 768 997 sicut
784 961 873 997 Aiax
891 964 996 998 dixit:
1024 964 1190 998 Aliorum

195 1025 268 1047 esse
291 1013 430 1046 vincere
454 1012 527 1046 Deo
552 1013 716 1052 iuvante,
744 1025 779 1046 se
801 1022 917 1049 autem
943 1016 1020 1049 sine
1036 1014 1112 1049 Deo
1136 1026 1191 1049 res

195 1075 339 1107 magnas
359 1074 484 1105 genere
502 1075 614 1107 posse.
665 1063 734 1098 Sed
754 1065 899 1098 miseros
916 1063 980 1099 hos
997 1067 1090 1110 ipsos
1108 1077 1191 1104 esse,

196 1114 300 1147 etiam
321 1111 466 1147 Ethnici
483 1113 698 1149 iudicarunt.
755 1114 876 1159 Itaque
892 1123 925 1149 et
942 1115 1120 1149 Homerus
1135 1116 1193 1148 in-

196 1164 290 1209 quit:

280 1218 427 1257 εὔχεσθαι
451 1218 560 1255 πάντες
582 1229 614 1249 τε
639 1220 716 1248 θεοῦ
737 1218 900 1257 χατέουσιν
922 1218 1097 1259 ἅνθρωποι.

196 1281 250 1315 Sit
274 1281 381 1323 igitur
404 1277 489 1313 haec
511 1280 625 1324 prima
650 1291 769 1319 causa,
803 1287 842 1313 ut
867 1292 947 1313 cum
971 1282 1009 1314 in
1027 1282 1192 1316 universa

196 1331 397 1365 obedientia
423 1331 625 1364 studeamus
642 1329 717 1363 Deo
742 1331 1002 1365 observantiam
1019 1339 1051 1366 et
1077 1333 1192 1366 officia

195 1389 315 1415 nostra
343 1381 539 1421 declarare,
574 1387 648 1414 tum
680 1392 763 1414 vero
788 1381 952 1426 inprimis
979 1383 1016 1415 in
1048 1383 1192 1417 invoca-

196 1433 309 1472 tione,
336 1443 425 1477 quae
445 1431 539 1465 inter
557 1431 762 1475 praecipuos
778 1432 892 1465 cultus
907 1445 1009 1477 saepe
1026 1446 1193 1468 numera-

196 1491 274 1522 tur,
301 1489 340 1516 ut
356 1493 422 1515 nos
438 1482 474 1515 in
493 1480 650 1516 Ecclesia
669 1482 757 1515 scire
774 1494 912 1516 necesse
930 1490 992 1518 est.

297 1549 349 1583 Ne
365 1556 466 1594 putes
482 1549 589 1593 igitur
605 1549 757 1583 liberum
775 1562 857 1591 esse,
881 1558 999 1585 utrum
1018 1558 1095 1585 tuas
1114 1563 1193 1595 pre-

197 1612 253 1634 ces
269 1607 342 1635 toto
359 1607 496 1645 pectore
512 1600 639 1633 fundas
655 1601 696 1633 ad
714 1600 839 1642 Deum,
867 1613 931 1635 nec
945 1614 1002 1640 ne,
1029 1602 1088 1634 sed
1104 1602 1192 1635 scias

198 1660 231 1685 te
268 1651 560 1684 contumeliosum
587 1657 621 1683 et
655 1658 898 1684 contumacem
925 1664 999 1685 esse
1026 1653 1192 1685 adversus

197 1701 332 1741 Deum,
357 1708 389 1735 te
408 1712 598 1744 provocare
615 1701 702 1733 iram
723 1702 804 1742 Dei,
830 1709 863 1735 te
881 1714 1054 1735 accersere
1070 1714 1192 1745 graves

197 1762 347 1797 poenas,
375 1751 588 1784 calamitates
614 1751 773 1794 publicas
796 1759 828 1786 et
853 1753 1006 1796 privatas
1029 1753 1113 1791 tibi,
1139 1754 1192 1786 sa-

198 1802 318 1835 miliae
343 1809 440 1842 tuae,
476 1809 510 1835 et
530 1802 696 1835 omnibus
719 1803 779 1848 qui
803 1803 867 1836 tibi
893 1804 1073 1837 coniuncti
1100 1811 1191 1844 sunt,

199 1853 226 1886 si
247 1850 337 1885 nihil
359 1858 419 1885 aut
441 1852 592 1894 segniter
608 1863 697 1887 ores.
749 1852 816 1885 llic
838 1854 945 1896 igitur
962 1854 1113 1886 debebat
1133 1866 1190 1886 co-

199 1903 332 1946 piosius
346 1903 415 1936 dici
439 1903 481 1935 de
505 1902 555 1935 ira
574 1901 658 1940 Dei,
686 1909 719 1935 et
737 1904 779 1936 de
803 1904 925 1946 poenis
941 1903 1191 1937 comitantibus

200 1952 291 1987 lianc
320 1953 540 1986 securitatem
574 1959 607 1986 et
639 1954 908 1996 negligentiam,
940 1966 1030 1998 quae
1057 1954 1189 1988 etiamsi

200 2011 282 2037 sunt
297 2015 501 2037 communes
517 2003 701 2037 violationi
722 2005 939 2047 singularum
957 2005 1085 2048 legum,
1103 2017 1191 2050 quae.

202 2055 238 2087 in
256 2054 420 2096 decalogo
456 2062 722 2098 proponuntur,
757 2062 872 2089 tamen
911 2056 963 2088 vel
999 2056 1036 2089 in
1069 2057 1191 2100 primis

200 2105 427 2138 omissionem
447 2101 553 2138 liuius
570 2106 684 2138 cultus
703 2113 910 2151 sequuntur.
959 2106 1027 2140 Sed
1054 2114 1092 2141 ut
1113 2108 1190 2140 bre-

201 2156 280 2188 vior
304 2156 388 2196 sim,
422 2162 558 2188 transeo
583 2157 625 2189 ad
652 2158 841 2190 secundam
868 2157 1060 2198 rationem,
1087 2170 1191 2202 quam

200 2206 270 2239 dixi
294 2206 398 2238 etiam
416 2207 706 2239 considerandam
731 2219 820 2247 esse,
848 2215 885 2242 ut
904 2210 1136 2242 accendamus
1156 2210 1190 2242 in

200 2256 304 2290 nobis
321 2256 475 2289 studium
493 2257 698 2300 diligentius
715 2260 893 2302 precandi.

304 2321 379 2356 Etsi
407 2323 512 2366 igitur
528 2324 667 2357 nullum
692 2325 825 2357 fulmen
841 2327 990 2360 debebat
1009 2339 1073 2361 nos
1089 2323 1192 2360 velie-

201 2374 354 2407 mentius
372 2386 609 2415 commovere,
636 2381 673 2408 ut
697 2386 834 2408 summo
859 2377 977 2410 studio
997 2378 1192 2411 tribuamus

201 2423 268 2458 liuc
290 2425 389 2469 quasi
415 2425 467 2457 ius
484 2423 577 2465 Deo,
605 2433 643 2459 ut
667 2433 885 2469 expectemus
909 2435 942 2461 et
967 2436 1125 2472 petamus
1149 2429 1192 2460 ab

202 2488 242 2507 eo
268 2475 436 2508 auxilium
461 2483 491 2508 et
517 2476 761 2509 liberationem
789 2478 823 2509 in
851 2479 980 2511 nostris
1003 2479 1193 2518 aerumnis,

201 2538 305 2570 quam
330 2526 536 2558 mandatum
559 2535 589 2560 et
617 2528 779 2562 voluntas
804 2527 879 2564 Dei.
933 2529 1068 2563 Tamen
1091 2530 1192 2563 «lebet

200 2585 233 2609 et
262 2589 325 2609 nos
354 2576 503 2609 invitare.
532 2574 613 2609 haec
643 2580 750 2616 ratio,
788 2581 881 2624 quod
910 2587 1047 2614 nostrae
1076 2592 1193 2624 preces

202 2639 385 2671 nunquam
401 2634 483 2660 sunt
501 2628 642 2660 inutiles
660 2637 716 2662 aut
740 2630 876 2671 irritae,
903 2631 961 2663 sed
978 2643 1113 2675 semper
1129 2632 1193 2664 ali-

204 2678 288 2723 quid
311 2679 499 2722 impetrant
523 2691 541 2712 a
559 2677 652 2718 Deo,
681 2691 816 2725 semper
839 2682 1094 2722 exaudiuntur,
1121 2682 1194 2715 sive

856 116 1016 155 DECL.
1047 117 1123 156 DE
1156 117 1554 157 PRECATIONE.

2158 127 2233 163 988

1241 205 1357 239 statim
1376 206 1557 250 contingat
1574 213 1719 241 eventus
1735 219 1798 252 pro
1815 210 1944 244 nostris
1961 210 2063 252 votis,
2083 211 2157 245 sive
2176 212 2235 246 in-

1243 258 1402 297 terdum,
1437 264 1475 290 ut
1500 258 1586 290 solet
1611 257 1723 299 Deus,
1758 271 1916 294 exercere
1940 268 2095 295 nostram
2118 263 2234 302 fidem,

1241 307 1426 340 differatur
1443 307 1476 340 id
1496 309 1589 353 quod
1607 309 1768 353 petimus.

1341 374 1413 408 Nec
1438 374 1585 408 dubium
1611 382 1661 409 est
1692 383 1825 410 mentes
1848 373 2051 422 prophanas
2082 390 2181 423 saepe
2201 385 2235 413 et

1240 425 1318 457 ideo
1338 425 1437 469 quasi
1457 426 1654 459 cessatrices
1672 438 1743 460 esse
1760 427 1797 460 in
1815 425 1881 461 hoc
1900 428 2014 461 officio
2027 455 2037 469 ,
2061 431 2156 474 quod
2174 441 2235 462 co-

1243 475 1353 518 gitant
1374 476 1513 509 inanem
1532 477 1690 510 laborem
1710 478 1800 511 sumi
1819 480 2012 521 precando,
2039 491 2116 512 cum
2133 491 2234 524 saepe
2282 495 2287 497 -

1241 538 1312 560 uon
1331 529 1567 570 respondeant
1585 534 1729 561 eventus
1747 529 1850 561 votis.

1342 591 1454 636 Saepe
1485 592 1588 625 etiam
1614 593 1781 627 dubitant
1805 600 1956 631 mentes,
1993 600 2112 627 utrum
2140 593 2236 628 Deus

1241 643 1404 676 exaudiat
1427 654 1510 683 nos,
1545 643 1599 675 vel
1624 643 1706 687 quia
1728 643 1910 687 disputant
1935 645 1977 676 de
2002 645 2236 688 providentia,

1242 693 1296 726 vel
1315 693 1394 737 quia
1411 699 1587 726 terrentur
1603 701 1792 739 conspectu
1816 706 1898 728 suae
1915 694 2154 738 indignitatis,
2182 695 2239 728 vel

1241 751 1383 787 propter
1399 743 1485 776 alias
1502 755 1632 779 causaS.

1341 808 1407 843 His
1423 810 1531 853 igitur
1547 811 1650 844 novis
1665 811 1930 855 impedimentis
1951 824 2109 857 opponas
2127 813 2237 846 ratio-

1242 872 1321 894 nem
1345 861 1610 905 promissionis,
1638 869 1671 896 et
1696 863 1792 907 quod
1817 874 2000 908 nunquam
2019 863 2091 897 sint
2114 863 2238 897 inanes

1242 919 1321 945 tuae
1349 924 1465 956 preces
1489 918 1548 945 aut
1582 911 1712 947 irritae.
1772 912 1918 957 Semper
1940 914 2033 947 enim
2059 913 2194 959 aliquid
2217 926 2238 948 a

1241 961 1315 995 Deo
1331 962 1540 1006 impetrant,
1568 974 1632 996 nec
1649 975 1806 1009 unquam
1828 964 2011 1007 patiuntur
2023 991 2032 1005 ‚
2059 971 2099 998 ut
2117 965 2164 998 ita
2181 966 2238 997 di-

1242 1025 1336 1053 cam,
1362 1013 1559 1057 repulsam,
1587 1013 1659 1047 sive
1675 1022 1715 1048 ut
1731 1014 1824 1055 dixi,
1851 1015 1967 1048 statim
1986 1013 2082 1048 Deus
2104 1015 2239 1049 tribuat

1243 1064 1337 1107 quod
1353 1063 1525 1107 petimus,
1550 1064 1624 1098 sive
1640 1064 1795 1108 longiori
1812 1077 1910 1098 mora
1928 1073 2083 1100 exerceat
2100 1077 2178 1100 uos.

1344 1126 1396 1162 Ac
1415 1141 1515 1174 saepe
1531 1142 1586 1163 me
1602 1129 1686 1164 haec
1706 1131 1779 1175 ipsa
1803 1132 1892 1165 ratio
1909 1132 2101 1177 permovit,
2128 1141 2166 1168 ut
2182 1145 2238 1167 re-

1244 1179 1341 1213 iectis
1355 1181 1522 1213 omnibus
1539 1181 1617 1213 aliis
1640 1181 1902 1225 impedimentis
1926 1183 2084 1216 animum
2103 1190 2137 1217 et
2153 1196 2239 1218 ocu-

1245 1230 1296 1264 los
1313 1231 1357 1263 ad
1375 1229 1491 1264 Deum
1508 1231 1716 1272 attollerem,
1740 1243 1848 1277 osque
1863 1233 1906 1265 ad
1924 1234 2137 1276 precandum
2153 1247 2238 1279 ape-

1245 1281 1362 1321 rirem,
1380 1281 1462 1326 quia
1477 1281 1575 1315 venit
1591 1281 1627 1314 in
1644 1289 1798 1316 mentem
1814 1283 2013 1327 promissio,
2037 1295 2126 1328 quae
2142 1297 2238 1318 nun-

1245 1343 1351 1377 quam
1380 1332 1489 1372 fallit,
1523 1332 1659 1366 etiamsi
1689 1344 1744 1366 res
1775 1344 1878 1377 saepe
1903 1333 1974 1367 alio
2000 1340 2159 1378 tempore
2182 1335 2239 1369 vel

1244 1383 1351 1416 modo
1367 1383 1593 1426 contingant,
1621 1395 1726 1429 quam
1747 1395 1812 1417 nos
1826 1384 2104 1429 expectabamus.

1345 1447 1392 1483 Et
1412 1455 1504 1483 certa
1525 1456 1576 1483 est
1598 1456 1633 1484 et
1655 1449 1772 1484 statim
1797 1450 1902 1484 obvia
1926 1451 2127 1495 petentibus
2153 1464 2239 1497 pro-

1244 1500 1363 1534 missio
1381 1500 1510 1544 gratiae
1526 1507 1559 1534 et
1574 1501 1886 1542 reconciliationis,
1912 1501 2002 1536 sicut
2017 1503 2126 1537 multa
2145 1503 2239 1538 dicta

1245 1551 1438 1585 declarant:
1481 1550 1528 1585 Ut
1546 1551 1628 1584 vivo
1645 1563 1727 1596 ego,
1753 1552 1838 1585 nolo
1857 1559 2007 1586 mortem
2034 1554 2239 1599 peccatoris,

1244 1609 1276 1635 et
1294 1601 1425 1635 Paulus
1443 1601 1508 1636 ait:
1538 1601 1621 1635 Ideo
1640 1614 1679 1635 ex
1704 1602 1771 1635 fide
1794 1603 1902 1646 gratis
1919 1610 1956 1636 ut
1976 1603 2074 1638 firma
2093 1605 2136 1638 sit
2153 1617 2238 1649 pro-

1245 1652 1382 1693 missio;
1425 1664 1489 1685 nec
1523 1650 1615 1685 nihil
1646 1650 1715 1686 huc
1751 1653 1900 1696 pertinet
1931 1654 2066 1689 dictum
2096 1654 2238 1689 Basilii:

1242 1699 1362 1747 μόνον
1377 1701 1538 1747 θέλησον
1552 1701 1612 1737 καὶ
1631 1701 1719 1742 θεὸς
1733 1701 1824 1749 πρὸς
1839 1706 1974 1749 παντᾷ.
2022 1707 2116 1739 Snus
2131 1707 2236 1740 etiam

1243 1753 1371 1798 cuique
1388 1753 1526 1786 animus
1543 1754 1640 1788 testis
1657 1761 1725 1795 est,
1751 1766 1786 1787 se
1805 1755 1872 1787 fide
1891 1757 2057 1801 consequi
2076 1757 2239 1791 consola-

1243 1804 1376 1838 tionem
1395 1811 1426 1838 et
1442 1804 1688 1837 liberationem
1706 1816 1723 1838 a
1741 1805 1865 1848 poenis
1885 1807 2050 1846 aeternis,
2075 1813 2107 1839 et
2125 1813 2238 1841 terro-

1244 1855 1342 1886 ribus
1361 1867 1399 1886 ac
1416 1866 1520 1888 sensu
1541 1856 1612 1888 irae
1629 1854 1693 1888 Dei
1714 1856 1882 1888 adversus
1902 1863 2100 1898 peccatum,
2126 1869 2239 1902 quum

1243 1903 1332 1937 serio
1352 1904 1412 1936 illa
1429 1911 1615 1947 petuntur,
1643 1912 1676 1937 et
1692 1905 1819 1937 fiducia
1835 1905 2074 1940 intercessoris
2090 1907 2152 1940 filii
2169 1907 2236 1942 Dei

1215 1958 1217 1988 ἲ
1243 1955 1285 1987 ad
1304 1961 1450 1999 patrem.

1343 2020 1419 2055 Etsi
1443 2029 1560 2056 autem
1586 2029 1624 2056 ut
1647 2034 1749 2067 saepe
1775 2023 1955 2062 audimus,
1984 2024 2238 2061 discernendae

1242 2079 1323 2106 sunt
1347 2073 1390 2105 ab
1413 2070 1477 2106 hac
1494 2073 1728 2117 promissione
1745 2074 1852 2115 aliae,
1880 2087 1969 2119 quae
1991 2087 2044 2108 res
2070 2088 2236 2122 corpora-

1244 2125 1292 2157 les
1316 2124 1487 2158 oss'eruut:
1516 2131 1634 2157 tamen
1658 2131 1691 2158 et
1715 2125 1795 2158 illae
1813 2137 1993 2170 nunquam
2012 2134 2094 2160 sunt
2114 2128 2236 2163 inanes

1243 2182 1302 2209 aut
1320 2175 1449 2210 irritae.
1486 2173 1560 2209 Etsi
1587 2175 1679 2208 enim
1696 2176 1831 2209 nemini
1847 2176 2009 2221 cuiquam
2026 2190 2044 2210 a
2061 2176 2135 2212 Deo
2153 2191 2236 2224 pro·

1244 2226 1364 2260 missio
1389 2227 1515 2259 tradita
1541 2233 1591 2259 est
1615 2227 1844 2267 nominatim,
1872 2228 1914 2260 de
1933 2240 1970 2260 re
1990 2228 2107 2274 aliqua
2128 2231 2236 2273 perti-

1244 2283 1349 2310 nente
1366 2277 1408 2309 ad
1426 2289 1528 2310 usum
1555 2274 1659 2310 huius
1675 2278 1868 2321 corporalis
1886 2277 1995 2317 vitae,
2024 2287 2061 2312 ut
2079 2281 2122 2313 de
2146 2281 2236 2315 libe-

1244 2327 1380 2360 ratione
1398 2341 1437 2360 ex
1458 2329 1600 2366 morbo,
1635 2336 1692 2361 aut
1710 2329 1826 2372 aliqua
1847 2329 1914 2362 alia
1932 2330 2128 2364 calamitate
2146 2344 2236 2377 quae

1244 2391 1308 2411 nos
1327 2391 1421 2411 nunc
1440 2379 1582 2422 premit:
1606 2385 1721 2411 tamen
1740 2386 1874 2413 eertum
1893 2386 1942 2412 est
1963 2387 2098 2414 nostras
2116 2394 2235 2426 preces

1244 2441 1263 2462 a
1280 2428 1354 2462 Deo
1379 2430 1537 2463 exaudiri
1560 2436 1592 2463 et
1617 2431 1770 2463 efficaces
1791 2442 1883 2470 esse,
1909 2431 2044 2464 etiamsi
2071 2433 2235 2467 differtur

1245 2477 1310 2512 hoc
1328 2482 1421 2525 quod
1441 2481 1601 2525 petimus,
1622 2487 1679 2514 aut
1699 2493 1841 2525 prorsus
1859 2493 1931 2514 non
1948 2483 2130 2525 contingit.
2158 2482 2234 2518 Hoc

1245 2531 1338 2563 euim
1355 2544 1475 2564 verum
1493 2538 1552 2571 est,
1580 2532 1606 2564 si
1626 2529 1690 2564 lior.
1708 2544 1780 2564 non
1798 2533 2048 2576 consequimur
2063 2535 2156 2577 quod
2176 2547 2235 2579 pe-

1245 2582 1369 2622 timus,
1405 2583 1500 2615 aliud
1526 2583 1652 2616 melius
1677 2590 1709 2616 et
1735 2583 1966 2626 praestantius
1992 2583 2113 2626 longe,
2140 2583 2235 2619 Deus

1247 2633 1348 2666 nobis
1366 2634 1512 2668 confert.
1574 2633 1653 2667 Non
1675 2634 1799 2667 liberat
1817 2640 1850 2667 te
1869 2631 1963 2666 Deus
1980 2645 2017 2666 ex
2039 2633 2157 2678 inopia
2175 2644 2235 2670 aut

1246 2685 1390 2724 morbo,
1419 2685 1550 2719 interea
1577 2685 1636 2718 dat
1660 2685 1714 2718 vel
1739 2683 1807 2718 alia
1832 2684 1923 2717 bona
1948 2686 2145 2729 corporalia
2170 2687 2233 2721 tibi
