2338 2958
255 122 326 158 271
703 113 863 151 DECL.
914 110 988 149 DE
1018 110 1326 150 PURITATE
1361 114 1710 151 DOCTRINAE
1740 125 1831 154 ETC.
2216 116 2292 154 272

259 205 402 242 iudicia.
461 201 643 236 Postremo
666 204 700 231 et
718 195 895 240 Rempub.
919 194 1039 228 animo
1058 194 1252 236 intueatur,
1300 195 1367 230 No.
1386 195 1447 232 37.
2123 212 2171 231 an.
2195 202 2291 236 1536.

261 257 457 293 consideret
481 255 569 286 duas
597 260 669 282 esse
691 253 804 292 pestes
827 244 1004 280 Ecclesiae
1031 252 1065 279 et
1096 244 1252 289 Reipub.
1303 253 1441 266 Μ
2114 255 2285 269 Μ

261 307 485 355 praecipuas,
515 299 757 346 Tyrannidem
773 295 1057 341 etSophisticen,
1085 298 1143 329 sed
1162 293 1252 329 hanc

261 359 375 394 multo
398 353 636 388 nocentiorem
658 348 877 395 Tyrannide.
930 345 1110 381 Omnibus
1128 347 1253 380 seculis

264 406 462 453 Sophistica
495 400 748 436 contaminavit
777 406 811 433 et
842 397 1025 442 dissipavit
1055 397 1253 441 religiones.

263 458 311 494 Et
333 457 435 490 salsas
460 453 646 498 opiniones
670 457 806 484 secutae
829 455 911 482 sunt
934 448 1124 489 factiones,
1150 448 1254 481 dissi-

265 511 340 549 dia,
373 506 513 542 caedes,
546 503 656 542 bella,
693 501 922 544 imperiorum
952 499 1182 537 mutationes,
1216 499 1253 531 iu

265 559 395 606 quibus
411 553 504 589 nihil
529 553 614 587 mali
633 564 706 586 non
727 552 832 591 inest3
865 550 995 594 spargit
1011 549 1104 582 enim
1119 548 1254 583 Diabo-

265 612 320 644 lus
338 606 519 641 mendacia
533 612 701 649 tanquam
717 602 848 635 semina
860 607 1074 634 caeterarum
1090 601 1256 633 cladium.

266 660 363 704 Quid
383 658 477 704 quod
494 656 631 690 animae
649 653 751 687 etiam
769 653 986 685 dementatae
997 658 1106 684 ruunt
1122 650 1157 683 in
1176 662 1255 693 per—

265 710 419 745 niciem?
457 706 509 742 Ac
527 706 596 739 dici
613 717 683 737 non
699 709 831 748 potest,
859 714 963 747 quam
980 701 1081 734 facile
1095 701 1256 734 saucien-

265 770 324 796 tur
339 765 493 798 mentes,
521 763 649 802 quauta
668 753 854 798 prudentia
872 763 960 796 opus
976 752 1038 792 sit,
1065 763 1110 784 ne
1128 764 1146 785 a
1162 758 1255 784 recto

266 824 370 847 cursu
386 809 616 854 depellantur.
672 804 834 838 Christus
851 804 1008 836 minatur
1024 802 1256 835 atrocissimas

266 873 398 909 poenas
419 859 492 899 his,
524 858 582 903 qui
607 855 836 901 parvulorum
866 860 1001 887 mentes
1027 853 1191 893 laedunt,
1224 859 1253 884 et

267 913 399 959 inquit:
434 909 508 942 Vae
534 907 669 941 homini
691 918 753 951 per
777 917 878 950 quem
897 904 1024 937 accidit
1041 904 1257 937 scandalum.

265 964 361 999 Haec
376 960 523 1007 periculi
540 958 746 1001 magnitudo
763 955 912 988 maxime
924 956 1027 987 debet
1046 966 1109 987 nos
1124 953 1257 987 exusci-

266 1023 357 1053 tare,
388 1019 421 1046 et
446 1022 564 1045 curam
589 1020 712 1042 acuere
733 1006 909 1046 discendi,
943 1013 981 1039 ut
1006 1017 1086 1038 vera
1105 1012 1138 1038 et
1158 1005 1256 1038 utilia

266 1064 441 1100 Ecclesiae
462 1071 718 1105 proponamus;
753 1069 867 1102 neque
888 1056 982 1090 enim
1007 1056 1083 1089 sine
1107 1056 1257 1089 maximo

268 1115 384 1150 studio
397 1141 406 1155 ,
431 1113 506 1146 sine
522 1111 710 1145 multarum
729 1120 845 1142 rerum
870 1114 973 1151 atque
991 1107 1118 1140 artium
1139 1106 1258 1149 cogni-

267 1168 381 1205 tione,
414 1164 490 1197 sine
513 1163 619 1205 longo
642 1172 708 1194 usu
734 1159 879 1192 formari
904 1157 1033 1192 iudicia
1056 1159 1100 1190 de
1125 1156 1260 1200 magnis

268 1219 373 1252 rebus
389 1219 546 1259 possunt.
599 1210 650 1245 Ac
667 1222 803 1254 semper
819 1209 922 1242 nobis
940 1209 1004 1252 ipsi
1021 1208 1260 1246 subiiciamus,

269 1281 347 1302 cum
365 1264 449 1299 haec
464 1263 618 1309 pericula
639 1263 682 1295 de
696 1261 826 1306 quibus
841 1259 1072 1293 concionatur
1087 1256 1261 1298 Christus,

268 1327 344 1354 tum
362 1317 466 1350 etiam
490 1326 595 1359 quam
615 1313 768 1346 iucunda
786 1311 888 1344 bonis
904 1310 1082 1343 mentibus
1108 1309 1151 1342 sit
1169 1309 1261 1341 veri—

269 1377 341 1408 tas,
369 1373 540 1412 quantum
558 1364 649 1397 vitae
668 1362 881 1407 praesidium
900 1361 942 1393 sit
965 1361 1001 1392 in
1017 1360 1184 1393 omnibus
1199 1371 1262 1391 ne-

269 1419 398 1464 gociis,
432 1427 536 1462 quam
563 1415 668 1457 digna
700 1413 811 1445 virtus
843 1411 945 1445 bonis
969 1410 1071 1450 viris,
1106 1409 1262 1443 veritatis

269 1481 378 1505 amor.
429 1466 632 1510 Cogitemus
647 1460 903 1506 Philosophum
929 1472 1002 1494 esse
1025 1472 1096 1493 non
1116 1460 1260 1504 praesti-

270 1522 439 1566 giatorem
456 1524 516 1551 aut
529 1514 753 1560 Eurybatum
770 1513 942 1557 aliquem,
968 1512 1026 1544 sed
1052 1510 1263 1556 φιλαληθῆ.

270 1572 430 1607 Sciamus
445 1574 567 1601 nostro
583 1565 701 1599 ordini
719 1563 997 1597 commendatam
1014 1573 1086 1594 esse
1106 1561 1262 1594 veritatis

271 1620 533 1657 defensionem,
585 1615 823 1659 expendamus
858 1619 1027 1658 quantum
1063 1612 1106 1645 sit
1141 1611 1263 1650 scelus,

271 1671 362 1707 lianc
385 1670 589 1705 stationem,
625 1667 660 1699 in
680 1677 786 1711 quam
811 1676 827 1696 a
854 1663 994 1707 Repub.
1018 1662 1178 1695 collocati
1205 1674 1264 1694 su-

271 1735 369 1763 mus,
401 1722 568 1754 deserere.
630 1716 771 1750 Habent
801 1722 916 1747 autem
944 1714 1122 1747 interdum
1148 1713 1263 1745 illece-

272 1776 352 1808 bras
388 1772 493 1805 salsae
530 1768 733 1812 opiniones,
783 1766 974 1798 adulantur
1012 1764 1264 1808 cupiditatibus

273 1823 420 1861 nostris,
447 1819 655 1859 ambitioni,
680 1816 942 1861 superstitioni,
969 1823 1027 1848 ant
1046 1815 1134 1849 aliis.
1188 1812 1263 1847 Ad-

273 1886 392 1909 versus
410 1871 472 1906 lias
489 1871 633 1904 insidias
651 1868 891 1901 obfirmandos
914 1874 963 1900 est
987 1866 1143 1905 animus,
1171 1872 1202 1898 et
1220 1864 1265 1896 il-

274 1927 334 1961 lud
361 1922 544 1967 Euripidis
568 1927 789 1965 praeceptum
815 1918 1026 1957 tenemium,
1061 1916 1155 1961 quod
1183 1914 1266 1948 Ari-

273 1976 415 2011 stoteles
432 1973 596 2018 proponit
623 1969 697 2010 his,
721 1970 779 2015 qui
799 1969 929 2013 populo
955 1968 1211 2017 concionantur
1229 1965 1264 1997 iu

274 2027 492 2062 civitatibus:
528 2020 578 2067 μή
595 2034 656 2066 μοι
681 2019 727 2054 τὰ
744 2017 873 2064 utinum
893 2017 989 2065 λέγε,
1019 2016 1108 2051 ἀλλά
1126 2018 1180 2051 ών
1201 2012 1263 2050 πό-

276 2081 323 2113 λει
339 2076 404 2112 δεῖ.
457 2075 508 2108 Ne
525 2072 726 2118 plausibilia
744 2071 856 2109 dicas,
882 2073 938 2102 sed
957 2069 1086 2113 quibus
1098 2079 1187 2112 opus
1204 2065 1267 2099 ha-

275 2131 333 2163 bet
356 2128 487 2161 civitas.
546 2123 640 2157 llaec
666 2122 836 2155 inculcatc
857 2120 984 2153 atiimis
1007 2119 1131 2164 optimi
1148 2117 1266 2151 adole·
1290 2142 1293 2149 .

277 2186 427 2213 scentes:
465 2187 546 2210 nam
571 2174 686 2207 studia
708 2180 819 2206 vestra
843 2184 914 2204 non
934 2178 1068 2203 tantum
1088 2170 1129 2202 ad
1151 2169 1267 2213 priva-

277 2239 327 2265 tas
351 2229 519 2262 utilitates
543 2233 690 2263 vestras,
727 2225 785 2256 sed
818 2224 860 2255 ad
886 2229 995 2255 totam
1023 2220 1199 2265 Rempnb.
1223 2220 1266 2252 ad
1292 2221 1293 2243 ¹

277 2281 423 2324 gloriam
460 2277 545 2316 Dei,

278 2332 382 2374 Quod
411 2342 488 2361 eum
513 2326 727 2368 cogitabitis,
760 2325 892 2357 maiore
917 2336 999 2356 cura
1025 2323 1065 2355 ad
1093 2329 1267 2355 tantarum

279 2395 395 2416 rernm
431 2380 668 2412 defensionem
707 2375 816 2409 animi
851 2381 955 2407 eruut
991 2373 1190 2407 instruendi
1230 2384 1267 2404 ac
1293 2409 1295 2417 y

279 2431 526 2477 praepatmnli.
580 2429 695 2472 Atque
722 2425 784 2459 lias
809 2438 928 2459 causas
947 2425 981 2457 in
1001 2424 1104 2457 bonis
1121 2423 1270 2467 ingeniis

279 2483 470 2527 plutitnnm
490 2480 604 2512 valere
619 2491 719 2521 spero
732 2505 740 2516 ,
768 2490 857 2521 qnae
875 2478 968 2509 «lecet
988 2476 1142 2519 profecto
1160 2474 1269 2507 maxi-

279 2548 332 2567 me
358 2541 386 2565 et
409 2532 586 2563 xoluutate
606 2528 690 2567 nvi,
717 2536 746 2561 et
773 2527 1111 2559 comminationibus
1130 2525 1271 2563 divinis,

279 2592 310 2618 et
333 2583 496 2628 periculis
515 2580 682 2625 publicis.
710 2587 742 2613 et
769 2580 840 2623 ipsa
859 2591 974 2612 rerum
1001 2577 1171 2620 «lignitate
1193 2588 1268 2608 mo-

280 2635 365 2670 veri.
419 2633 510 2668 Dixi.

595 2277 637 2308 aul
675 2273 849 2308 Ecclesiae
891 2273 1038 2306 salutem
1082 2250 1295 2316 pertinent.)

1294 2667 1295 2679 ἵ
1323 2634 1440 2659 noster
1457 2638 1578 2659 cursus
1594 2627 1804 2660 contendere
1821 2627 1955 2661 debeat.

1457 305 1532 346 De
1555 305 1764 360 puritate
1795 304 2028 346 doctrinae
2057 311 2141 347 etc.

1371 393 1400 419 Ιῂ
1420 392 1573 451 Βὲὅίειιιειι.
1587 391 1620 417 Τ.
1637 390 1655 416 Ι.
1671 400 1696 425 p.
1711 391 1770 425 etz,
1794 390 1913 418 Seri-eat.
1931 393 1953 418 1.
1974 401 2002 427 p.
2017 393 2079 426 41..
2098 394 2229 420 Richard.
2248 393 2294 420 111.

1405 437 1430 462 p.
1481 446 1487 452 -

1304 517 1433 550 Oratio
1459 511 1514 548 D.
1545 515 1720 548 Doctoris
1748 509 2018 562 Cruciyeri,
2055 514 2102 550 de
2123 518 2296 561 puritate

1303 567 1501 601 doctrinae
1528 567 1567 600 in
1591 565 1758 599 Ecclesia
1785 566 2057 610 conservanda,
2092 569 2130 602 in
2148 577 2298 612 promo·

1337 620 1438 652 tione
1464 618 1672 651 Doctorum
1703 615 1925 664 Theoloyiae
1951 617 2096 653 habita.
2157 616 2266 654 1536.

1305 693 1395 734 Non
1412 700 1572 733 existimo
1589 712 1607 733 a
1627 711 1683 733 me
1701 699 1891 744 postulari,
1916 707 1956 734 ut
1981 712 2153 744 exponam
2178 711 2299 735 causas

1306 751 1446 784 consilii
1469 751 1580 784 nostri
1606 751 1643 783 in
1670 751 1921 795 promovendis
1943 749 2159 785 Ductoribus
2178 749 2299 785 Evan-

1307 802 1406 845 gelii,
1442 814 1521 834 cum
1544 813 1584 834 ex
1608 798 1675 834 hoc
1699 802 1774 845 ipso
1795 802 1872 835 loco
1898 814 1972 836 non
1995 802 2100 835 semel
2119 809 2299 836 ostensum

1307 852 1370 894 sit,
1398 864 1416 885 a
1440 852 1649 886 doctissimis
1670 852 1772 891 viris,
1807 849 1902 886 hunc
1925 865 2058 886 morem
2088 850 2301 896 scholarum,

1309 911 1346 937 ut
1378 903 1420 943 ii,
1454 903 1514 947 qui
1543 910 1714 936 vocantur
1745 903 1788 936 ad
1825 904 2022 937 docendum
2053 902 2300 947 Evangelium‚

1309 954 1451 998 publico
1476 953 1678 987 testimonio
1701 960 1875 987 ornentur
1896 954 2058 988 maximis
2083 961 2115 988 et
2143 965 2302 988 necessa·

1309 1005 1370 1038 riis
1392 1007 1435 1037 de
1459 1005 1592 1043 causis,
1627 1005 1908 1038 conservandum
1937 1017 2020 1039 esse.
2083 1004 2176 1048 Quia
2206 1005 2301 1040 enim

1313 1055 1504 1100 plurimum
1529 1055 1635 1088 refert
1654 1055 1691 1088 in
1716 1053 1893 1096 Ecclesia,
1919 1055 1980 1100 qui
2003 1056 2046 1089 ad
2064 1055 2303 1090 ministerium

1310 1106 1460 1139 docendi
1482 1103 1667 1148 Evangelii
1703 1106 1873 1139 accessuri
1902 1114 2004 1145 sunt,
2046 1106 2244 1140 doctrinam
2267 1113 2303 1141 et

1311 1168 1425 1191 mores
1451 1157 1560 1200 probe
1585 1156 1743 1199 cognitos
1761 1168 1851 1197 esse,
1877 1164 1909 1190 et
1925 1156 2060 1205 Paulus
2079 1163 2173 1191 vetat
2190 1169 2304 1203 quen-

1310 1220 1414 1254 quam
1439 1207 1507 1240 uisi
1531 1214 1611 1240 ante
1633 1207 1852 1251 exploratum
1877 1209 1921 1241 ad
1938 1209 2136 1241 docendum
2153 1208 2304 1249 admitti,

1311 1272 1350 1292 ac
1374 1259 1469 1291 iubet
1492 1258 1724 1303 requirendos
1741 1269 1813 1291 csse
1833 1255 1996 1292 homines
2010 1259 2148 1298 fideles,
2174 1266 2207 1293 et
2226 1259 2306 1293 ido-

1311 1321 1396 1343 neos
1410 1310 1453 1342 ad
1473 1309 1671 1342 docendum
1682 1335 1692 1349 ‚
1716 1309 1846 1354 quibus
1860 1310 2129 1344 commendetur
2143 1310 2304 1344 ministe-

1312 1361 1423 1393 rium:
1455 1370 1519 1392 nos
1548 1371 1689 1404 quoque
1713 1366 1850 1402 oportet
1868 1360 2030 1402 religiose
2047 1372 2189 1404 operam
2209 1361 2305 1402 dare,

1313 1418 1368 1451 ut,
1396 1421 1440 1443 ne
1460 1410 1698 1452 inexploratos
1716 1410 1759 1442 ad
1778 1409 1975 1454 docendum
1995 1412 2192 1455 irmmpere
2210 1411 2307 1445 sina-

1313 1471 1409 1500 mus,
1443 1471 1502 1493 eos
1525 1471 1677 1504 quorum
1706 1459 1881 1493 industria
1914 1472 1953 1493 ac
1982 1461 2138 1494 studium
2166 1461 2306 1504 pietatis

1313 1511 1417 1543 nobis
1447 1510 1636 1554 probatur,
1671 1517 1787 1544 vestro
1809 1511 2010 1544 testimonio
2024 1508 2193 1545 Ecclesiis
2209 1524 2306 1546 com—

1315 1562 1532 1594 mendemus.
1585 1559 1675 1594 Cum
1696 1562 1789 1594 enim
1808 1559 1893 1606 haec
1909 1561 1954 1595 sit
1976 1562 2116 1606 publica
2132 1564 2306 1606 quaedam

1314 1612 1469 1651 vocatio,
1498 1623 1636 1644 necesse
1661 1619 1711 1646 est
1734 1619 1767 1645 et
1795 1612 1976 1655 publicum
2003 1613 2244 1647 testimouium
2261 1615 2306 1648 ad

1315 1675 1390 1695 eam
1419 1662 1592 1697 accedere.
1653 1662 1722 1696 Sed
1751 1663 1920 1707 quoniam
1952 1664 2113 1697 existimo
2146 1672 2306 1699 nostrum

1315 1713 1501 1747 consilinm
1519 1725 1536 1745 a
1553 1713 1694 1745 nemine
1708 1725 1794 1746 sano
1809 1711 2037 1758 reprehendi,
2065 1727 2136 1748 non
2153 1715 2308 1749 iudicavi

1315 1765 1358 1796 «lc
1375 1776 1415 1796 eo
1435 1763 1595 1807 pluribus
1614 1763 1805 1797 dicendum
1830 1775 1912 1798 esse.
1974 1764 2065 1798 Cum
2082 1773 2198 1799 autem
2217 1763 2307 1800 mihi

1316 1816 1436 1847 datum
1455 1814 1499 1847 sit
1516 1814 1699 1857 negocium
1723 1815 1767 1847 de
1793 1827 1890 1848 more
1907 1815 2049 1859 publico
2074 1813 2140 1849 boc
2158 1816 2234 1850 loco
2250 1817 2308 1851 di-

1317 1865 1438 1902 cendi,
1466 1864 1528 1897 etsi
1555 1876 1627 1897 non
1651 1865 1776 1907 ignoro
1800 1877 1854 1898 me
1879 1872 1910 1898 et
1927 1866 2146 1907 elocutione,
2180 1874 2212 1901 et
2229 1868 2308 1902 aliis

1317 1915 1541 1949 facultatibus
1568 1915 1688 1949 multis
1713 1916 1827 1949 modis
1850 1916 2018 1961 imparem
2038 1929 2110 1951 esse
2129 1915 2211 1952 linit
2226 1930 2309 1962 pro-

1318 1967 1470 2005 vinciae,
1504 1973 1536 1999 ct
1561 1963 1652 1998 nihil
1676 1966 1801 1999 afferre
1818 1979 1938 2011 posse,
1967 1968 2061 2012 qnod
2081 1969 2133 2001 vel
2155 1969 2310 2004 novitate

1290 2037 1293 2047 t
1317 2024 1348 2050 et
1370 2017 1478 2059 gratia
1500 2017 1716 2058 argumenti,
1742 2017 1795 2050 vcl
1815 2019 2119 2052 commendatione
2137 2020 2310 2054 orationis

1319 2069 1455 2112 placere
1474 2068 1601 2111 possit,
1624 2075 1740 2101 tamen
1759 2068 1839 2112 qnia
1855 2076 1997 2112 propter
2014 2070 2192 2113 publicam
2207 2079 2310 2106 auto-

1319 2119 1474 2158 ritatem,
1500 2130 1604 2163 quam
1622 2116 1709 2150 mihi
1734 2119 1927 2152 detrectare
1944 2132 2016 2153 non
2039 2121 2103 2154 suit
2123 2121 2311 2164 integrum,

1319 2169 1453 2214 aliquid
1480 2169 1670 2201 dicendum
1694 2175 1762 2209 est,
1795 2170 1899 2202 statui
1919 2170 1954 2202 iu
1977 2172 2171 2214 praesentia
2194 2184 2310 2207 sacra—

1320 2233 1397 2253 rum
1418 2220 1598 2253 literarum
1615 2219 1810 2258 studiosos,
1841 2227 1873 2253 et
1896 2221 1956 2265 qui
1974 2222 2018 2254 ad
2035 2214 2234 2256 docendum
2251 2236 2310 2257 ac-

1320 2271 1448 2303 cessuri
1474 2277 1574 2311 snnt,
1611 2271 1801 2303 admonere
1825 2271 1869 2303 de
1893 2284 1956 2304 sno
1979 2272 2114 2312 officio.
2148 2281 2186 2307 nt
2213 2281 2310 2319 poet-

1321 2334 1424 2367 quam
1459 2333 1597 2354 summo
1630 2320 1686 2353 ‹lei
1721 2321 1909 2362 beneficio,
1950 2319 2016 2356 linc
2044 2330 2199 2368 tempore
2222 2337 2310 2370 pura

1322 2371 1505 2415 Evangelii
1552 2371 1710 2404 doctriua
1753 2380 1919 2406 renovata
1961 2386 2000 2407 ac
2043 2375 2201 2409 restituta
2242 2383 2312 2418 est,

1321 2436 1442 2456 omues
1459 2434 1537 2456 suas
1555 2423 1803 2464 cogitationes,
1830 2436 1931 2457 curas
1948 2431 1979 2458 et
1997 2426 2110 2458 studia
2128 2426 2311 2462 conserant

1322 2476 1361 2507 ad
1384 2474 1659 2507 conservandam
1683 2474 1717 2506 iu
1735 2473 1889 2508 Ecclesia
1909 2476 2095 2519 puritatem
2118 2477 2312 2520 doctrinae,

1322 2538 1357 2557 ac
1376 2524 1602 2557 meminerint
1619 2524 1686 2557 sibi
1706 2537 1816 2559 unum
1840 2523 1935 2559 hunc
1959 2527 2062 2560 finem
2090 2529 2310 2572 propositum

1322 2588 1414 2616 esse,
1448 2576 1490 2608 ad
1517 2587 1620 2620 quem
1653 2587 1790 2620 semper
1816 2584 1987 2620 spectare.
2023 2586 2055 2611 et
2089 2591 2159 2623 quo
2193 2580 2310 2614 omnis

2000 2627 2093 2662 llaec
2110 2627 2310 2665 adhortatio

1293 2687 1296 2717 χ
1322 2690 1426 2723 quam
1460 2677 1652 2710 necessaria
1683 2677 1745 2717 sit,
1785 2679 1988 2721 praesertim
2022 2677 2086 2714 linc
2118 2681 2310 2715 novissimo
