2338 2958
71 103 147 140 229

74 198 236 232 scopum,
263 197 334 231 quo
349 197 470 220 cursus
487 185 692 229 dirigendus
709 193 768 220 est.
803 185 914 220 Porro
931 183 968 219 hi
984 197 1063 229 gra-

69 240 138 273 dus
154 237 190 270 in
207 234 337 270 scholis
354 237 443 270 bene
460 237 642 278 institutis,
669 249 742 271 non
759 237 873 271 solum
890 235 957 270 hoc
976 237 1061 270 boni

69 287 219 328 habent,
250 288 344 332 quod
369 288 554 331 explorant
576 299 634 322 eos
656 288 718 333 qui
738 294 910 322 vocantur
930 288 973 321 ad
998 288 1063 320 do-

69 338 222 373 cendum
243 336 496 381 Evangelium,
531 340 589 372 sed
618 339 721 372 etiam
747 339 840 384 quod
874 336 940 372 hoc
964 339 1061 371 testi·
1086 366 1089 370 .

67 388 229 422 monium
247 395 384 422 tantum
405 389 476 422 illis
494 390 605 423 tribui
623 390 765 430 debeat,
794 389 854 434 qui
874 389 976 422 annis
993 389 1061 422 ali—

69 446 155 485 quot
170 439 384 473 audiverunt
397 440 485 473 alios
503 441 696 484 peritiores,
714 440 775 485 qui
793 441 958 473 viderunt
975 440 1059 485 quid

47 504 50 506 ·
69 490 130 524 alii
147 490 190 523 de
207 490 343 533 magnis
360 502 399 524 ac
416 491 534 524 dubiis
547 492 651 524 rebus
668 491 915 525 iudicaverint.
971 490 1058 523 Nam

68 541 164 586 quod
183 541 292 574 citant
308 553 348 574 ex
367 540 515 583 Ioanne,
541 542 661 575 unctio
678 542 796 580 docet,
825 541 980 584 profecto
999 541 1059 574 illa

67 591 190 625 unctio
216 603 289 625 non
313 592 484 636 contingit
508 592 583 625 sine
601 592 758 625 doctrina
789 598 823 626 et
847 592 921 624 sine
949 592 1060 624 maxi-

69 642 136 675 mis
158 643 422 679 certaminibus.
474 641 537 676 Est
559 643 653 675 enim
676 643 817 683 unctio,
840 655 918 675 cum
939 643 975 675 in
993 643 1059 675 du-

67 693 137 727 biis
154 699 258 738 atque
274 694 404 738 asperis
421 694 540 733 rebus,
567 694 663 727 velut
683 694 759 726 oleo
780 699 911 726 recreat
929 700 962 727 et
980 693 1059 726 refi-

68 743 115 777 cit
133 743 286 778 imbutas
302 750 435 777 mentes
450 744 592 777 divinus
609 745 765 789 spiritus,
809 744 848 778 Si
865 744 943 789 quis
960 750 1059 788 putat

68 794 186 828 subito
212 795 288 828 sine
311 795 470 828 doctrina
496 802 528 828 et
551 807 616 828 usu
640 793 862 838 Theologum
892 795 1059 828 unctione

68 845 176 883 effici,
205 845 294 878 sicut
317 845 416 880 aiunt
430 844 624 879 Hesiodum
649 858 727 879 cum
754 853 874 889 pastor
897 853 984 879 esset
1002 857 1058 878 ac-

67 902 168 938 cepto
185 896 337 936 calamo,
365 908 382 929 a
399 895 514 930 Musis
531 896 672 931 Poetam
688 898 816 930 factum
836 908 907 929 esse
919 924 928 936 ,
955 897 1058 938 longe

66 946 218 987 fallitur,
251 958 315 979 nec
339 946 423 991 quid
450 948 494 980 sit
515 948 634 981 unctio
660 947 843 992 perspicit,
872 959 960 992 quae
985 947 1057 991 pri-

67 1009 166 1030 mum
202 997 278 1030 sine
314 998 412 1031 verbi
451 998 654 1041 cognitione
694 999 791 1031 nulla
828 1010 900 1031 esse
932 1005 1057 1042 potest.

66 1046 206 1081 Deinde
241 1048 377 1082 etiamsi
404 1049 624 1092 degustatum
658 1056 707 1082 est
737 1049 902 1089 verbum,
937 1048 1057 1081 unctio

67 1110 141 1131 non
158 1098 275 1132 subito
296 1099 444 1142 detergit
461 1100 587 1132 animis
604 1112 725 1133 omnes
743 1100 906 1132 maculaS.
959 1099 1057 1132 Plato

66 1149 202 1194 inquit:
235 1148 328 1182 Satis
351 1150 492 1183 beatum
517 1150 582 1182 sibi
609 1150 742 1191 videri,
775 1150 830 1182 cui
857 1151 997 1183 tandem
1022 1149 1057 1181 in

67 1205 244 1233 senectute
261 1200 463 1243 contigerit,
490 1207 529 1233 ut
548 1201 764 1245 sapientum,
791 1212 960 1245 verasque
981 1200 1059 1244 opi-

66 1251 193 1283 niones
209 1257 427 1295 assequatur.
474 1250 513 1284 Id
534 1251 592 1284 ille
608 1251 664 1284 vir
680 1263 837 1284 summus
865 1264 903 1284 ac
920 1251 1059 1294 sapien-

67 1301 222 1335 tissimus
243 1301 285 1334 de
300 1301 342 1335 iis
358 1301 479 1343 rebus,
517 1314 602 1347 quas
627 1302 716 1335 ratio
734 1300 999 1346 deprehendere
1028 1308 1059 1334 et

68 1351 302 1396 pervestigare
324 1359 456 1396 potest,
490 1353 588 1385 dixit.
650 1352 794 1396 Quanto
821 1353 936 1388 verius
961 1352 995 1384 id
1016 1353 1059 1384 de

69 1401 314 1446 spiritualibus
329 1403 434 1436 rebus
450 1403 616 1436 affirmari
635 1410 766 1446 potest,
794 1415 881 1448 quae
903 1403 1058 1446 profecto

68 1464 141 1485 non
159 1459 305 1496 'possunt
322 1465 402 1486 vere
419 1454 547 1498 aspici,
584 1454 652 1487 nisi
679 1455 714 1487 in
741 1454 813 1498 ipsa
834 1453 1059 1487 dimicatione

68 1510 172 1548 atque
196 1503 427 1547 experientia,
463 1517 533 1549 quo
560 1505 670 1548 magis
698 1503 764 1537 hoc
795 1504 950 1537 seculum
976 1504 1058 1536 odio

68 1554 214 1597 dignum
232 1560 299 1595 est,
326 1555 419 1599 quod
439 1567 534 1588 nunc
548 1567 651 1588 nemo
667 1567 739 1588 non
757 1554 865 1588 sumit
879 1554 946 1587 sibi
965 1554 1059 1587 iudi-

68 1605 160 1639 cium
180 1605 222 1637 de
239 1605 344 1638 rebus
357 1606 515 1639 obscuris
541 1618 578 1639 ac
603 1606 865 1650 spiritualibus,
902 1618 971 1638 una
995 1605 1059 1637 ali-

67 1667 136 1701 qua
158 1655 309 1689 lectione
333 1656 470 1697 audita,
497 1663 557 1690 aut
581 1657 666 1690 lecta
688 1669 759 1690 una
778 1657 892 1701 aliqua
911 1656 1057 1700 pagella.

66 1706 199 1740 Paulus
215 1706 412 1749 gratulatur
426 1707 504 1748 sibi,
532 1709 626 1752 quod
645 1707 805 1753 quamvis
824 1707 956 1750 procul,
983 1719 1058 1739 sco-

68 1769 154 1802 pum
170 1763 288 1790 tamen
304 1758 463 1799 videbat,
487 1758 534 1792 ita
550 1771 614 1791 nos
632 1759 667 1791 in
687 1755 751 1791 hoc
769 1759 892 1790 demus
906 1770 1060 1802 operam,

68 1819 213 1852 scopum
236 1815 275 1841 ut
297 1809 517 1854 requiramus
545 1816 577 1842 et
602 1810 638 1842 in
665 1807 760 1842 hunc
789 1809 915 1841 intenti
940 1809 1060 1841 oculos

69 1871 109 1893 ac
143 1864 296 1892 mentem
325 1860 534 1902 defigamus,
567 1867 601 1893 et
636 1867 752 1893 tamen
787 1859 1060 1892 memineremus

70 1910 192 1955 procul
212 1921 276 1943 nos
299 1911 342 1943 ab
367 1911 426 1943 illa
452 1917 541 1944 meta
565 1911 606 1943 ad
627 1923 731 1956 quam
756 1912 972 1943 tendendum
998 1917 1058 1950 est,

68 1962 202 2001 abesse,
215 1966 248 1994 et
265 1973 404 1994 oremus
412 1958 603 2002 Christum,
624 1968 662 1995 ut
680 1962 752 2005 ipse
768 1973 832 1994 nos
842 1962 967 1994 docere
983 1973 1061 2004 per-

69 2018 147 2056 gat,
180 2013 478 2056 quemadmodum
502 2019 551 2046 est
575 2013 762 2056 pollicitus.
805 2011 974 2045 Libenter
997 2024 1060 2045 au-

70 2063 208 2096 diamus
225 2063 309 2107 quid
330 2063 389 2096 alii
407 2063 582 2097 exercitati
600 2063 768 2101 iudicent,
797 2063 880 2107 quid
899 2063 1060 2106 probent,

70 2113 222 2147 libenter
239 2121 273 2147 et
290 2114 424 2158 placide
443 2115 536 2147 inter
554 2126 618 2147 nos
642 2114 862 2146 conferamus
881 2115 923 2146 de
941 2112 1059 2147 Evan-

70 2164 181 2207 gelio,
207 2169 241 2196 et
257 2165 424 2208 gratulari
443 2166 546 2198 nobis
561 2164 626 2198 Dei
644 2164 870 2205 beneficium,
893 2176 957 2197 nos
971 2177 1060 2209 quo-

71 2226 139 2260 que
156 2214 193 2246 in
210 2211 273 2247 hac
292 2213 408 2249 schola
424 2216 548 2252 merito
564 2217 741 2256 debemus,
760 2216 796 2248 in
814 2227 894 2259 qna,
916 2221 954 2249 ut
970 2213 1059 2248 nihil

71 2265 168 2299 aliud
186 2264 310 2306 dicam,
331 2266 390 2299 ille
406 2264 590 2311 Evangelii
605 2279 729 2311 scopus
746 2266 933 2307 diligenter
950 2266 1061 2310 expli-

72 2322 172 2350 catur
202 2321 237 2349 et
265 2317 480 2357 ostenditur,
513 2330 575 2350 nec
607 2319 703 2351 deest
730 2317 878 2350 facultas
904 2317 1058 2350 discendi

72 2366 186 2401 bonis.
241 2364 403 2401 Christus
429 2369 599 2411 gubernet
633 2368 748 2402 studia
784 2374 921 2406 nostra,
956 2374 989 2401 et
1017 2370 1057 2400 ad

71 2415 258 2460 Evangelii
275 2417 440 2461 gloriam,
469 2425 502 2452 et
518 2420 559 2452 ad
577 2427 733 2453 nostram
757 2426 789 2452 et
819 2417 977 2450 omnium
995 2416 1061 2451 ho-

71 2467 210 2501 minum
226 2468 384 2504 salutem.
419 2468 508 2503 Cum
525 2467 610 2503 haec
625 2471 717 2504 bona
737 2469 847 2502 insint
863 2468 898 2500 in
917 2481 1061 2513 promo—

73 2517 192 2559 tione,
218 2520 423 2563 praesertim
445 2520 482 2552 in
500 2517 565 2553 hac
585 2517 724 2561 schola,
751 2532 854 2552 nemo
871 2531 995 2561 sanus,
1022 2527 1062 2553 ut
1085 2522 1087 2560 ζ

75 2579 198 2612 spero,
222 2571 409 2604 consilium
429 2577 590 2604 nostrum
609 2571 644 2603 in
666 2568 721 2604 his
739 2571 988 2615 promovendis
1007 2582 1061 2603 re—

75 2615 281 2663 prehendet,
340 2620 386 2656 Et
415 2621 621 2667 intelligunt
654 2621 707 2654 illi
733 2621 817 2665 ipsi,
852 2621 980 2666 quihus
1005 2619 1061 2654 hic

75 2666 190 2703 honos
211 2671 428 2712 decernitur,
455 2670 550 2707 hunc
573 2684 644 2706 esse
662 2672 795 2706 aditum
814 2683 886 2705 non
901 2672 944 2705 ad
969 2683 1063 2717 opes,

535 98 693 136 DECL.
727 98 801 136 DE
836 98 1140 136 GRAmBUs
1174 98 1235 134 IN
1272 96 1645 134 THEOLOGIA.

2034 99 2108 134 230

1115 185 1159 218 ad
1182 183 1348 228 gloriam,
1383 185 1426 217 ad
1451 184 1666 229 voluptateS,
1699 185 1757 218 sed
1787 185 1829 218 ad
1854 184 2022 218 maximas
2046 197 2106 219 ae-

1115 247 1278 276 rumnas,
1304 235 1347 267 ad
1374 235 1586 268 miserrimas
1612 247 1730 277 curas,
1757 236 1800 269 ad
1817 235 1970 279 pericula
1989 236 2106 269 omnis

1114 286 1262 329 generis.
1314 284 1503 330 Nunquam
1521 286 1615 319 enim
1632 286 1706 319 ullo
1723 293 1879 330 tempore
1895 293 1954 319 aut
1972 287 2050 330 plus
2069 287 2106 319 in

1114 335 1269 370 Ecclesia
1294 336 1442 381 periculi
1463 336 1547 375 suit,
1575 343 1634 370 aut
1659 336 1785 370 maiori
1803 337 1841 370 in
1861 337 1943 370 odio
1962 337 2107 371 suerunt

1114 386 1299 430 Evangelii
1318 387 1494 426 doctoreS,
1520 398 1624 431 quarn
1639 389 1756 420 modo.
1812 387 1934 432 Itaque
1958 385 2107 431 perhor-

1114 450 1209 471 resco
1227 445 1300 471 toto
1325 449 1491 480 corpore,
1519 449 1598 469 cum
1623 438 1763 471 intuens
1787 438 1824 471 in
1844 436 1935 471 hanc
1955 450 2107 479 scenam,

1114 489 1234 522 animo
1262 488 1454 533 perspicio,
1483 499 1586 532 quam
1612 485 1737 521 habeat
1761 486 1844 521 haec
1864 489 1981 522 sabula
2001 489 2106 522 dissi-

1114 540 1213 572 miles
1238 540 1393 584 reliquos
1421 546 1536 579 actus,
1564 536 1686 578 huius,
1720 546 1757 572 ut
1786 539 1832 572 ita
1854 540 1986 580 dicam,
2021 552 2105 583 pro-

1113 590 1232 624 oemii.
1282 590 1349 623 Sed
1368 601 1446 622 cum
1465 589 1576 622 sciant
1592 588 1706 622 Deum
1727 590 1910 633 praecipue
1927 590 2105 635 requirere

1113 639 1207 674 hunc
1232 641 1363 674 cultum
1380 640 1530 673 docendi
1546 638 1752 681 Evangelii,
1780 652 1893 685 neque
1914 641 2009 673 aliud
2030 641 2103 674 Deo

1112 692 1244 734 gratius
1269 691 1475 724 sacrificium
1499 691 1666 734 praestari
1692 702 1809 734 posse,
1837 697 2021 735 postquam
2043 704 2105 724 au—

1113 743 1252 776 toritate
1283 742 1503 786 superiorum
1538 742 1580 773 ad
1610 739 1676 774 hoc
1710 753 1841 774 munus
1867 741 1993 774 delecti
2022 742 2104 780 sint,

1113 806 1176 838 pro
1201 805 1260 826 sua
1284 805 1362 836 erga
1381 791 1494 825 Deum
1518 792 1666 836 pietate,
1694 799 1891 836 susceptum
1911 804 2001 825 onus
2020 805 2106 825 con-

1112 851 1244 878 stanter
1263 851 1434 888 praestare
1454 844 1702 883 decreverunt,
1731 843 1906 876 intuentes
1933 843 1968 875 in
1988 855 2105 876 exem-

1111 895 1167 939 pla
1199 893 1350 935 Christi,
1391 891 1648 938 Prophetarum
1679 901 1710 926 et
1735 892 2007 938 Apostolorum,
2044 894 2105 938 qui

1112 946 1220 979 nullis
1245 946 1354 983 odiis,
1391 945 1488 977 nulla
1514 944 1657 977 saevitia
1682 956 1699 976 a
1727 945 1884 977 docendo
1909 943 2104 987 Evangelio

1111 996 1268 1029 deterriti
1291 1003 1382 1030 sunt.
1447 993 1601 1028 Oremus
1623 995 1729 1037 igitur
1747 992 1949 1034 Christum,
1984 1003 2021 1028 ut
2040 1007 2105 1038 gu—

1112 1049 1233 1080 bernet
1251 1059 1370 1080 eorum
1390 1053 1539 1087 mentes,
1563 1058 1601 1078 ac
1620 1046 1754 1086 studia,
1782 1057 1910 1090 eosque
1929 1046 2040 1086 iuvet,
2066 1053 2104 1079 ut

1111 1099 1282 1131 foeliciter
1299 1109 1523 1137 conservare,
1553 1097 1746 1136 illustrare,
1774 1108 1965 1140 propagare
1983 1095 2102 1129 Evan-

1111 1149 1240 1191 gelium
1261 1149 1405 1192 possint.
1457 1147 1546 1180 lllud
1567 1148 1667 1180 etiam
1686 1147 1969 1185 meminerimus,
1992 1148 2104 1180 nostri

1111 1199 1215 1232 officii
1241 1211 1331 1238 esse,
1362 1206 1400 1232 ut
1427 1210 1490 1242 pro
1513 1198 1606 1230 virili
1630 1198 1803 1230 leniamus
1829 1195 1890 1230 has
1918 1209 2103 1231 aerumnas

1111 1257 1228 1283 nostra
1248 1249 1480 1293 gratitudine,
1507 1249 1587 1293 quia
1608 1248 1767 1284 maximis
1785 1260 1907 1281 eorum
1924 1248 2103 1281 beneficiis

1111 1301 1273 1335 fruimur.
1328 1300 1407 1342 Qua
1432 1299 1575 1345 quidem
1601 1299 1637 1331 in
1661 1311 1696 1331 re
1713 1299 1899 1343 praecipue
1926 1299 2102 1332 laudanda

1111 1358 1161 1384 est
1186 1350 1417 1384 Illustrissimi
1441 1350 1553 1383 nostri
1574 1349 1751 1393 Principis
1775 1349 1902 1393 pietas,
1935 1349 1997 1394 qui
2022 1362 2101 1383 cum

1111 1402 1169 1434 alii
1198 1413 1294 1444 reges
1321 1413 1359 1434 ac
1384 1400 1560 1445 principes
1584 1401 1750 1433 adversus
1773 1398 1959 1443 Evangelii
1978 1401 2101 1434 docto-

1110 1464 1164 1485 res
1196 1451 1369 1485 infinitam
1404 1451 1646 1484 crudelitatem
1675 1462 1812 1483 summo
1844 1451 1971 1484 scelere
2002 1463 2101 1485 exer-

1110 1509 1226 1542 ceant,
1258 1503 1330 1545 ipse
1347 1508 1380 1535 et
1399 1503 1564 1535 adversus
1584 1508 1752 1546 tyrannos
1768 1513 1894 1545 magno
1911 1514 1990 1535 cum
2006 1502 2101 1546 peri—

1110 1554 1188 1587 culo
1212 1553 1296 1597 tegit
1313 1565 1350 1586 ac
1366 1552 1542 1591 defendit,
1570 1558 1602 1585 et
1619 1552 1714 1585 domi
1737 1563 1872 1585 summa
1888 1564 1967 1585 curn
1992 1553 2100 1586 bene-

1110 1605 1282 1645 volentia,
1313 1604 1418 1637 osficii
1443 1603 1539 1636 omni
1563 1614 1689 1645 genere
1714 1603 1887 1636 cumulat:
1914 1604 1957 1636 (le
1977 1615 2045 1649 qua
2062 1615 2100 1637 re

1110 1663 1142 1689 et
1158 1657 1183 1688 si
1205 1657 1245 1688 ad
1266 1655 1514 1698 gratitudinem
1534 1661 1689 1687 nostram
1710 1651 1794 1686 haec
1812 1654 2100 1687 commemoratio

1110 1707 1324 1751 pertinebat,
1353 1713 1468 1738 tamen
1492 1712 1635 1749 propter
1657 1705 1730 1737 eius
1748 1705 1982 1748 praesentiam
2000 1717 2100 1738 vere-

1111 1758 1259 1790 cundius
1277 1757 1466 1789 dicendum
1488 1763 1548 1790 est.
1597 1755 1666 1790 Sed
1684 1753 1750 1788 hoc
1766 1767 1835 1788 non
1853 1762 1925 1789 erat
1944 1763 2100 1800 praeter-

1110 1809 1341 1848 mittendum,
1377 1808 1470 1852 quod
1501 1819 1572 1840 non
1598 1814 1666 1840 tam
1694 1807 1735 1839 ad
1764 1806 1898 1849 ipsum,
1933 1819 2036 1851 quam
2056 1807 2100 1839 ad

1110 1859 1196 1891 alios
1213 1860 1455 1891 admonendos
1475 1858 1635 1901 pertinet,
1659 1864 1698 1890 ut
1714 1857 1823 1890 sciant
1839 1855 1954 1890 Deum
1971 1864 2003 1890 et
2021 1857 2100 1890 vin-

1110 1910 1220 1942 dicem
1240 1910 1396 1942 futurum
1422 1906 1526 1942 huius
1545 1908 1779 1948 crudelitatis,
1805 1914 1839 1941 et
1854 1908 2028 1941 cumulate
2045 1920 2101 1941 re-

1110 1967 1376 1993 muneraturum
1413 1960 1545 2000 bonos,
1587 1959 1646 2003 qui
1680 1965 1802 2002 tegunt
1831 1970 1870 1991 ac
1901 1959 2100 1992 defendunt

1110 2010 1294 2054 Evangelii
1330 2013 1501 2045 doctores.
1556 2010 1614 2044 Sic
1649 2010 1742 2042 enim
1777 2009 1893 2054 inquit
1920 2007 2098 2043 Christus:

1112 2062 1225 2095 Amen
1254 2062 1333 2094 dico
1358 2062 1479 2102 vobis,
1508 2060 1536 2093 si
1561 2060 1640 2105 quis
1665 2060 1801 2093 dederit
1825 2066 1963 2093 tantum
1988 2072 2100 2105 aquae

1112 2120 1230 2157 potum
1256 2113 1318 2145 uni
1347 2125 1385 2145 ex
1411 2112 1568 2144 minimis
1592 2109 1741 2151 horum,
1769 2111 1804 2143 in
1832 2111 1976 2143 nomine
1992 2111 2100 2144 disci-

1111 2164 1204 2208 puli,
1233 2176 1304 2196 non
1323 2164 1441 2207 perdet
1461 2163 1654 2195 mercedem
1675 2173 1784 2194 suam.
1837 2159 1884 2194 Et
1907 2161 1943 2194 in
1961 2161 2100 2195 Psalmo

1084 2209 1087 2217 ⁴
1111 2215 1278 2258 scriptum
1305 2221 1371 2247 est:
1405 2213 1533 2246 Beatus
1557 2213 1615 2257 qui
1640 2212 1805 2254 intelligit
1827 2224 1931 2256 super
1953 2224 2100 2255 egenum

1111 2273 1140 2298 et
1160 2277 1367 2309 pauperem,
1395 2265 1430 2296 in
1449 2264 1504 2296 die
1526 2263 1615 2295 mala
1637 2263 1801 2296 liberabit
1825 2275 1904 2295 eum
1924 2263 2101 2298 dominus.

1115 2317 1151 2348 ln
1174 2314 1227 2349 his
1254 2315 1436 2349 sententiis
1455 2314 1606 2347 ostendit
1627 2312 1739 2354 Deus,
1767 2313 1891 2359 quanti
1912 2314 2016 2347 saciat
2042 2316 2102 2346 lie-

1113 2367 1231 2399 melici..
1253 2367 1419 2400 collocata
1437 2365 1474 2398 in
1488 2363 1673 2407 Evangelii
1689 2366 1864 2399 doctores:
1891 2376 1930 2396 ac
1946 2364 2101 2397 vicissim

1111 2418 1280 2460 significat
1295 2423 1463 2462 tyrannos
1481 2417 1623 2449 daturos
1641 2427 1712 2448 esse
1731 2427 1857 2459 poenas
1876 2426 1957 2447 suae
1976 2417 2103 2448 crude-

1113 2468 1227 2501 litatiS.
1280 2465 1401 2500 Acme
1419 2467 1561 2512 quidem
1583 2466 1758 2499 interdum
1778 2466 1987 2508 cogitantem
2008 2472 2038 2497 et
2061 2467 2105 2497 de

1112 2518 1301 2564 principis,
1328 2526 1360 2551 et
1377 2519 1419 2551 de
1439 2525 1553 2551 vestro
1582 2518 1759 2561 totiusque
1779 2517 1916 2560 reipub.
1932 2516 2105 2559 periculo,

1111 2571 1212 2603 valde
1228 2569 1455 2602 consolantur
1479 2566 1542 2601 hae
1566 2569 1777 2609 sententiae,
1799 2574 1830 2600 et
1857 2567 1892 2599 iu
1919 2578 2011 2610 spem
2032 2566 2106 2598 eri-

1111 2628 1215 2662 gunt,
1240 2627 1278 2653 ut
1297 2620 1468 2652 confidam
1486 2619 1580 2659 fore,
1608 2626 1644 2652 ut
1663 2617 1758 2651 Deus
1777 2619 1966 2651 clementer
1985 2617 2107 2648 desen-

1112 2673 1172 2705 dat
1197 2670 1410 2716 principem,
1444 2681 1482 2703 ac
1505 2676 1613 2703 totam
1638 2668 1764 2713 Remp.
1818 2666 1865 2702 Et
1888 2668 1915 2700 si
1941 2667 2106 2700 volumus

1504 2718 1577 2754 15*
