2338 2958
207 143 276 177 571

210 240 288 259 sun,
309 232 422 259 nogia.
442 219 604 264 Epis-opi
624 216 756 250 functio
774 216 804 248 ei
822 217 984 248 mandata
1004 222 1100 256 esset,
1130 215 1200 248 Va-

211 263 425 311 lentinianus
448 271 581 313 reipub.
603 267 797 310 gr.·.tulatus
817 275 863 300 est
880 279 956 299 eam
983 267 1200 307 electionem,

211 337 238 359 et
266 327 401 371 gavisus
418 328 547 355 tantam
565 330 637 352 esse
660 318 822 362 pietatem
842 319 878 350 in
904 319 1061 361 praeside
1083 325 1115 351 et
1139 330 1199 350 cn-

210 381 306 412 stode
324 383 508 417 corporum
521 397 529 411 ‚
557 376 594 402 nt
611 369 705 402 Deus
720 369 891 402 censuerit
909 369 1043 401 animas
1060 369 1090 402 ei
1105 381 1200 402 com-

210 426 425 462 mendandas
441 433 523 455 esse.
568 420 664 453 Idem
682 426 825 453 testatus
842 428 888 452 est
909 420 1105 453 libertatem
1127 419 1201 452 eins

210 480 246 511 in
263 474 410 510 decretis
426 472 547 506 aulicis
561 478 594 505 et
603 470 874 513 Magistratuum
892 470 1099 503 inse-riorum
1117 470 1201 503 actis

210 523 510 561 reprehendendis
531 533 566 555 se
583 521 792 564 comperisse
811 528 843 555 et
866 522 1028 565 probare.
1083 521 1201 563 Popu-

211 565 266 612 lus
283 589 366 610 vero
389 576 437 608 sic
458 586 537 607 eum
556 572 694 611 dilexit,
722 578 759 605 ut
778 585 854 604 cnm
877 572 1023 605 fuissent
1043 579 1140 604 antea
1160 572 1202 604 de

211 629 381 663 electione
416 637 540 668 magna
572 623 760 657 certamina
789 620 883 655 hunc
911 623 1088 656 communi
1117 634 1202 654 con-

213 691 313 713 sensu
333 679 374 711 ad
390 674 555 720 Episcopi
575 684 702 706 munus
720 674 862 706 vocarit.

300 729 527 763 pervaserant
546 725 581 757 in
601 723 734 757 ltaliam
754 723 911 765 contagia
930 723 1019 756 labis
1040 721 1203 762 Arianae,

212 789 244 815 et
268 778 465 814 Auxentius
494 774 689 809 Mediolani
715 772 931 817 Episcopus,
966 786 1046 806 cnm
1071 773 1204 806 faveret

212 831 356 866 Arianis
389 833 556 872 sparserat
596 836 718 857 eorum
753 836 927 856 venenum
953 824 989 856 in
1020 824 1202 868 populum.

212 882 306 916 Hinc
324 887 398 914 orta
418 876 591 911 discordia
608 875 747 908 duravit
766 881 842 918 post
857 881 1006 908 mortem
1024 873 1203 908 Anxentii.

213 931 435 975 flagitabant
451 928 558 971 igitur
574 926 622 970 pii
643 924 854 969 Episcopum
877 932 966 958 recte
983 926 1204 966 sentientem,

213 983 337 1017 caeteri
355 992 436 1013 vero
462 977 579 1011 insecti
597 977 675 1010 Arii
695 988 830 1009 veneno
845 977 1059 1021 quaerebant
1075 977 1128 1009 sui
1149 988 1203 1009 er-

214 1035 302 1068 roris
322 1036 628 1077 propugnatorem.
681 1025 834 1061 Duravit
857 1034 1032 1060 certamen
1057 1039 1117 1071 per
1136 1027 1202 1060 ali—

214 1091 301 1130 quot
324 1083 414 1116 dies:
443 1092 523 1113 nam
549 1089 685 1123 praeses
710 1076 920 1110 Ambrosius
945 1077 1048 1111 initio
1071 1090 1105 1110 se
1131 1089 1204 1112 non

214 1133 419 1172 admiscuit,
452 1142 495 1163 ne
520 1127 806 1172 suffragationem
830 1128 952 1172 populi
971 1135 1109 1172 praeter
1128 1141 1203 1161 mo-

213 1197 288 1220 rem
315 1181 486 1227 impedire
514 1181 702 1213 videretur.
755 1178 916 1211 Tandem
948 1190 1026 1211 cum
1052 1179 1203 1212 incensis

214 1235 361 1272 animis,
398 1231 587 1266 seditiones
614 1236 646 1262 et
670 1229 789 1261 caedes
813 1229 1076 1272 impenderent,
1107 1229 1204 1261 venit

215 1288 250 1320 in
268 1285 449 1328 templum,
473 1288 506 1315 et
523 1279 686 1314 bortatur
703 1286 876 1323 utranque
893 1285 1024 1323 partem
1042 1280 1084 1312 ad
1105 1286 1203 1312 tran-

213 1337 425 1383 quillitatem
437 1360 445 1373 ,
467 1336 717 1365 commemorat
733 1329 905 1362 divinitus
920 1330 996 1362 dari
1014 1330 1128 1362 honos
1143 1342 1204 1373 pa-

213 1397 339 1427 stores,
363 1392 401 1418 ut
420 1383 550 1416 Paulus
566 1381 698 1421 scribit,
726 1386 758 1413 et
774 1379 888 1413 Deum
906 1381 1101 1423 rogandum
1121 1392 1204 1419 esse,

213 1446 253 1473 ut
281 1434 566 1479 suffragationem
593 1438 703 1475 regat,
736 1438 769 1464 et
784 1437 917 1464 mentes
935 1431 1051 1465 flectat
1074 1431 1116 1464 ad
1140 1431 1204 1464 eli-

213 1490 365 1533 gendum
391 1487 557 1518 idoneum
586 1481 820 1526 Episcopum,
856 1494 894 1514 ac
927 1481 1054 1514 omissa
1089 1481 1203 1514 ambi·

214 1541 320 1579 tione,
346 1544 378 1571 et
394 1535 560 1580 depositis
576 1532 714 1566 iniustis
731 1532 996 1575 cupiditatibus,
1024 1544 1204 1577 quaeren—

213 1593 298 1625 dum
327 1600 398 1622 esse
425 1587 541 1619 virum
571 1585 727 1622 bonum,
759 1582 815 1615 cni
844 1590 934 1616 recte
962 1582 1203 1616 commendari

213 1641 347 1676 functio
368 1637 487 1683 possit.

315 1689 430 1724 Tanta
451 1692 524 1720 erat
541 1685 576 1717 in
595 1683 753 1717 oratione
768 1681 944 1716 Praesidis
966 1683 1095 1726 pietas,
1122 1695 1203 1716 mox

213 1751 252 1777 ut
270 1737 498 1776 conclamarit
515 1743 663 1779 utraque
681 1745 773 1777 pars,
800 1731 906 1775 huius
924 1733 990 1766 viri
1007 1733 1202 1766 orationem

214 1802 245 1828 ct
269 1793 432 1837 pietatem
458 1786 646 1821 convenire
669 1782 856 1828 Episcopo.
911 1783 961 1817 Ita
985 1782 1203 1821 Ambrosius,

214 1845 273 1890 qni
311 1854 388 1876 cnm
422 1838 575 1873 fascibus
602 1842 675 1868 erat
703 1834 739 1867 in
767 1834 967 1878 provincia,
1006 1841 1037 1867 et
1068 1841 1204 1891 praeter

213 1907 310 1929 suam
335 1891 541 1936 opinionem
571 1893 603 1920 et
635 1892 770 1930 praeter
794 1897 927 1918 morem
951 1892 1204 1918 consentienti-

212 1948 278 1981 bus
295 1942 454 1978 omnium
473 1937 646 1980 suffragiis
663 1936 803 1979 eligitur
818 1935 1025 1980 Episcopus.
1076 1934 1203 1969 Recla-

213 2004 282 2031 mat
303 1995 392 2039 ipse,
419 2002 523 2036 seque
547 1994 702 2027 excusat,
729 1988 822 2031 quod
845 1988 1002 2019 nondum
1029 1986 1203 2030 baptismo

214 2047 372 2081 initiatus
405 2036 468 2082 sit,
511 2041 604 2085 quod
641 2045 735 2081 gerat
773 2036 1018 2080 Magistratnm
1054 2037 1203 2074 civilem,

213 2099 307 2144 quod
333 2097 368 2128 in
395 2106 432 2126 ea
456 2090 615 2125 doctrina
640 2100 728 2133 qnae
748 2088 783 2120 in
805 2085 979 2131 Episcopo
1000 2087 1204 2132 requiritur,

213 2161 284 2182 nnn
321 2145 402 2178 satis
426 2148 579 2175 versatus
610 2139 666 2172 sit:
701 2139 759 2171 sed
787 2138 940 2171 vincitur
969 2138 1088 2182 populi
1119 2150 1203 2170 con-

214 2210 315 2233 sensu
335 2203 365 2228 et
389 2191 611 2237 lmperatoris
631 2189 895 2233 adprobatione.

317 2246 430 2281 Multa
457 2243 630 2277 studiosos
658 2238 740 2273 llaec
765 2240 887 2273 electio
912 2251 1055 2272 monere
1079 2245 1201 2284 potest.

214 2300 371 2333 Primum
412 2296 567 2327 xidemns
604 2292 717 2324 bonos
746 2298 900 2334 pastores
937 2303 1006 2323 non
1039 2288 1203 2322 lnnnanis

214 2349 369 2385 consiliis
396 2345 570 2382 inveniri,
595 2345 653 2375 sed
674 2342 841 2382 singulari
871 2339 931 2374 Dei
957 2354 1021 2385 ope
1040 2339 1203 2374 Ecclesiis

214 2399 371 2447 praefici.
400 2402 435 2429 nl
455 2397 495 2429 ad
516 2391 686 2438 Ephesios
708 2393 874 2434 scriptum
900 2399 965 2425 est:
997 2391 1202 2424 Ascendisse

212 2451 393 2485 Christum
413 2448 446 2479 in
465 2446 598 2483 coelos,
626 2451 660 2477 nt
681 2445 736 2476 det
756 2444 847 2475 dona
870 2441 1087 2481 bominibus,
1115 2441 1200 2474 Pro-

213 2501 352 2548 phetas.
384 2497 590 2541 Apnstnlns,
617 2494 793 2532 l‘astores,
820 2500 856 2526 nt
889 2494 1039 2526 subinde
1063 2499 1203 2537 propter

213 2565 303 2588 nova
324 2547 513 2583 certamina
535 2547 625 2579 lleus
644 2545 848 2578 exceltentes
873 2545 1053 2577 ministros
1075 2544 1199 2576 excita-

213 2606 282 2643 vit,
312 2599 471 2633 videlicet
497 2596 627 2635 Eliam,
661 2594 835 2634 Etim-um,
864 2594 1022 2633 Esaiam,
1054 2601 1085 2627 et
1107 2593 1201 2627 alios.

213 2656 335 2689 Postea
367 2649 573 2692 Apostolm.
610 2647 737 2678 deinde
762 2644 1013 2683 Athanasium.
1050 2644 1202 2679 Ambro-

214 2707 301 2739 sium
318 2732 324 2741 ,
355 2699 608 2743 Angustiuum.
637 2704 668 2730 ct
685 2697 815 2729 similes
834 2697 1015 2742 quosdam.

898 128 1058 165 DECL.
1098 128 1174 165 DE
1209 128 1533 166 AMBROSIO.

1355 213 1416 248 Est
1434 221 1467 248 et
1484 212 1549 247 boc
1567 215 1800 249 admiratione
1817 218 1974 260 dignum,
2001 221 2106 253 talem
2123 221 2238 253 virum

1251 267 1311 311 qni
1335 277 1426 298 unns
1452 265 1500 298 ibi
1527 266 1733 298 turbulento
1760 273 1914 309 tempore
1938 271 2086 303 idoneus
2112 271 2239 314 guber..

1251 325 1354 350 nator
1377 317 1518 349 futurus
1543 323 1634 355 erat,
1669 328 1741 348 non
1769 329 1808 349 ex
1836 319 1981 362 collegio
2000 321 2240 361 Sacerdotnm,

1252 369 1309 400 sed
1331 379 1371 399 ex
1391 367 1519 399 sorensi
1541 368 1644 400 tnrba
1662 368 1705 399 ad
1729 374 1865 400 tantum
1885 380 2014 404 munus
2035 372 2240 406 accersitum

1252 430 1334 453 esse.
1388 417 1456 451 Sed
1474 424 1512 451 ut
1534 418 1570 450 in
1587 418 1708 450 castris
1725 425 1757 452 et
1779 419 1814 451 in
1833 419 1906 452 acie
1931 420 2027 454 locus
2043 429 2092 455 est
2111 422 2242 466 pietati,

1252 481 1291 501 ac
1307 469 1343 501 in
1364 468 1423 501 illa
1441 480 1558 501 rerum
1576 468 1819 510 magnitudine
1834 471 2020 514 praecipue
2038 472 2128 507 lucet
2145 473 2241 513 fides,

1253 526 1291 553 ut
1316 520 1353 552 in
1369 518 1504 552 Davide
1533 525 1565 552 et
1588 519 1778 552 similibus:
1808 519 1853 552 ita
1877 521 1913 552 in
1931 527 2049 567 togata
2065 524 2242 565 guberna-

1253 571 1350 603 tione
1375 582 1414 602 ac
1436 571 1472 602 in
1499 570 1576 603 foro
1601 570 1729 603 multos
1754 581 1826 602 esse
1849 571 1946 614 pios,
1978 584 2050 605 non
2075 573 2242 608 dubitan-

1254 622 1338 654 dum
1357 629 1425 660 est,
1454 633 1493 653 ac
1510 620 1696 665 praecipue
1712 627 1797 653 tunc
1821 628 1936 661 erant,
1960 635 2038 656 cum
2057 623 2242 667 disciplina

1253 669 1536 705 Christianorum
1560 671 1716 705 severior
1735 677 1834 706 esset.
1888 671 2046 706 Fratrem
2064 673 2243 719 Satyrum,

1254 722 1309 754 cui
1328 728 1398 755 tota
1416 722 1486 755 vita
1505 722 1540 755 in
1559 723 1635 755 foro
1650 729 1723 755 acta
1740 729 1804 762 est,
1832 723 1878 756 ita
1897 723 2074 767 praedicat
2090 724 2244 758 Ambro-

1254 773 1346 812 sius,
1378 779 1417 806 ut
1434 772 1502 805 sibi
1519 773 1622 805 etiam
1639 773 1820 807 anteferat.

1356 821 1403 857 Et
1429 835 1508 856 cum
1532 823 1648 856 omnis
1670 824 1878 866 gubernatio
1901 823 2094 867 plurimum
2118 821 2245 859 habeat

1255 873 1511 917 periculorum,
1547 874 1676 906 multae
1702 886 1736 907 se
1760 874 1797 906 in
1822 874 1917 907 curia
1950 874 2016 918 piis
2046 875 2244 909 occasiones

1255 925 1465 958 exercendae
1482 924 1561 957 fidei
1578 924 1741 957 offerunt.

1254 976 1340 1008 tatio
1364 975 1441 1007 viro
1464 976 1559 1008 bono
1589 975 1713 1008 eximia
1740 977 1909 1019 quaedam
1929 973 2159 1020 Philosophia
2185 984 2245 1012 est.

1254 1025 1322 1059 llic
1357 1027 1461 1059 discit
1494 1026 1608 1069 legum
1637 1037 1776 1066 causas,
1818 1026 1947 1071 quibus
1981 1027 2246 1068 animadversis,

1254 1077 1363 1120 leges,
1398 1077 1563 1120 imperia,
1594 1076 1782 1117 iustitiam,
1809 1077 1904 1109 videt
1930 1088 1983 1109 res
2007 1077 2146 1110 divinas
2171 1090 2244 1111 esse

1255 1135 1287 1160 et
1303 1127 1410 1170 magis
1427 1133 1624 1160 veneratur.
1669 1125 1772 1159 Acuit
1791 1127 1895 1160 etiam
1914 1126 2053 1170 ingenia
2070 1128 2246 1162 subtilitas

1255 1178 1553 1221 disputationum,
1600 1183 1632 1210 et
1669 1177 1815 1210 varietas
1857 1178 2082 1221 prudentiam
2121 1179 2245 1214 adfert.

1255 1227 1350 1270 Quid
1372 1228 1466 1271 qnod
1490 1227 1540 1259 ibi
1563 1227 1856 1270 introspiciuntur
1878 1225 2062 1261 hominum
2080 1236 2194 1263 mores
2213 1237 2247 1264 et

1255 1285 1419 1317 naturae,
1447 1289 1597 1322 quarum
1616 1277 1770 1319 cognitio
1789 1278 2034 1320 gubernatori,
2061 1281 2104 1313 ad
2119 1292 2246 1313 caven-

1255 1331 1317 1361 das
1341 1328 1514 1361 malorum
1540 1328 1685 1360 insidias
1713 1334 1746 1360 et
1771 1329 1813 1361 ad
1840 1327 2030 1361 flectendos
2047 1331 2246 1364 moderatos

1255 1390 1468 1422 magnopere
1493 1379 1672 1412 conducit.
1732 1377 1814 1412 Non
1840 1385 1954 1422 potest
1985 1380 2094 1423 igitur
2126 1382 2246 1424 negari

1254 1430 1373 1463 futuro
1391 1429 1632 1473 gubernatori,
1656 1429 1783 1470 sorum,
1810 1429 1992 1473 palestram
2011 1442 2082 1464 esse
2100 1431 2248 1466 utilissi-

1255 1492 1367 1519 mam,
1408 1481 1612 1523 praesertim
1640 1479 1668 1512 si
1702 1481 1841 1513 accedat
1867 1477 2052 1524 Evangelii
2081 1482 2246 1525 cognitio.

1255 1530 1326 1564 'Nec
1345 1531 1453 1563 fuerit
1476 1531 1602 1564 inutile
1617 1530 1704 1564 tales
1722 1530 1836 1571 viros,
1863 1531 1922 1575 qui
1941 1531 2164 1566 coniunctam
2183 1531 2246 1567 lia-

1256 1582 1338 1613 bent
1368 1582 1530 1623 pietatem
1562 1588 1594 1614 et
1630 1581 1865 1614 eruditionem
1893 1579 2131 1616 Christianam
2167 1597 2245 1617 cum

1254 1631 1348 1664 civili
1368 1631 1591 1673 prudentiam
1608 1632 1648 1664 ad
1668 1632 1835 1671 regendas
1854 1629 2026 1666 Ecclesias
2042 1632 2246 1678 provehere.

1354 1680 1458 1715 Extat
1475 1688 1589 1714 autem
1609 1679 1766 1725 Epistola
1785 1681 1926 1725 Basilii,
1948 1684 2075 1726 scripta
2095 1685 2137 1717 ad
2159 1682 2246 1718 Am-

1254 1731 1412 1765 brosium
1436 1743 1556 1765 recens
1580 1739 1741 1765 vocatum
1768 1734 1809 1765 ad
1831 1730 1995 1778 Episcopi
2017 1735 2246 1777 functionem,

1254 1794 1293 1815 ex
1311 1793 1379 1826 qua
1400 1782 1550 1826 intelligi
1577 1789 1710 1826 potest,
1736 1790 1817 1816 tnnc
1842 1795 1983 1828 quoque
2006 1784 2042 1817 in
2061 1783 2144 1819 Asia
2159 1787 2246 1821 Am-

1255 1833 1362 1865 brosii
1396 1844 1525 1865 nomen
1556 1840 1700 1876 propter
1730 1834 1891 1866 eximiam
1916 1835 2081 1868 virtutem
2113 1837 2245 1871 clarum

1253 1884 1369 1916 fnisse.
1422 1884 1480 1917 Sic
1503 1884 1597 1916 enim
1621 1884 1668 1917 ait
1692 1883 1858 1917 B·sitius:
1889 1883 2060 1927 Magnum
2080 1885 2143 1920 Dei
2168 1900 2246 1922 mu-

1256 1946 1321 1966 nus
1342 1946 1433 1972 esse,
1462 1936 1554 1979 quod
1575 1935 1689 1967 virum
1716 1943 1835 1967 natum
1861 1935 1896 1967 in
1913 1937 2000 1969 urbe
2018 1937 2160 1970 domina
2179 1939 2246 1971 im-

1255 1985 1363 2027 perii,
1390 1985 1449 2030 qni
1469 1985 1707 2027 magistratum
1734 1986 1834 2026 gessit
1849 2010 1857 2021 ,
1885 1987 2110 2020 excellentem
2129 1989 2245 2022 consi-

1255 2035 1322 2073 lio,
1350 2038 1485 2077 generis
1510 2043 1542 2069 et
1562 2036 1652 2068 vitae
1675 2037 1879 2079 splendore,
1907 2036 2106 2081 eloquentia
2126 2046 2158 2072 et
2173 2040 2245 2073 cla-

1254 2098 1330 2118 rum
1364 2087 1468 2118 rebus
1502 2087 1605 2129 gestis
1632 2086 1773 2120 traxerit
1803 2087 1844 2118 ad
1871 2088 2081 2130 pascendum
2107 2100 2244 2133 gregem

1254 2133 1397 2170 (bristi.
1453 2135 1546 2169 llaec
1570 2145 1650 2170 sunt
1675 2138 1778 2170 verba
1802 2135 1922 2170 Basilii
1955 2150 1994 2171 ex
2025 2150 2147 2182 graeco
2171 2152 2243 2174 ser-

1255 2199 1358 2219 nlssllt‘
1376 2200 1545 2230 G'Xpl'l'ssa-

1354 2238 1442 2270 (jum
1462 2245 1578 2271 antem
1599 2236 1811 2281 Episcopum
1832 2238 1977 2270 nomino
1997 2238 2032 2271 iu
2052 2237 2116 2273 bac
2133 2238 2244 2276 bisto-

1254 2289 1303 2320 ria
1316 2315 1323 2326 ,
1349 2296 1463 2321 vetera
1485 2288 1655 2321 Ecclesiae
1679 2296 1834 2331 tempora
1853 2289 1958 2321 velim
1976 2301 2037 2322 vos
2055 2291 2173 2325 animo
2189 2293 2244 2326 in-

1255 2339 1342 2371 tueri
1414 2339 1489 2371 Non
1510 2346 1578 2372 erat
1598 2339 1725 2375 ocium,
1755 2347 1788 2372 nt
1811 2352 1903 2371 nnnc
1921 2338 2086 2384 Episcopi
2105 2353 2245 2384 munus,

1254 2398 1308 2422 ant
1331 2392 1500 2435 quaedam
1521 2397 1655 2422 tantum
1675 2391 1952 2423 ceremoniarum
1971 2392 2149 2431 tractatio,
2176 2395 2242 2426 mi—

1256 2441 1326 2472 litia
1346 2448 1416 2473 erat
1445 2441 1603 2473 omnium
1622 2441 1846 2473 difficillima:
1881 2453 1941 2473 nec
1960 2448 2096 2475 tantum
2114 2445 2242 2477 acerri-

1255 2504 1306 2523 me
1325 2491 1567 2524 dimicationes
1584 2503 1661 2523 cnm
1680 2491 1906 2528 adversariis.
1932 2493 1990 2524 sed
2015 2492 2118 2525 etiam
2143 2506 2243 2539 saepe

1255 2549 1434 2584 potentum
1467 2542 1547 2574 odia
1576 2549 1606 2575 et
1642 2542 1757 2575 omnis
1783 2542 1919 2584 generis
1950 2542 2101 2586 pericula
2135 2546 2243 2579 susci-

1255 2593 1379 2636 pienda
1398 2599 1507 2627 erant.

1355 2643 1404 2676 Ac
1426 2643 1601 2676 ¹merosii
1628 2643 1886 2675 administratio
1912 2644 2097 2686 praecipue
2120 2645 2243 2680 inridit

1256 2694 1289 2726 in
1309 2694 1515 2726 difficillima
1533 2702 1699 2737 tempora,
1726 2693 1814 2726 xidn
1835 2693 1997 2726 florentes
2018 2694 2244 2739 lmperatores

2164 134 2239 170 572
2278 143 2290 153 ·’

1787 923 1923 958 Deinde
1947 925 2096 958 forensis
2122 926 2244 971 dispu-
2287 947 2289 949 ·

2304 2084 2318 2958 -ι--μ--ν-ᾼ-ῳῂ-ῴ--.
2315 2046 2317 2058 -
2314 2001 2315 2005 Α
2314 1950 2316 1979 ⁴-

2310 1218 2313 1442 .„—.-„-.-.-—
2310 1201 2313 1207 r
2309 938 2319 1188 ,σὴ-*ψη-
