2338 2958
66 143 140 181 669

92 227 157 263 No.
176 226 236 261 80.

75 273 243 289 w

205 317 280 357 De
305 316 459 356 stricto
486 314 584 355 iure
600 319 644 354 et
666 315 907 367 aequitate.

877 236 924 256 an.
944 223 1038 254 1544.

134 405 166 431 ln
181 403 330 430 Declamat.
348 403 380 430 T.
396 402 439 429 IV.
455 412 480 435 p.
495 402 529 427 70
543 410 601 435 sqq.
612 420 619 433 ,

167 437 237 470 apud
250 437 377 463 Richard.
397 436 428 462 T.
445 437 478 462 ll.
497 445 520 469 p.
536 437 594 461 548.
614 449 648 454 --
684 435 784 468 Mylius
798 434 826 459 in
843 434 964 459 chronol.
981 432 1051 458 scri-

167 477 275 505 ptorum
292 471 357 496 Mel.
372 470 444 496 hunc
458 470 611 495 orationem
625 469 709 494 refert
725 468 757 493 ad
771 477 812 494 an.
830 468 904 493 1544.

639 401 665 426 in
681 401 794 426 Sei-vest.
814 400 846 425 T.
863 400 907 424 [V.
931 408 956 433 p.
971 398 1011 424 63.
1027 401 1051 423 et

68 553 194 586 Oratio
216 549 260 583 de
280 551 411 583 stricto
434 551 515 582 iure
540 552 577 581 et
596 549 810 591 aequitate,
838 555 887 578 ex
902 546 944 579 L.
962 545 1051 577 Pla-

67 603 167 644 cuit,
196 600 317 634 codice
335 600 380 633 de
404 598 568 633 iudiciis.
619 599 796 630 Recitata
817 606 840 628 α
864 596 911 629 D.
935 594 1051 628 Mel-

67 651 226 686 chviore
252 651 401 696 Kliny.
453 650 516 690 (De
539 650 640 679 eadem
657 661 686 678 re
710 649 799 678 habes
817 650 980 677 orationem
998 658 1050 676 su-

118 709 127 716 ·
450 711 502 740 pra
525 699 583 730 No.
603 699 671 737 67.)

66 769 212 810 Multae
227 784 371 816 magnae
386 770 606 804 difficultates
619 796 627 810 ‚
651 769 769 811 magni
785 775 899 802 motus
915 779 1050 811 semper

67 826 107 858 in
123 824 220 858 omni
239 822 397 868 quamvis
420 820 562 853 salutari
582 827 615 852 et
637 819 772 863 placida
798 819 1051 862 gubernatione

69 875 269 909 extiterunt.
319 871 407 904 Nam
423 877 456 903 et
473 867 659 902 hominum
678 875 822 902 naturae
846 876 927 902 sunt
953 868 1050 900 infir-

68 937 164 964 mae,
197 929 231 956 et
258 921 339 955 odio
363 920 429 954 Dei
454 927 656 963 grassantur
683 919 816 952 diaboli
842 916 1049 956 homicidae,

68 975 130 1020 qui
151 971 342 1005 imbecilles
364 977 506 1003 naturas
532 970 744 1009 incendunt,
779 975 817 1002 ut
841 969 1051 1001 conturbent

69 1022 309 1066 disciplinam,
350 1028 382 1054 et
407 1026 571 1053 moveant
602 1019 757 1062 imperia.
816 1017 896 1051 No'n
919 1019 986 1052 suit
1013 1018 1048 1049 in

68 1073 169 1109 terris
193 1084 251 1104 rex
272 1071 504 1115 praestantior
535 1069 719 1113 sapientia,
758 1068 894 1101 iusticia
921 1075 954 1101 et
977 1068 1050 1100 sor-

68 1123 238 1161 titudine,
272 1133 376 1165 quam
403 1119 538 1157 David,
573 1118 667 1152 hunc
693 1125 808 1151 tamen
833 1130 905 1150 non
936 1118 1049 1150 solum

70 1181 210 1209 externa
233 1171 343 1211 bella,
376 1170 435 1203 sed
454 1169 556 1202 etiam
579 1169 763 1202 intestinae
783 1168 972 1200 seditiones
989 1167 1049 1199 din

69 1227 308 1259 exercuerunt.
361 1219 484 1253 Postea
503 1219 576 1262 ipse
593 1230 652 1252 sua
670 1218 908 1250 imbecillitate
923 1218 1050 1261 lapsus,

70 1275 190 1309 ruinas
206 1269 392 1304 horribiles
411 1270 447 1301 in
464 1269 573 1313 patria
598 1269 711 1302 traxit.
765 1267 880 1309 Quam
899 1267 1003 1299 foelix
1020 1273 1051 1298 et

69 1324 171 1358 fortis
197 1333 256 1354 rex
285 1320 350 1353 suit
377 1319 514 1364 Cyrus?
557 1318 603 1351 At
638 1316 694 1350 hic
728 1329 803 1350 cun:
834 1318 901 1349 iam
930 1323 1049 1360 pacato

72 1374 220 1407 Oriente
245 1382 317 1402 non
340 1370 454 1402 solum
479 1369 587 1411 gloria
605 1368 764 1407 floreret,
791 1368 849 1399 sed
866 1367 969 1400 etiam
988 1367 1052 1398 do-

73 1424 219 1458 ctrinam
243 1431 359 1452 veram
379 1420 422 1451 de
441 1417 515 1451 Deo
543 1418 720 1461 amplexus
740 1424 844 1456 esset,
871 1423 904 1449 et
919 1416 1051 1449 dictum

71 1471 309 1519 proposuisset
325 1469 368 1502 de
388 1469 594 1502 liberatione
612 1475 642 1501 et
663 1467 915 1500 instauratione
931 1464 1054 1498 Eccle-

71 1525 142 1558 siae
158 1521 244 1561 Dei,
271 1519 403 1553 bellum
419 1519 531 1551 movit
551 1529 622 1550 non
643 1517 873 1550 necessarium
889 1516 1054 1549 adversus

72 1570 235 1619 Scythas:
270 1582 339 1615 quo
368 1569 404 1601 in
431 1569 524 1601 bello
551 1568 623 1600 acie
649 1567 760 1600 victus
786 1574 820 1599 et
847 1572 965 1609 captus
992 1571 1054 1604 est,

73 1631 107 1657 et
134 1632 260 1665 corpus
287 1619 460 1652 interfecti
487 1617 718 1651 muliebribus
741 1615 964 1649 contumeliis
992 1615 1055 1649 ad-

71 1675 201 1707 fectum
219 1677 280 1705 est.

172 1721 280 1754 Plena
297 1726 346 1752 est
360 1717 482 1752 talium
498 1717 736 1760 exemplorum
753 1715 915 1748 universa
931 1713 1056 1746 mundi

73 1771 233 1807 historia.
285 1768 358 1803 Cur
380 1775 495 1802 autem
519 1765 603 1800 haec
631 1774 701 1800 tam
726 1765 836 1799 tristia
864 1763 1055 1807 spectacula

73 1822 178 1857 nobis
195 1818 467 1864 proponuntur?
516 1816 651 1850 Multae
665 1826 809 1858 magnae
827 1825 948 1847 causae
964 1819 1058 1850 sunt,

74 1875 118 1908 de
132 1871 261 1916 quibus
277 1869 362 1902 alias
371 1879 472 1911 saepe
481 1867 626 1899 dicitur:
653 1865 787 1898 Fatales
805 1875 936 1907 poenae
953 1863 1057 1895 scele-

74 1934 154 1958 rum
178 1919 302 1954 mundi
319 1924 489 1961 vagantur
511 1928 572 1960 per
595 1922 707 1949 totum
732 1925 840 1958 genus
864 1911 1056 1946 humanum

76 1972 240 2008 omnibus
262 1969 397 2002 seculis.
460 1966 539 1999 Non
565 1967 608 1999 ad
632 1965 836 1998 suavitatem
861 1970 893 1997 et
918 1962 1058 1995 delicias

76 2022 271 2060 nascimur,
296 2019 357 2052 sed
382 2029 459 2051 cum
487 2017 523 2049 in
549 2014 612 2048 hac
636 2022 779 2047 naturae
804 2011 976 2046 humanae
999 2013 1059 2045 de-

76 2071 280 2118 pravatione
296 2079 440 2111 magnae
455 2067 524 2100 sint
550 2067 586 2098 in
604 2065 731 2097 animis
748 2064 929 2103 tenebrae,
952 2070 984 2096 et
999 2074 1059 2095 cu-

77 2116 257 2157 mulentur
290 2119 418 2152 scelera
454 2117 559 2149 variis
594 2116 789 2154 furoribus,
825 2113 960 2146 iusticia
995 2111 1060 2145 Dei

79 2174 167 2207 iram
188 2172 353 2205 adversus
381 2174 517 2212 peccata
547 2167 644 2199 omni
670 2176 793 2207 genere
825 2163 1059 2197 calamitatum

79 2223 243 2257 declarat.
301 2218 370 2252 Sed
397 2225 512 2251 tamen
540 2217 706 2249 immensa
731 2214 796 2248 Dei
828 2213 964 2246 bonitas
988 2224 1061 2245 non

79 2273 157 2306 vult
172 2269 315 2305 accendi
331 2275 437 2302 totam
456 2268 562 2307 iram,
589 2273 627 2299 ut
645 2265 803 2298 Psalmus
819 2264 946 2308 inquit.
990 2262 1062 2296 Mi-

79 2323 236 2366 tigantur
260 2330 414 2363 poenae,
446 2317 492 2350 ita
524 2329 567 2350 ne
592 2323 702 2350 totum
731 2325 839 2358 genus
869 2312 1061 2346 humanum

80 2378 210 2418 pereat.
259 2367 376 2410 Elegit
400 2367 492 2400 enim
509 2365 603 2400 Deus
621 2366 687 2398 sibi
706 2364 914 2402 Ecclesiam,
943 2364 979 2395 in
994 2375 1060 2408 qua

82 2429 250 2468 perpetuo
267 2419 472 2452 celebretur.
527 2416 607 2449 Ideo
624 2416 758 2460 aliquas
779 2421 892 2447 servat
916 2414 1063 2457 polinas,

83 2481 117 2508 et
131 2470 197 2505 hac
219 2468 406 2512 disciplina
432 2473 464 2500 et
491 2466 624 2508 legibus
642 2467 713 2509 regi
731 2465 822 2505 vult,
849 2470 961 2496 servat
985 2463 1062 2496 lite-

83 2534 202 2557 rarum
227 2527 260 2554 et
283 2518 462 2552 doctrinae
486 2514 645 2559 hospitia.
704 2514 750 2549 Et
773 2515 915 2547 mandat
938 2514 1064 2556 guber-

83 2572 285 2610 natoribus,
312 2576 350 2602 ut
375 2568 443 2600 sint
470 2567 584 2609 legum
610 2573 642 2599 et
667 2565 872 2609 disciplinae
897 2565 1065 2605 custodes,

86 2629 117 2655 et
136 2632 195 2654 eos
209 2621 360 2654 adiuvat.
413 2617 481 2652 Sed
508 2617 543 2649 in
564 2616 669 2649 tantis
687 2616 850 2648 fluctibus
869 2626 907 2646 ac
931 2615 1065 2657 procel-

86 2673 129 2706 lis
144 2682 261 2705 rerum
278 2667 510 2702 humanarum
535 2678 634 2711 saepe
655 2673 728 2699 tum
754 2665 964 2705 mediocres,
991 2671 1064 2698 tum

452 135 611 173 DECL.
653 136 724 172 DE
758 133 1014 173 STRICTO
1051 136 1192 173 IL'RE
1224 136 1297 173 ET
1327 137 1694 183 AEQL'ITATE.

2012 141 2086 175 670

1102 223 1228 255 summi
1251 220 1430 262 homines,
1458 223 1519 269 qui
1537 230 1668 268 partem
1686 225 1838 269 aliquam
1860 223 2084 267 gubernatio-

1102 272 1156 304 nis
1173 273 1364 313 sustinent,
1391 275 1629 316 desperatione
1645 275 1794 319 quadam
1812 274 2007 307 existimant
2025 286 2084 317 pe—

1102 322 1196 354 nitus
1220 322 1434 355 abiiciendos
1464 335 1534 355 esse
1565 335 1677 357 remos
1708 331 1739 357 et
1771 324 1867 364 vela,
1903 331 1935 357 et
1962 323 2082 367 procul

1101 372 1303 414 fugiendam
1337 383 1408 405 esse
1442 370 1626 405 hominum
1655 374 1870 412 societatem,
1909 380 1941 407 et
1968 379 2083 416 partes

1102 432 1222 454 omnes
1244 421 1401 454 civilium
1431 422 1644 461 officiorum,
1678 422 1869 464 Ecclesiae,
1906 423 2083 456 doctrina-

1101 483 1190 512 rum,
1218 471 1344 509 curiae‚
1373 471 1583 505 iudiciorum
1600 473 1898 514 gubernationem.
1940 471 2081 506 Etenim

1102 533 1174 554 non
1190 521 1279 554 illud
1299 528 1432 554 tantum
1454 521 1618 555 miserum
1639 529 1698 560 est,
1726 524 1819 566 quod
1840 524 1927 556 bene
1946 535 2082 555 meren-

1101 578 1168 609 tes,
1196 571 1294 612 odia,
1322 572 1496 615 pericula,
1523 572 1695 604 cruciatus
1721 572 1786 604 sibi
1814 573 1988 606 beneficiis
2010 573 2082 605 suis

1102 628 1297 655 accersunt:
1325 623 1383 654 sed
1401 619 1468 654 hoc
1486 622 1598 655 multo
1615 622 1749 655 tristius
1766 629 1825 662 est,
1843 624 1935 667 quod
1953 624 2080 656 frustra

1102 672 1139 703 in
1155 672 1259 704 tantis
1270 671 1360 704 vitae
1377 672 1662 712 confusionibus,
1683 673 1856 715 suscipere
1873 679 1985 705 tantos
2000 684 2081 715 ago-

1102 733 1182 761 nes,
1205 728 1301 754 tanta
1319 722 1509 754 certamina
1527 722 1698 757 videmur.
1750 721 1825 754 Hac
1844 722 1995 755 offensus
2014 723 2080 754 mi-

1102 772 1189 804 seria
1206 771 1310 804 etiam
1329 771 1504 812 Socrates,
1531 772 1590 816 qui
1607 773 1743 815 sapiens
1761 772 1932 805 iudicatus
1949 778 2017 811 est,
2043 778 2081 804 ut

1101 822 1234 860 serunt,
1259 822 1418 862 oraculo,
1445 822 1532 864 fugit
1552 821 1728 864 Rempub.
1766 820 1932 866 Idemque
1950 823 2082 865 profes-

1101 883 1158 904 sus
1183 881 1232 904 est
1257 878 1288 904 et
1308 872 1464 916 exemplo
1485 879 1518 905 et
1536 872 1724 912 sententia,
1750 872 1842 915 quod
1859 878 1974 915 postea
1995 869 2082 914 Epi-

1102 922 1196 955 curei
1221 922 1442 955 tradiderunt
1465 922 1557 954 inter
1579 922 1758 964 dogmata,
1785 933 1873 965 quae
1890 921 2000 953 videri
2018 933 2081 953 vo-

1102 972 1220 1004 lebant
1251 972 1294 1004 ad
1327 978 1418 1004 recte
1442 971 1632 1003 vivendum
1662 971 1868 1011 necessaria,
1902 971 2081 1004 videlicet:

1101 1033 1175 1054 non
1199 1021 1437 1063 attingendam
1456 1032 1527 1054 esse
1548 1021 1654 1053 ullam
1680 1027 1813 1064 partem
1830 1021 1986 1053 civilium
2004 1020 2081 1051 ossi-

1102 1071 1249 1104 ciorum.
1303 1070 1425 1104 Astute
1442 1071 1498 1104 isti
1516 1070 1670 1115 quidem,
1696 1071 1754 1102 sed
1772 1077 1888 1103 tamen
1903 1082 1975 1102 non
1990 1075 2081 1102 recte

1102 1127 1295 1154 senserunt.
1347 1120 1532 1153 Nascimur
1554 1121 1648 1152 enim
1667 1131 1787 1153 omnes
1804 1126 1844 1153 ut
1860 1119 1934 1153 Deo
1951 1119 2082 1152 servia-

1101 1183 1189 1211 mus,
1213 1171 1273 1215 qui
1291 1182 1387 1203 suam
1406 1170 1548 1204 cuilibet
1564 1170 1745 1204 stationem
1761 1170 1798 1202 in
1812 1167 1877 1203 hac
1893 1170 1964 1203 vita
1981 1169 2082 1202 attri-

1102 1222 1198 1261 buit,
1224 1232 1287 1252 nec
1302 1220 1377 1253 vult
1394 1232 1458 1252 nos
1474 1221 1630 1252 deserere
1648 1220 1811 1253 mandata
1831 1231 1975 1252 munera
1987 1245 1996 1259 ,
2023 1225 2082 1251 aut

1102 1271 1210 1303 animi
1229 1270 1375 1302 mollitie
1388 1296 1398 1310 ,
1424 1276 1483 1303 aut
1499 1270 1739 1312 desperatione
1761 1270 1905 1302 Fractos:
1933 1269 2010 1301 vult
2027 1279 2082 1300 re-

1103 1321 1208 1354 tineri
1233 1320 1428 1352 doctrinam
1443 1317 1618 1352 Ecclesiae
1641 1326 1673 1352 et
1698 1320 1806 1361 leges,
1832 1320 1907 1351 vult
1926 1317 2083 1361 discipli-

1103 1382 1184 1402 nam
1210 1376 1242 1402 et
1266 1370 1395 1402 iudicia
1420 1369 1491 1411 regi
1514 1369 1681 1411 tantisper
1699 1370 1783 1401 dum
1803 1368 1985 1412 spiramus.
2036 1366 2083 1399 Et

1104 1421 1200 1452 iubet
1221 1419 1390 1452 auxilium
1408 1419 1478 1462 peti
1499 1425 1531 1451 et
1555 1419 1726 1461 expectari
1743 1418 1930 1458 divinitus,
1956 1424 1988 1450 et
2008 1417 2084 1460 pol-

1104 1470 1228 1502 licetur
1247 1469 1383 1501 labores
1406 1480 1478 1501 non
1502 1468 1575 1501 fore
1596 1469 1724 1503 irritos.
1778 1467 1875 1501 Sicut
1890 1468 1927 1499 in
1944 1466 2084 1500 Psalmo

1105 1519 1249 1552 dicitur:
1277 1517 1427 1561 Expecta
1444 1516 1655 1557 Dominum,
1681 1525 1713 1551 et
1734 1518 1869 1551 custodi
1887 1518 1978 1549 viam
1998 1517 2085 1549 eius.

1106 1567 1181 1601 Etsi
1200 1569 1306 1610 igitur
1331 1565 1386 1599 his
1403 1568 1531 1600 nostris
1555 1568 1678 1600 studiis
1704 1579 1849 1609 magnae
1867 1567 2086 1600 difficultates

1105 1618 1341 1657 obiiciuntur,
1373 1624 1491 1649 tamen
1516 1614 1581 1649 hac
1606 1629 1668 1649 nos
1691 1617 1929 1649 consolatione
1949 1622 2085 1649 susten-

1106 1675 1228 1702 temus.
1281 1666 1360 1700 Non
1387 1667 1588 1699 abiiciamus
1606 1667 1721 1709 legum
1746 1667 1937 1700 custodiam
1953 1665 2085 1698 divini-

1107 1726 1161 1751 tus
1185 1717 1286 1750 nobis
1311 1717 1600 1749 commendatam.
1657 1716 1729 1749 Nec
1751 1717 1950 1749 dubitemus
1975 1715 2087 1749 Deum

1107 1769 1198 1800 inter
1231 1765 1296 1799 hos
1326 1767 1554 1809 imperiorum
1585 1766 1775 1805 tumultus,
1811 1766 1945 1810 aliquas
1970 1773 2086 1798 tamen

1107 1817 1246 1860 politias
1262 1822 1480 1849 servaturum
1500 1827 1589 1856 esse,
1615 1827 1652 1847 ac
1669 1813 1819 1859 hospitia
1834 1813 2026 1854 Ecclesiae,
2051 1815 2086 1845 in

1109 1867 1236 1911 quibus
1258 1865 1479 1909 disciplinam
1499 1873 1531 1899 et
1554 1865 1682 1898 iudicia
1705 1866 1780 1898 vult
1798 1866 1867 1908 regi
1891 1865 2005 1906 legum
2027 1875 2089 1896 au-

1109 1917 1248 1950 toritate
1266 1922 1298 1949 et
1318 1927 1400 1948 voce
1412 1940 1423 1956 ,
1450 1927 1522 1948 non
1541 1921 1678 1948 tantum
1695 1915 1848 1948 arbitriis
1870 1914 2010 1947 incertis
2027 1925 2089 1957 po-

1110 1973 1255 2000 tentum.
1316 1964 1436 2009 ltaque
1472 1962 1566 1998 bunc
1600 1965 1714 1997 locum
1750 1965 2089 2008 interpretandarum

1111 2017 1234 2059 legum,
1261 2022 1294 2048 et
1311 2022 1465 2048 nostram
1479 2015 1516 2047 in
1536 2015 1674 2047 iudiciis
1694 2014 1929 2048 assiduitatem
1947 2026 2017 2046 non
2036 2024 2091 2045 so-

1111 2067 1182 2099 lum
1199 2066 1337 2109 plenam
1355 2065 1533 2107 dignitatis
1547 2076 1635 2105 esse,
1662 2065 1719 2097 sed
1740 2065 1841 2097 etiam
1860 2064 1932 2097 Deo
1957 2064 2092 2107 placere

1111 2116 1234 2149 sentio.
1287 2114 1358 2148 Nec
1377 2115 1581 2148 indecorum
1606 2126 1676 2147 esse
1699 2113 1853 2148 honestis
1870 2114 1972 2154 viris,
2002 2114 2093 2146 inter

1113 2166 1266 2199 iuniores
1283 2166 1326 2197 de
1344 2165 1472 2198 virtute
1487 2164 1646 2197 omnium
1666 2176 1799 2197 summa
1812 2189 1819 2202 ,
1847 2164 2026 2201 videlicet,
2052 2163 2094 2194 de

1112 2215 1247 2249 iusticia
1265 2215 1450 2255 disserere,
1478 2215 1603 2247 iudico.
1659 2214 1714 2247 Illi
1740 2215 1805 2258 ipsi
1823 2214 1887 2246 viri
1905 2214 1964 2258 qui
1984 2213 2094 2255 impe-

1112 2267 1203 2299 rium
1222 2265 1318 2298 orbis
1336 2271 1506 2298 terrarum
1528 2265 1702 2307 regebant,
1729 2263 1908 2304 Scaevola,
1930 2262 2095 2306 Papinia-

1112 2328 1189 2355 nus,
1217 2315 1402 2358 Ulpianus,
1431 2321 1461 2347 et
1479 2314 1551 2352 alii,
1580 2326 1658 2347 cum
1676 2314 1712 2345 in
1729 2325 1903 2346 summum
1920 2313 2096 2355 fastigium

1113 2367 1202 2400 vitae
1225 2363 1414 2404 humanae,
1448 2370 1591 2407 propter
1614 2364 1847 2396 eruditionem
1873 2370 1907 2396 et
1932 2363 2095 2395 virtutem

1113 2415 1220 2449 evecti
1247 2421 1375 2454 essent,
1400 2421 1516 2447 tamen
1542 2413 1578 2445 in
1600 2411 1718 2446 schola
1744 2413 2022 2446 adolescentibus
2049 2412 2097 2443 le-

1113 2478 1194 2509 gum
1211 2466 1324 2498 fontes
1343 2471 1374 2497 et
1391 2463 1663 2507 disputationes,
1690 2470 1727 2495 ut
1751 2474 1813 2495 nos
1835 2463 2000 2502 facimus,
2027 2468 2097 2493 tra-

1114 2517 1255 2550 debant.
1292 2514 1428 2547 nomm
1444 2514 1599 2557 exempla
1618 2513 1729 2558 sequi,
1747 2511 1932 2546 honestum
1948 2519 1980 2545 et
2000 2523 2098 2555 prac-

1117 2567 1249 2600 clarum
1272 2571 1333 2599 est.

1214 2615 1304 2649 Cum
1330 2614 1436 2656 igitur
1452 2613 1616 2647 usitatum
1637 2613 1698 2654 sit,
1725 2613 1761 2645 in
1784 2610 1840 2645 bis
1859 2609 2098 2654 congressibus

1115 2665 1246 2711 aliquid
1279 2666 1321 2697 de
1354 2665 1467 2708 legum
1501 2664 1669 2707 dignitate
1699 2663 1832 2701 dicere,
1868 2669 1905 2695 ut
1938 2661 2098 2692 iuventus
