2338 2958
94 120 170 158 365

95 211 252 253 peterat,
284 204 319 237 id
349 204 508 237 conferre
530 205 572 236 ad
594 205 795 238 ornandum
820 205 907 238 iuris
927 204 1086 238 studium

96 257 220 292 voluit.
274 254 486 288 Meminerat
513 255 691 299 principes
712 254 896 290 Romanae
924 255 1086 295 civitatis,

95 307 296 346 Scevolam,
328 304 516 345 Crassum,
551 305 747 350 Sulpitium
771 313 803 340 et
830 307 917 340 alios
943 306 1085 346 multos,

94 358 156 404 qui
177 369 256 391 cum
279 363 391 390 essent
414 357 636 397 consulares,
665 369 742 390 cum
760 357 958 401 provincias
975 357 1084 390 rexis-

93 414 187 448 sent,
213 419 293 441 cum
313 408 404 441 bella
421 419 546 451 magna
564 407 765 451 gessissent,
792 414 910 440 tamen
935 419 1034 440 senes
1051 415 1084 441 et

92 458 252 494 docuisse
268 458 322 491 ius
341 465 374 492 et
389 459 432 491 de
454 458 530 491 iure
545 458 776 503 respondisse.
824 457 951 492 Fertur
967 465 1082 491 autem

92 509 250 544 Irnerius
277 515 309 542 et
326 508 462 543 Romae
486 516 518 542 et
540 508 724 543 Bononiae
749 509 921 547 docuisse.
949 515 981 542 et
1010 509 1081 553 pri-

92 571 171 594 mus
187 572 226 594 ex
246 559 341 593 Italis
363 561 492 604 glossas
508 560 658 594 textibus
673 559 864 592 addidisse.
906 559 1000 592 Haec
1017 571 1095 600 ξηι-7

90 611 198 657 spicia
220 611 366 645 fuerunt
390 611 612 644 renovandae
637 608 742 643 huius
765 610 946 644 doctrinae
968 611 1079 643 fausta

89 668 123 696 et
140 662 229 696 laeta
244 661 346 706 Reip.
382 661 454 695 Iam
472 661 620 703 cogitate
636 661 759 705 quanti
775 661 819 694 sit
834 661 970 704 negocii
989 662 1080 704 leges

88 713 270 747 restituere
306 719 438 746 mutata
479 712 589 745 veteri
622 710 726 755 Reip.
762 712 894 752 forma,
936 724 1079 756 prorsus

87 764 269 809 antiquata
297 763 365 797 fori
393 762 665 803 consuetudine,
709 762 834 796 amissa
867 763 1079 807 proprietate

88 812 241 858 linguae.
296 813 349 847 Ex
372 813 477 847 tantis
497 813 765 847 difficultatibus
791 825 871 847 cum
895 814 1002 858 primi
1025 814 1077 846 illi

89 872 340 899 restauratores
357 864 529 898 foeliciter
544 864 685 898 eluctati
701 864 782 905 sint,
800 871 832 898 et
849 865 947 910 quasi
964 877 1077 910 quan-

88 917 169 949 dam
193 915 380 958 imaginem
405 915 532 948 veteris
548 914 651 959 Reip.
674 916 910 956 restituerint,
937 927 1076 949 necesse

86 973 137 999 est
152 977 209 999 eos
224 978 295 999 non
311 966 426 999 solum
443 966 594 1009 ingeniis
611 973 643 999 et
659 967 845 1009 prudentia
863 967 1075 1005 excelluisse,
1100 1000 1103 1007 ,

86 1028 190 1062 quem
216 1028 334 1050 rerum
358 1028 441 1050 usus
468 1023 624 1057 acuerat,
649 1017 708 1049 sed
732 1017 836 1050 etiam
855 1017 1073 1060 diligentiam
1100 1037 1101 1040 =

83 1067 283 1101 mirabilem
308 1080 347 1101 ac
370 1068 526 1101 studium
551 1065 752 1101 adhibuisse
783 1068 821 1100 in
853 1068 1075 1101 conferendis
1100 1105 1101 1110 ¹

85 1118 240 1162 legIbus,
275 1125 308 1152 et
329 1118 595 1152 considerandis
624 1119 782 1152 fontibus
810 1131 848 1151 ac
877 1119 1073 1152 rationibus

84 1169 402 1202 eruditissimarum
429 1169 735 1204 constitutionum.
788 1167 932 1213 Opinor
957 1177 1073 1203 tamen

85 1218 304 1254 Graecorum
329 1220 592 1254 commentariis
624 1220 764 1253 adiutos
789 1232 878 1261 esse,
921 1233 1072 1266 quorum

83 1271 195 1316 aliqui
211 1268 326 1304 adhuc
342 1271 379 1303 in
395 1269 494 1304 Italia
514 1269 702 1306 habentur.
743 1270 787 1305 Ut
806 1278 920 1304 autem
937 1271 1072 1306 Romae

82 1321 300 1366 Papinianus
318 1321 496 1355 auditores
521 1321 694 1366 plurimos
716 1333 851 1355 summa
875 1323 1073 1355 eruditione

83 1379 117 1406 et
133 1372 280 1405 summis
295 1372 446 1414 ingeniis
463 1372 638 1416 praeditos
655 1379 731 1416 post
744 1383 779 1404 se
795 1372 939 1416 reliquit
949 1372 1072 1416 L‘lpia-

85 1434 184 1463 num,
210 1421 359 1456 Paulum
379 1430 413 1456 et
428 1423 515 1455 alios
532 1424 676 1456 multos:
705 1423 751 1456 ita
770 1423 943 1456 lrnerium
964 1424 1072 1457 secuti

83 1480 165 1507 sunt
191 1473 302 1517 ipsius
324 1473 501 1506 auditores
525 1473 718 1517 Bulgnus,
746 1471 820 1506 Azo
845 1480 877 1507 et
902 1474 982 1511 alii,
1011 1475 1072 1519 qui

83 1524 216 1569 pariter
240 1531 275 1557 et
304 1523 340 1556 in
368 1524 675 1558 administratione
698 1523 801 1567 Reip.
829 1531 862 1558 et
887 1524 923 1556 in
953 1522 1070 1558 schola

82 1575 290 1609 floruerunt.
341 1573 499 1608 Excitata
519 1575 627 1618 igitur
643 1574 742 1608 Italia
768 1572 873 1607 huius
892 1575 1071 1608 doctrinae

83 1626 336 1666 admiratione,
376 1637 503 1667 magno
538 1626 656 1658 studio
690 1625 727 1658 in
761 1638 836 1658 eam
869 1625 1071 1659 incumbere

81 1677 186 1721 cepit.
225 1675 344 1719 Quare
359 1677 461 1710 multi
480 1677 683 1716 extiterunt,
711 1677 773 1721 qui
789 1677 961 1717 docendo,
985 1677 1071 1710 scri-

80 1728 219 1768 bendo,
242 1727 511 1771 respondendo,
539 1727 700 1771 regendis
730 1727 906 1770 imperiis,
938 1727 1071 1771 optime

81 1780 126 1812 de
143 1779 214 1812 vita
231 1775 418 1811 hominum
433 1778 548 1811 meriti
568 1784 661 1813 sunt.
713 1777 786 1811 Nec
812 1778 933 1820 negari
958 1785 1071 1822 potest

82 1827 189 1863 huius
217 1829 397 1862 doctrinae
434 1829 633 1872 cognitione
661 1827 816 1869 Italiam,
848 1828 1003 1862 Galliam
1037 1835 1071 1863 et

82 1879 330 1920 Germaniam,
356 1880 463 1913 factas
485 1891 557 1912 esse
576 1879 758 1919 cultiores,
783 1886 886 1924 atque
903 1879 1070 1913 mitiores.

80 1930 270 1976 Postquam
295 1930 389 1963 enim
416 1930 454 1962 in
482 1930 622 1963 iudiciis
646 1930 749 1963 multi
779 1930 955 1963 barbarici
982 1931 1070 1964 ritus

81 1982 231 2016 correcti
255 1987 356 2024 sunt,
390 1987 423 2014 et
446 1981 601 2014 actiones
629 1992 668 2013 ac
693 1980 886 2014 sententiae
912 1981 1071 2026 require-

81 2034 167 2066 bant
182 2033 360 2077 quandam
379 2032 612 2065 eruditionem
624 2056 633 2070 ‚
661 2043 776 2064 mores
796 2031 898 2065 etiam
916 2032 1007 2066 flecti
1025 2034 1068 2066 ad

79 2081 336 2117 humanitatem
361 2083 470 2126 magis
494 2089 680 2127 ceperunt,
707 2089 739 2115 et
759 2090 976 2117 accesserunt
992 2083 1070 2118 lite-

80 2146 139 2167 rae
161 2134 387 2175 eruditiores,
413 2140 446 2167 et
462 2135 632 2179 quaedam
651 2131 881 2177 Philosophia
903 2145 942 2167 ac
958 2135 1071 2168 maior

81 2185 239 2218 discendi
256 2197 350 2220 cura.
402 2183 492 2218 Nam
512 2182 578 2218 hoc
595 2184 653 2217 Ius
672 2183 876 2218 Romanum
892 2181 986 2218 haud
1003 2186 1069 2219 du-

82 2235 139 2269 bie
174 2235 310 2268 erudita
345 2236 517 2280 quaedam
553 2232 782 2279 Philosophia
820 2241 881 2270 est.
950 2234 1069 2278 Quare

81 2286 218 2321 etiamsi
242 2298 315 2319 non
339 2293 540 2319 revocatum
560 2295 647 2319 esset
665 2286 702 2318 in
720 2287 854 2325 sorum,
881 2292 1000 2320 tamen
1017 2287 1069 2321 le-

81 2338 234 2381 gendum
251 2344 284 2370 et
301 2338 582 2378 cognoscendum
598 2337 718 2370 suisset
734 2334 939 2371 hominibus
957 2339 1069 2371 doctis
1093 2351 1097 2357 ·

81 2388 268 2422 accessuris
285 2388 327 2420 ad
346 2386 524 2431 Rempub.
546 2388 657 2421 multo
681 2387 790 2430 magis
808 2399 912 2432 quam
929 2387 1068 2423 Aristo-

81 2439 160 2473 telis
183 2437 348 2477 Politica,
383 2450 471 2483 quae
496 2438 638 2483 quidem
667 2439 843 2483 sapienter
877 2445 910 2472 et
934 2440 1069 2474 utiliter

80 2490 206 2534 scripta
225 2501 298 2523 esse
323 2489 452 2524 iudico.

81 2597 163 2624 sunt
183 2590 399 2624 WVestvalici
424 2591 530 2631 ritus,
564 2590 660 2624 venit
684 2590 719 2623 in
743 2597 896 2624 mentem
921 2593 1067 2635 perinde

82 2639 173 2674 hanc
189 2641 367 2675 nationem
384 2642 510 2675 factam
529 2641 714 2674 cultiorem
732 2642 880 2685 acceptis
895 2640 1068 2677 Romanis

81 2691 231 2735 legibus3
259 2699 298 2725 ut
315 2692 351 2725 in
370 2693 497 2725 fabulis
513 2693 651 2731 serunt,
676 2692 878 2725 monstratis
899 2693 1067 2737 frugibus,

136 2741 320 2775 Mun-ru.
350 2745 453 2776 Orza.
481 2745 562 2776 Vox„
592 2745 651 2775 XI.

613 116 773 154 DECL.
827 117 900 154 DE
932 116 1187 154 IRNERIO
1220 117 1295 153 ET
1328 118 1621 158 BARTOLO.

1096 2187 1097 2191 ’
1122 2190 1284 2225 vocatur,
1309 2184 1371 2217 uhi
1389 2185 1540 2218 infantes
1562 2187 1752 2230 exposititii
1768 2188 1924 2226 aluntur.

1095 2234 1301 2278 ‘expertus,
1339 2236 1473 2269 nullius
1507 2233 1720 2281 hypocrisis,
1761 2239 1872 2273 mirae
1906 2243 2109 2286 sanctitatis,

505 2488 575 2522 Nec
591 2500 672 2522 vero
692 2487 781 2522 mihi
804 2489 931 2532 legenti
951 2497 1068 2536 vetera

80 2551 120 2573 ac
135 2540 315 2574 barbarica
340 2541 416 2574 iura
440 2537 604 2573 horridae
622 2540 732 2582 gentis
751 2539 1002 2584 Germanicae,
1029 2549 1068 2576 ut

2058 128 2132 164 354

1140 201 1302 236 homines
1321 204 1438 238 vivere
1454 206 1583 249 cepisse
1600 209 1830 249 commodius,
1858 223 1935 244 cum
1955 219 2054 246 antea
2072 227 2130 258 pe—

1138 254 1268 287 cudum
1286 266 1383 287 more
1400 256 1589 298 glandibus
1606 267 1839 296 vescerentur.

1240 303 1371 347 Magna
1396 307 1550 349 profecto
1577 315 1609 342 et
1636 309 1755 342 divina
1774 323 1828 343 res
1856 319 1906 345 est
1927 314 2129 348 constitutio

1137 354 1319 388 civitatum
1337 362 1370 389 et
1386 356 1500 399 legum
1519 360 1666 392 mutatio
1684 361 1720 392 in
1739 362 1875 398 melius.
1902 361 2024 408 anue
2042 378 2129 410 quae

1137 413 1271 440 constat
1285 413 1376 440 recte
1390 414 1422 440 et
1437 408 1607 441 foeliciter
1622 412 1808 446 constituta
1825 426 1897 447 esse
1912 426 1984 447 non
2001 422 2128 449 temere

1135 456 1380 490 labefactanda
1399 465 1496 499 sunt,
1522 471 1566 491 ne
1585 466 1616 492 et
1638 461 1770 494 donum
1790 462 1854 496 Dei
1880 467 2059 508 aspernari
2079 467 2126 500 sic

1135 507 1336 549 videamur,
1364 515 1397 542 et
1423 509 1527 542 mods
1544 510 1647 543 rebus
1673 513 1824 554 publicis
1841 515 1915 548 sine
1936 518 2125 550 necessaria

1135 570 1235 591 causa
1269 566 1462 603 sequantur
1484 561 1618 594 maiora
1647 561 1878 600 incommoda,
1934 566 2050 600 Facile
2075 575 2125 602 cst

1133 615 1249 642 autem
1275 616 1312 642 ut
1335 609 1510 644 Pindarus
1540 611 1656 656 inquit
1679 613 1790 646 cuivis
1814 623 1948 649 mutare
1973 618 2123 653 civitatis

1133 666 1278 700 statum,
1305 661 1363 693 sed
1389 673 1528 695 rursum
1551 664 1671 696 sedare
1696 670 1727 697 et
1750 664 1786 697 in
1813 667 2044 711 tranquillum
2065 682 2122 703 re-

1132 710 1276 744 stituere
1299 711 1407 745 solius
1423 711 1499 745 Dei.
1552 712 1642 747 Cum
1668 714 1774 757 igitur
1798 724 1942 750 eventus
1962 722 2121 754 ostendat

1133 761 1169 793 in
1188 761 1261 804 ipsa
1278 761 1492 796 iudiciorum
1509 765 1756 798 emendatione
1776 766 1828 800 ius
1844 766 2047 802 Romanum
2065 772 2120 804 di-

1131 812 1264 846 vinitus
1281 812 1481 847 institutum
1499 827 1584 855 esse,
1607 827 1844 859 agnoscamus,
1869 826 1901 852 et
1917 821 2004 862 grati
2023 828 2119 855 tuea-

1131 875 1211 896 mur
1227 862 1294 897 Dei
1310 864 1529 898 beneficium.

1231 914 1300 948 Sed
1323 916 1426 948 redeo
1452 917 1492 948 ad
1511 917 1712 960 scriptores:
1748 917 1912 953 Bartolus
1928 921 2013 955 vixit
2030 930 2117 956 tcm-

1130 977 1214 1008 pore
1236 964 1324 1009 Imp.
1345 965 1463 999 Caroli
1488 966 1632 1009 Quarti,
1672 975 1705 1002 et
1729 982 1930 1014 quanquam
1954 985 2115 1016 maguam

1128 1015 1267 1048 laudem
1287 1017 1433 1060 adeptus
1450 1025 1510 1058 est,
1535 1026 1718 1062 propterea
1738 1021 1831 1065 quod
1851 1022 1951 1064 plura
1970 1025 2118 1067 scripse—

1127 1073 1174 1099 r1t
1192 1079 1296 1111 quam
1315 1068 1501 1113 quisquam
1522 1076 1601 1104 ante
1620 1069 1750 1113 ipsum:
1780 1078 1895 1104 tamen
1918 1073 1955 1105 in
1981 1086 2115 1108 summa

1127 1117 1360 1151 admiratione
1395 1126 1444 1152 est
1473 1127 1616 1164 propter
1647 1121 1779 1164 ingenii
1812 1122 2052 1158 dexteritatem
2084 1133 2115 1159 et

1127 1179 1281 1201 amorem
1303 1169 1471 1205 veritatis.
1524 1170 1662 1214 ingenii
1685 1172 1855 1206 foelicitas
1880 1186 1920 1207 ex
1944 1187 1984 1208 eo
2011 1177 2115 1211 aesti-

1127 1219 1216 1252 mari
1239 1227 1370 1264 potest,
1397 1221 1489 1266 quod
1518 1221 1685 1255 iuvenilia
1710 1224 1825 1257 studia
1851 1225 2030 1260 celerrime
2052 1228 2114 1261 ab-

1125 1270 1251 1310 solvit,
1287 1277 1320 1303 et
1348 1268 1463 1305 adhuc
1495 1273 1695 1306 adolescens
1728 1275 1927 1309 celebritate
1957 1278 2114 1312 nominis

1125 1322 1196 1353 sere
1218 1327 1325 1354 totam
1344 1321 1478 1355 Italiam
1506 1324 1705 1367 complevit.
1756 1324 1797 1357 In
1814 1325 1854 1361 L.
1873 1327 2016 1371 quidam
2034 1342 2112 1363 cum

1125 1371 1237 1403 filium
1263 1372 1306 1404 de
1331 1373 1427 1405 verb.
1448 1373 1554 1416 oblig.
1607 1374 1737 1408 Narrat
1761 1374 1926 1410 Bartolus
1950 1378 2023 1422 ipse
2040 1381 2112 1424 pri-

1125 1434 1222 1454 mum
1245 1422 1459 1455 curriculum
1486 1436 1630 1457 suorum
1656 1426 1874 1468 studiorum,
1905 1426 1958 1461 his
1987 1431 2113 1472 verbis,

1125 1484 1214 1517 quae
1238 1473 1390 1506 recitabo
1414 1481 1452 1507 ut
1481 1471 1565 1507 haec
1591 1478 1878 1511 commemoratio
1900 1480 2009 1523 magis
2034 1494 2113 1515 mo-

1124 1529 1203 1555 veat
1225 1523 1377 1564 animos;
1415 1531 1465 1557 est
1487 1525 1589 1557 etiam
1616 1526 1723 1569 ipsius
1745 1528 1858 1561 oratio
1883 1531 1980 1574 quasi
2005 1544 2112 1576 quae-

1124 1574 1206 1606 dam
1232 1574 1367 1617 pictura
1393 1571 1638 1608 humanissimi
1661 1584 1694 1610 et
1716 1579 1965 1613 modestissimi
1989 1584 2110 1618 animi.

1123 1623 1213 1658 Cum
1233 1625 1327 1657 enim
1350 1637 1388 1658 ea
1411 1626 1465 1658 lex
1487 1627 1596 1660 dicat:
1635 1627 1673 1661 Si
1695 1629 1772 1673 quis
1789 1631 1969 1673 promittat
1985 1643 2021 1665 se
2045 1635 2112 1667 ali-

1124 1687 1228 1720 quem
1245 1682 1472 1709 tractaturum
1490 1684 1527 1710 ut
1544 1677 1654 1711 filium
1667 1703 1675 1717 ‚
1704 1691 1777 1712 non
1795 1692 1866 1714 esse
1886 1689 2112 1725 praetereun-

1123 1728 1209 1759 dum
1234 1726 1271 1759 in
1290 1733 1512 1761 testamento.
1557 1727 1598 1761 In
1618 1726 1682 1761 hac
1705 1730 1778 1773 lege
1801 1743 1879 1764 cum
1898 1733 1941 1766 sit
1959 1746 2056 1768 casus
2073 1744 2111 1770 ut

1123 1777 1196 1820 ipse
1215 1777 1281 1817 ait,
1309 1778 1369 1822 qui
1397 1790 1569 1823 nusquam
1596 1779 1681 1812 alibi
1705 1788 1797 1814 extat
1820 1782 1856 1816 in
1882 1783 1974 1825 iure,
2000 1787 2111 1820 multa

1124 1828 1306 1871 disputans
1320 1827 1495 1869 Bartolns,
1517 1836 1637 1862 narrat
1652 1838 1910 1875 praeceptorem
1928 1846 2028 1869 suum
2045 1838 2111 1871 ali-

1123 1889 1211 1924 quos
1227 1879 1443 1922 exposititios
1462 1892 1588 1923 pueros
1603 1878 1667 1914 hac
1682 1882 1908 1926 stipulatione
1922 1886 1999 1920 aliis
2016 1900 2112 1922 com-

1122 1930 1315 1970 mendasse,
1337 1942 1375 1963 ac
1391 1931 1510 1964 adiicit
1528 1932 1743 1966 mentionem
1759 1935 1991 1977 gratissimam
2011 1951 2112 1983 prae-

1123 1981 1272 2024 ceptoris
1291 1988 1325 2014 et
1345 1981 1477 2024 primae
1501 1983 1622 2016 aetatis
1639 1995 1736 2025 suae3
1766 1985 1814 2018 sic
1831 1986 1923 2019 enim
1942 1989 2006 2022 ait:
2033 1989 2108 2034 Ego

1123 2031 1326 2074 magistrum
1346 2029 1466 2073 habui,
1493 2033 1555 2078 qui
1572 2035 1761 2068 vocabatur
1776 2035 1883 2070 frater
1897 2038 1940 2071 de
1956 2038 2108 2083 Ascisi03

1122 2094 1218 2115 nunc
1240 2095 1323 2115 vero
1346 2090 1490 2116 vocatur
1514 2083 1635 2117 Frater
1653 2084 1776 2119 Petrus
1800 2087 1955 2130 pietatis,
1983 2091 2031 2124 sic
2054 2093 2109 2127 di-

1122 2139 1216 2174 ctus,
1249 2133 1331 2178 quia
1356 2134 1472 2167 locum
1504 2135 1552 2167 ibi
1576 2135 1701 2174 erexit,
1735 2137 1795 2181 qui
1822 2139 1947 2173 domus
1974 2142 2110 2185 pietatis

1977 2191 2043 2226 vir
2060 2201 2110 2228 est

1121 2286 1213 2329 apud
1243 2297 1298 2318 me
1322 2292 1355 2319 et
1379 2297 1518 2326 omnm,
1548 2287 1607 2331 qui
1634 2300 1711 2321 eum
1738 2289 1823 2322 bene
1847 2301 2016 2335 noscunt,
2052 2296 2107 2329 cui

1121 2336 1248 2377 gratias
1277 2348 1340 2379 ago
1367 2337 1525 2380 exemplo
1550 2337 1686 2382 Aquilii
1711 2338 1838 2383 Reguli
1868 2342 1904 2374 in
1936 2344 2039 2377 titulo
2065 2348 2107 2379 de

1120 2386 1248 2420 Donat.
1284 2386 1324 2421 L.
1344 2386 1528 2432 Aquilius,
1555 2389 1613 2432 qui
1635 2390 1718 2422 dum
1742 2403 1797 2424 me
1820 2393 1925 2431 rexit,
1951 2398 2105 2429 custodi—

1121 2438 1172 2471 vit
1188 2450 1204 2470 a
1224 2438 1321 2481 lapsu
1333 2463 1341 2475 ,
1369 2445 1402 2471 et
1418 2437 1483 2471 Dei
1501 2439 1668 2472 beneficio
1682 2447 1714 2473 et
1729 2452 1789 2473 sua
1806 2443 1963 2477 doctrina
1983 2459 2036 2479 me
2056 2455 2106 2480 ta-

1121 2489 1187 2521 lem
1202 2488 1367 2527 reddidit,
1385 2489 1471 2522 utin
1490 2491 1752 2534 quartodecimo
1765 2504 1858 2526 anno
1874 2496 1994 2529 aetatis
2011 2511 2104 2531 meae

1122 2540 1157 2572 iu
1177 2539 1316 2572 civitate
1332 2538 1499 2572 Perusina
1518 2540 1582 2573 sub
1599 2538 1753 2575 Domino
1770 2541 1868 2588 Cyno
1889 2546 1932 2578 de
1952 2548 2105 2590 pistorio,

1121 2591 1195 2623 iura
1213 2590 1327 2622 civilia
1346 2591 1468 2624 audire
1483 2591 1686 2635 inceperim.
1711 2591 1758 2626 Et
1774 2595 1848 2627 eius
1863 2606 2104 2639 perseverante

1120 2641 1248 2684 gratia,
1273 2641 1440 2675 continue
1457 2643 1616 2675 sudando
1642 2643 1685 2677 ita
1710 2645 1857 2687 profeci,
1885 2653 1923 2680 ut
1942 2648 2103 2680 vicesimo

1120 2704 1214 2725 anno
1238 2690 1421 2726 Bononiae
1444 2694 1640 2737 reputando
1670 2701 1702 2728 et
1730 2695 1940 2739 disputando
1968 2699 2104 2741 publice

1524 2743 1571 2777 23
