2338 2958
171 119 218 153 67

171 202 254 247 qnid
281 208 329 236 est
353 213 496 246 operae,
529 213 546 233 a
574 212 628 233 me
655 206 830 240 sumatur,
858 200 1014 234 studium
1039 213 1155 235 meum

171 265 298 298 quaeso
323 253 406 286 boni
433 251 614 284 consulite.
668 249 756 282 Nam
782 263 859 283 cum
885 263 963 294 pars
985 253 1156 296 quaedam

171 304 305 348 publici
329 303 484 336 muneris
515 302 550 333 in
582 298 644 333 hac
669 298 787 334 schola
811 299 898 334 mihi
924 302 1078 345 delegata
1105 303 1160 342 sit,

173 366 295 398 parum
313 353 511 386 meminisse
530 351 685 391 viderer,
712 364 816 396 qnam
834 353 1022 385 sustineam
1041 364 1157 396 perso-

173 417 272 444 nam,
304 404 372 436 uisi
397 404 439 435 de
464 401 737 435 adulescentium
763 402 878 435 officio
903 415 1158 447 nonnunquam

173 455 335 487 dicerem.
388 452 494 495 Quod
530 464 608 485 cum
644 464 706 496 pro
736 453 830 485 virili
857 454 1000 493 faciam,
1035 465 1160 498 easque

175 504 377 548 disciplinas
402 503 575 537 iuventuti
599 505 858 543 commendem,
889 504 1018 548 quibus
1043 505 1161 546 negle—

174 556 248 595 ctis,
275 560 352 587 cum
370 553 588 595 religionem,
613 560 687 586 tum
706 565 760 586 res
776 555 886 587 bonas
905 554 989 587 alias
1008 554 1161 587 labefieri

176 616 312 638 necesse
331 611 397 644 est,
423 605 545 644 facile,
572 611 611 637 ut
629 616 747 647 spero,
782 604 997 648 impetrabo,
1023 618 1066 638 ne
1085 617 1160 638 mea

176 653 263 688 mihi
281 655 446 688 sedulitas
462 655 575 687 fraudi
594 655 650 688 sit.
704 654 794 688 Sunt
811 655 904 687 enim
922 656 1058 694 favore,
1086 663 1161 689 stu·

175 707 313 750 diisque
329 706 500 745 omnium,
527 705 672 738 iuvandi
690 717 810 738 eorum
828 713 984 747 conatus,
1005 706 1064 751 qui
1083 707 1162 740 lite-

176 757 223 789 ris
240 769 312 789 non
337 757 484 801 pessime
507 756 705 789 consultum
724 756 859 791 volunt.
912 755 1034 802 Neque
1057 758 1161 790 aliam

176 808 221 840 ob
245 819 381 840 causam
407 808 512 839 modo
537 806 651 839 dicere
674 807 907 848 instituimus,
935 821 1038 852 quam
1063 815 1099 841 ut
1121 809 1162 841 iis

175 857 235 902 qui
260 855 316 890 hic
338 870 377 890 ex
403 870 498 889 more
521 857 716 890 declamare
737 857 872 898 solent,
906 858 933 890 si
960 859 1018 903 qui
1044 859 1161 892 forsan

177 908 424 940 imbecilliores
446 915 545 950 sunt,
576 920 651 940 meo
673 909 829 951 exemplo
850 921 922 941 non
942 907 1032 942 nihil
1053 910 1161 942 animi

175 959 320 995 addam,
349 966 380 991 ct
397 965 563 1002 tanquam
583 958 763 991 classicum
779 972 919 992 canam:
946 959 1096 999 Deinde,
1124 967 1162 994 ut

174 1009 331 1043 eruditos
350 1021 472 1042 omnes
490 1009 630 1053 publica
650 1022 733 1042 voce
758 1010 922 1053 rogitem,
949 1018 988 1044 ut
1012 1011 1047 1044 in
1074 1009 1163 1044 banc

175 1072 316 1094 arenam
336 1067 367 1093 et
386 1060 450 1103 ipsi
473 1060 662 1104 aliquando
682 1061 914 1101 descendant,
941 1074 1019 1095 cum
1046 1062 1164 1106 pueris

176 1111 356 1145 collusuri.
410 1111 588 1144 Socratem
616 1108 706 1143 nibil
732 1112 855 1155 puduit
876 1119 960 1145 natu
983 1114 1164 1155 grandem,

175 1174 253 1194 cum
273 1161 388 1205 parvis
404 1161 521 1194 filiolis
538 1161 705 1206 equitare,
725 1170 763 1195 ut
778 1163 837 1195 ille
854 1163 912 1205 ait,
934 1163 969 1195 in
987 1165 1163 1197 arundine

177 1213 299 1255 longa:
333 1219 464 1256 quanto
490 1212 606 1245 minus
623 1213 723 1245 vobis
741 1213 826 1245 vitio
847 1214 973 1257 poterit
990 1215 1076 1247 verti
1100 1212 1164 1247 ho—

175 1263 394 1295 nestissimus
420 1271 584 1303 conatus,
613 1262 640 1295 si
664 1276 742 1296 cum
768 1261 833 1297 hoc
857 1276 958 1307 grege
985 1266 1027 1297 de
1055 1265 1164 1298 literis

175 1325 433 1357 nonnunquam
453 1314 752 1354 commentemini,
779 1327 927 1359 quarum
946 1327 1046 1348 causa
1064 1316 1164 1360 quic-

175 1365 259 1408 quid
292 1364 502 1407 susceperis,
537 1365 678 1408 quando
703 1365 863 1398 mortalia
894 1363 984 1397 nihil
1008 1366 1164 1399 divinius

177 1413 317 1453 habent,
342 1414 479 1447 laudem
501 1422 664 1448 meretur.
693 1414 832 1456 Quaeso
852 1415 982 1460 itaque,
1006 1423 1045 1449 ut
1062 1413 1164 1449 scho-

175 1466 228 1498 lae
254 1477 392 1508 operam
421 1477 517 1497 suam
544 1477 580 1497 ea
608 1465 643 1497 in
670 1477 706 1497 re
733 1466 881 1498 candide
904 1466 1164 1508 impertiantur,

175 1517 376 1561 quicunque
395 1516 504 1548 literis
521 1516 608 1548 bene
628 1516 786 1558 cupiunt.
839 1515 897 1549 Sic
921 1516 1015 1548 enim
1039 1524 1165 1557 statuo,

176 1567 349 1611 praeclare
372 1567 414 1599 de
437 1567 540 1599 rebus
565 1563 729 1598 humanis
754 1568 899 1607 mereri,
932 1567 991 1611 qui
1016 1567 1163 1610 puerilia

175 1617 288 1651 studia
309 1614 464 1650 honestis
481 1617 646 1659 exemplis
662 1617 868 1649 accendunt.
910 1617 981 1649 lam
1002 1624 1033 1650 et
1051 1630 1163 1650 meam

176 1669 374 1701 facilitatem
403 1667 446 1700 ita
471 1669 612 1699 demum
638 1668 778 1710 probari
802 1668 901 1700 vobis
926 1668 1108 1706 iudicabo,
1135 1668 1162 1700 si

177 1719 305 1751 imitari
323 1718 524 1761 coeperitis,
553 1730 641 1762 quae
659 1718 685 1750 si
710 1718 850 1750 silentio
866 1727 980 1752 vestro
999 1719 1161 1752 damnata

175 1769 291 1809 fucrit,
320 1770 410 1801 bone
426 1768 536 1807 Dens,
566 1781 668 1813 qnam
688 1768 750 1812 ipsi
771 1769 872 1801 nohis
889 1769 1162 1812 displicebimus.

278 1821 406 1853 Sumus
435 1828 548 1851 antem
582 1821 624 1850 de
656 1819 788 1861 legibus
805 1813 957 1858 ilicturi,
989 1822 1101 1864 deque
1123 1833 1163 1852 eo

178 1872 270 1908 iure,
299 1872 390 1915 (pind
409 1871 442 1902 in
464 1868 590 1902 scholis
611 1867 675 1902 boc
700 1878 873 1913 tempore,
903 1877 935 1903 et
955 1871 990 1902 in
1015 1871 1164 1911 iudiciis,

178 1923 211 1954 in
238 1923 329 1954 bon-¹
354 1919 518 1964 Europae
546 1928 641 1964 parte
662 1928 792 1963 regnat.
848 1920 933 1953 Natu
959 1933 1016 1954 eae
1044 1921 1164 1954 literae

178 1986 246 2005 non
272 1985 382 2015 nuper
402 1972 490 2004 male
511 1972 633 2004 andire
651 1978 858 2014 coeperunnt,
884 1984 962 2004 cnm
983 1972 1059 2005 aliis
1082 1984 1163 2016 pro-

178 2022 373 2067 phanarum
393 2023 506 2063 legum
526 2035 647 2066 parum
666 2023 720 2066 pia
743 2022 922 2066 professio,
951 2023 1164 2066 indignaque

177 2073 388 2107 ‹ltu-iaimis
409 2074 562 2110 xidetur‚
591 2073 648 2105 alii
668 2074 774 2106 satius
793 2075 944 2110 ducunt.
973 2081 1009 2106 ut
1036 2074 1162 2106 iudicia

179 2138 248 2156 non
278 2125 474 2167 improbe-nt
500 2136 655 2167 prorsus:
686 2137 765 2156 nani
791 2124 824 2156 id
851 2137 911 2156 uec
930 2121 1079 2168 Scythae
1106 2137 1161 2156 so-

181 2178 247 2208 lent
262 2203 269 2213 ,
298 2188 350 2208 res
369 2189 406 2207 ex
425 2188 534 2219 aequo
554 2183 582 2207 et
605 2176 696 2207 bono
715 2175 788 2207 siue
804 2175 941 2218 seriptis
959 2175 1092 2217 legibus
1111 2176 1163 2207 iu-

179 2228 303 2258 dicare.
356 2224 491 2257 llorwn
510 2226 700 2257 calumnias
724 2239 786 2269 pro
804 2226 911 2257 nostri
935 2226 1064 2266 ingenii
1093 2240 1164 2258 ine-

179 2277 380 2315 diocritate,
408 2277 563 2308 r··s.·tt··r‹·
583 2277 805 2315 conabimur,
833 2284 869 2309 ut
889 2277 1022 2322 eosqui
1044 2278 1086 2309 ad
1106 2290 1164 2318 ge-

181 2329 322 2360 rendam
348 2326 521 2370 liempnb.
548 2327 631 2358 olim
663 2328 830 2360 accessuri
856 2334 956 2365 sunt,
992 2329 1032 2360 ad
1059 2325 1163 2360 huius

179 2379 384 2421 disciplinae
411 2378 564 2410 studium
593 2378 790 2413 imin-mus.

181 2437 248 2463 tom
276 2427 362 2461 hanc
386 2442 522 2461 causam
541 2429 683 2460 militie-e
704 2426 767 2460 hoc
787 2436 941 2472 tempore
963 2428 1162 2462 Doctorculi

179 2481 334 2526 quidam,
362 2480 419 2524 qni
440 2493 516 2511 rum
535 2480 602 2511 sere
620 2480 684 2511 sint
704 2479 820 2515 (dnos.
848 2487 962 2512 nanu-n
983 2478 1163 2522 Evangelii

181 2539 355 2575 praetextu
377 2531 595 2575 tyrannidem
611 2538 754 2570 gerunt,
782 2539 810 2562 et
832 2543 894 2573 pro
919 2531 1068 2563 libidine
1084 2543 1162 2563 cnm

182 2582 369 2620 lnnnanas,
406 2590 477 2613 ton·
507 2581 645 2612 ‹lixinas
676 2582 764 2620 leges
793 2583 901 2621 figunt
933 2593 970 2613 ac
1003 2582 1163 2623 refigunt.

182 2634 208 2666 Α
237 2634 365 2678 quibus
396 2633 422 2664 si
456 2633 632 2675 impetrari
661 2632 805 2675 potu-iit,
833 2640 867 2663 ut
897 2632 999 2665 nobis
1024 2633 1162 2665 dicendi

181 2691 382 2729 potestatem
416 2684 560 2719 saciant.
596 2691 673 2716 suut
704 2684 797 2715 enim
827 2695 994 2727 perquam
1019 2683 1163 2721 morosi,

902 112 1062 151 DECL.
1087 112 1160 150 DE
1193 113 1458 150 LEGIBUS.

843 2377 1074 2419 Prae-gravant
1101 2391 1162 2410 an-
1189 2377 1192 2385 ³

2150 119 2198 155 68

1210 199 1342 233 docebo
1359 198 1524 239 breviter,
1549 199 1655 233 sacris
1673 201 1795 243 literis,
1822 215 1895 236 non
1914 204 2019 237 modo
2038 216 2112 238 non
2130 203 2199 238 im·-

1211 249 1354 294 probari
1369 249 1491 283 civiles
1513 250 1621 293 leges,
1647 253 1707 285 sed
1728 253 1884 297 praecipi
1902 254 2026 295 etiam,
2053 263 2091 289 ut
2115 255 2201 288 reli-

1211 300 1307 343 giose
1328 307 1515 345 sancteque
1539 301 1718 342 colantur,
1745 315 1813 348 qua
1836 304 1940 337 laude
1963 305 2062 338 nulla
2089 311 2201 349 potest

1212 350 1363 393 amplior
1380 350 1514 393 legibus
1533 351 1653 386 tribui.
1690 351 1761 386 Ubi
1779 354 1883 387 fidem
1904 355 2035 396 secero,
2060 355 2200 389 civilem

1212 401 1355 433 urbium
1381 408 1508 434 statum
1533 399 1625 434 nihil
1650 413 1806 445 pugnare
1839 417 1918 438 cum
1951 405 2121 448 religione
2143 418 2203 440 ex-

1214 464 1340 495 ponam
1373 464 1476 496 quam
1510 453 1702 496 prudenter
1726 465 1744 486 a
1767 455 1960 488 maioribus
1985 456 2114 489 sactum
2146 456 2202 495 sit,

1213 503 1307 547 quod
1325 500 1504 535 Romanas
1521 503 1610 545 leges
1630 504 1851 547 potissimum
1868 506 2090 549 delegerunt,
2117 518 2204 551 quas

1215 553 1250 585 in
1267 553 1522 586 constituendis
1544 554 1745 588 civitatibus
1767 561 1933 601 tanquam
1957 557 2055 590 filum
2079 568 2204 601 seque-

1214 610 1356 644 rentur,
1393 615 1518 649 easque
1545 616 1681 638 summa
1718 617 1800 639 cura
1836 618 1855 639 a
1883 607 1987 641 nobis
2014 607 2203 652 studioque

1214 655 1470 687 conservandas
1487 667 1560 688 esse
1578 657 1773 691 ostendam.

1318 705 1418 747 Quae
1440 706 1572 738 nmium
1597 708 1772 740 dementia
1793 707 1935 740 tandem
1952 713 2019 749 est,
2047 708 2126 753 quis
2147 708 2205 742 su-

1215 767 1292 795 ror,
1318 755 1404 788 salso
1421 754 1614 790 Christiani
1643 757 1798 790 nominis
1818 764 2019 800 praetextu,
2045 758 2205 792 civilium

1217 818 1335 839 rerum
1351 813 1479 840 statum
1499 807 1691 841 labefacere
1708 815 1740 841 et
1757 808 1977 841 convellere?
2005 807 2107 851 Quae
2123 809 2206 842 bar-

1216 856 1339 897 barieS,
1366 857 1426 902 qui
1443 855 1593 902 Scythae
1613 858 1752 899 iudicia,
1779 859 1880 903 aequi
1900 867 1932 892 et
1950 859 2064 904 iniqui
2081 859 2206 893 discri-'

1217 919 1298 940 men
1316 919 1333 940 e
1349 908 1464 940 medio
1490 908 1644 942 tollunt?
1676 906 1723 942 Et
1738 910 1868 943 audent
1887 906 1952 943 hoc
1967 908 2110 943 Christo
2125 909 2206 955 qui—

1217 959 1317 996 dam,
1353 958 1381 991 si
1406 959 1542 1001 superis
1568 959 1696 1003 placet,
1729 957 1923 993 Christiani
1947 959 2117 994 Doctores
2142 960 2206 994 tri-

1218 1009 1348 1042 buere?
1396 1008 1492 1050 Quid
1524 1016 1592 1048 est,
1629 1010 1657 1042 si
1682 1007 1766 1043 haec
1790 1021 1862 1043 non
1889 1017 1939 1044 est
1968 1010 2207 1045 contumelia?

1218 1059 1289 1102 Qui
1322 1071 1362 1092 ex
1387 1059 1578 1102 gentilibus
1600 1057 1827 1104 Philosophis
1851 1060 1888 1093 in
1910 1058 2091 1095 Christum
2114 1061 2206 1106 stylo

1217 1107 1420 1143 debacchati
1452 1110 1558 1143 sunt?
1601 1110 1720 1144 [num
1753 1108 1820 1144 hoc
1847 1111 1919 1145 sere
1951 1111 2209 1154 musitio-antur,

1217 1162 1310 1205 qnod
1337 1161 1506 1205 quaedam
1539 1161 1631 1203 leges
1663 1174 1787 1205 parum
1819 1162 2005 1195 videantur
2035 1169 2137 1206 aptae
2161 1162 2207 1196 ad

1217 1211 1356 1244 civilem
1384 1212 1690 1253 consuetudinem,
1722 1212 1993 1258 societatemque
2020 1210 2207 1246 hominum

1219 1263 1403 1295 tuendam:
1450 1274 1564 1307 neque
1605 1270 1746 1297 censent
1787 1263 1860 1297 ullo
1902 1264 2032 1305 probro
2073 1261 2208 1297 Christi

1217 1313 1423 1356 dignitatem
1447 1313 1587 1355 gravius
1613 1313 1702 1346 laedi
1734 1325 1843 1357 posse.
1895 1313 2034 1347 Horum
2060 1314 2209 1348 vincunt

1217 1363 1404 1396 amentiam
1427 1363 1558 1403 nostri,
1585 1364 1645 1407 qui
1667 1364 1702 1396 in
1723 1365 1797 1407 ipso
1821 1371 2022 1408 contemptu
2047 1365 2208 1407 publico-

1219 1426 1295 1445 rum
1314 1425 1471 1453 morum,
1498 1420 1531 1446 et
1549 1414 1583 1445 in
1603 1415 1791 1446 evertendo
1811 1415 1976 1447 universo
1992 1414 2086 1447 cirili
2105 1421 2209 1455 statu,

1220 1464 1380 1507 pietatem
1400 1463 1584 1498 collocant.
1638 1463 1738 1497 Adeo
1762 1466 1805 1497 de
1820 1463 1954 1498 Christi
1979 1465 2123 1497 nomine
2147 1477 2208 1498 su-

1220 1514 1389 1557 perstitio,
1417 1515 1525 1557 peius,
1554 1526 1658 1558 quam
1677 1515 1734 1559 qui
1752 1527 1789 1547 ex
1808 1516 1963 1558 professo
1981 1515 2208 1556 insectantur,

1218 1571 1382 1597 meretur.
1435 1563 1523 1596 Nam
1550 1576 1628 1596 cmn
1647 1564 1718 1596 vim
1745 1565 1881 1608 pietatis
1902 1566 2058 1608 ignoret,
2084 1573 2117 1599 et
2143 1577 2207 1608 pro

1217 1627 1279 1648 suo
1302 1614 1448 1647 arbitrio
1473 1614 1540 1647 sibi
1560 1613 1652 1648 Deos
1675 1615 1843 1654 somniet,
1871 1628 1942 1649 non
1966 1617 2072 1649 modo
2093 1613 2208 1649 nihilo

1218 1665 1345 1698 rectius
1365 1665 1408 1697 de
1425 1662 1566 1698 Christo
1589 1665 1712 1705 sentit,
1739 1678 1844 1710 quam
1860 1664 2024 1707 Ethuici‚
2052 1667 2110 1700 sed
2132 1667 2207 1710 pie-

1220 1715 1298 1748 tatis
1323 1715 1427 1748 ctiam
1459 1715 1601 1748 titulum
1627 1717 1698 1748 sere
1728 1717 1874 1760 privatis
1898 1717 1994 1750 vitiis
2028 1717 2208 1760 praetexit,

1218 1778 1287 1810 quo
1322 1766 1503 1807 sacrilegio
1536 1763 1626 1798 nihil
1658 1767 1934 1800 abominabilius
1965 1767 2047 1810 fingi
2083 1775 2207 1810 potest.

1218 1815 1261 1849 Et
1278 1817 1359 1860 quia
1374 1816 1481 1849 vetuit
1500 1815 1594 1849 Deus
1611 1813 1765 1849 humano
1784 1818 1930 1851 artificio
1947 1818 2134 1859 imaginem
2152 1817 2207 1851 sui

1218 1867 1320 1908 fingi,
1346 1879 1451 1911 seque
1469 1879 1485 1899 e
1502 1878 1564 1899 suo
1581 1879 1740 1900 sermone
1759 1869 1919 1911 cognosci
1938 1869 2065 1908 voluit,
2093 1868 2154 1901 ubi
2171 1880 2207 1901 se

1218 1917 1319 1950 nobis
1344 1918 1438 1950 velut
1466 1918 1501 1950 in
1529 1918 1646 1951 tabula
1672 1918 1873 1959 definiano,
1908 1927 2066 1963 petemus
2090 1926 2122 1952 et
2143 1930 2207 1952 nos

1217 1981 1234 2001 e
1259 1969 1364 2001 sacris
1386 1968 1515 2008 literis,
1543 1968 1627 2013 quid
1655 1969 1697 2001 de.
1723 1969 1886 2002 civilibus
1912 1969 2045 2011 legibus
2062 1969 2206 2002 divinus

1217 2019 1369 2062 Spiritus
1393 2020 1510 2052 derrex
1521 2019 1603 2052 erit:
1638 2031 1724 2063 quas
1749 2031 1827 2052 cum
1850 2020 1989 2053 coelesti
2017 2032 2100 2053 voce
2124 2031 2206 2063 pro-

1220 2070 1292 2102 bari
1310 2070 1470 2109 audietis.
1498 2082 1560 2113 par
1575 2069 1689 2108 suerit,
1717 2076 1747 2102 et
1765 2081 1971 2113 cognoscere
1988 2070 2205 2112 diligentius,

1218 2128 1248 2153 et
1271 2123 1457 2153 observare
1481 2121 1643 2153 sanctius.
1696 2120 1778 2154 Sese
1804 2121 1896 2153 enim
1917 2121 2093 2154 contemni
2110 2120 2206 2154 Deus

1220 2172 1404 2211 indicabit,
1438 2171 1464 2204 si
1491 2171 1610 2204 civiles
1644 2171 1734 2213 leges
1767 2178 1948 2214 tantopere
1982 2171 2083 2204 nobis
2108 2184 2205 2204 com-

1219 2223 1396 2255 mendatas
1421 2222 1678 2256 xiolaverimuS.
1731 2221 1799 2255 Sed
1833 2234 1994 2255 recenseo
2025 2223 2119 2255 locos
2143 2221 2204 2267 qni

1218 2273 1351 2315 legibus
1376 2273 1658 2316 patrocinantur.
1685 2273 1881 2317 docentque
1909 2273 1944 2305 in
1963 2274 2066 2306 rebus
2086 2273 2203 2316 publi—

1218 2325 1265 2356 cis
1285 2324 1412 2356 iudicia
1428 2336 1499 2356 esse
1517 2323 1772 2360 consutueoda,
1798 2323 1958 2368 legesque
1976 2323 2102 2357 rationi
2119 2335 2204 2356 con-

1218 2383 1399 2407 sentaneas
1415 2376 1457 2407 de
1480 2375 1582 2407 rebus
1601 2371 1857 2411 twrciscumtis,
1887 2376 1928 2407 de.
1947 2375 2102 2407 sontium
2121 2386 2203 2418 poe-

1219 2426 1289 2465 nis,
1317 2434 1347 2459 et
1365 2426 1444 2458 aliis
1462 2423 1525 2458 hoc
1542 2437 1650 2467 genus
1668 2425 1749 2457 ferri
1769 2436 1880 2467 posse.

1321 2476 1478 2510 l'rimum
1496 2475 1548 2508 ins
1567 2476 1698 2508 faciunt
1723 2476 1825 2508 nobis
1845 2487 1960 2508 sacrae
1979 2474 2119 2517 literae,
2147 2475 2200 2509 vel

1218 2529 1406 2568 gentilibus
1430 2527 1483 2559 vel
1503 2526 1662 2559 mosaicis
1680 2527 1813 2567 legibus
1838 2526 1872 2558 in
1891 2523 2082 2569 prophanis
2098 2526 2202 2560 rebus

1218 2580 1415 2612 indicandis
1436 2577 1497 2612 nti.
1551 2575 1593 2610 Et
1614 2589 1692 2609 cum
1719 2576 1845 2609 iudicia
1867 2576 2082 2620 amplissimo
2105 2576 2202 2610 testi-

1217 2631 1335 2662 monio
1363 2635 1509 2665 ornzuit,
1543 2635 1614 2660 tum
1641 2626 1821 2665 antonine
1848 2628 2034 2659 mosaicam
2064 2635 2094 2661 et
2116 2639 2201 2669 gen-

1216 2683 1313 2717 tilem
1347 2683 1440 2714 iuxta
1476 2680 1638 2724 probant.
1705 2679 1795 2712 Cum
1835 2677 2024 2722 Baptistam
2061 2678 2201 2719 milites,
