2338 2958
0 1556 8 1583 «Α,
5 1474 9 1531 ,ἡ
0 1359 8 1447 ...ἐ-κ
0 1247 8 1358 22:2³
4 1207 8 1235 ....
4 1179 7 1184 .
2 1032 8 1043 ,
0 1012 8 1019 ,
4 976 8 986 ,
1 959 4 964 ,

98 139 169 174 621

97 231 148 258 tes
167 221 363 264 complexae
387 224 480 253 sunt.
533 217 717 251 Praedicas
734 216 954 261 Scipionem,
981 214 1080 249 cuius

95 271 301 307 fortitudine
324 275 357 302 et
382 268 588 310 faelicitate,
614 267 728 302 Roma
749 266 965 300 difficillimis
990 271 1078 299 tem-

96 321 284 366 pestatibus
315 319 456 352 defensa
490 326 550 353 est.
611 317 704 352 Sunt
734 315 818 350 haec
843 327 986 359 magna,
1018 315 1078 348 sed

95 372 206 405 maius
222 376 271 402 est
286 380 413 402 munus
431 366 614 409 Abrahae,
638 366 757 406 Eliae,
785 366 927 406 Esaiae,
956 365 1078 408 Bapti-

95 428 176 460 stae,
203 419 316 458 Pauli,
348 426 380 452 et
398 418 582 459 similium,
608 418 784 457 videlicet,
809 418 851 450 de
870 417 942 449 filio
961 414 1027 448 Dei
1045 420 1078 447 et

94 471 167 504 eius
182 469 358 503 beneficiis
374 469 596 509 concionari,
623 475 655 502 et
671 468 772 501 certis
789 465 997 500 testimoniis
1016 476 1077 507 pa-

93 521 239 554 tefacere
255 530 417 552 arcanam
434 519 647 556 voluntatem
665 517 748 557 Dei,
776 517 819 549 de
843 516 946 549 rebus
965 521 1076 548 aeter-

93 570 158 603 nis.
212 569 268 602 Ad
305 567 371 601 hoc
403 580 532 601 munus
564 567 788 611 praecipuum
823 565 952 608 delegit
981 563 1075 597 Deus

93 631 173 653 suos
190 617 382 662 Prophetas
405 625 438 651 et
460 617 658 662 Apostolos.
712 615 753 649 In
777 613 867 648 hanc
889 614 1073 648 stationem

92 669 230 703 vocavit
246 676 279 703 et
295 668 455 703 Paulum.
508 666 547 700 Id
571 667 644 700 eius
670 666 851 710 proprium
869 675 998 698 munus
1018 664 1075 696 in-

91 720 264 762 telligere,
292 725 325 752 et
343 719 387 751 ab
410 717 565 761 imperiis
581 716 775 749 discernere
789 716 974 749 discamus.

193 783 302 816 Multi
324 781 437 824 ignari
451 779 646 821 Ecclesiae,
673 781 776 824 longe
798 781 996 814 anteferunt
1020 777 1074 812 his

93 833 229 867 miseris
245 832 429 865 erronibus
442 830 633 874 Apostolis,
657 830 801 876 Cyrum,
823 830 1074 870 Alexandrum,

93 883 304 927 Augustum,
327 887 359 914 et
376 880 518 916 similes.
560 880 667 914 Multi
685 886 809 924 putant
825 887 934 913 artem
952 880 1072 922 vulga-

92 946 165 967 rem
181 931 369 976 Apostolos
394 931 666 971 circumtulisse,
699 937 880 974 praecepta
899 931 941 963 de
965 929 1074 962 mori-

92 984 177 1023 bus,
205 989 237 1015 et
253 987 456 1024 comparant
479 992 536 1013 eos
562 993 639 1014 cum
657 979 866 1025 Phocylide‚
894 977 1075 1021 Theogni-

44 1034 56 1042 ⁴
91 1034 153 1073 de,
179 1031 352 1068 Hesiodo,
379 1037 439 1063 aut
457 1037 547 1064 certe
563 1043 642 1063 cum
660 1028 904 1074 Philosophis,
930 1036 969 1062 ut
986 1028 1074 1072 Epi—

90 1089 200 1122 cteto,
227 1088 259 1114 et
284 1081 375 1113 aliis.
427 1079 522 1113 Haec
544 1080 720 1114 inerudita
742 1080 879 1113 somnia
906 1079 1075 1112 abiicien-

91 1133 134 1166 da
164 1138 266 1171 sunt,
301 1138 334 1164 et
363 1131 613 1163 discernendus
640 1137 690 1163 est
717 1128 901 1173 Evangelii
930 1128 1075 1169 Doctor,

91 1195 110 1216 a
126 1181 301 1219 Ducibus,
326 1187 359 1214 et
376 1179 701 1223 Legumlatoribus,
726 1187 759 1213 et
776 1177 1015 1223 Philosophis.

184 1239 292 1273 Aliud
308 1249 416 1281 genus
429 1238 610 1271 doctrinae
626 1238 907 1271 commendatum
922 1244 972 1270 est
986 1236 1074 1269 Pro-

89 1288 204 1335 phetis
220 1296 253 1323 et
270 1288 460 1332 Apostolis.
496 1286 543 1321 Et
559 1299 759 1332 quanquam
780 1288 897 1320 eadem
915 1299 991 1327 vox,
1018 1298 1076 1319 ea-

91 1343 241 1383 demque
257 1338 429 1371 sententia
446 1344 496 1371 est
506 1335 761 1381 Prophetarum
780 1344 811 1370 et
822 1336 1075 1380 Apostolorum

92 1390 271 1428 omnium,
297 1389 340 1421 de
356 1385 497 1421 Christo
515 1394 548 1420 et
564 1388 637 1421 eius
661 1387 855 1425 beneficiis,
883 1393 998 1419 tamen
1018 1398 1075 1418 ex-

91 1439 234 1484 plicatio
255 1437 403 1471 Paulina
426 1437 598 1470 illustrior
620 1443 681 1472 est.
739 1435 786 1470 Ut
807 1436 914 1478 igitur
936 1437 973 1468 in
996 1435 1074 1468 aliis

92 1489 264 1532 negociis,
291 1488 441 1521 aliorum
459 1487 570 1521 virtus
593 1487 702 1530 magis
726 1486 867 1519 enituit:
894 1484 992 1519 Elias
1014 1487 1075 1518 de—

92 1540 177 1573 levit
200 1539 334 1572 idolum
353 1537 436 1570 Baal
460 1537 497 1570 in
515 1536 630 1572 lsrael.
681 1534 802 1569 Esaias
817 1536 951 1579 depulit
967 1535 1075 1580 Assy-

91 1590 163 1624 rios
178 1590 222 1622 ab
238 1588 324 1621 urbe
340 1587 595 1632 Hierosolyma.
642 1586 805 1619 Ieremias
822 1597 963 1629 prorsus
982 1596 1073 1617 novo

93 1640 219 1680 modo,
252 1644 373 1671 contra
406 1644 522 1670 vetera
556 1637 711 1680 exempla
747 1641 884 1678 gentem
913 1634 1075 1673 servavit,

92 1690 241 1723 suadens
256 1687 471 1721 deditionem
496 1693 530 1720 et
552 1687 650 1720 triste
675 1698 713 1718 ac
730 1697 977 1718 aerumnosum
1001 1684 1075 1716 exi-

92 1740 197 1780 lium,
223 1738 271 1771 ita
289 1745 321 1772 et
335 1736 436 1770 Pauli
451 1737 642 1781 proprium·
651 1736 828 1780 quoddam
844 1742 895 1768 est
911 1736 1025 1767 decus.

192 1804 273 1838 Non
295 1805 402 1836 modo
433 1803 536 1836 latius
567 1801 694 1845 sparsit
715 1800 946 1844 Evangelium
970 1811 1074 1844 quam

92 1855 229 1896 caeteri,
255 1855 314 1887 sed
330 1853 432 1886 etiam
451 1853 587 1886 suturae
600 1849 773 1884 Ecclesiae
790 1852 831 1883 ad
845 1851 947 1882 finem
965 1861 1074 1894 usque

93 1910 320 1939 monumenta
339 1903 419 1936 talia
444 1902 618 1941 condidit,
645 1912 734 1945 quae
756 1899 927 1934 illustrius
946 1900 1076 1932 discer-

93 1962 185 1990 nunt
218 1953 450 1996 Evangelium
485 1964 504 1985 a
538 1952 610 1994 lege
651 1957 684 1984 et
720 1950 862 1994 politica
895 1949 1076 1993 sapientia,

93 2017 197 2052 quam
216 2004 336 2037 literae
361 2003 576 2047 reliquorum
596 1998 850 2044 Prophetarum
869 2007 902 2033 et
921 1999 1074 2043 Aposto-

93 2057 221 2090 lorum.
275 2053 314 2086 ld
332 2053 536 2086 beneficium
559 2051 587 2083 si
606 2051 667 2095 qui
684 2050 759 2083 leve
777 2061 849 2083 esse
864 2051 1009 2088 ducunt,
1038 2046 1073 2081 hi

94 2107 148 2139 vel
184 2104 358 2138 inscitiam
390 2115 487 2136 suam
522 2101 574 2134 vel
610 2100 823 2144 impietatem
857 2100 1076 2134 confitentur.

94 2155 183 2190 Nam
212 2154 363 2188 multum
387 2152 532 2186 omnino
561 2152 664 2184 refert
688 2162 785 2183 veras
810 2157 916 2183 metas
939 2156 972 2183 et
996 2161 1075 2181 vera

94 2205 297 2240 discrimina
325 2201 447 2236 harum
476 2202 716 2236 doctrinarum
746 2200 958 2243 intelligere,
993 2199 1077 2243 legis

95 2256 254 2296 divinae,
282 2251 525 2297 philosophiae
543 2259 575 2285 et
592 2250 787 2293 Evangelii.
825 2249 918 2283 Haec
935 2249 1078 2293 Paulus,

95 2314 262 2351 tanquam
290 2304 327 2336 in
351 2303 482 2336 iudicio
507 2303 629 2335 finium
657 2301 911 2343 regendorum,
937 2300 1076 2343 conspi-

96 2356 170 2390 cuis
187 2354 358 2388 limitibus
376 2352 545 2393 distinxit,
575 2360 607 2386 et
632 2351 799 2396 cuiusque
819 2350 954 2393 generis
976 2362 1076 2383 usum

96 2404 313 2440 monstravit.

198 2463 275 2496 Hoc
291 2461 479 2494 discrimen
502 2458 734 2498 confundere,
761 2456 893 2491 tristius
909 2462 959 2489 est
974 2468 1076 2501 quam

97 2515 204 2547 solem
223 2526 240 2547 e
257 2513 392 2545 mundo
412 2511 544 2544 tollere.
596 2507 800 2552 Sequuntur
814 2507 906 2539 enim
931 2504 1078 2540 horren-

99 2566 163 2597 dae
181 2564 362 2600 tenebrae,
391 2560 522 2594 oblivio
539 2555 688 2597 Christi,
714 2558 876 2591 interitus
893 2555 1077 2592 Ecclesiae.

99 2613 196 2657 Quid
227 2613 320 2646 enim
344 2613 489 2646 interest
514 2610 606 2642 inter
635 2607 792 2641 ethnicos
817 2615 849 2641 et
876 2605 1077 2646 Ecclesiam,

100 2664 223 2698 amissa
250 2661 313 2696 hac
345 2663 440 2703 luce,
471 2672 538 2707 qua
566 2659 686 2693 statuit
710 2657 882 2698 Ecclesia,
921 2669 957 2691 se
985 2664 1076 2691 certo

673 130 835 167 DECL.
873 129 948 166 DF..
983 126 1179 165 PAULO
1214 126 1544 164 APOSTOLO.

2039 133 2111 166 622

1129 212 1263 255 placere
1281 211 1367 251 Deo,
1393 224 1428 246 se
1444 213 1580 257 respici,
1607 213 1774 256 exaudiri,
1801 215 1942 255 servari,
1969 223 2110 259 propter

1128 262 1240 295 filium
1261 264 1499 296 mediatorem.

1228 319 1462 354 Retinuerant
1490 321 1614 355 Graeci
1640 329 1671 355 et
1703 322 1792 355 aliae
1813 322 1945 356 multae
1979 330 2108 365 gentes,

1127 370 1322 403 doctrinam
1358 372 1401 402 de
1436 368 1591 404 honestis
1624 373 1798 412 moribus,
1835 374 1878 404 de
1913 373 2107 416 disciplina.

1126 418 1242 461 Quam
1258 420 1362 453 multi
1382 420 1548 463 sapientia
1564 428 1595 454 et
1613 421 1740 455 virtute
1760 428 1987 464 praestantes,
2014 423 2105 465 apud

1125 467 1293 509 ethnicos,
1313 476 1441 502 norant
1457 481 1528 502 esse
1538 469 1661 510 Deum,
1679 483 1784 503 unam
1803 474 1977 516 quandam
1996 479 2107 505 aeter-

1125 531 1206 552 nam
1225 527 1376 553 mentem
1393 520 1619 552 conditricem
1637 532 1762 554 rerurn.
1798 521 1841 554 Ut
1860 521 1959 554 Plato
1979 529 2011 554 et
2027 534 2106 554 eru-

1124 570 1195 602 dite
1217 576 1250 602 et
1275 577 1365 603 recte
1383 569 1549 602 describit
1567 569 1698 609 Deum,
1722 570 1902 613 inquiens,
1930 578 2104 604 aeternam

1123 626 1275 652 mentem
1291 631 1373 659 esse,
1394 631 1530 653 causam
1548 619 1631 651 boni
1649 620 1684 651 in
1702 626 1837 652 natura.
1874 620 1969 662 Quid
1985 620 2106 654 Esaias

1123 675 1182 702 aut
1196 669 1327 702 Paulus
1342 671 1457 703 dicere
1477 669 1590 712 aptius
1609 670 1791 713 poterant?

1224 733 1320 777 Quid
1344 736 1449 777 igitur
1472 735 1632 768 interfuit
1656 736 1749 768 inter
1773 741 1912 768 nostros
1936 741 1967 767 et
1990 732 2105 768 ethni-

1123 785 1204 818 cos?
1238 784 1335 819 luter
1349 785 1530 818 Platonem
1548 791 1580 818 et
1597 785 1770 818 Paulum?
1804 783 2034 827 Evangelium
2054 785 2104 817 fa-

1123 835 1168 868 cit
1191 835 1390 870 discrimen.
1442 834 1518 868 Etsi
1545 842 1645 868 norat
1662 835 1759 868 Plato
1784 846 1855 867 esse
1871 833 2005 871 Deum,
2033 845 2104 866 esse

1123 892 1272 918 mentem
1290 893 1483 925 aeternam,
1506 896 1643 918 causam
1660 885 1743 918 boni
1765 885 1799 916 in
1818 890 1962 923 natura,
1985 890 2102 917 tamen

1122 935 1303 968 dubitabat
1328 947 1361 968 se
1380 935 1524 979 respici,
1551 935 1756 977 agnoscebat
1777 945 1811 966 se
1831 934 1914 967 vitia
1932 934 2102 978 quaedam

1122 982 1261 1023 habere,
1289 985 1394 1027 digna
1413 996 1535 1028 poena.
1570 983 1738 1027 Fugiebat
1754 984 1860 1026 igitur
1874 983 2002 1023 Deum,
2030 994 2103 1015 non

1123 1046 1202 1067 vere
1219 1035 1420 1075 invocabat,
1449 1042 1479 1068 et
1494 1035 1666 1067 dubitatio
1685 1044 1847 1076 magnam
1869 1033 2009 1065 ruinam
2033 1039 2104 1065 tra-

1123 1082 1193 1122 hit,
1219 1091 1259 1118 ut
1284 1085 1444 1118 nominat
1460 1084 1609 1122 Paulus,
1638 1090 1775 1127 peccata
1798 1094 1886 1128 quae
1909 1094 1970 1126 per
1993 1083 2102 1125 legem

1122 1141 1284 1169 existunt.

1221 1190 1375 1225 Econtra
1404 1190 1535 1225 Paulus
1560 1192 1716 1236 agnoscit
1739 1191 1881 1236 quidem
1912 1203 1947 1224 se
1975 1188 2104 1224 habere

1122 1242 1206 1275 vitia
1231 1242 1337 1284 digna
1362 1253 1491 1284 poena,
1522 1243 1580 1275 sed
1608 1242 1702 1274 videt
1724 1242 1868 1275 missum
1891 1253 1962 1274 esse
1990 1241 2102 1273 filium

1122 1291 1198 1332 Dei,
1225 1298 1264 1324 ut
1278 1292 1322 1325 sit
1338 1291 1478 1324 victima
1495 1304 1556 1335 pro
1572 1304 1696 1334 genere
1716 1289 1883 1324 humano.
1921 1291 1993 1324 Scit
2009 1297 2102 1323 certo

1122 1340 1234 1374 Deum
1254 1342 1471 1384 praecipere,
1497 1349 1536 1374 ut
1556 1348 1698 1385 propter
1721 1339 1818 1374 hunc
1834 1348 2023 1374 statuamus
2040 1351 2104 1372 nos

1122 1391 1228 1434 recipi
1245 1391 1281 1422 in
1298 1390 1457 1433 gratiam,
1483 1392 1641 1423 exaudiri
1669 1400 1701 1423 et
1727 1391 1869 1423 servari.
1925 1390 1998 1424 Scit
2018 1401 2104 1422 nus-

1122 1453 1225 1485 quam
1246 1452 1318 1473 esse
1342 1440 1407 1473 Dei
1425 1438 1636 1481 Ecclesiam,
1670 1440 1738 1473 nisi
1764 1441 1824 1473 ubi
1851 1438 1936 1473 haec
1961 1441 2004 1472 de
2030 1439 2102 1471 filio

1121 1490 1279 1523 doctrina
1296 1491 1396 1522 lucet.
1441 1489 1515 1523 Scit
1531 1490 1599 1523 iarn
1616 1502 1651 1523 se
1665 1502 1738 1523 non
1754 1502 1825 1523 esse
1840 1490 1914 1523 sine
1931 1488 2017 1529 Deo,
2044 1490 2103 1521 sed

1121 1540 1260 1573 invocat
1285 1536 1349 1572 hac
1373 1539 1439 1571 fide
1455 1538 1586 1580 Deum,
1614 1547 1646 1573 et
1667 1541 1712 1573 ab
1737 1552 1777 1572 eo
1802 1539 2105 1583 gubernationem,

1121 1589 1359 1622 defensionem
1387 1596 1420 1622 et
1443 1589 1588 1621 salutem
1618 1590 1745 1633 expetit
1769 1596 1802 1622 et
1827 1596 1995 1633 expectat:
2021 1586 2104 1621 haec

1122 1651 1200 1672 cum
1225 1651 1264 1671 ex
1289 1638 1519 1682 promissione
1537 1639 1617 1672 data
1639 1639 1760 1682 primis
1778 1639 1982 1682 parentibus
2001 1638 2105 1671 intel-

1122 1690 1269 1727 ligerent
1285 1688 1351 1731 pii,
1377 1695 1496 1731 gentes
1512 1689 1641 1722 oblitae
1658 1689 1916 1732 promissionis,
1944 1686 2034 1721 hanc
2050 1688 2105 1720 lu—

1121 1751 1195 1772 cem
1230 1738 1441 1778 amiserunt,
1481 1750 1586 1782 quam
1623 1740 1762 1784 quidem
1799 1750 1918 1771 rursus
1949 1737 2106 1771 accendit

1104 1787 1228 1828 .Deus‚
1254 1800 1333 1820 cum
1352 1799 1413 1830 per
1429 1787 1619 1831 Apostolos
1636 1788 1748 1832 spargi
1765 1786 1996 1831 Evangelium
2015 1788 2106 1820 inter

1122 1845 1239 1881 gentes
1256 1837 1381 1871 voluit.

1223 1893 1269 1928 Et
1287 1902 1326 1928 ut
1342 1894 1472 1928 Paulus
1487 1894 1614 1928 clarius
1632 1895 1750 1928 testari
1768 1901 1893 1938 posset,
1919 1895 2026 1939 recipi
2043 1907 2108 1929 nos

1123 1953 1266 1990 propter
1281 1946 1391 1979 filium
1407 1943 1472 1978 Dei
1490 1945 1526 1977 in
1543 1945 1700 1987 gratiam,
1728 1957 1798 1978 non
1816 1951 1959 1988 propter
1972 1953 2107 1979 nostras

1123 1997 1286 2035 virtutes,
1319 2002 1402 2028 tunc
1427 2001 1568 2028 vocatus
1595 2002 1644 2028 est
1676 2007 1753 2027 cum
1778 1995 1967 2028 acerrimus
1996 1993 2106 2028 hostis

1124 2053 1210 2079 esset
1226 2043 1377 2085 Christi,
1403 2057 1441 2077 ac
1466 2045 1635 2077 iudicaret
1652 2043 1882 2086 Evangelium
1905 2057 1976 2077 non
2001 2047 2106 2078 modo

1124 2097 1231 2129 facem
1259 2106 1330 2128 esse
1355 2095 1567 2128 seditionum
1592 2101 1624 2127 et
1648 2095 1912 2127 distractionum
1932 2093 2107 2128 Ecclesiae

1125 2145 1202 2183 Dei,
1216 2146 1274 2178 sed
1292 2145 1395 2178 etiam
1413 2145 1704 2178 contumeliosum
1716 2156 1787 2177 esse
1804 2145 1969 2177 adversus
1980 2144 2107 2184 Deum,

1124 2197 1330 2240 arderetque
1357 2195 1438 2228 odio
1464 2193 1647 2237 Evangelii
1677 2206 1750 2227 non
1780 2194 1965 2235 mediocri,
2002 2195 2106 2228 etiam

1125 2257 1283 2289 aspersus
1307 2244 1516 2279 Sanctorum
1540 2244 1728 2287 sanguine,
1763 2251 1795 2277 et
1819 2244 1953 2277 cruoris
1974 2244 2107 2284 sitiens,

1125 2296 1312 2330 tristiorem
1348 2294 1584 2328 carnificinam
1620 2294 1814 2328 moliretur.
1879 2293 1974 2326 Ilaec
2008 2295 2107 2327 omni

1125 2345 1349 2380 contentione
1379 2344 1487 2377 animi
1520 2351 1677 2386 agentem
1701 2341 1863 2377 Christus
1889 2351 1997 2377 vocat.
2055 2344 2107 2377 Ac

1126 2402 1271 2430 testatur
1287 2394 1416 2427 Paulus
1433 2395 1523 2437 ipse,
1548 2394 1806 2427 commonefieri
1828 2394 2024 2426 universam
2040 2392 2108 2427 Ec-

1126 2447 1264 2480 clesiam
1280 2445 1437 2488 exemplo
1454 2455 1534 2477 suae
1551 2444 1755 2484 vocationis,
1776 2451 1813 2477 ut
1831 2444 1991 2484 sciamus,
2013 2450 2107 2477 certo

1126 2509 1197 2530 non
1221 2503 1363 2540 propter
1386 2495 1514 2537 legem,
1539 2495 1597 2527 sed
1622 2501 1763 2538 propter
1788 2494 1897 2526 filium
1918 2493 1980 2527 Dei
2005 2494 2109 2537 gratis

1126 2547 1228 2580 nobis
1244 2545 1357 2579 Deum
1377 2545 1567 2588 ignoscere.

1227 2605 1267 2637 In
1292 2602 1384 2636 hunc
1408 2603 1517 2646 igitur
1540 2603 1655 2635 locum
1683 2602 1872 2641 incumbit,
1904 2602 2002 2635 docet
2019 2614 2105 2645 quo-

1125 2657 1230 2697 modo
1261 2653 1356 2687 Deus
1390 2654 1607 2686 invocandus
1635 2653 1698 2693 sit,
1748 2652 1871 2684 fiducia
1901 2650 2109 2689 mediatoris,
