2338 2958
203 137 278 177 559

209 222 337 261 tentias
352 219 442 255 scitu
466 213 688 259 dignissimas
712 221 774 254 per
793 207 952 242 membra
969 204 1203 262 distinguens.

210 273 372 310 Euclidis
396 269 549 312 denique
571 263 700 307 scripta
721 262 764 295 de
789 259 867 293 visu
890 264 924 292 et
946 255 1204 312 speculis‚.1u-

212 331 406 370 terpretum
431 317 546 353 officio
582 315 626 348 ad
651 324 716 346 nos
748 321 949 356 pervenere.
1010 305 1205 363 Rogertum

212 377 332 412 Bacon
370 369 561 414 Anglicum
594 363 811 410 perspectiva
848 372 911 394 sua
941 357 1206 402 compendiosa,

213 438 293 463 cum
318 422 440 457 libello
463 417 595 464 speculi
613 412 870 452 comburentis,
895 410 1069 444 celebrem
1090 413 1207 465 poste-

214 479 263 512 ris
282 473 479 508 reddidere.
531 468 655 513 Neque
674 462 898 500 Archimedis
915 460 1129 507 Syracusani
1150 469 1208 491 re-

213 525 355 562 minisci
373 524 486 568 piget,
512 519 575 565 qui
598 517 821 561 disciplinam
846 511 938 546 hanc
955 517 1111 555 nostram
1130 520 1209 553 spe-

214 577 303 613 culis
319 575 392 609 suis
407 567 668 615 Philosophicis
687 567 818 600 mirum
835 565 871 597 in
895 563 1040 596 modum
1061 572 1209 594 exorna-

213 630 280 663 vit:
314 637 465 672 quorum
492 620 648 665 exempla
674 617 878 662 propediem
905 614 942 646 in
966 611 1031 646 hac
1048 612 1135 645 urbe
1151 622 1211 666 ve-

214 687 287 715 stra
302 677 471 711 conficere
492 671 640 706 institui.
694 668 847 701 Multam
872 671 1050 710 postremo
1067 663 1110 695 de
1127 660 1212 694 reh-

215 730 295 776 quis
319 726 474 762 scientiis
496 723 622 757 mediis
640 717 836 754 disserendi
854 715 1038 749 materiam
1059 723 1213 770 expone-

217 793 313 820 rem,
357 777 427 812 nisi
456 773 625 819 temporis
652 770 824 810 brevitas,
864 765 1213 811 principantlumque

218 829 437 867 consuetudo
458 838 515 859 me
543 820 785 868 prohiberent.
835 818 924 852 Nam
944 817 987 850 de
1007 820 1214 871 mansuetu-

218 883 304 918 dine
330 886 443 913 vestra
468 877 587 910 futura
613 873 741 919 pignus
767 870 896 904 tenebo
921 874 1073 907 certum,
1099 870 1214 898 sitam

218 935 339 968 firmos
358 931 396 963 in
410 940 465 962 me
482 926 593 971 figetis
611 924 749 963 oculos,
777 932 882 967 quam
908 919 1078 961 benignas
1103 926 1214 960 usque

217 983 284 1019 hac
302 980 435 1017 oratori
453 976 545 1012 mihi
559 974 771 1022 praebuistis
795 983 908 1006 aures,
960 969 1074 1013 Igitur
1094 967 1215 1000 laudes

216 1031 552 1070 Mathematicarum
581 1027 820 1060 declamaturo
845 1019 955 1061 mihi,
986 1026 1039 1054 tot
1065 1025 1098 1052 et
1116 1023 1216 1051 tanta

219 1089 413 1121 occurrunt
435 1084 683 1118 monumenta,
716 1083 755 1110 ut
780 1073 960 1108 difficilius
983 1071 1145 1103 videatur
1162 1067 1216 1101 di-

220 1137 334 1172 cendo
348 1133 494 1168 modum
511 1137 679 1169 statuere,
706 1138 811 1172 quam
831 1124 927 1169 quod
945 1122 1059 1156 dicam
1078 1119 1218 1153 noviter

222 1186 396 1222 invenire.
450 1182 540 1225 Quis
558 1180 651 1214 enim
666 1180 702 1211 in
721 1176 788 1211 hoc
805 1176 928 1220 pelago
952 1174 1124 1206 immenso
1142 1169 1218 1203 vela

222 1237 430 1274 intendens,
465 1244 539 1265 non
561 1230 723 1274 copiosus
745 1226 859 1260 videri
877 1223 1029 1269 poterit?
1068 1220 1137 1255 Cui
1157 1230 1220 1264 per

222 1288 337 1324 Deum
372 1283 608 1318 immortalem
644 1278 730 1313 haee
762 1275 968 1320 dignissima
1002 1272 1118 1307 studia
1145 1281 1219 1303 non

222 1340 328 1373 modo
353 1348 427 1369 non
450 1334 604 1367 existunt
637 1330 756 1369 utilia,
789 1325 1022 1360 verumetiam
1056 1323 1094 1356 in
1122 1327 1220 1366 parte

224 1386 440 1424 necessaria?
501 1395 584 1417 nam
626 1379 790 1425 inprimis
835 1377 961 1411 omitto
997 1373 1221 1407 mechanicos

225 1451 347 1477 omnes
372 1444 475 1482 atque
506 1435 643 1473 fabros,
676 1442 765 1477 quos
793 1426 997 1463 Geometria
1025 1425 1221 1482 plurimum

226 1493 412 1535 dirigeret,
440 1487 469 1520 si
484 1490 667 1531 praecepta
686 1483 759 1516 eius
777 1479 1009 1523 accepissent,
1036 1487 1108 1534 sive
1125 1474 1222 1507 aedl-

226 1543 303 1577 ficia
327 1539 559 1575 constituere,
588 1535 660 1568 sive
685 1544 792 1578 aquas
819 1531 1012 1568 abducere,
1044 1537 1116 1560 sive
1133 1536 1224 1570 pon-

227 1596 310 1629 dera
341 1599 582 1625 transmovere
618 1583 842 1619 tentaverint.
905 1579 1108 1613 Memorare
1143 1587 1224 1620 pos-

230 1657 321 1684 sem,
349 1641 484 1687 quoties
515 1637 665 1671 fornices
688 1634 900 1678 templorum
927 1629 1012 1662 novi
1031 1627 1222 1661 admodum

230 1693 370 1740 ignavia
397 1688 670 1724 architectorum
702 1684 920 1721 corruerint,
961 1681 1046 1713 dum
1078 1679 1224 1720 figuram

231 1747 387 1790 ineptam
418 1745 611 1775 assumunt.
679 1736 786 1779 Quod
813 1731 971 1766 Venetiis
1004 1741 1116 1774 nuper
1148 1739 1226 1760 mo-

232 1795 335 1831 nachi
352 1791 518 1827 nonnulli
534 1788 653 1823 obruti
670 1794 769 1826 sunt,
797 1785 885 1818 turri
903 1783 1055 1828 quadam
1072 1780 1227 1817 cadente,

233 1846 378 1883 ruditati
403 1841 537 1888 opificis
565 1851 640 1873 eam
668 1838 800 1881 erigere
830 1833 991 1869 conantis
1016 1833 1226 1875 imputatum

233 1906 295 1934 est.
363 1896 490 1930 Sinum
526 1890 739 1927 Arabicum,
776 1893 901 1920 vocant
937 1896 1032 1917 mare
1066 1882 1228 1919 rubrum,

234 1962 294 1984 rex
318 1948 463 1993 quidam
486 1943 574 1976 mari
599 1948 719 1974 nostro
745 1938 1002 1971 mediterraneo
1021 1933 1228 1967 continuare

234 2004 411 2038 tentasset,
437 1995 501 2028 nisi
518 1994 706 2027 Geometra
720 1989 896 2023 monitore
910 1994 1017 2020 totam
1030 1984 1228 2039 Aegyptum

235 2061 406 2097 aquarum
426 2045 547 2080 illuvie
564 2044 784 2078 submersum
803 2040 845 2072 iri
862 2037 1050 2071 didicisset.
1079 2033 1230 2092 ,Q'muo

236 2102 389 2146 denique
407 2097 659 2141 negotiatores,
686 2092 746 2137 qui
766 2100 995 2123 numerorum
1014 2092 1139 2143 peritia
1156 2095 1229 2116 rem

236 2164 335 2188 suam
368 2149 561 2194 plurimum
594 2150 731 2185 augent.
801 2140 940 2173 Omitto
977 2146 1230 2194 armigerorum

237 2204 378 2239 turbam
414 2207 516 2244 atque
541 2196 714 2233 militum,
754 2193 883 2238 quibus
912 2191 1054 2223 inventa
1079 2188 1231 2219 (Jeome-

239 2255 324 2289 trica
342 2254 377 2285 in
404 2250 525 2284 iaculis
552 2245 752 2285 mittendis,
779 2242 1043 2286 dirigendisque
1061 2235 1232 2271 machinis

239 2318 304 2340 usu
330 2303 490 2336 veniunt.
545 2297 752 2342 Expeditior
770 2301 885 2328 autem
911 2291 1055 2326 caeteris
1072 2287 1234 2325 habetur,

240 2357 268 2390 si
305 2355 381 2400 quis
415 2353 595 2386 radiorum
630 2347 799 2381 solarium
833 2346 940 2386 legem
981 2342 1063 2376 satis
1100 2339 1233 2397 call-eat.

242 2407 336 2451 Quid
356 2405 507 2448 denique.
526 2401 643 2434 fabros
670 2398 985 2431 instrumentorum
1007 2390 1233 2450 Musicabum

241 2457 461 2491 meminero.)
496 2453 624 2497 quibus
652 2449 752 2482 toties
777 2459 930 2480 errorem
956 2457 1058 2478 sunm
1078 2455 1114 2476 1n
1135 2453 1235 2474 rnen-

243 2508 334 2543 suris
352 2504 554 2539 dixidendis
576 2501 699 2535 obieci.
754 2498 882 2532 Missos
907 2496 994 2530 facio
1013 2492 1235 2527 mechanicos

242 2570 382 2595 omnes,
418 2564 451 2588 ut
481 2561 650 2599 quantum
676 2550 836 2584 utilitatis
865 2549 899 2581 iu
926 2547 1050 2580 studiis
1079 2543 1235 2578 liberali-

245 2612 308 2644 bus
327 2605 591 2642 mathematicae
615 2603 813 2639 conserant,
841 2600 982 2633 abunde
1011 2600 1235 2630 monstretur.

244 2660 413 2705 'Nunquid
436 2655 593 2691 nescitis,
618 2666 722 2697 quam
740 2653 863 2685 erebro
889 2647 1142 2682 mathematicis
1159 2652 1236 2678 uta-

241 2721 299 2747 tur
315 2708 481 2754 exemplis
494 2697 1087 2751 peripateticusillel‘bilosophus‘?
1113 2703 1237 2730 cuncta

868 118 1028 156 DECL.
1070 115 1144 153 DE
1176 112 1553 152 ALFRAGANO.

2169 114 2244 152 540

1254 204 1364 237 ferme
1388 202 1517 246 scripta
1540 212 1603 235 sua
1623 198 1799 235 mathesin
1813 203 1993 244 redolent,
2024 201 2124 248 quasi
2141 213 2245 236 nemo

1257 252 1442 288 Aristoteli
1456 251 1687 295 intelligendo
1701 259 1882 287 censeatur
1895 254 2061 295 idoneus,
2081 252 2143 299 qui
2156 252 2248 287 libe-

1257 305 1330 338 rale
1346 302 1596 346 Quadruvium
1620 301 1824 346 neglexerit.
1882 303 2026 338 Frustra
2049 305 2153 339 tertio
2168 303 2249 338 Me-

1258 363 1437 395 teororum
1454 353 1622 387 discendo
1646 359 1679 386 te
1703 353 1916 395 contuleris,
1948 355 2019 389 nisi
2036 354 2249 399 geometrica

1258 406 1488 441 fundamenta
1504 411 1628 438 nactus
1644 403 1710 445 sis,
1735 410 1797 438 aut
1813 405 1915 438 docte
1931 407 2182 450 perspectivam
2199 413 2251 440 te-

1260 468 1358 491 neas:
1399 456 1594 489 secundum
1627 460 1662 489 et
1695 455 1838 489 tertium
1871 456 1915 489 de
1936 456 2034 489 coelo
2059 463 2094 491 et
2114 457 2250 491 mundo

1260 519 1444 553 nunquam
1469 506 1664 549 intelliges,
1698 506 1728 540 si
1753 513 1927 540 astrorum
1952 506 2175 551 disciplinam
2194 519 2252 542 so-

1261 559 1382 594 cordia
1409 557 1642 602 praeterieris.
1701 555 1774 600 Qui
1804 553 1993 602 septimum
2021 555 2252 603 Physicorum

1262 611 1395 656 absque
1420 609 1550 643 noticia
1578 608 1850 652 proportionum
1875 608 2008 642 discere
2037 608 2164 653 possit,
2197 621 2255 644 ar-

1262 661 1378 695 bitror
1404 672 1475 694 esse
1501 659 1692 694 neminem.
1746 658 1874 693 Nonne
1894 660 2045 693 arduum
2069 659 2257 694 videbatur

1265 710 1448 746 Aristoteli
1465 711 1502 744 in
1517 711 1726 745 duodecimo
1743 707 2008 756 Metaphysicae
2024 721 2127 753 suae,
2152 717 2259 745 natu-

1264 775 1340 797 ram
1356 762 1671 806 intelligentiarum
1684 761 1887 795 coelestium
1904 762 2155 802 demonstrare,
2174 761 2258 795 inde

1266 815 1353 848 adeo
1372 814 1467 858 quod
1483 811 1733 847 Astronomiae
1749 810 1844 846 haud
1861 813 1944 846 satis
1959 812 2156 847 studuerit?
2190 811 2260 846 Pa-

1267 877 1346 899 rum
1363 864 1399 898 id
1416 864 1562 897 obsecro
1577 863 1642 897 tibi
1659 863 1818 902 videtur,
1844 864 1938 909 quod
1961 864 1999 897 in
2017 863 2132 909 primo
2149 864 2261 908 gradu

1268 915 1510 955 certitudinis,
1537 914 1743 958 disciplinas
1762 921 1899 948 nostras
1914 914 2121 949 collocarit?
2146 914 2262 949 solum
2294 950 2298 954 ,

1269 979 1348 1001 eum
1374 966 1542 1000 scientem
1565 965 1776 1005 arbitratus,
1806 965 1869 1010 qui
1890 977 1946 999 eas
1966 967 2067 1000 docte
2090 977 2263 1000 consecu-

1269 1025 1325 1052 tus
1349 1024 1448 1051 esset.
1509 1015 1576 1051 Cui
1601 1016 1705 1050 etiam
1723 1015 1886 1050 Plotinus
1913 1016 2056 1062 quidam
2071 1014 2263 1051 Academi-

1270 1081 1330 1103 cus
1352 1068 1532 1102 alludens:
1571 1066 1734 1106 Utinam‚
1768 1067 1906 1112 inquit,
1939 1067 2058 1101 omnia
2080 1074 2194 1102 essent
2209 1067 2265 1101 di-

1270 1119 1485 1164 sciplinalia:
1521 1119 1609 1151 adeo
1635 1118 1750 1163 coepit
1779 1130 1858 1152 eum
1884 1118 2024 1152 satietas
2048 1125 2264 1153 caeterarum

1272 1171 1421 1208 artium,
1456 1181 1545 1215 quae
1571 1169 1727 1213 profecto
1753 1181 1827 1203 non
1853 1169 1921 1202 nisi
1941 1169 2161 1204 diversarum
2187 1169 2267 1215 opi·

1273 1222 1422 1254 nionum
1440 1220 1620 1263 congeries
1634 1220 1810 1253 aestimari
1826 1227 1985 1265 possunt.

1376 1269 1466 1314 Quis
1490 1270 1585 1304 enim
1608 1269 1857 1314 Anaxagorae,
1882 1278 1942 1305 aut
1964 1269 2185 1311 Democrito,
2211 1272 2267 1306 vel

1275 1321 1354 1356 aliis
1372 1322 1415 1354 de
1440 1321 1635 1355 substantia
1651 1321 1789 1355 animae
1813 1321 2088 1363 disserentibus,
2114 1333 2187 1356 non
2204 1323 2268 1356 ad·-

1275 1371 1442 1407 haesisset
1455 1373 1571 1417 prius,
1599 1384 1704 1417 quam
1723 1379 1812 1406 secta
1825 1371 2141 1416 Peripateticorum
2156 1373 2270 1408 inole-

1276 1424 1351 1458 ret?
1403 1422 1529 1457 Nonne
1551 1435 1713 1468 sequaces
1739 1423 1940 1457 Aristotelis
1963 1423 2116 1467 plurima
2140 1424 2270 1469 scripta

1277 1487 1337 1508 sua
1363 1473 1623 1518 impudentius,
1657 1473 1740 1507 satis
1765 1486 1844 1507 cum
1871 1473 2028 1518 periculo
2051 1471 2157 1508 hodie
2179 1475 2271 1509 lace-

1278 1524 1380 1559 rant?
1424 1525 1568 1565 incerti,
1599 1524 1752 1559 voluerit
1777 1537 1820 1558 ne
1844 1525 1961 1559 dicere
1986 1525 2029 1558 de
2053 1525 2273 1568 nominihus,

1278 1588 1322 1609 an
1345 1575 1464 1620 potius
1491 1577 1534 1609 de
1561 1576 1677 1609 rebus.
1739 1574 1837 1619 Quot
1859 1587 1975 1609 ramos
2000 1576 2092 1611 inter
2114 1588 2171 1618 se,
2203 1584 2236 1612 et
2252 1589 2273 1612 a

1278 1626 1396 1670 stipite
1429 1638 1492 1659 suo
1526 1626 1683 1659 diversos
1714 1623 1799 1660 haec
1833 1633 1924 1660 secta
1951 1628 2141 1671 produxit?
2187 1627 2273 1662 Pars

1282 1677 1449 1710 loannem
1467 1676 1611 1711 Scotum
1632 1677 1808 1716 imitatur,
1832 1677 1891 1710 alii
1908 1684 2067 1711 sanctum
2085 1677 2274 1718 Thomam.

1280 1740 1352 1761 non
1375 1727 1465 1760 nulli
1483 1734 1598 1762 autem
1619 1728 1760 1770 ingenio
1778 1728 1976 1772 promiscuo
1992 1725 2057 1762 hac
2075 1736 2179 1775 atque
2194 1730 2275 1764 illac

1281 1779 1453 1812 defluunt.
1507 1777 1677 1812 Scotistae
1699 1790 1736 1812 se
1759 1778 1997 1823 pronunciant
2021 1780 2184 1814 victores:
2211 1782 2274 1816 ubi

1282 1841 1364 1862 vero
1390 1829 1536 1862 liberam
1564 1829 1703 1862 dicendi
1729 1830 1938 1863 sententiam
1965 1830 2061 1864 locus
2081 1832 2204 1872 datur,
2231 1835 2275 1867 ad

1282 1878 1458 1913 Thomam
1484 1887 1719 1915 revertuntur.
1776 1879 1886 1924 Igitur
1911 1893 1980 1926 quo
2011 1882 2128 1926 plures
2151 1881 2275 1918 Philo-

1283 1929 1406 1975 sophia
1424 1932 1528 1964 ‹luces
1539 1929 1655 1970 habet,
1683 1944 1723 1964 eo
1741 1932 1860 1965 minus
1875 1929 1938 1965 hac
1956 1940 2074 1967 nostra
2093 1941 2277 1979 tempesta·

1285 1989 1315 2015 te
1346 1982 1550 2017 addiscitur.
1611 1981 1778 2026 Princeps
1813 1983 1946 2017 interea
1974 1981 2276 2029 Philosophorum

1285 2045 1428 2077 prorsus
1443 2033 1666 2073 destituitur,
1694 2046 1894 2079 nomenque
1912 2046 2012 2067 suum
2036 2035 2063 2067 is
2088 2036 2155 2069 sibi
2173 2048 2277 2071 usur-

1285 2147 1353 2180 que
1386 2135 1592 2169 Aristoteles
1625 2136 1716 2179 ipse,
1753 2136 1779 2168 si
1813 2135 2054 2175 revivisceret,
2087 2138 2279 2183 discipulos

1287 2288 1488 2333 praedicare
1504 2288 1612 2326 ausit,
1640 2289 1929 2333 quandoquidem
1948 2301 2061 2335 neque
2081 2299 2190 2332 aetas,
2217 2305 2280 2327 ne-

1287 2351 1354 2385 que
1388 2337 1575 2372 hominum
1607 2351 1720 2372 mores
1755 2339 1838 2383 ipsis
1874 2339 2062 2385 quicquam
2095 2341 2280 2378 detrahere

1289 2397 1446 2434 possunt.
1513 2387 1746 2423 Theoremata
1784 2387 1943 2424 E'uctidis
1976 2393 2123 2426 eandem
2160 2391 2280 2433 hodie,

1288 2453 1393 2486 quam
1412 2447 1491 2474 ante
1505 2440 1600 2473 mille
1624 2453 1736 2474 annos
1754 2439 1884 2474 babent
1908 2442 2164 2478 certitudinem.
2222 2444 2280 2479 ln-

1291 2499 1392 2525 venta
1412 2490 1634 2526 Archimedis
1654 2500 1729 2536 post
1747 2493 1841 2525 mille
1859 2493 1972 2526 secula
1989 2495 2145 2527 venturis
2165 2492 2282 2530 bomi-

1291 2595 1487 2637 legentibns
1506 2595 1608 2627 nobis
1625 2594 1889 2627 iucunditatem.

1291 2646 1413 2679 talium
1431 2645 1589 2679 comites:
1620 2657 1691 2678 non
1714 2645 1809 2689 prius
1822 2651 2032 2683 cessaturae,
2060 2660 2282 2692 quammun-

1291 2697 1357 2730 dus
1382 2697 1453 2741 ipse
1478 2696 1623 2729 desinat.
1684 2695 1719 2728 ()
1750 2695 1870 2729 divina
1890 2693 2188 2742 Philosophorum
2216 2711 2282 2734 nu-

1285 2090 1362 2128 pat,
1390 2084 1450 2128 qui
1471 2084 1508 2116 in
1527 2081 1804 2128 sophismatibus
1821 2085 1899 2128 plus
1916 2085 2060 2119 caeteris
2076 2086 2188 2125 valet.
2215 2101 2278 2123 ne·
2318 2123 2319 2126 ,

1285 2198 1366 2219 suos
1394 2193 1498 2231 atque
1532 2198 1694 2231 sequaces
1727 2187 1810 2220 satis
1842 2187 2038 2229 intelligere
2069 2190 2279 2226 crederetur.
2316 2200 2318 2232 j

1287 2238 1391 2280 Quod
1429 2238 1472 2269 de
1508 2237 1637 2270 nostris
1669 2237 1865 2281 disciplinis
1898 2249 2002 2270 nemo
2040 2239 2106 2272 nisi
2136 2240 2280 2277 insanus

1289 2543 1394 2576 nibus
1413 2556 1483 2576 non
1503 2543 1675 2576 minorem
1694 2544 1858 2577 indurent
1873 2543 2152 2583 admirationem,
2176 2560 2281 2592 quun
2314 2563 2315 2567 ¹

1942 2592 1977 2626 ()
1991 2604 2176 2639 perpetuae
2188 2610 2283 2633 mor-
2312 2623 2314 2625 »
