2338 2958
176 148 251 184 327

177 232 280 267 Pauli
295 229 513 267 Samosateni
530 227 690 271 impietas
706 227 944 261 damnaretur.
977 224 1050 259 Nee
1067 224 1164 259 aliud

177 283 348 318 vetustius
378 278 617 315 testimonium
650 283 759 316 extat,
802 283 880 321 post
910 276 1163 321 Apostolorum

177 335 303 380 scripta
321 334 364 366 de
381 330 574 368 Trinitate,
602 339 706 373 quam
726 325 832 361 huius
848 326 1024 371 Gregorii.
1065 327 1164 362 Tan-

175 393 250 420 tum
273 391 387 418 autem
405 381 435 414 ei
454 380 579 414 tribuit
595 378 766 417 Basilius,
795 385 834 412 ut
849 379 942 412 dicat
964 379 1030 412 sibi
1049 377 1164 412 adhuc

176 444 364 481 personare
389 442 490 465 aures
513 442 596 464 voce
618 429 800 473 Gregorii,
835 429 978 474 eiusque
1006 429 1163 463 testimo-

175 487 274 520 nium
301 483 449 527 opponit
467 481 660 516 Sabellicus
685 480 975 525 perturbantibus
992 478 1165 513 Ecclesias

175 533 533 570 Neocaesariensium.
587 530 829 576 Hieronymus
852 531 988 564 audivit
1007 529 1164 574 Epipha-

175 587 275 620 nium
293 592 325 618 et
342 583 615 623 Nazianzenum,
643 582 768 615 omitto
786 581 873 615 alios
891 581 1030 615 multos.
1067 581 1164 613 Tau-

174 645 248 672 tum
267 643 381 670 autem
399 632 462 668 hos
484 632 776 673 commemoravi,
801 638 841 665 ut
857 632 1010 675 cogitent
1026 632 1166 665 audito-

174 699 250 728 res,
276 686 453 729 singulare
469 684 532 718 Dei
554 683 762 717 beneficium
780 694 869 723 esse,
896 682 1018 715 audire
1035 682 1165 716 doctri-

174 751 255 772 nam
270 736 471 780 Evangelii,
496 748 514 768 a
539 735 669 768 talibus
689 733 912 773 doctoribus,
939 745 1090 777 quorum
1113 745 1166 766 se-

174 789 234 835 qui
254 788 384 822 iudicia
402 793 474 820 tute
491 786 675 830 possimus.
729 783 910 817 Pertinent
930 783 1036 826 igitur
1053 781 1166 817 Scho—

173 841 227 873 lae
254 840 297 872 ad
321 837 555 881 ministerium
578 833 763 877 Evangelii
789 834 826 867 in
850 833 1037 875 Ecclesiis‚
1063 840 1096 867 et
1117 835 1165 867 ob

175 903 250 924 eam
282 900 422 922 causam
456 887 637 920 doctrinae
668 884 869 919 testimonia
899 885 1001 918 bonis
1037 891 1069 918 et
1102 885 1165 917 do-

175 941 239 974 ctis
263 940 346 972 viris
377 939 601 975 tribuuntur,
636 943 675 970 ut
705 942 838 970 constet
862 936 982 979 quales
1006 937 1166 969 doctores

174 990 370 1028 audierint,
400 995 439 1022 ut
455 995 546 1022 certa
569 987 756 1021 autoritate
772 986 932 1020 doctrina
950 987 991 1019 ad
1008 993 1166 1030 posteros

174 1047 398 1087 propagetur.
460 1038 555 1072 Haec
584 1038 650 1072 suit
681 1038 717 1070 in
750 1035 906 1070 Ecclesia
932 1037 1166 1071 vetustissima

175 1092 414 1130 consuetudo,
455 1096 572 1134 postea
603 1089 679 1122 sine
708 1087 920 1121 testimoniis
953 1088 1166 1128 docentium,

174 1142 318 1177 admissi
350 1148 431 1174 sunt
463 1141 505 1173 ad
535 1140 783 1183 gubernandas
809 1137 982 1172 Ecclesias
1004 1136 1166 1171 homines

175 1192 370 1232 ineruditi,
398 1198 431 1224 et
449 1198 488 1225 ut
504 1189 747 1223 Nazianzenus
771 1189 836 1229 ait,
864 1190 980 1223 subito
1003 1190 1083 1223 facti
1101 1190 1167 1222 do-

174 1253 296 1284 ctores,
321 1243 411 1276 sicut
427 1242 463 1274 in
482 1241 610 1275 fabulis
627 1241 742 1274 subito
758 1240 831 1273 nati
848 1240 1015 1274 dicuntur
1031 1240 1168 1283 Gigan-

174 1304 237 1330 tes.
291 1293 385 1327 Hinc
419 1299 496 1326 orta
533 1299 583 1326 est
615 1302 740 1335 magna
775 1291 957 1324 doctrinae
994 1291 1165 1325 confusio

173 1346 364 1391 Postquam
389 1343 496 1387 igitur
521 1342 614 1377 Deus
639 1354 700 1375 sua
727 1341 895 1374 immensa
913 1342 1166 1379 misericordia,

174 1397 278 1430 nobis
296 1394 450 1429 restituit
465 1392 650 1436 Evangelii
672 1393 802 1432 lucem,
830 1403 972 1435 agamus
988 1391 1064 1426 Deo
1089 1403 1168 1435 gra-

175 1449 259 1489 tias,
286 1454 317 1481 et
334 1446 369 1479 id
394 1444 622 1484 beneficium,
650 1454 788 1476 summo
807 1443 924 1476 studio
945 1443 981 1475 in
1000 1441 1167 1476 Ecclesiis

175 1506 207 1532 et
227 1495 355 1532 scholis
373 1507 636 1535 conservemus,
664 1500 696 1527 et
720 1505 900 1531 curemus,
927 1500 966 1527 nt
991 1491 1026 1526 lii
1045 1493 1106 1538 qui
1123 1495 1164 1525 ad

173 1547 370 1582 ministeria
404 1545 633 1580 ecclesiastica
667 1544 837 1577 accessuri
871 1551 969 1583 sunt,
1018 1544 1168 1576 fideliter

175 1600 425 1637 instituantur,
454 1608 516 1629 nec
537 1595 754 1639 recipiantur
770 1594 825 1626 vel
846 1594 996 1634 indocti,
1020 1595 1074 1626 vel
1100 1592 1168 1627 αὐ-

176 1648 400 1684 τοδίδακτοι.
456 1646 626 1679 Videmus
649 1645 741 1678 enim
773 1651 891 1677 nostra
909 1651 1019 1678 aetate
1040 1645 1166 1678 fanati-

176 1713 232 1735 cas
250 1699 436 1744 opiniones
448 1696 770 1740 Anabaptistarum‚
790 1702 926 1729 tantum
944 1696 987 1728 ab
1006 1695 1168 1735 indoctis,

177 1759 237 1785 aut
273 1745 554 1785 αὐτοδιδάκτοις
582 1754 675 1780 ortas
703 1758 785 1781 esse.
849 1745 1032 1789 Quantum
1062 1747 1168 1789 igitur

176 1815 241 1836 nos
266 1802 433 1835 debemus
460 1797 552 1835 Deo,
588 1797 649 1843 qui
674 1798 777 1830 nobis
802 1797 1100 1839 gubernatorum,
1137 1804 1167 1829 et

176 1855 356 1887 doctorem
376 1851 460 1890 fide,
488 1856 520 1882 et
539 1856 631 1881 recto
657 1848 788 1881 iudicio
813 1854 1043 1892 praestantem
1061 1848 1168 1885 dedit,

177 1905 276 1938 cuius
304 1901 463 1935 doctrina
489 1901 656 1932 adversus
684 1899 761 1931 illas
786 1899 955 1932 fanaticas
984 1899 1168 1942 opiniones

178 1953 392 1999 praemuniti
417 1952 566 1990 suimus,
601 1962 752 1995 quorum
776 1957 913 1983 autores
939 1962 1039 1993 saepe
1058 1956 1165 1982 tenta-

179 2012 262 2039 runt
286 2003 460 2038 Ecclesias
485 2008 638 2040 nostras,
670 2002 729 2033 sed
755 2013 832 2033 cum
859 2001 894 2032 iu
912 1998 1080 2033 Ecclesiis
1105 2012 1163 2032 no-

181 2057 259 2090 stris
272 2060 468 2099 praeessent
485 2052 634 2085 instituti
653 2052 686 2083 in
699 2048 762 2084 hac
779 2049 909 2091 schola,
936 2051 1038 2096 etqui
1057 2051 1168 2083 liben-

180 2115 231 2140 ter
248 2112 440 2148 agnoscunt
457 2116 491 2136 se
508 2116 578 2135 non
597 2114 668 2135 esse
691 2098 1002 2140 affrodidciznnrs,
1030 2103 1087 2134 sed
1107 2114 1168 2135 au-

181 2158 322 2193 ditores,
349 2155 450 2199 periti
469 2155 719 2195 gubernatores
735 2154 924 2196 prudenter
940 2153 1169 2186 instituerunt

182 2220 260 2242 suas
281 2206 468 2243 Ecclesias,
494 2217 618 2249 casque
637 2204 757 2236 ‹tixina
774 2216 838 2247 ope
859 2203 989 2239 adiuti,
1017 2204 1075 2249 qui
1094 2204 1170 2247 piae

183 2258 364 2291 doetrinae
383 2258 492 2293 saret,
523 2256 556 2287 iu
575 2255 690 2287 officio
711 2255 944 2288 retinuerunt.
988 2254 1167 2288 Pertincnt

184 2310 289 2351 igitur
315 2306 461 2340 Scliolae
487 2307 527 2338 ad
556 2307 789 2338 ministerium
816 2303 1020 2347 Evangelii,
1055 2312 1087 2339 et
1116 2305 1169 2337 vel

182 2360 366 2405 praecipua
386 2370 463 2401 pars
481 2364 558 2390 suut
579 2358 671 2389 illius
689 2357 897 2389 sanctissimi
915 2357 1087 2394 nuiiieris;
1109 2368 1170 2388 ne-

184 2422 274 2444 cesse
291 2417 339 2441 est
356 2409 448 2440 enim
468 2408 563 2451 prius
582 2409 663 2449 diu,
692 2415 720 2439 et
741 2408 927 2448 diligenter
947 2408 1080 2440 institui
1100 2419 1170 2445 eos,

184 2461 313 2507 quilius
338 2459 545 2500 gubernatio
572 2457 807 2491 Ecclesiaruin
831 2459 1082 2491 committenda
1108 2465 1169 2491 est.

182 2511 319 2546 Deinde
344 2510 469 2550 gradus
493 2517 538 2541 est
565 2509 821 2549 testimouium,
850 2517 886 2543 ut
903 2517 1034 2542 constet
1055 2522 1071 2542 a
1092 2509 1170 2554 qui-

182 2564 248 2595 bus
265 2561 467 2593 doctoribus
485 2561 676 2603 acceperint
695 2561 900 2593 doctrinam.
938 2559 1012 2592 lior
1028 2559 1171 2604 utApo-
1196 2600 1197 2608 ἵ

184 2613 354 2647 stolorum
387 2618 562 2654 tempore,
603 2612 647 2643 ita
685 2624 777 2643 nuuc
807 2623 947 2656 quoque
979 2611 1169 2655 plurimum

184 2663 288 2697 batn-t
312 2662 492 2695 momenti.
545 2661 633 2693 Cum
660 2662 752 2693 enim
777 2674 920 2704 maguae
947 2662 1014 2695 siut
1036 2663 1170 2695 dissen-

184 2715 312 2753 siones,
340 2715 383 2746 de
399 2712 575 2751 doctrina,
603 2725 680 2744 cum
698 2724 821 2754 magua
839 2714 1028 2747 certamina
1047 2713 1169 2746 extite-

634 139 792 177 DECL.
823 138 898 174 DE
932 135 1271 174 DIGNITATE
1305 134 1505 171 STUDII
1540 134 1750 173 THEOL.

2129 136 2205 172 328

1215 222 1288 256 rint
1305 222 1348 255 de
1365 220 1558 264 religione,
1582 222 1776 256 necessaria
1793 234 1875 257 cura
1890 230 1941 258 est
1958 224 2090 264 videre,
2114 234 2204 268 quo-

1215 285 1295 307 rum
1316 278 1508 317 sequantur
1536 273 1771 307 autoritatem.
1826 273 1975 308 Ioannes
1999 274 2130 320 inquit:
2165 272 2206 307 Si

1216 323 1295 369 quis
1316 323 1412 357 venit
1435 324 1480 356 ad
1502 334 1581 364 vos,
1608 330 1642 358 et
1665 321 1756 358 hanc
1771 325 1970 358 doctrinam
1989 337 2060 358 non
2081 324 2206 362 adfert,

1217 387 1289 407 non
1315 373 1492 418 recipiatis
1516 385 1608 408 eum.
1661 373 1718 408 Ad
1742 376 1894 409 eundem
1908 376 2053 409 modum
2071 382 2103 408 et
2120 373 2207 408 alibi

1217 437 1317 469 saepe
1336 424 1502 469 praecipit
1520 425 1703 469 scriptura.
1756 424 1876 469 Quare
1901 437 2011 469 genus
2026 425 2207 459 doctrinae

1217 476 1405 519 diligenter
1427 475 1722 509 considerandum
1749 483 1818 517 est,
1845 477 2039 510 videndum
2061 488 2100 509 ex
2124 475 2206 520 qui-

1219 528 1284 559 bus
1307 526 1465 560 fontibus
1498 523 1664 561 haustum
1691 527 1752 568 sit3
1788 539 1956 571 magnum
1988 527 2095 570 igitur
2118 537 2208 559 onus

1218 577 1392 611 sustinent
1417 578 1580 611 doctores
1603 577 1641 610 in
1657 575 1808 614 Scholis.
1862 577 1939 612 Hoc
1955 578 2043 612 scire
2057 582 2207 621 oportet,

1219 640 1236 661 a
1253 629 1381 673 quibus
1404 629 1588 661 autoribus
1612 629 1809 672 acceperint
1825 629 2041 669 doctrinam,
2069 635 2103 662 et
2124 626 2209 660 reti-

1218 691 1301 711 nere
1317 678 1526 722 puritatem,
1554 691 1592 712 ac
1611 691 1732 712 cavere
1753 691 1796 712 ne
1818 680 2078 714 admisceantur
2096 688 2210 711 novae

1220 736 1251 762 et
1267 741 1393 773 pravae
1410 730 1607 774 opiniones.
1662 729 1763 764 Sicut
1783 730 1819 763 in
1841 729 1997 764 Ecclesia
2014 725 2209 764 Antioche-

1220 791 1275 820 na,
1297 792 1376 813 cum
1393 779 1525 813 Paulus
1536 780 1784 814 Samosatenus
1801 793 1902 815 suum
1918 793 2094 815 venenum
2111 789 2209 822 spar-

1219 842 1297 873 gere
1330 830 1516 874 coepisset,
1560 831 1760 875 intelligens
1793 830 1996 873 Malchion,
2041 831 2102 878 qui
2135 836 2209 863 erat

1220 893 1311 914 unus
1329 893 1367 913 ex
1386 881 1606 921 doctoribus,
1634 894 1766 915 novum
1792 884 1835 916 ab
1859 896 1898 916 co
1915 884 2041 926 dogma
2065 882 2149 920 seri,
2175 887 2210 914 et

1219 931 1397 974 corrumpi
1419 938 1567 964 veterem
1586 932 1787 976 puritatem,
1814 934 1950 977 primus
1968 934 2144 971 clamavit,
2177 937 2211 964 et

1220 981 1346 1015 vicinis
1362 980 1557 1025 Episcopis,
1578 980 1822 1017 Alexandrino
1838 992 1870 1018 et
1883 983 2208 1030 Hierosolymitano

1219 1033 1427 1076 significavit
1446 1039 1617 1077 quantum
1640 1041 1728 1067 esset
1753 1035 1910 1078 periculi.
1965 1034 2015 1069 Ita
2031 1031 2210 1068 Malchio-

1219 1084 1274 1116 nis
1290 1083 1356 1116 fide
1375 1090 1407 1117 et
1424 1083 1606 1127 diligentia
1625 1085 1858 1127 confutatum,
1882 1092 1915 1119 et
1931 1086 2141 1130 extirpatum
2159 1089 2210 1117 est

1220 1133 1438 1168 Samosateni
1459 1134 1638 1169 delirium.
1695 1135 1815 1178 Quare
1838 1137 2074 1171 ministerium
2089 1134 2210 1169 Evan-

1220 1185 1319 1228 gelii,
1347 1185 1433 1218 etin
1452 1182 1599 1223 scholis,
1627 1192 1661 1219 et
1685 1186 1722 1218 in
1737 1185 1905 1221 Ecclesiis
1929 1188 2003 1232 pari
2026 1199 2107 1221 cura
2126 1185 2210 1219 reti-

1219 1236 1396 1276 nendum,
1423 1242 1455 1268 et
1473 1236 1734 1269 defendendum
1754 1245 1814 1272 est.
1867 1237 1921 1272 Pii
1940 1238 2121 1283 Principes
2136 1249 2209 1270 non

1220 1287 1333 1319 solum
1363 1283 1499 1319 scholas
1522 1287 1734 1321 constituere
1759 1289 1907 1327 debent,
1935 1291 1992 1323 sed
2019 1289 2122 1323 etiam
2145 1288 2210 1322 eli-

1220 1348 1299 1380 gere
1321 1348 1430 1380 genns
1455 1338 1652 1378 doctrinae,
1685 1350 1748 1371 cen
1773 1340 2000 1373 seminarium
2030 1346 2209 1384 acceptum

1220 1394 1310 1421 certa
1338 1394 1370 1421 et
1397 1387 1495 1420 firma
1521 1389 1726 1429 autoritate,
1753 1396 1785 1423 ct
1800 1402 1920 1423 curare
1939 1402 1983 1423 ne
2000 1391 2088 1423 illud
2105 1389 2211 1423 semi—

1221 1438 1359 1471 narium
1376 1446 1632 1481 corrumpatur.
1681 1438 1777 1473 Haec
1795 1440 1831 1473 in
1848 1438 1978 1474 scholis
1992 1453 2073 1475 cura
2091 1452 2210 1474 neces-

1219 1489 1308 1522 saria
1332 1495 1401 1526 est,
1427 1495 1465 1522 ut
1495 1490 1678 1533 posteritas
1703 1491 1806 1529 sciat,
1834 1492 1933 1525 cuius
1957 1498 2060 1525 notae
2079 1491 2210 1525 doctri-

1220 1551 1301 1572 nam
1321 1539 1500 1583 acceperit.
1554 1539 1653 1574 Hanc
1678 1541 1714 1574 in
1732 1541 1956 1586 Principibus
1978 1550 2010 1576 et
2033 1543 2069 1575 in
2088 1541 2211 1576 Eccle-

1220 1591 1268 1623 sia
1296 1590 1515 1632 diligentiam
1542 1592 1688 1636 requirit
1710 1591 1824 1633 Dens,
1854 1594 1895 1626 ad
1920 1591 2005 1627 haec
2030 1593 2211 1638 praecipit,

1221 1648 1258 1674 ut
1280 1653 1401 1673 omnes
1438 1653 1501 1685 pro
1525 1653 1584 1674 sua
1610 1643 1793 1675 vocatione
1819 1650 1945 1677 ornent
1979 1651 2011 1678 et
2043 1645 2212 1678 adiuvent

1222 1690 1286 1724 hoc
1310 1691 1558 1726 ministerium.
1615 1691 1665 1725 Ac
1683 1694 1867 1738 praecipue
1885 1707 1964 1735 vos,
1991 1696 2051 1741 qui
2077 1696 2112 1728 iu
2137 1702 2211 1729 stu-

1222 1742 1290 1775 diis
1310 1742 1518 1780 versamini,
1547 1743 1694 1786 cogitate
1720 1757 1782 1777 nos
1814 1757 1885 1777 non
1914 1745 2050 1780 tantum
2076 1747 2211 1790 privata

1222 1793 1404 1826 vocatione
1422 1799 1616 1826 vestroruin
1633 1795 1869 1838 superiorum,
1894 1798 1951 1829 sed
1972 1797 2111 1841 publica
2129 1797 2212 1829 nni-

1222 1855 1341 1875 versae
1358 1842 1533 1876 Ecclesiae
1558 1845 1740 1878 vocatione.
1762 1846 1949 1880 collocatos
1975 1859 2047 1880 esse
2067 1848 2104 1880 in
2121 1845 2210 1881 hanc

1222 1895 1418 1933 stationem,
1435 1900 1471 1927 ut
1490 1895 1674 1939 praecipue
1688 1897 1884 1929 doctrinam
1900 1896 2081 1941 Evangelii
2099 1898 2212 1932 disca-

1223 1946 1284 1983 tis,
1319 1952 1351 1977 et
1372 1952 1409 1978 ut
1435 1945 1578 1988 plurimi
1604 1958 1639 1978 se
1661 1949 1703 1979 ad
1726 1948 1960 1982 ministerium
1993 1956 2210 1993 praeparent.

1223 1996 1300 2037 Qua
1321 1996 1354 2027 in
1374 2008 1409 2027 re
1427 2008 1487 2027 vos
1503 1997 1726 2037 gravissimae
1749 1999 2038 2032 comminationes
2066 2006 2097 2032 et
2129 2012 2211 2043 pro-

1224 2047 1406 2078 missiones
1432 2047 1575 2079 divinae
1595 2056 1774 2087 moveant,
1801 2046 2110 2095 Christnsinquit:
2138 2050 2210 2094 Qui

1223 2097 1344 2140 recipit
1372 2095 1583 2140 prophetam
1613 2098 1648 2131 in
1674 2100 1816 2133 nomine
1840 2099 2054 2144 Prophetae,
2079 2113 2212 2135 merce-

1223 2149 1300 2180 dem
1322 2146 1516 2192 Prophetae
1536 2149 1691 2193 accipiet,
1722 2157 1770 2183 et:
1798 2150 1835 2184 Si
1854 2151 1931 2196 quis
1950 2152 2084 2185 dederit
2106 2152 2210 2186 alicui

1223 2211 1261 2231 ex
1286 2199 1441 2231 minimis
1468 2199 1542 2232 istis
1561 2207 1681 2243 potum
1704 2213 1834 2246 aquae,
1861 2209 1996 2235 tautum
2015 2203 2049 2235 in
2069 2203 2212 2237 nornine

1224 2250 1407 2293 discipuli,
1442 2248 1555 2283 Anu—n
1580 2251 1657 2284 dico
1682 2253 1796 2290 vobis,
1832 2265 1903 2285 nou
1933 2255 2052 2297 perdet
2081 2265 2212 2287 incree-

1223 2302 1301 2332 dem
1328 2313 1435 2335 suain.
1490 2301 1609 2342 Quare.
1636 2299 1689 2338 lii.
1718 2304 1776 2348 qui
1804 2304 2024 2337 benefaciunt
2043 2305 2213 2339 ministris

1223 2349 1458 2385 Ecclesiaruui
1473 2379 1482 2391 ,
1509 2364 1526 2384 a
1543 2349 1684 2386 Christo
1704 2355 1866 2391 xieissim.
1895 2362 2074 2399 expectent
2090 2356 2212 2389 defen—

1224 2403 1357 2435 sionem
1387 2410 1415 2436 et
1444 2402 1554 2435 multa
1571 2403 1636 2435 alia
1659 2404 1833 2438 beneficia.
1887 2406 2026 2448 Quanta
2047 2405 2211 2439 immani-

1224 2460 1292 2486 tate
1308 2455 1379 2486 odii
1402 2453 1603 2490 Pontifices,
1645 2463 1675 2488 et
1699 2456 1801 2490 inulti
1820 2455 1931 2500 Reges
1958 2469 1994 2490 ac
2020 2456 2211 2501 Principes.

1224 2506 1390 2538 adversus
1410 2503 1640 2545 Evangelimn
1659 2507 1847 2540 exarserint
1860 2532 1868 2543 ,
1896 2508 2031 2552 quoties
2051 2507 2117 2540 iam
2136 2507 2211 2541 bel-

1225 2556 1295 2588 luni
1321 2555 1566 2589 denuntiarint
1591 2558 1719 2591 uostris
1745 2557 1985 2602 Principibus,
2013 2571 2100 2603 qnos
2117 2556 2213 2592 Deus

1224 2607 1377 2646 vocavit,
1402 2614 1439 2640 ut
1464 2613 1591 2639 tectum
1618 2608 1759 2653 aliquod
1787 2609 1972 2652 praebeant
2000 2610 2066 2654 piis
2090 2611 2211 2643 docto-

1225 2658 1341 2696 ribus,
1369 2658 1513 2691 memini
1534 2658 1722 2692 obscurum
1741 2667 1799 2693 est.
1847 2659 1940 2693 luter
1957 2657 2039 2693 haec
2058 2660 2210 2705 pericula

1223 2715 1359 2742 tantum
1387 2707 1441 2742 bis
1468 2722 1522 2743 me
1551 2710 1842 2752 promissionibus
1878 2718 2051 2750 sustento.
2084 2711 2212 2756 quibus
