2338 2958
181 130 252 164 167

182 221 236 248 cat
259 223 356 246 arma
382 209 562 255 imperitae
581 203 823 245 multitudini,
861 203 932 237 nisi
955 203 1170 248 superstitio,

185 276 244 298 seu
260 264 428 308 quaedam
447 269 606 304 perversa
623 258 664 289 de
678 255 848 298 religione
861 255 1065 299 persuasio?
1093 254 1171 288 Sci-

185 316 230 348 tis
252 314 345 347 enim
369 321 506 356 sparsos
528 308 634 341 fuisse
657 306 816 344 libellos,
851 306 981 350 quibus
1004 312 1171 349 tanquam

186 366 230 399 ad
253 365 385 409 pileum
407 360 641 398 vocabantur,
671 357 709 389 in
731 357 860 401 quibus
883 358 926 389 de
950 355 1173 400 publicandis

188 415 313 462 sylvis,
347 410 572 447 fluminibus,
607 409 649 441 de
667 408 860 441 donatione
879 407 1116 446 creditorum,
1142 412 1176 439 et

189 464 256 499 boc
272 474 379 507 genus
398 461 466 494 alia
485 459 594 493 multa
612 458 740 502 scripta
759 464 876 498 erant,
901 464 933 490 et
950 457 1039 490 male
1057 457 1176 489 detor-

190 517 234 551 tis
251 512 450 557 scripturis,
477 510 625 543 nebulae
652 515 750 542 erant
775 508 906 541 offusae
926 507 1038 541 oculis
1053 506 1177 540 multi-

190 565 340 601 tudinis:
383 560 422 595 hi
453 561 565 595 libelli
595 559 779 594 seditionis
801 559 983 591 classicum
1008 557 1178 590 maximae

190 616 282 662 parti
305 615 460 648 suerunt.
521 611 610 645 Cum
639 610 746 653 igitur
770 615 841 642 tam
866 609 1032 652 pestilens
1060 619 1115 641 res
1136 607 1181 640 sit

191 665 414 711 superstitio,
449 663 635 705 diligenter
660 662 826 693 adversus
850 672 924 693 eam
952 659 1089 692 animos
1113 670 1181 691 no-

191 726 280 752 stros
305 715 444 749 munire
476 713 660 752 debemus,
693 723 771 744 cum
796 721 973 744 sacrarum
999 710 1181 742 literarum

190 767 353 805 scientia,
384 772 458 799 tum
490 763 594 796 etiam
628 759 856 795 historiarum
884 760 1104 803 cognitione,
1143 759 1181 792 in

191 820 321 865 quibus
345 823 394 850 est
415 815 551 854 videre,
594 824 700 857 quam
734 812 830 844 varie
865 818 1013 855 occupet
1045 811 1183 843 animos

192 869 389 904 hominum.
443 864 564 909 Neque
582 864 677 896 enim
703 874 839 906 semper
857 863 978 895 eadem
1000 861 1105 894 facies
1123 867 1183 901 est,

195 921 384 963 eademque
407 917 521 949 forma
555 913 824 958 superstitionis-
883 911 1012 945 Nullus
1037 911 1185 945 Proteus

194 979 265 1006 tam
288 968 407 1002 varius
426 974 496 1003 est,
524 977 629 1010 quam
656 964 769 997 varias
787 965 919 997 sormas
940 963 1001 996 illa
1018 963 1107 995 solet
1129 962 1185 994 in-

195 1024 313 1056 duere.
369 1016 506 1050 Videtis
525 1028 629 1061 quam
648 1015 773 1048 callide
794 1014 990 1058 obrepserit
1009 1014 1065 1047 isti
1079 1012 1185 1046 Prin-

195 1073 263 1117 cipi
275 1099 284 1112 ‚
306 1071 348 1103 de
365 1080 434 1113 quo
450 1065 535 1100 haec
551 1066 664 1099 oratio
682 1065 839 1098 instituta
856 1071 916 1098 est.
968 1063 1100 1107 Magna
1113 1070 1187 1097 erat

194 1124 233 1156 in
258 1119 451 1155 Germania
477 1117 648 1164 dissensio
671 1114 926 1149 Ecclesiarum:
959 1127 1040 1148 nam
1063 1113 1187 1148 Eccle-

196 1174 265 1207 siae
281 1171 461 1205 Saxonum
478 1168 682 1201 iudicabant
703 1167 859 1211 reliquos
879 1165 1099 1206 Germanos,
1126 1165 1186 1209 qui

196 1225 235 1258 in
270 1223 337 1255 fide
372 1218 532 1254 Caesaris
567 1224 786 1257 manserant,
828 1217 944 1250 nullas
973 1216 1188 1250 ceremonias

197 1281 289 1309 recte
323 1283 423 1317 posse
455 1276 622 1307 tractare,
664 1274 808 1312 propter
828 1267 1054 1301 Pontificium
1078 1267 1189 1299 inter-

196 1326 342 1359 dictum.
402 1320 674 1364 Diripiebantur
698 1330 818 1351 eorum
846 1318 976 1361 templa
993 1318 1089 1350 velut
1107 1329 1189 1360 pro-

196 1374 315 1421 phana
332 1373 425 1410 toea,
453 1371 497 1404 ad
515 1371 606 1414 ipsas
621 1380 697 1402 aras
713 1369 983 1402 trucidabantur
998 1367 1118 1400 miseri
1135 1379 1190 1400 sa-

198 1426 366 1461 cerdotes.
429 1420 518 1464 Quis
541 1426 657 1453 autem
688 1431 762 1452 non
785 1425 987 1452 moveretur
1010 1424 1190 1452 tantorum

198 1477 373 1511 malorum
392 1470 715 1515 contemplatione?
767 1468 857 1511 Quis
880 1481 952 1502 non
969 1475 1111 1512 cuperet
1129 1466 1192 1502 has

199 1535 314 1563 tantas
331 1523 545 1559 calamitates
562 1532 703 1560 sanare,
729 1519 758 1552 si
773 1519 859 1564 quid
875 1519 951 1563 opis
967 1519 1091 1552 asserre
1110 1530 1192 1563 pos-

201 1579 287 1613 ses?-
329 1575 387 1610 Sic
415 1574 538 1607 affecto
563 1570 722 1614 Principi
743 1570 900 1603 insinuat
924 1582 959 1603 se
978 1569 1193 1613 superstitio,

201 1642 240 1664 ac
260 1625 444 1673 persuadet
468 1624 504 1656 id
525 1623 599 1655 sore
625 1620 819 1654 remedium
839 1621 1064 1664 publicorum
1081 1621 1193 1653 malo-

204 1692 305 1718 rum,
339 1677 369 1709 si
396 1686 561 1719 oppresso
588 1671 799 1716 Imperatore
818 1671 1053 1704 dissensiones
1086 1671 1194 1704 eccle-

204 1729 358 1765 siasticas
375 1727 486 1760 tollat.
538 1723 607 1757 Sed
626 1723 706 1755 vide
722 1729 893 1767 quantum
911 1722 948 1754 in
965 1722 1031 1755 isto
1047 1721 1194 1755 consilio

203 1778 438 1825 turpitudinis
462 1775 579 1808 fuerit.
641 1773 802 1806 Primum
827 1773 949 1805 divina
977 1785 1015 1806 ac
1041 1770 1195 1805 humana

210 1833 285 1866 iura
318 1829 443 1869 violat,
483 1837 562 1859 cum
599 1825 766 1858 adversus
802 1834 905 1857 suum
941 1824 1196 1867 magistratum,

207 1895 310 1928 quem
335 1887 368 1913 et
392 1877 552 1912 doctrina
584 1875 766 1918 religionis
794 1881 827 1907 et
855 1874 1013 1907 omnium
1040 1875 1196 1918 gentium

207 1935 298 1977 leges
321 1932 413 1964 bona
439 1929 504 1961 fide
525 1927 591 1960 coli
613 1925 851 1970 praecipiunt,
885 1937 981 1958 arma
998 1926 1100 1969 capit.
1152 1923 1199 1958 Et

209 1996 287 2019 cum
314 1981 396 2015 talia
419 1978 552 2013 suerint
572 1976 725 2021 auspicia
749 1975 831 2009 novi
852 1975 1011 2019 imperii,
1038 1973 1131 2008 nibil
1150 1982 1200 2009 est

211 2035 305 2080 quod
322 2032 491 2065 miremur
508 2028 652 2061 exitium
671 2026 839 2069 tragicum
854 2038 936 2061 esse.
991 2026 1087 2069 Quid
1105 2026 1198 2059 enim

212 2084 338 2119 accidit
354 2083 442 2115 inito
460 2080 592 2123 regno?
635 2078 728 2111 Num
745 2077 898 2111 restituit
916 2078 1061 2121 pacem?
1107 2076 1199 2110 Num

213 2134 353 2169 sustulit
388 2131 624 2165 Ecclesiarum
655 2128 914 2161 dissensiones?
961 2127 1201 2173 Nequaquam,

214 2187 270 2220 sed
292 2184 455 2217 morbum
474 2180 714 2224 intempestive
732 2179 942 2212 medicando
961 2180 1072 2212 multo
1094 2179 1202 2222 magis

215 2234 450 2270 exacerbavit:
492 2245 571 2264 nam
610 2237 766 2274 suscepto
804 2230 897 2263 bello
934 2228 1023 2263 nibil
1055 2242 1202 2275 usquam

215 2285 444 2331 tranquillum
480 2289 564 2317 erat.
624 2281 690 2313 llic
716 2281 868 2324 primum
901 2281 1031 2314 mutuis
1061 2291 1202 2314 accensa

216 2339 323 2376 odiis,
346 2343 492 2379 utraque
509 2345 587 2377 pars
604 2332 780 2365 crudelius
796 2331 927 2364 saevire
944 2333 1075 2375 coepit,
1098 2344 1202 2376 quam

216 2396 315 2421 antea
334 2397 498 2429 unquam.
554 2383 734 2416 Postremo
755 2390 997 2427 praeterquam
1016 2384 1109 2427 quod
1130 2382 1203 2415 exi-

218 2448 272 2472 tus
302 2436 474 2477 l'rinsipis
509 2435 573 2467 snit
603 2434 838 2472 miserrimus,
879 2441 949 2467 tota
982 2435 1086 2466 eliam
1115 2433 1203 2466 ditio

218 2490 343 2523 amisso
371 2486 533 2529 Principe
567 2484 758 2517 xit-toribus
786 2485 931 2527 praedae
962 2485 1038 2520 snit.
1100 2483 1204 2517 llunc

217 2541 345 2573 exitum
364 2536 592 2580 superstitiosi
614 2535 750 2567 consilii
771 2536 956 2575 diligenter
974 2536 1205 2573 considerate,

218 2599 246 2624 et
271 2603 370 2633 saepe
394 2588 493 2619 vobis
521 2599 662 2619 inanum
695 2586 789 2618 ill-'nn
815 2585 988 2630 Principis
1015 2587 1203 2631 praecisam

216 2644 261 2674 ‹d›
291 2641 410 2674 oculos
435 2638 569 2682 ponite,
607 2650 648 2668 ne
677 2637 738 2680 ipsi
773 2649 927 2680 unquam
955 2637 1203 2681 superstitione

216 2692 353 2726 adducti
368 2719 376 2731 ,
406 2689 674 2732 Magistratuum
694 2687 915 2721 autoritatem
938 2688 1090 2722 laedatis.
1141 2687 1202 2720 llla

848 115 1009 153 DECL.
1059 115 1134 152 DE
1174 114 1532 153 EBRIETATE.

2133 116 2206 152 168

1220 214 1347 236 manus
1372 203 1578 242 admoneat,
1615 202 1794 235 neminem
1824 201 2052 247 quantumvis
2075 202 2211 244 magnis

1222 254 1358 287 viribus
1383 254 1578 293 munitum,
1613 259 1850 296 contemptum
1874 252 2119 295 Magistratum
2143 253 2211 285 im-

1223 316 1318 348 pune
1352 305 1454 338 ferre.

1225 353 1369 388 brachia
1390 355 1428 387 in
1455 355 1553 396 foro,
1584 365 1673 398 quae
1701 354 1915 397 significent,
1951 353 2097 398 capitale
2131 365 2214 394 esse,

1226 406 1358 439 serrum
1381 406 1547 439 adversus
1564 406 1721 437 'alterum
1743 404 1924 447 stringere.

1228 469 1313 489 num
1338 456 1434 489 illam
1461 455 1637 499 Principis
1654 455 1794 499 ‘pingite
1814 455 1915 489 vobis
1940 452 1977 487 in
2003 454 2143 495 animo,
2176 462 2218 489 ut

1229 507 1360 541 intueri
1376 519 1468 544 eam,
1496 506 1633 551 quoties
1657 517 1746 550 opus
1769 512 1836 546 est,
1857 506 2014 550 possitis,
2040 517 2078 538 ac
2091 504 2218 538 memi-

1509 303 1712 346 Pinguntur
1746 304 1783 336 in
1817 303 2027 348 quibusdam
2062 303 2213 337 urbibus

1987 403 2038 437 lta
2060 416 2122 437 vos
2138 415 2215 437 ma-

1230 558 1340 598 nisse,
1374 557 1489 602 qualis
1512 557 1557 590 sit
1589 557 1700 590 exitus
1723 568 1865 597 eorum,
1897 557 1958 601 qui
1991 555 2219 599 Magistratus

1232 609 1443 642 contumelia
1460 608 1630 640 afficiunt.
1682 608 1775 641 Dixi.

1234 816 1301 850 ΝΟ.
1320 817 1380 851 21.
2058 831 2105 850 an.
2129 819 2222 851 1529.

1367 868 1371 871 ⁴
2048 865 2218 878 „N

1562 917 1637 958 De
1664 917 1898 957 ebrietate.

1307 996 1387 1030 Apud
1412 994 1484 1021 Crat.
1506 995 1577 1028 Myt.
1601 1004 1626 1027 p.
1648 995 1726 1027 528„
1752 995 1779 1019 in
1799 995 1953 1020 Declamat.
1974 994 2006 1021 T.
2022 994 2041 1020 l.
2057 1003 2082 1029 p.
2097 995 2173 1029 700.,
2198 994 2226 1020 in

1341 1030 1459 1056 Servest.
1478 1033 1499 1056 1.
1520 1040 1547 1064 p.
1564 1029 1624 1055 613.
1651 1035 1677 1054 et
1699 1030 1769 1063 apud
1790 1029 1920 1055 Richard.
1937 1031 1973 1055 11.
1995 1038 2021 1063 p.
2036 1029 2076 1055 57.
2091 1045 2126 1050 —
2162 1031 2227 1055 Me-

1342 1064 1500 1090 lanthonem
1523 1066 1576 1089 hoc
1597 1071 1673 1089 anno
1696 1063 1835 1096 collegisse
1855 1073 1923 1098 quae
1946 1065 1978 1089 ad
1993 1064 2150 1089 ebrietatem
2164 1073 2229 1098 spe-

1342 1104 1462 1131 ctarent,
1482 1098 1642 1132 intelligitur
1657 1108 1685 1123 ex
1702 1098 1787 1133 Epist.
1811 1099 1871 1124 vot.
1886 1097 1930 1124 lV.
1946 1108 1972 1133 p.
1987 1098 2048 1123 964.

1243 1187 1479 1232 Vituperatio
1507 1184 1723 1227 ebrietatis,
1749 1187 1893 1230 scripta
1910 1181 2065 1231 [recitata]
2086 1195 2109 1219 α
2128 1185 2230 1229 Vito

1586 1235 1882 1271 Winskemio.

1241 1304 1394 1345 Blarcus
1418 1308 1524 1351 Cato,
1559 1321 1636 1343 cum
1658 1309 1849 1354 aliquando
1872 1310 1913 1343 ad
1939 1309 2078 1353 plebem
2098 1307 2234 1343 Roma—

1243 1374 1324 1395 nam
1340 1361 1578 1404 importunius
1595 1361 1638 1392 de
1655 1360 1830 1392 divisione
1848 1361 2018 1393 frumenti
2034 1366 2138 1404 atque
2156 1359 2236 1393 aliis
2269 1374 2273 1377 ·

1243 1412 1316 1446 suis
1356 1411 1551 1444 commodis
1583 1410 1859 1444 tumultuantem
1901 1411 2115 1451 orationem,
2165 1422 2235 1455 qua

1245 1464 1398 1508 placaret
1418 1473 1493 1502 eos,
1526 1459 1656 1494 habere
1673 1461 1898 1499 instituisset,
1925 1468 1958 1494 et
1973 1473 2096 1506 parum
2114 1461 2235 1506 aequis

1245 1513 1391 1547 auribus
1415 1523 1450 1544 se
1476 1524 1494 1544 a
1518 1512 1696 1556 plerisque
1714 1512 1831 1545 audiri
1855 1512 2170 1552 animadverteret,
2197 1512 2235 1545 in

1246 1562 1341 1598 bunc
1373 1563 1519 1595 modum
1555 1562 1658 1596 initio
1693 1562 1835 1596 dicendi
1870 1563 1982 1596 fertur
2009 1563 2235 1597 exclamasse:

1247 1615 1364 1657 Quam
1388 1613 1530 1646 difficile
1560 1620 1628 1653 est,
1665 1613 1850 1658 inquiens,
1881 1614 1922 1646 ad
1948 1621 2107 1648 ventrem
2131 1614 2237 1647 verba

1247 1666 1376 1705 facere,
1412 1664 1473 1709 qui
1506 1675 1606 1697 aures
1641 1675 1713 1696 non
1744 1661 1874 1697 babet?
1925 1664 2107 1699 Sentiebat
2142 1664 2236 1697 enim

1248 1717 1355 1765 surdo
1380 1715 1534 1748 fabulam
1559 1715 1712 1755 cantari,
1741 1715 1770 1747 si
1796 1714 1892 1759 quis,
1922 1715 2125 1759 praesertim
2143 1715 2237 1760 apud

1249 1778 1413 1801 vesanam
1432 1765 1719 1805 multitudinem,
1747 1766 1862 1799 ventri
1882 1766 1972 1809 leges
1992 1767 2151 1802 dictaret.

1349 1816 1445 1850 Idem
1469 1829 1531 1860 ego
1556 1813 1644 1848 mibi
1668 1829 1808 1861 quoque
1835 1816 1991 1850 accidere
2012 1829 2172 1862 vererer²
2211 1817 2241 1850 si

1251 1866 1335 1902 haec
1353 1867 1486 1908 oratio,
1510 1879 1614 1912 quam
1640 1867 1737 1900 iussu
1761 1874 2026 1911 praeceptorum
2045 1870 2088 1902 de
2105 1868 2240 1902 sobrie-

1251 1927 1319 1953 tate
1335 1931 1373 1952 ac
1390 1918 1619 1962 temperantia
1642 1918 1801 1958 institui,
1827 1915 1915 1951 mibi
1932 1919 2062 1953 alicubi
2086 1919 2122 1952 in
2139 1926 2240 1953 coetu

1253 1971 1348 2013 vulgi
1363 1997 1371 2011 ‚
1396 1983 1434 2003 ac
1451 1967 1644 2002 beluonum
1656 1995 1665 2008 ‚
1693 1981 1755 2012 pro
1773 1969 1870 2002 nulla
1887 1981 1923 2002 re
1938 1971 2048 2013 magis
2057 1981 2162 2015 quam
2177 1982 2241 2014 pro

1254 2029 1374 2055 ventre
1389 2021 1620 2054 sollicitorum
1638 2017 1798 2053 habenda
1815 2026 1916 2072 esa':
1944 2018 1979 2053 bi
1997 2021 2091 2053 enim
2108 2021 2151 2053 ad
2168 2021 2243 2064 pri-

1255 2085 1345 2106 mam
1378 2072 1493 2105 statim
1523 2070 1739 2103 mentionem
1771 2069 1987 2110 sobrietatis.
2021 2084 2076 2104 me
2106 2071 2178 2105 risu
2209 2079 2242 2106 et

1255 2123 1468 2157 clamoribus
1491 2122 1736 2166 exploderent,
1766 2128 1825 2154 aut
1846 2121 2070 2163 indignantes
2091 2135 2108 2155 e
2125 2123 2241 2156 medio

1255 2175 1519 2220 proturbarent:
1547 2185 1618 2205 non
1639 2172 1731 2205 enim
1757 2172 1929 2206 immitius
1949 2174 2057 2206 saevit
2076 2174 2125 2206 ira
2152 2173 2242 2207 leae—

1257 2239 1340 2266 nae,
1368 2225 1520 2269 abreptis
1536 2223 1678 2263 catulis,
1705 2235 1809 2268 quam
1830 2224 1929 2256 furor
1947 2224 2091 2258 istorum
2118 2222 2243 2258 beluo-

1257 2290 1359 2314 num,
1387 2277 1528 2321 quaudo
1555 2274 1668 2307 ventri
1695 2286 1758 2307 suo
1781 2281 1813 2308 et
1837 2275 1937 2317 gulae
1955 2275 2057 2308 linem
2079 2276 2243 2309 modum—

1255 2340 1323 2373 que
1339 2327 1443 2361 statui
1461 2327 1621 2360 audiunt.

1359 2381 1477 2421 Quare
1505 2377 1532 2409 si
1567 2377 1602 2408 in
1628 2375 1687 2408 tali
1719 2373 1856 2409 tbeatro
1881 2377 2118 2420 perorandum
2145 2384 2244 2417 esset,

1258 2442 1394 2463 causam
1420 2427 1507 2462 mibi
1531 2425 1618 2460 banc
1636 2426 1922 2471 relinquendam,
1948 2434 1979 2461 et
1996 2427 2108 2471 capite
2131 2428 2242 2460 obvo-

1259 2482 1353 2520 luto,
1376 2493 1443 2525 qua
1462 2491 1595 2524 possem
1614 2478 1812 2510 exeundum
1831 2484 1999 2522 putarem.

1359 2532 1448 2564 (ium
1473 2542 1554 2563 vero
1583 2529 1617 2561 in
1642 2525 1707 2561 boc
1727 2528 2010 2562 doctissimorum
2036 2528 2192 2561 virorum
2213 2536 2245 2561 et

1257 2584 1517 2616 adolescentum
1535 2592 1716 2617 consessu.
1742 2580 1870 2624 quibus
1894 2591 1971 2612 cum
1991 2577 2246 2612 honestissimis

1260 2634 1489 2674 ingenuarum
1516 2632 1644 2665 artium
1666 2630 1811 2669 studiis,
1839 2642 1918 2662 rum
1942 2629 2072 2668 Musis,
2101 2627 2166 2663 boc
2184 2636 2246 2670 est,

1256 2698 1334 2718 cum
1352 2683 1568 2718 humanitate
1583 2681 1831 2715 commercium
1852 2687 1900 2714 est
1913 2707 1920 2721 ‚
1948 2681 2077 2725 quibus
2093 2681 2171 2725 plus
2190 2691 2245 2714 sa-
