2338 2958
104 104 187 140 549

107 190 350 226 alio-consilio
372 188 440 225 hoc
452 192 586 226 dictum
602 199 669 228 est:
698 192 850 228 Videbat
866 195 1100 240 prudentissi-

108 254 188 277 mus
205 241 264 275 'vir
285 239 377 275 hane
399 241 558 277 methodi
579 245 752 278 rationem
772 257 844 279 non
865 246 1099 280 animadverti

106 303 227 338 posse,
261 292 330 326 nisi
352 305 371 326 a
395 293 589 329 liberaliter
612 296 795 331 institutis.
859 296 942 331 Ideo
968 298 1098 343 inquit,

106 355 181 377 non
204 354 278 376 esse
301 344 430 386 editos,
455 346 617 380 videlicet
641 347 788 391 ineptiS‚
813 349 874 393 qui
898 361 971 382 non
993 360 1097 393 prae-

103 394 216 439 parati
237 393 317 428 aliis
341 396 496 438 artibus,
524 398 589 431 ista
614 398 844 442 attingebant.
897 399 1029 443 Magna
1048 406 1097 433 est

103 445 276 488 elegantia
298 452 331 479 et
354 448 582 492 perspicuitas
605 449 775 482 orationis
793 449 830 482 in
848 451 967 483 multis
985 450 1096 485 libris,

103 494 249 530 Alicubi
272 504 415 541 propter
436 511 555 532 rerum
578 499 783 540 exilitatem,
807 513 912 545 quam
935 502 995 534 ille
1012 513 1095 546 pro—

98 553 183 592 pter
203 546 411 582 methodum
436 557 673 589 consectatur,
700 551 894 594 disputatio
912 552 949 585 fit
968 553 1094 585 obscu—

102 598 193 641 rior3
230 600 290 632 sed
320 599 564 635 animadversa
595 599 781 642 methodo,
817 603 982 636 tenebrae
1013 603 1094 636 illae

101 649 355 686 discutiuntur.
401 650 639 685 Callimachus
651 659 751 695 rogat
765 650 942 694 Charites,
966 661 1005 687 ut
1020 666 1094 687 ma-

101 712 170 735 nus
199 701 375 735 delibutas
404 703 642 746 fragrantibus
676 704 786 736 succis
818 705 935 738 lavent
959 704 995 737 in
1021 705 1093 738 suis

98 751 226 795 elegis,
253 759 292 786 ut
314 753 450 797 possint
473 765 546 786 esse
562 753 722 798 perpetui
740 762 882 799 propter
897 756 1042 799 gratiam
1060 763 1093 789 et
1118 773 1119 778 =

97 810 332 837 venustatem.
386 803 501 838 Tanta
523 811 573 838 est
596 811 714 838 autem
738 807 890 840 suavitas
905 819 1022 840 rerum
1040 813 1093 840 at-

98 1007 226 1051 possit,
252 1004 414 1041 Charites
439 1008 572 1054 aliquid
598 1009 692 1043 succi
711 1011 897 1054 aspersisse
914 1012 957 1043 de
976 1011 1091 1043 mani-

96 1059 182 1099 bus,
207 1065 247 1092 ut
263 1057 474 1092 Callimachi
498 1059 614 1093 verbis
638 1067 728 1093 utar.

95 1263 255 1297 stotelem
273 1262 471 1296 aCicerone
486 1264 618 1296 flumen
636 1276 781 1297 aureum
800 1265 929 1298 vocari.
972 1264 1088 1308 Quam

95 1362 326 1403 Ethicorum,
361 1377 440 1397 curn
471 1365 613 1410 quidem
648 1367 839 1410 sumpserit
863 1367 1087 1400 collationem

93 1416 138 1450 de
160 1415 452 1459 proportionibus
478 1429 495 1448 a
517 1416 682 1454 Platone,
709 1423 826 1450 tamen
851 1430 923 1450 eam
952 1429 1088 1450 accom-
1112 1459 1114 1466 y

94 1468 215 1500 modat
242 1467 435 1500 venustius.
481 1465 548 1500 Sed
567 1467 709 1508 desino,
737 1479 818 1500 nam
835 1469 953 1501 omnia
972 1480 1089 1512 perse-
1111 1492 1114 1520 ἶ

93 1517 155 1564 qui
171 1517 277 1550 nimis
293 1516 438 1561 longum
453 1517 570 1553 fuerit.
623 1516 718 1551 Haec
733 1531 772 1551 eo
790 1519 937 1552 dicenda
955 1519 1087 1562 putavi,

93 1580 167 1602 non
183 1568 297 1601 solum
313 1575 352 1601 ut
368 1569 477 1611 magis
494 1568 616 1601 ametis
631 1567 858 1603 Aristotelem
869 1596 878 1610 ,
907 1570 966 1602 sed
981 1570 1085 1603 etiam

92 1626 131 1653 ut
153 1618 334 1662 cogitetis,
363 1631 426 1652 cur
447 1619 492 1652 sit
514 1618 706 1661 amandus,
734 1627 765 1653 et
786 1620 823 1653 in
841 1620 1006 1653 manibus
1023 1618 1085 1653 ha-

89 1772 269 1815 neglectus
298 1772 425 1812 fuerit,
465 1772 524 1817 qui
549 1784 642 1805 unus
666 1785 706 1806 ac
730 1774 826 1806 solus
849 1781 898 1806 est
925 1771 1082 1806 methodi

89 1823 224 1857 artifex.
278 1821 350 1856 Nec
372 1823 439 1856 alia
463 1823 600 1856 ratione
623 1824 665 1856 ad
683 1822 890 1857 methodum
908 1824 1081 1857 assuefieri

89 1874 276 1920 quisquam
301 1880 434 1918 potest,
462 1873 530 1906 nisi
551 1873 588 1905 in
609 1871 674 1907 hoc
689 1886 813 1917 genere
832 1872 1083 1919 Philosophiae

89 1924 334 1959 Aristotelicae
357 1923 586 1957 mediocriter
610 1933 821 1959 exerceatur.
876 1925 996 1967 Quare
1020 1938 1082 1959 vos

87 1973 231 2015 hortor,
266 1987 339 2008 non
365 1975 478 2008 solum
502 1982 615 2008 vestra
639 1987 758 2015 causa,
786 1976 845 2009 sed
871 1976 973 2009 etiam
998 1989 1080 2020 pro-

86 2033 165 2072 pter
180 2026 382 2060 universam
401 2026 660 2070 posteritatem,
685 2033 725 2061 ut
740 2024 807 2060 hoc
825 2027 998 2071 optimum
1016 2029 1080 2060 do-

85 2077 219 2112 ctrinae
258 2089 367 2121 genus
406 2076 593 2120 diligenter
631 2078 753 2111 colatis
791 2084 824 2111 et
855 2079 1078 2112 conservetis.

84 2128 185 2163 Plato
208 2128 274 2169 ait,
300 2127 494 2172 igniculum
520 2127 622 2161 illum
649 2140 667 2161 a
684 2126 896 2161 Prometheo
919 2129 962 2161 de
980 2130 1077 2163 coelo

85 2179 250 2220 allatum,
277 2177 483 2212 methodum
508 2190 591 2214 esse.

84 2241 144 2271 so,
179 2241 301 2263 rursus
333 2227 494 2262 homines
518 2230 855 2263 transformarentur
878 2230 916 2263 in
938 2231 1076 2272 beluas;

83 2280 241 2326 profecto
269 2280 363 2313 enim
388 2281 522 2314 sublata
542 2293 622 2314 vera
643 2281 794 2315 docendi
811 2281 963 2323 ratione,
985 2280 1076 2315 nihil

84 2332 218 2366 distant
242 2328 404 2364 homines
428 2343 446 2363 a
473 2331 598 2365 beluis.
660 2331 709 2367 Ut
734 2333 841 2375 igitur
865 2330 961 2366 hunc
985 2333 1075 2376 igni-

83 2382 202 2417 culum
233 2381 467 2422 retineamus»,
503 2379 571 2416 hoc
599 2383 782 2416 doctrinae
813 2395 941 2426 genus,
979 2385 1074 2430 quod

198 2483 291 2518 Dixi.

84 2491 146 2519 est.

626 105 786 143 DECL.
820 107 897 144 DE
932 107 1183 146 IRNERIO
1218 109 1291 146 ET
1326 110 1627 151 BARTOLO.

782 1060 879 1104 Quid
902 1063 996 1106 quod
1017 1062 1091 1095 eius
1116 1097 1117 1100 ,

97 1109 180 1144 libri
198 1121 262 1154 pro
281 1108 504 1143 bibliothecis
520 1122 591 1143 esse
608 1111 777 1155 possunt?
819 1111 977 1146 Plurima
996 1114 1088 1145 enim
1115 1138 1116 1151 2

96 1172 138 1195 ex
160 1161 337 1194 veteribus
361 1161 600 1195 monumentis
625 1174 713 1207 quae
735 1162 1013 1204 interciderunt,
1041 1164 1090 1196 ci-
1114 1192 1117 1214 ἦ

94 1218 162 1253 tat,
190 1224 229 1245 ac
247 1220 389 1256 propter
406 1209 611 1245 huiusmodi
629 1213 792 1246 flosculos
810 1215 980 1255 arbitror,
1007 1214 1090 1247 Ari·
1114 1223 1116 1250 ζ

1114 1272 1115 1279 ¹
1142 1261 1248 1304 igitur
1276 1268 1309 1295 et
1337 1262 1410 1305 ipse
1444 1263 1480 1295 in
1508 1275 1544 1296 ea
1575 1265 1747 1308 pericula,
1786 1278 1875 1311 quae
1903 1267 2019 1300 nativa
2048 1273 2131 1300 sunt

93 1314 206 1348 multa
236 1314 487 1358 interpretatur
511 1314 670 1348 Platonis
695 1315 805 1356 dicta,
840 1323 879 1349 ut
903 1317 938 1348 in
962 1317 1087 1361 quinto
1114 1313 1115 1355 J
1140 1312 1307 1345 omnibus
1331 1313 1440 1352 aulis,
1474 1316 1610 1357 magnis
1635 1323 1666 1349 et
1689 1317 1815 1360 parvis.

1113 1358 1115 1397 J
1140 1374 1218 1395 eum
1243 1363 1422 1396 interdum
1439 1365 1617 1398 adversari
1643 1368 1946 1409 praetorianorum
1976 1369 2130 1402 militum

91 1670 247 1710 bendus;
281 1669 456 1715 planeque
481 1669 528 1704 ita
554 1671 686 1710 sentio,
721 1683 881 1715 magnam
906 1672 1085 1704 doctrina-
1109 1691 1111 1721 3
1137 1668 1304 1702 fecerunt.

90 1733 170 1755 rum
203 1721 448 1754 confusionem
476 1728 673 1754 secuturam
699 1734 791 1763 esse,
824 1723 851 1755 si
878 1722 1084 1755 Aristoteles
1109 1762 1111 1765 .

644 2177 692 2213 At
716 2177 783 2212 hoc
801 2179 954 2222 igniculo
972 2181 1077 2213 amis·
1102 2198 1105 2203 -

1097 2620 1101 2674 1
1127 2643 1178 2670 est
1204 2636 1317 2669 civilis
1343 2637 1531 2672 societatis.

1096 2676 1101 2729 Ι
1125 2699 1201 2721 mos
1231 2687 1433 2731 principum
1458 2701 1497 2722 ac
1521 2695 1705 2734 potentum
1732 2692 1774 2723 ad
1803 2689 1908 2725 huius
1934 2692 2114 2724 doctrinae

2067 119 2142 155 350

1910 202 1974 248 (an.
2004 204 2129 250 1537-?)

1891 252 2130 269 mx‘

1189 194 1255 230 No.
1283 197 1343 233 48.

1160 242 1372 264 Μ

1340 305 1415 347 De
1445 306 1626 350 Ινηενιό
1659 317 1705 352 et
1734 311 1944 352 Bartolo.

1218 391 1246 416 ln
1266 392 1388 419 Deetam.
1405 394 1436 420 T.
1453 394 1483 420 ll.
1503 404 1528 426 p.
1542 396 1592 421 416
1608 407 1681 431 sqq..

1251 427 1321 461 apud
1337 427 1461 457 Richard,
1480 429 1511 455 T.
1528 430 1559 455 n·
1574 440 1598 465 p.
1614 427 1677 458 ΘΟΕ
1708 409 1735 424 tn
1751 399 1869 426 Servest.
1890 399 1921 426 T.
1937 399 1971 426 ll.
1993 409 2019 434 p.
2032 401 2091 427 419.
2113 406 2138 426 et

1146 515 1204 549 De
1219 517 1328 549 Irne
1340 518 1408 551 rio
1426 521 1463 550 et
1480 519 1546 551 Ba
1558 519 1678 553 rtolo
1694 523 1990 565 Iurisconsultis,
2013 526 2134 558 oratio

1244 569 1407 601 recitata
1437 579 1459 602 α
1485 571 1533 602 D.
1556 569 1756 606 Sebaldo
1776 575 2031 609 Munstero.

1145 644 1319 683 Arbitror
1337 650 1514 696 plerisque
1531 659 1685 685 vestrum
1703 654 1921 687 notissimam
1937 668 2009 689 esse
2026 654 2136 690 histo-

1118 705 1120 719 *
1147 700 1235 732 riam
1267 702 1310 733 de
1335 700 1550 745 imperatore
1575 703 1739 737 Romano
1766 703 1968 739 Alexandro
1993 707 2135 746 Severo,

1144 751 1206 795 qui
1227 763 1305 784 cum
1330 759 1466 785 coetum
1496 751 1641 788 haberet
1666 755 1884 800 frequentem
1910 755 2135 791 Iureconsul-

1144 808 1282 843 torum,
1310 803 1453 847 plenum
1480 805 1680 847 dignitatis,
1709 805 1862 852 (nullam
1887 809 1980 841 enim
2003 809 2134 842 consti-

99 865 170 900 que
199 855 371 888 orationis
403 854 439 887 in
465 853 656 889 Aristotele
681 856 718 888 in
744 857 921 903 plerisque
943 858 1092 902 scriptis,
1117 861 1119 900 j
1144 853 1316 886 tutionem
1343 854 1510 896 faciebat,
1540 856 1607 888 nisi
1635 857 1758 900 viginti
1788 859 2047 892 lurisconsultis
2073 861 2135 892 ad—

97 905 193 939 utin
210 905 304 938 libro
320 907 362 938 de
377 906 606 945 animalibus,
634 907 669 939 in
688 906 864 949 politicis,
892 909 929 941 in
945 907 1092 949 Ethicis‚
1117 935 1118 938 ,

98 955 137 988 in
153 954 324 1000 Epistolis
338 963 370 990 et
387 957 465 990 aliis
482 958 600 991 multis
620 958 726 998 locis,
754 966 790 992 ut
808 960 884 992 iure
900 960 1091 993 existimari
1116 969 1119 1007 g

1146 902 1286 945 bibitis,
1313 917 1390 937 cum
1409 906 1550 950 quidem
1576 907 1796 951 singulorum
1814 910 2004 943 sententias
2028 910 2133 944 scribi

1143 967 1182 987 ac
1214 956 1387 999 disputari
1423 956 1543 1002 vellet)
1574 970 1697 1001 magna
1732 961 1976 994 benevolentia
2012 972 2134 994 omnes

1144 1006 1345 1050 complexus
1371 1015 1430 1041 est.
1485 1008 1553 1041 Sed
1580 1021 1658 1042 cum
1679 1009 1831 1054 Ulpiano
1856 1012 1968 1044 maior
1991 1019 2064 1046 erat
2083 1013 2134 1045 sa-

1144 1057 1345 1095 miliaritaS,
1374 1058 1455 1103 qui,
1482 1066 1521 1092 ut
1543 1072 1636 1093 nunc
1661 1067 1787 1095 vocant
1811 1074 1968 1095 summus
1986 1062 2133 1097 Cancel-

1143 1108 1251 1140 larius
1280 1116 1368 1142 erat:
1406 1106 1500 1142 huuc
1532 1118 1700 1156 tanquam
1731 1120 1862 1156 patrem
1889 1116 2134 1153 venerabatur,

1143 1156 1198 1191 hic
1223 1171 1296 1192 non
1322 1160 1428 1193 modo
1455 1161 1607 1202 curiam,
1634 1164 1691 1195 sed
1715 1164 1818 1196 etiam
1837 1164 2009 1208 privatam
2029 1165 2134 1198 Prin-

1142 1210 1227 1253 cipis
1245 1211 1352 1243 vitam
1371 1212 1518 1245 consilio
1534 1220 1567 1246 et
1588 1214 1776 1248 autoritate
1799 1216 1950 1258 regebat.
2004 1216 2132 1250 Incidit

1878 1317 2026 1351 Necesse
2059 1324 2130 1351 erat

1140 1420 1173 1446 et
1189 1414 1388 1457 praesidum
1405 1415 1677 1458 cupiditatibus,
1704 1430 1855 1463 quorum
1875 1419 1912 1451 in
1935 1419 1994 1453 illa
2019 1419 2130 1463 impe-

1139 1465 1183 1497 rii
1201 1462 1381 1508 opulentia
1401 1473 1433 1498 et
1449 1467 1723 1512 tranquillitate,
1753 1470 1955 1512 praesertim
1973 1478 2056 1504 tunc
2074 1471 2130 1503 in-

1139 1526 1222 1558 gens
1248 1522 1321 1548 erat
1345 1516 1505 1558 licentia,
1531 1519 1696 1561 superbia
1720 1526 1754 1552 et
1772 1521 1954 1564 rapacitas.
2009 1521 2129 1566 ltaque

1139 1563 1193 1605 hi,
1221 1566 1283 1610 qui
1307 1566 1473 1600 videbant
1502 1568 1677 1602 licentiam
1703 1581 1801 1602 suam
1824 1571 1956 1604 frenari
1980 1573 2128 1605 consilio

1141 1616 1303 1660 Ulpiani,
1334 1618 1519 1662 aliquoties
1542 1620 1578 1651 in
1607 1621 1782 1664 praetorio
1805 1622 1975 1666 impetum
1995 1624 2032 1656 in
2050 1635 2128 1656 eum

1364 1667 1417 1701 Ibi
1448 1669 1641 1713 Imperator
1666 1683 1768 1705 suum
1798 1684 1926 1717 corpus
1954 1675 2128 1707 militibus

1136 1718 1276 1755 obiecit,
1304 1730 1342 1751 ac
1357 1727 1435 1762 toga
1452 1731 1511 1753 sua
1533 1720 1724 1765 Ulpianum
1741 1724 1837 1763 texit,
1862 1725 2029 1758 acerrima
2048 1737 2126 1758 ora-

1136 1769 1232 1803 tione
1252 1770 1407 1803 furorem
1428 1771 1579 1804 militnm
1600 1773 1781 1815 castigans,
1810 1781 1913 1819 atque
1931 1775 1981 1808 ita¹
1995 1777 2126 1809 tuinul—

1135 1827 1274 1853 tuantes
1301 1822 1533 1865 compescuit,
1560 1835 1629 1867 quo
1654 1824 1768 1857 officio
1788 1836 1949 1868 magnam
1971 1826 2126 1871 lmpera-

1134 1878 1189 1904 tor
1212 1871 1371 1904 iusticiae
1395 1879 1427 1905 et
1448 1874 1670 1907 fortitudinis
1686 1875 1824 1908 laudem
1841 1884 2046 1910 consecutus
2063 1885 2124 1912 est.

1135 1922 1236 1965 Quos
1270 1922 1362 1955 enim
1400 1924 1511 1966 magis
1546 1926 1737 1960 defendere
1773 1927 1902 1960 debent
1928 1928 2125 1972 principes,

1132 1985 1236 2017 quam
1261 1974 1481 2008 consiliarios
1508 1976 1644 2017 fideles,
1672 1989 1760 2022 quos
1783 1979 2021 2013 membrorum
2049 1980 2124 2013 loco

1133 2036 1190 2056 eos
1208 2021 1337 2057 habere
1354 2026 1530 2062 convenit.
1572 2027 1638 2060 Sed
1659 2026 1723 2061 hoc
1741 2030 1900 2073 exemplo
1918 2042 1989 2063 non
2009 2031 2122 2063 solum

1131 2075 1317 2108 admonuit
1345 2083 1497 2109 caeteros
1526 2079 1719 2122 principes,
1752 2086 1790 2113 ut
1823 2091 1970 2125 corpora
2007 2088 2123 2124 tegant

1103 2132 1106 2144 ¹
1131 2137 1296 2164 suorum,
1331 2128 1389 2159 sed
1415 2135 1452 2161 ut
1480 2129 1575 2161 illam
1610 2130 1718 2173 ipsam
1753 2130 1840 2163 iuris
1864 2133 2060 2166 doctrinam
2085 2145 2122 2165 ac

1130 2177 1382 2219 professionem
1423 2180 1574 2222 cogitent
1615 2181 1792 2214 acerrimis
1833 2183 2122 2216 dinncationibus

1130 2229 1423 2272 propugnandam
1445 2241 1528 2265 esse.
1589 2230 1656 2263 l‘ro
1685 2229 1746 2264 hac
1769 2241 1950 2276 opponant
1974 2247 2120 2278 corpora

1128 2290 1209 2319 sua,
1236 2276 1326 2312 hanc
1352 2281 1537 2314 autoritate
1565 2294 1624 2314 sua
1651 2289 1817 2328 tanquam
1846 2285 1967 2330 clypeo
1992 2293 2121 2329 tegant,

1128 2330 1503 2374 adversus-opiniones
1530 2333 1694 2373 illorum,
1720 2334 1781 2379 qui
1807 2335 1896 2377 leges
1919 2337 2063 2380 scriptas
2081 2349 2120 2370 ac

1127 2387 1253 2421 certas,
1281 2381 1342 2425 qui
1361 2379 1451 2415 hanc
1468 2384 1640 2417 eruditam
1660 2384 1746 2418 iuris
1771 2386 1919 2419 formam
1938 2395 1969 2421 et
1987 2388 2118 2421 doctri-

83 2433 231 2468 tradidit
256 2431 463 2467 Aristoteles
487 2444 626 2467 summo
651 2435 769 2468 studio
794 2435 1073 2469 conservandum
1100 2439 1101 2465 i
1128 2443 1208 2464 narn
1229 2443 1247 2464 e
1266 2431 1404 2476 Repub.
1424 2433 1500 2466 tolli
1526 2443 1713 2478 cuperent,
1741 2449 1829 2480 quae
1853 2438 2061 2482 aequitatem
2080 2451 2117 2471 ac

1098 2491 1102 2520 1
1128 2483 1323 2516 libertatem
1341 2484 1561 2527 singulorum
1578 2488 1711 2527 munit,
1732 2488 1844 2521 frenat
1861 2489 2035 2521 licentiam
2054 2502 2116 2533 po-

1098 2537 1102 2600 1
1127 2534 1297 2574 tentium,
1325 2546 1368 2567 ne
1384 2536 1467 2579 quid
1485 2537 1550 2569 sibi
1569 2546 1709 2571 sumant
1725 2539 2115 2574 adversusfimbecillio-

1127 2597 1181 2618 res
1199 2592 1319 2617 contra
1337 2586 1524 2628 iustitiam3
1553 2589 1706 2633 denique
1724 2602 1811 2634 quae
1829 2595 1992 2633 magnum
2011 2592 2114 2623 decus

1584 2638 1703 2684 ltaque
1723 2649 1761 2673 ut
1782 2639 1875 2673 Deus
1900 2642 2011 2674 flectat
2038 2641 2115 2673 ani-
