2338 2958
201 131 277 167 999

202 225 243 252 ut
259 223 292 250 et
315 216 430 261 ipsum
455 221 487 248 et
502 214 672 247 virtutum
696 207 1000 255 pulchritudinem
1017 209 1196 251 intelliga-

202 280 298 309 mus,
324 274 358 300 et
378 267 571 299 inflammet
589 268 726 307 pectora
743 267 863 293 nostra
875 286 884 301 ,
910 266 951 293 ut
967 259 1035 303 ipsi
1051 259 1197 292 obedia—

204 329 300 359 mus,
327 324 361 350 et
379 317 415 348 iu
431 314 597 348 omnibus
622 312 727 345 rebus
744 310 904 344 ordinem
922 311 966 343 ab
983 310 1059 354 ipso
1081 309 1196 342 sanci-

205 375 298 409 tum,
324 366 415 401 tueri
433 365 644 398 studeamus.

307 439 352 474 Et
376 440 458 485 quia
476 439 578 472 dulce
595 449 725 471 nomen
749 443 799 471 est
816 435 1056 481 aequalitatis,
1084 435 1197 468 disca-

206 504 284 526 mus
301 491 479 536 quomodo
503 488 749 533 aequalitatem
774 487 974 521 conservari
988 485 1084 519 Deus
1103 486 1197 524 velit,

208 542 327 588 quain
344 553 380 573 re
398 541 551 585 primum
567 539 656 572 illud
672 538 796 572 videte.
851 536 956 571 Amat
974 543 1007 569 et
1023 536 1116 569 filius
1134 536 1199 569 Dei

209 593 359 637 primam
377 590 623 636 aequalitatem
636 616 644 630 ,
666 600 755 634 quae
773 585 1007 621 Arithmetica
1025 593 1086 619 est.
1122 585 1199 619 Ab-

209 643 289 677 iecit
313 654 348 675 se
371 642 409 675 in
436 639 498 674 has
525 646 661 673 nostras
684 639 861 679 miserias,
886 645 926 671 ut
940 643 1028 670 esset
1044 637 1199 681 aequalis

209 693 313 727 nobis
336 693 373 725 in
400 698 512 725 morte
541 697 575 724 et
599 689 825 723 atrocissimis
848 688 1078 728 cruciatibus,
1106 687 1200 720 deri-

211 744 307 777 vavit
329 743 366 775 in
386 753 458 775 sese
482 742 569 774 iram
595 740 726 774 aeterni
751 739 879 783 patris,
907 739 1074 771 adversus
1091 744 1150 771 tua
1167 744 1202 771 et

209 806 285 827 mea
303 800 336 827 et
351 793 510 826 omnium
527 797 677 835 peccata,
701 790 747 823 ita
764 790 867 822 nobis
881 789 993 822 factus
1007 795 1055 821 est
1072 800 1200 833 aequa—

211 845 271 885 lis,
303 856 367 877 nos
394 855 475 875 vero
503 841 570 875 sibi
596 841 677 875 facit
709 840 888 884 aequales,
923 839 1101 883 copulavit
1133 838 1202 871 sibi

211 902 354 928 aeterno
380 894 519 927 foedere
542 898 704 925 naturam
731 888 944 930 humanam,
982 896 1020 922 ut.
1042 889 1086 921 sit
1109 889 1201 922 socia

212 945 399 984 victoriae,
426 955 493 988 qua
517 949 620 986 caput
645 941 818 985 serpentis
842 939 1014 979 conterit,
1042 945 1075 972 et
1098 939 1201 972 nobis

211 995 385 1029 iusticiam
401 1000 434 1027 et
451 994 555 1027 vitam
571 992 699 1031 reddit,
722 991 849 1024 deinde
866 997 899 1023 et
915 1001 979 1022 nos
996 989 1140 1023 adducit
1159 989 1201 1022 ad

213 1053 393 1079 aeternum
414 1050 565 1088 patrem,
591 1049 631 1075 ut
655 1042 699 1075 sit
716 1040 812 1075 Deus
828 1041 949 1074 omnia
972 1040 1009 1072 in
1027 1040 1205 1080 omnibus,

213 1109 252 1130 ac
270 1107 333 1129 nos
347 1095 443 1140 pleni
461 1095 536 1127 luce
551 1093 680 1134 divina,
699 1092 779 1125 laeti
791 1090 906 1125 Deum
923 1091 960 1123 in
977 1091 1074 1124 omni
1091 1097 1204 1124 aeter-

214 1147 324 1181 nitate
344 1145 569 1180 celebremus,

312 1219 391 1255 Hoc
408 1218 604 1261 exemplum
621 1216 842 1261 aequalitatis
858 1227 1066 1260 sequamur,
1096 1226 1205 1258 agno-

213 1281 349 1304 scamus
366 1269 461 1313 quod
479 1267 699 1300 verissimum
718 1274 786 1307 est,
818 1278 883 1300 nos
899 1278 980 1299 vere
997 1272 1115 1299 sontes
1133 1278 1205 1299 esse

214 1320 388 1364 singulos,
414 1326 446 1352 et
463 1318 684 1361 singulorum
701 1317 837 1350 delictis
855 1316 1028 1350 cumulari
1049 1317 1206 1360 publicas

215 1371 383 1405 miserias.
445 1370 550 1411 Quod
575 1380 655 1401 cum
679 1367 902 1404 verissimum
926 1367 991 1408 sit,
1022 1367 1205 1400 doleamus

214 1433 353 1461 omnes,
379 1428 412 1454 et
428 1433 445 1453 a
462 1419 534 1452 filio
553 1419 618 1452 Dei
636 1418 775 1451 veniam
800 1425 976 1462 petamus,
1000 1429 1064 1450 nec
1082 1418 1204 1451 effera-

212 1484 290 1505 mus
308 1483 383 1510 nos,
411 1483 473 1504 nec
490 1470 582 1509 elati,
612 1480 716 1512 regna
736 1469 838 1502 nohis
855 1480 1055 1513 queramus,
1082 1475 1116 1501 et
1130 1480 1205 1501 am—

213 1523 350 1557 bitione
364 1531 567 1555 moveamus
578 1517 770 1553 Ecclesiam
783 1518 1123 1562 etRempu.Deinde
1140 1519 1204 1551 bo-

213 1586 258 1606 na
276 1572 576 1607 communicemus
591 1577 766 1607 amanter,
795 1569 1007 1608 doctrinam,
1035 1576 1066 1601 et
1085 1569 1204 1601 omnia

214 1624 348 1664 officia,
377 1635 464 1667 quae
481 1628 564 1654 sunt
581 1621 680 1653 nervi
699 1620 884 1660 societatis,
911 1619 1004 1653 docti
1023 1620 1204 1652 conserant

214 1674 344 1707 iudicia
371 1674 445 1706 sine
469 1671 676 1711 acerbitate,
711 1670 935 1703 concordiam
962 1669 1203 1702 moderatione

214 1725 414 1758 animorum
450 1729 633 1761 tueantur,
670 1721 838 1755 Doctores
867 1720 1017 1753 fideliter
1045 1722 1204 1760 doceant,

213 1775 391 1809 auditores
414 1773 568 1806 studiose
591 1772 746 1812 discant,
780 1784 883 1804 nemo
909 1771 1107 1813 petulanter
1130 1777 1204 1804 tur-

214 1827 271 1859 bet
289 1837 408 1868 pacem
425 1823 616 1868 publicam.
654 1821 693 1855 ln
710 1820 764 1855 bis
781 1821 864 1866 ipsis
881 1821 1005 1855 officiis
1021 1822 1204 1862 discemus,

215 1883 386 1921 quantum
405 1875 538 1907 bonum
556 1873 600 1907 sit
620 1874 830 1918 aequalitas,
859 1879 891 1906 et
909 1885 997 1917 quae
1013 1873 1204 1917 aequalitas

213 1926 288 1961 Deo
310 1926 454 1971 placeat.
504 1923 597 1957 Dixi.

215 2100 278 2134 No.
302 2099 383 2133 127.

223 2147 392 2161 Μ

1042 2112 1089 2132 an.
1115 2101 1205 2132 1562.

1027 2145 1197 2158 vm

401 2192 474 2234 De
501 2191 736 2246 Capm‘one
765 2190 1022 2231 Phorcensaez

285 2278 313 2304 ln
330 2278 419 2306 select.
435 2278 554 2304 Declam.
567 2277 599 2302 Τ.
611 2277 656 2304 ΙΙΙ.
674 2288 699 2311 p.
710 2278 759 2303 5¹95
772 2288 831 2312 sqq.
865 2277 982 2303 serven.
997 2277 1028 2303 T.
1046 2276 1091 2303 lll.
1107 2285 1133 2310 p.
1148 2277 1206 2302 280.

318 2313 441 2339 nithard.
455 2313 514 2339 Τ.1.
529 2323 552 2346 p.
563 2313 623 2340 617.
661 2314 744 2338 huam
761 2312 925 2346 separatim:
949 2312 1046 2337 Oratio
1062 2312 1205 2336 continens

316 2347 377 2407 ἑιὶιίξ.
391 2346 430 2415 :Si
449 2347 606 2381 Capnion'u,
624 2348 700 2374 recit.
715 2356 728 2372 a
744 2347 825 2373 Mart.
842 2346 963 2373 Simone.
1000 2345 1113 2371 xx'iicb.
1131 2347 1205 2373 1552.

216 2464 342 2496 Oratio
374 2465 565 2496 continens
591 2461 788 2496 historiam
814 2464 966 2495 loannis
990 2463 1205 2505 capmansis,

218 2512 448 2555 Phor-censis,
472 2517 633 2547 recitata
658 2525 680 2547 a
710 2515 841 2548 Mart.
868 2516 1056 2547 Simone
1082 2515 1206 2546 Bran-

369 2563 595 2611 dt’buryen-S'i
621 2566 758 2605 (θ’-ωηο
777 2570 896 2607 collegii
915 2568 1054 2607 philam).

211 2632 352 2671 Ratura
372 2639 417 2672 ita
436 2639 483 2679 sit,
511 2645 547 2671 ut
567 2639 741 2673 intuentes
757 2652 809 2679 ca,
837 2652 925 2684 quac
943 2640 1028 2673 fiunt
1049 2641 1082 2673 in
1103 2651 1202 2684 prat·-

211 2690 342 2729 sentia,
376 2702 446 2722 non
478 2690 591 2723 solum
622 2704 806 2736 queramus
835 2691 1045 2733 cogitationi·
1074 2690 1201 2725 similia

721 122 879 160 DECL.
921 121 995 159 DE
1028 119 1329 159 CAPNIONE
1363 121 1718 161 PHORCENSI.

2139 126 2237 162 1000

1244 211 1332 243 facta
1350 210 1579 254 antiquitatis,
1602 210 1662 243 sed
1679 209 1782 244 etiam
1797 210 2051 245 ratiocinemur
2067 221 2107 244 ex
2124 210 2238 244 initiis

1245 260 1378 294 similes
1397 260 1526 302 exitus,
1555 261 1674 305 quales
1696 267 1780 294 tunc
1805 261 1910 294 fuisse
1934 261 2093 305 legimus.
2145 259 2238 295 Cum

1245 311 1352 354 igitur
1378 310 1446 343 iam
1473 311 1510 344 in
1536 308 1592 344 his
1620 311 1824 353 regionibus
1848 319 1882 345 et
1906 309 2079 345 horribile
2104 311 2238 344 bellum

1245 373 1430 394 accensum
1446 361 1502 400 sit,
1527 369 1561 396 et
1575 361 1681 394 simul
1698 362 1814 404 vagari
1834 361 1908 394 lues
1925 363 2066 406 ceperit,
2092 374 2165 395 non
2181 373 2239 395 so-

1247 412 1320 444 lum
1339 412 1472 445 oraculi
1490 412 1674 452 recordor,
1699 409 1773 456 ἥξει
1795 410 1979 457 δωριακὸς
2002 409 2156 456 πόλεμος
2176 410 2239 445 καὶ

1247 459 1372 506 λοιμὸς
1396 456 1462 505 ἅμ’
1478 460 1598 508 αὐτῷ,
1627 463 1688 494 sed
1713 463 1816 495 etiam
1841 469 1959 496 metuo
1989 463 2122 495 similes
2146 463 2240 498 mala-

1247 512 1385 546 mitates
1407 512 1510 550 alias,
1546 513 1666 557 quales
1684 512 1722 544 in
1741 525 1781 545 eo
1802 512 1972 546 Graeciae
1989 513 2084 546 bello
2104 512 2240 546 accide-

1248 570 1351 604 runt,
1376 563 1559 597 interitum
1574 563 1774 604 civitatum,
1801 564 1934 606 legum,
1961 562 2180 607 disciplinae.

1353 661 1404 696 Ac
1420 662 1547 696 videtis
1562 669 1753 707 utrumque
1768 663 1921 702 malum,
1948 662 2080 695 bellum
2099 667 2130 694 et
2148 662 2242 695 luem

1250 715 1322 747 sere
1349 725 1410 757 per
1433 713 1635 746 universam
1655 712 1884 746 Germaniam
1906 725 2001 746 nunc
2020 712 2156 755 vagari,
2180 714 2243 745 sed

1250 763 1333 797 huic
1366 764 1497 807 oppido
1533 764 1674 807 proprie
1700 764 1886 796 minitatur
1921 763 2054 807 positus
2086 763 2243 796 siderum

1251 813 1318 848 hoc
1334 821 1516 849 autumno.
1550 814 1780 858 Compertum
1800 821 1849 847 est
1866 815 1961 846 enim
1978 813 2099 847 multis
2116 813 2244 846 veteri-

1253 867 1317 899 bus
1335 865 1657 904 observationibus,
1684 865 1868 908 praecipue
1885 862 1942 897 hic
1965 863 2113 907 grassari
2136 863 2244 907 pesti-

1252 915 1418 955 lentiam,
1453 926 1533 947 cum
1565 914 1740 948 Saturnus
1773 911 1914 948 vehitur
1945 915 1982 947 in
2013 913 2150 953 Leone,
2184 920 2245 947 aut

1255 966 1433 1011 Aquario,
1461 971 1495 998 et
1521 965 1648 998 sevicia
1673 964 1787 998 maior
1810 971 1878 1004 est,
1904 976 1983 998 cum
2007 965 2045 996 in
2067 963 2188 997 Leone
2211 970 2245 997 et

1255 1015 1413 1061 Aquario
1431 1022 1512 1049 sunt
1537 1016 1689 1059 oppositi
1707 1014 1882 1049 Saturnus
1903 1022 1935 1049 et
1958 1015 2065 1047 Mars.
2117 1014 2246 1048 Adfert

1254 1068 1357 1100 etiam
1373 1066 1608 1110 pestilentiam
1629 1065 1805 1100 Saturnus
1821 1063 1904 1098 huic
1923 1065 2066 1109 oppido,
2091 1064 2151 1097 sed
2176 1063 2246 1096 mi-

1255 1129 1321 1150 nus
1336 1129 1450 1150 sevam
1470 1117 1507 1148 in
1524 1116 1719 1158 terragonis
1735 1115 1878 1155 Leonis,
1907 1115 2054 1159 Scorpio
2069 1120 2103 1148 et
2113 1113 2247 1147 Tauro.

1255 1167 1332 1201 Etsi
1360 1174 1475 1200 autem
1504 1164 1590 1199 haec
1615 1167 1751 1209 privata
1782 1166 1936 1210 pericula
1970 1164 2247 1198 sollicitudinem

1256 1218 1359 1251 nobis
1386 1217 1568 1254 adserunt,
1602 1223 1720 1250 tamen
1747 1217 1860 1250 multo
1894 1215 2026 1248 maiore
2058 1211 2100 1247 iis
2123 1215 2246 1248 dolore

1255 1275 1337 1302 sunt
1369 1279 1490 1300 omnes
1524 1265 1664 1300 honesti
1689 1263 1852 1299 homines
1880 1266 1918 1298 in
1951 1263 2005 1298 his
2030 1265 2246 1307 regionibus,

1257 1325 1399 1363 propter
1414 1315 1478 1351 hos
1495 1317 1759 1351 confusissimos
1777 1317 1960 1354 tumultus,
1989 1315 2049 1360 qui
2067 1315 2136 1347 nisi
2151 1313 2248 1348 Deus

1257 1382 1373 1414 pacem
1392 1369 1560 1408 restituet,
1576 1375 1701 1402 tetram
1718 1367 1914 1401 vastitatem
1929 1367 1971 1399 ad
1991 1373 2147 1409 posteros
2163 1365 2248 1398 effe-

1256 1421 1346 1454 cturi
1372 1426 1465 1454 sunt.
1519 1418 1596 1452 Oro
1621 1419 1728 1461 igitur
1752 1418 1863 1451 filium
1882 1415 1947 1450 Dei
1971 1416 2156 1449 dominum
2182 1427 2247 1449 no-

1255 1478 1366 1504 strum
1393 1470 1508 1504 lesum
1530 1467 1734 1509 Christum,
1767 1467 1970 1501 crucifixum
1996 1478 2060 1511 pro
2086 1466 2190 1499 nobis
2214 1472 2247 1499 et

1255 1520 1521 1561 resuscitatum,
1548 1520 1729 1552 custodem
1752 1517 1929 1551 Ecclesiae
1956 1529 2056 1555 suae,
2083 1523 2120 1550 ut
2144 1516 2248 1550 nobis

1255 1583 1384 1616 poenas
1403 1571 1527 1614 leniat,
1557 1576 1590 1603 et
1606 1570 1698 1603 inter
1715 1580 1779 1602 nos
1797 1567 1974 1602 Ecclesiae
1992 1567 2158 1612 reliquias
2175 1578 2248 1600 ser-

1255 1629 1330 1660 vet,
1357 1633 1421 1655 nec
1439 1621 1530 1654 sinat
1549 1620 1660 1653 deleri
1679 1619 1901 1663 disciplinam
1920 1626 1951 1652 et
1969 1618 2149 1651 doctrinae
2172 1625 2248 1651 stu-

1255 1674 1325 1707 dia.
1378 1672 1592 1716 Quanquam
1619 1678 1735 1704 autem
1764 1681 1808 1702 ne
1842 1669 1916 1701 fieri
1949 1669 2092 1714 quidem
2125 1674 2249 1712 potest,

1255 1723 1343 1768 quin
1361 1723 1464 1755 dolor
1487 1721 1654 1765 impediat
1675 1731 1796 1753 omnes
1819 1719 1903 1752 alias
1922 1718 2171 1762 cogitationes.
2196 1726 2248 1751 ta-

1256 1786 1337 1807 men
1349 1798 1357 1811 ,
1385 1781 1423 1806 ut
1439 1773 1585 1815 remiges
1603 1773 1639 1804 iu
1655 1784 1733 1804 seva
1753 1777 1955 1814 tempestate
1972 1769 2118 1802 facimus
2139 1769 2249 1802 usita—

1257 1831 1307 1857 tas
1324 1835 1466 1868 operas,
1494 1823 1695 1867 praesertim
1714 1833 1793 1854 cum
1813 1820 1895 1853 velit
1914 1820 2008 1853 Deus
2026 1830 2089 1851 nos
2109 1830 2249 1863 sperare

1256 1873 1447 1908 Ecclesiam
1466 1885 1537 1906 non
1555 1873 1714 1909 funditus
1732 1871 1952 1904 interituram
1971 1881 2055 1910 esse,
2072 1869 2127 1903 cui
2144 1869 2249 1902 semi-

1257 1926 1355 1959 naria
1382 1925 1612 1969 relinquenda
1635 1930 1734 1962 sunt,
1761 1922 1865 1955 ctiam
1884 1921 1912 1953 si
1932 1932 2078 1963 maguae
2096 1919 2249 1953 difficul-

1258 1984 1343 2010 tates
1359 1977 1601 2008 adversantur.
1658 1973 1777 2016 Quare
1794 1983 1888 2004 nunc
1907 1983 2048 2016 quoque
2068 1970 2249 2003 noluimus

1257 2029 1374 2060 deesse
1392 2034 1551 2059 nostrum
1570 2025 1724 2058 officium
1748 2021 1801 2056 liis
1828 2020 1983 2055 honestis
2001 2021 2102 2062 viris,
2131 2021 2249 2066 publi-

1257 2090 1336 2112 cum
1354 2078 1534 2111 doctrinae
1552 2075 1794 2110 testimonium
1810 2073 2020 2118 petentibus.

1361 2177 1455 2211 Utile
1477 2184 1526 2210 est
1549 2183 1664 2210 autem
1693 2175 1864 2208 discentes
1890 2174 1999 2207 multa
2029 2171 2248 2206 eruditorum

1258 2230 1413 2273 exempla
1441 2239 1561 2267 nosse,
1596 2227 1678 2272 quia
1703 2228 1747 2259 de
1772 2225 1908 2259 ratione
1938 2223 2114 2264 discendi,
2149 2231 2182 2257 et
2205 2224 2249 2257 de

1258 2281 1341 2324 ipsis
1358 2280 1492 2313 artibus
1510 2279 1638 2311 multas
1654 2276 2009 2311 commonefactioucs
2034 2281 2249 2319 proponunt,

1257 2343 1403 2376 eumque
1423 2332 1468 2363 ob
1486 2341 1624 2363 causam
1645 2340 1746 2374 saep-e
1766 2327 1799 2360 in
1817 2328 1902 2361 tales
1918 2337 2122 2369 congressus
2138 2322 2249 2359 histo-

1258 2383 1328 2415 riae
1348 2382 1473 2415 allatae
1493 2387 1586 2415 sunt.
1642 2378 1743 2413 Nunc
1767 2379 1872 2421 igitur
1889 2376 2072 2411 historiam
2090 2375 2249 2420 Capnio-

1258 2434 1312 2466 nis
1328 2434 1475 2466 recitare
1491 2431 1642 2467 decrevi.
1667 2430 1766 2463 cuius
1784 2429 1951 2462 memoria
1969 2442 2010 2462 eo
2029 2427 2161 2471 gratior
2176 2437 2248 2459 esse

1256 2485 1381 2521 delict.
1424 2484 1506 2529 quia
1535 2489 1573 2515 ut
1599 2482 1763 2515 excitaret
1790 2481 1904 2514 studia
1935 2480 2075 2523 linguae
2100 2475 2249 2517 Ebreae,

1256 2548 1360 2580 quam
1385 2534 1561 2569 Ecclesiae
1588 2532 1816 2566 necessariam
1845 2543 1917 2564 csse
1941 2530 2163 2563 manifestum
2188 2535 2249 2568 cst,

1256 2587 1391 2629 primns
1407 2586 1586 2622 onmium,
1613 2584 1673 2629 qui
1691 2584 1808 2616 latinis
1825 2583 1933 2616 literis
1949 2581 2001 2614 usi
2021 2586 2113 2617 sunt,
2141 2579 2248 2612 latine

1255 2636 1531 2672 Grammaticam
1545 2635 1694 2669 Ebream
1714 2642 1744 2667 ct
1759 2630 2137 2677 ‹ii‘ofimrttzai'edidit.
2154 2631 2247 2663 mul-

1256 2695 1376 2735 tusque
1393 2691 1427 2723 in
1442 2687 1635 2723 Germania
1653 2692 1685 2719 et
1702 2686 1800 2725 alibi,
1824 2696 1896 2717 nou
1916 2683 2029 2716 solum
2049 2684 2091 2717 ad
2108 2679 2246 2716 Ebreae
