2338 2958
116 117 190 154 453

116 202 274 247 Utraque
299 205 373 233 arte
396 209 485 244 opus
507 205 557 233 est
584 199 615 233 ei
631 197 725 240 viro,
752 200 812 245 qui
830 206 964 245 praeest
980 196 1101 232 Eccle-
1124 202 1130 242 ζ

114 253 202 293 siae,
227 257 267 284 ut
292 251 336 283 sit
359 250 402 283 ad
424 251 620 283 docendum
636 250 803 289 idoneus,
829 263 868 283 ac
889 251 1044 295 prudens
1062 248 1099 281 in
1124 250 1127 283 ἶ

113 300 310 336 iudicandis
333 301 502 343 negociis,
535 301 572 334 in
597 302 760 335 cavendis
777 301 914 334 insidiis
936 301 1099 333 adversa-

111 352 264 391 riorum,
291 350 328 383 in
346 352 475 385 tuenda
493 351 749 396 tranquillitate
767 349 953 386 Ecclesiae.
1003 349 1098 382 Haec

111 413 189 435 cum
220 401 431 445 praestiterit
460 402 694 445 Augustinus,
735 401 835 435 fateri
869 412 1007 434 necesse
1037 406 1098 440 est,

110 452 200 485 bene
229 452 393 485 meritum
429 463 500 485 esse
532 454 576 486 de
604 450 760 485 Ecclesia
789 449 939 492 Christi3
980 451 1096 484 lucent

109 501 203 535 enim
228 501 302 535 eius
324 502 426 543 fides,
461 503 676 542 constantia,
711 502 915 545 prudentia,
947 500 1096 544 vigilan-

109 552 177 592 tia,
212 551 248 584 in
283 552 355 586 illis
388 553 600 587 turbulentis
622 552 776 595 negociis
806 552 989 591 omnibus,
1021 551 1095 584 eius

108 602 290 646 temporis.

209 652 277 686 Sed
296 654 419 688 incidit
437 661 518 688 tunc
535 654 705 698 quaedam
731 665 851 694 causa,
878 653 915 685 in
931 664 998 697 qua
1019 663 1095 684 ma-

107 703 198 736 xime
224 704 354 738 eminet
377 704 450 737 eius
465 704 617 737 eruditio
637 704 848 748 spiritualis,
874 704 967 736 etad
988 715 1092 748 quam

107 753 241 798 reliqua
274 755 460 788 certamina
485 754 652 788 videntur
679 755 776 799 quasi
800 755 970 799 quaedam
994 753 1094 787 rudi—

107 811 225 836 menta
256 804 373 838 fuisse.
433 803 475 836 ln
506 801 569 837 hac
601 805 772 848 peculiare
797 805 1004 837 beneficium
1027 802 1093 837 Dei

107 854 336 897 conspicitur,
362 855 455 899 quod
472 866 535 898 per
556 854 792 898 Augustinum
809 854 902 888 Deus
918 853 1093 888 Ecclesiae

108 903 288 948 praestitit.
342 903 424 937 Fuit
439 905 611 950 quispiam
625 905 804 950 Pelagius,
830 902 1092 949 Philosophiae,

106 961 145 987 ut
162 954 325 995 arbitror,
341 955 530 995 studiosus,
544 956 700 1000 quidum
713 957 976 989 accommodare
987 954 1092 989 Chri-

105 1004 252 1037 stianam
297 1005 494 1038 doctrinam
536 1007 578 1039 ad
615 1004 882 1051 Philosophiam
926 1013 1092 1047 conatur,

104 1060 216 1087 astute
242 1056 397 1098 corrupit
432 1056 523 1099 piam
554 1057 763 1092 doctrinam.
823 1055 952 1091 Docuit
983 1057 1090 1099 legem

103 1104 168 1138 Dei
203 1116 302 1148 posse
336 1106 491 1149 impleri:
530 1107 677 1149 gratiam
712 1106 916 1149 Evangelii,
954 1113 1090 1140 tantum

104 1166 176 1188 esse
193 1155 277 1197 legis
294 1156 546 1199 cognitionem:
572 1163 731 1190 naturam
750 1154 904 1189 hominis
919 1157 1089 1199 integram

104 1217 175 1238 esse
193 1217 231 1238 ac
251 1206 326 1239 sine
345 1213 499 1250 peccato:
526 1204 689 1240 homines
708 1207 816 1240 iustos
832 1214 863 1240 et
881 1208 1000 1240 beatos
1019 1218 1090 1240 esse

102 1256 188 1299 legis
210 1255 434 1300 impletione,
471 1263 505 1290 et
524 1254 588 1290 hac
607 1257 732 1290 mereri
750 1258 992 1290 remissionem
1011 1269 1089 1301 pec-

103 1313 271 1340 catorum.
323 1306 436 1347 Haec,
463 1307 545 1352 quia
560 1307 746 1341 videbatur
760 1307 993 1351 Evangelium
1008 1308 1090 1351 pul-

103 1354 186 1390 chre
211 1367 402 1398 congruere
425 1369 503 1390 cum
526 1355 757 1402 Philosophia
776 1365 808 1392 et
832 1358 963 1391 iudicio
982 1358 1089 1390 ratio-

103 1407 175 1447 nis,
210 1418 336 1450 magno
370 1419 448 1440 cum
479 1408 603 1451 plausu
631 1408 894 1452 excipiebantur
916 1408 953 1440 in
980 1407 1090 1448 ltalia,

104 1456 221 1490 Gallia
241 1463 274 1490 et
292 1456 421 1492 Africa.
456 1457 667 1492 Posidonius
684 1467 815 1501 narrat,
843 1458 1088 1491 Innocentium

101 1506 303 1542 Romanurn
330 1506 544 1552 Episcopum
569 1509 672 1543 initio
703 1510 805 1543 etiam
829 1521 901 1542 non
926 1509 1087 1554 iniquum

101 1558 207 1591 fuisse
232 1557 383 1600 Pelagio.
445 1559 536 1592 Sunt
569 1560 661 1591 enim
696 1571 734 1592 ex
759 1572 797 1592 eo
825 1571 968 1602 genere,
1002 1570 1089 1603 quae

102 1614 202 1641 vocat
226 1607 357 1641 Paulus
377 1606 540 1648 πιθανὰ,
573 1621 661 1654 quae
686 1610 920 1642 blandiuntur
948 1609 1089 1643 rationi.

101 1658 170 1692 Sed
195 1669 287 1691 unus
311 1658 528 1701 Augustinus
552 1671 625 1692 non
650 1660 762 1693 solum
788 1660 877 1693 vidit
901 1660 985 1704 quid
1004 1666 1089 1693 esset

101 1708 203 1747 mali,
236 1709 294 1740 sed
322 1709 424 1742 etiam
450 1720 576 1752 magno
603 1711 718 1744 studio
751 1711 902 1743 refutare
934 1722 1086 1743 errorem

102 1759 225 1802 coepit.
277 1757 401 1801 Coegit
418 1758 600 1804 Synodos,
632 1761 741 1793 edidit
769 1760 918 1804 plurima
949 1761 1088 1802 scripta,

102 1810 138 1842 in
155 1808 284 1853 quibus
301 1821 388 1852 pene
406 1810 575 1852 sepultam
594 1811 789 1843 doctrinam
806 1811 847 1842 de
864 1810 972 1853 gratia
985 1808 1089 1843 Chri-

102 1859 146 1893 sti
164 1859 366 1897 renovavit,
402 1871 440 1891 ac
456 1860 609 1893 restituit
624 1861 720 1893 illam
739 1861 947 1903 peculiarem
968 1859 1090 1893 Eccle-

102 1909 173 1942 siae
191 1908 412 1953 sapientiam,
437 1910 479 1942 de
499 1909 635 1943 iusticia
650 1911 749 1949 fidei,
776 1910 928 1953 ignotam
947 1911 1090 1945 mundo.

102 1958 156 1993 De
186 1965 326 2003 peccato
353 1959 501 2002 originis
523 1960 650 1993 clarius
676 1960 832 2004 scripsit,
871 1973 976 2005 quam
1010 1968 1090 1994 ante

103 2011 217 2054 ipsum
235 2009 420 2053 scriptores
435 2021 566 2043 omnes.
621 2009 793 2054 Origenes
816 2011 993 2045 invexerat
1011 2023 1090 2054 per-

104 2061 254 2094 niciosas
270 2060 576 2104 interpretationes
593 2061 629 2093 in
650 2059 843 2094 Ecclesiam
860 2063 902 2095 de
919 2062 1008 2105 lege:
1037 2060 1089 2094 Ex

105 2111 178 2154 lege
195 2122 268 2143 non
287 2111 532 2144 iustificabitur
547 2112 662 2144 omnis
681 2124 775 2151 caro,
798 2112 833 2144 id
853 2119 912 2151 est,
938 2124 977 2145 ex
995 2124 1090 2145 cere-

106 2161 246 2196 moniis,
302 2160 405 2194 Item:
440 2161 558 2203 litera,
583 2162 618 2195 id
641 2169 707 2203 est,
733 2160 900 2195 historica
919 2163 1090 2207 interpre-

105 2210 210 2251 tatio,
242 2211 384 2252 occidit3
419 2211 590 2255 Spiritus,
626 2212 661 2246 id
677 2219 743 2253 est,
769 2213 932 2256 allegoria
952 2214 995 2246 de
1013 2226 1091 2247 mo-

107 2261 225 2301 ribus,
245 2261 408 2296 vivificat.
442 2261 517 2296 Hos
535 2263 652 2307 lapsus
670 2261 838 2307 Origenis
853 2270 935 2297 tunc
952 2276 1092 2310 quoque

107 2322 274 2355 magnum
313 2311 508 2355 periculum
551 2321 624 2349 erat
671 2311 943 2358 reprehendere:
993 2322 1092 2349 erant

107 2362 203 2396 enim
238 2359 302 2395 hae
335 2361 642 2406 interpretationes
675 2365 802 2409 passim
836 2372 1010 2409 receptae,
1059 2372 1092 2399 et

107 2411 286 2446 mordicus
316 2412 535 2447 tenebantur.
601 2414 721 2458 Quare
757 2415 860 2459 plane
896 2413 1093 2461 prophetici

109 2463 251 2507 spiritus
274 2462 358 2503 suit,
392 2475 502 2496 unum
527 2463 642 2497 virum
672 2473 705 2499 et
729 2466 848 2499 videre
867 2463 931 2499 hos
948 2478 1093 2505 errores,

110 2519 143 2546 et
158 2511 267 2546 Paulo
289 2514 434 2546 reddere
451 2515 638 2556 genuinam
656 2516 863 2549 sententiam
877 2543 886 2557 ,
912 2522 946 2550 et
967 2519 1094 2551 audere

111 2574 128 2594 a
155 2562 293 2597 iudiciis
314 2564 534 2608 superiorum
560 2565 759 2599 dissentire:
788 2568 876 2600 sicut
898 2567 1041 2611 plurimi
1062 2568 1092 2601 ei

110 2612 332 2656 obiecerunt,
357 2627 418 2648 cur
433 2627 526 2649 unus
537 2616 679 2650 auderet
693 2617 857 2661 refragari
873 2619 1094 2662 superiorum

112 2664 312 2706 sententiis,
337 2676 463 2709 magno
481 2677 651 2700 consensu
674 2668 897 2701 confirmatis.

717 112 874 150 DECL.
911 110 984 148 DE
1019 108 1162 147 VITA
1195 108 1538 147 AUGUSTINI.

2067 111 2139 149 454

1255 194 1413 230 Ornatus
1429 203 1477 230 est
1487 194 1704 239 Augustinus
1720 196 1898 231 miraculis
1915 197 2134 244 quibusdam,

1151 247 1284 291 expulit
1309 247 1521 284 Daemones,
1553 253 1585 279 et
1610 248 1778 291 quosdam
1801 255 1958 292 aegrotos
1986 251 2132 286 sanavit.

1149 296 1217 330 Sed
1245 295 1328 330 haec
1351 304 1433 330 sunt
1457 297 1557 339 longe
1575 299 1824 340 praestantiora
1843 299 2028 341 miracula,
2054 312 2132 334 suc-

1149 358 1262 380 cessus
1286 347 1321 380 in
1344 346 1613 390 gubernatione,
1648 355 1680 381 et
1701 346 1783 382 haec
1807 349 1928 383 iudicii
1946 351 2130 389 rectitudo,

1148 404 1179 430 et
1196 398 1275 431 fidei
1291 397 1502 437 constantia,
1529 398 1622 441 quod
1638 399 1725 433 vidit
1741 398 1841 432 Pauli
1859 401 2067 434 sententiam
2088 403 2130 435 de

1147 448 1238 490 lege,
1265 449 1309 480 de
1335 454 1491 491 peccato,
1519 448 1561 479 de
1583 447 1717 481 iusticia
1737 450 1834 491 fidei,
1858 457 1890 484 et
1905 462 2032 494 magno
2051 452 2130 484 ani-

1147 498 1195 530 mi
1218 498 1345 531 robore
1375 504 1494 530 contra
1520 505 1673 540 receptas
1696 501 1936 541 persuasiones
1962 502 2131 538 defendit.

1148 547 1261 581 Tanta
1282 549 1394 581 fuerat
1420 548 1546 590 caligo,
1572 554 1609 581 ut
1626 560 1688 581 nec
1705 551 1875 583 sermonis
1895 563 2004 594 genus
2020 552 2056 585 in
2075 564 2129 586 sa-

1146 599 1212 631 cris
1242 599 1354 632 literis
1389 598 1675 642 intelligeretur..
1722 598 1815 633 Haec
1848 601 1921 644 ipsa
1948 603 2128 643 vocabula,

1145 661 1234 693 quae
1252 656 1334 683 sunt
1349 649 1535 694 praecipua
1559 649 1596 681 in
1615 647 1768 683 Ecclesia
1780 677 1788 691 ,
1815 662 1901 695 quas
1919 663 1972 685 res
1989 654 2130 697 proprie

1144 700 1397 742 significarent,
1443 700 1686 742 ignorabatur,
1740 699 1831 741 Lex,
1880 699 2130 746 Evangelium,

1145 757 1342 794 peccatum,
1380 751 1508 793 gratia,
1547 750 1648 791 fides,
1679 750 1797 791 litera,
1832 751 1986 794 spiritus.
2054 752 2130 788 Hae

1145 807 1259 834 tantae
1292 801 1455 834 tenebrae
1489 801 1654 845 depulsae
1681 807 1763 835 sunt
1790 800 1980 845 Augustini
2008 804 2130 847 opera,

1145 851 1206 895 qui
1229 851 1370 896 quidem
1397 852 1474 884 illas
1496 857 1608 884 tantas
1632 862 1685 884 res
1708 853 1902 895 perspicere
1925 860 1958 887 et
1975 854 2130 889 iudicare

1145 914 1217 935 non
1229 902 1415 946 potuisset,
1443 901 1512 935 nisi
1528 901 1687 935 exercitia
1703 903 1892 946 peculiaria
1908 904 2051 947 spiritus
2069 907 2130 938 de-

1144 958 1321 995 gustasset.
1373 951 1463 986 Cum
1480 959 1594 986 autem
1613 953 1762 986 maxime
1781 964 1869 997 opus
1884 954 1929 987 sit
1944 952 2131 997 Ecclesiae,

1146 1014 1225 1036 vera
1261 1003 1403 1037 illorum
1439 1003 1596 1036 locorum
1635 1003 1883 1047 explicatione,
1933 1005 2031 1039 decet
2064 1018 2128 1039 nos

1143 1066 1264 1087 omnes
1292 1065 1479 1098 agnoscere
1504 1052 1570 1087 Dei
1606 1053 1833 1095 beneficium,
1868 1055 1966 1088 cuius
1995 1057 2128 1090 donum

1144 1111 1234 1143 erat,
1270 1105 1450 1138 doctrinae
1472 1104 1665 1137 renovatio.
1729 1103 1886 1139 Debetur
1910 1112 1943 1139 et
1965 1106 2029 1150 ipsi
2054 1106 2130 1141 Au-

1142 1155 1281 1196 gustino
1308 1156 1436 1197 gratia,
1469 1155 1529 1200 qui
1553 1154 1664 1188 literis
1686 1156 1866 1189 mandavit
1884 1168 2000 1189 veram
2023 1157 2130 1190 inter—

1142 1205 1373 1248 pretationem
1394 1212 1433 1239 ut
1455 1205 1689 1249 posteritatem
1713 1207 1928 1240 admoneret.
1989 1206 2069 1240 Dixi
2089 1210 2130 1241 dc

1142 1255 1329 1298 praecipuo
1355 1254 1546 1299 Augustini
1576 1255 1720 1296 merito,
1762 1257 1819 1289 sed
1853 1256 1994 1290 brevius
2024 1270 2129 1303 quam

1143 1306 1347 1348 magnitudo
1370 1306 1419 1338 rei
1448 1305 1658 1350 postulabat.
1721 1306 1828 1349 Quod
1855 1313 1970 1341 autem
1995 1308 2031 1340 in
2058 1315 2129 1342 tam

1142 1355 1345 1388 difficilibus
1381 1356 1681 1400 disputationibus
1721 1356 1896 1390 interdum
1938 1357 2129 1402 improprie

1141 1412 1201 1439 aut
1237 1406 1459 1439 incommode
1501 1406 1676 1450 loquitur,
1717 1408 1818 1440 venia
1851 1408 1881 1440 ei
1914 1409 2028 1441 danda
2063 1416 2128 1443 est:

1142 1455 1358 1500 Temporum
1390 1457 1453 1490 ista
1478 1463 1587 1489 erant.
1646 1455 1733 1489 Nam
1759 1464 1850 1491 aetas
1871 1458 1931 1491 illa
1955 1459 2063 1503 magis
2085 1461 2129 1493 ad

1141 1506 1421 1539 declamatoriam
1446 1507 1616 1539 rationem
1636 1507 1795 1548 dicendi,
1828 1521 1932 1553 quam
1958 1510 2001 1542 ad
2027 1522 2128 1543 accu—

1140 1563 1232 1589 ratas
1248 1557 1503 1600 disputationes
1521 1557 1707 1590 assuefacta
1731 1565 1820 1598 erat,
1847 1565 1880 1592 et
1897 1559 2037 1593 difficile
2054 1569 2127 1595 erat

1141 1618 1180 1639 ex
1196 1607 1301 1640 tantis
1327 1608 1479 1640 tenebris
1504 1608 1665 1641 materias
1683 1607 1761 1640 illas
1785 1609 1955 1644 evolvere.
2008 1609 2128 1645 Rebus

1141 1668 1223 1690 vero
1240 1655 1333 1690 haud
1352 1658 1458 1690 dubie
1475 1669 1618 1701 prorsus
1640 1659 1818 1701 congruit,
1847 1672 1924 1692 cum
1944 1662 2129 1701 sententia,

1141 1719 1229 1753 quae
1247 1706 1313 1741 Dei
1327 1708 1494 1741 beneficio
1518 1719 1638 1741 rursus
1663 1708 1778 1742 illuxit
1797 1709 1834 1743 in
1853 1708 1917 1743 hac
1934 1708 2070 1752 schola,
2098 1720 2130 1747 et

1141 1759 1284 1803 quidem
1316 1759 1390 1801 ipso
1420 1765 1650 1794 monstrante.
1712 1757 1851 1793 Omitto
1881 1773 1984 1805 quam
2019 1762 2128 1795 multa

1141 1809 1333 1853 prudenter
1355 1815 1386 1842 et
1402 1809 1521 1842 dextre
1540 1809 1759 1853 responderit
1777 1811 1818 1842 de
1836 1811 1941 1844 variis
1960 1812 2128 1854 negociis:

1156 1857 1386 1902 leprehendit
1415 1859 1670 1903 superstitiosas
1695 1860 1879 1903 opiniones
1900 1862 1943 1894 de
1969 1863 2130 1896 traditio-

1141 1910 1246 1942 nibus
1277 1907 1458 1950 humanis,
1499 1916 1619 1943 monet
1651 1921 1722 1943 non
1752 1922 1822 1943 esse
1848 1911 1960 1945 cultus
1985 1912 2067 1952 Dei,
2097 1921 2129 1947 et

1141 1961 1217 1993 sine
1240 1966 1378 2003 peccato
1405 1961 1518 1994 omitti
1543 1971 1652 2004 posse.
1711 1958 1867 2005 Apparet
1890 1969 1973 1995 tunc
1989 1975 2129 2008 quoque

1142 2011 1319 2043 dubitasse
1336 2011 1485 2052 multos,
1512 2011 1596 2055 quid
1617 2012 1659 2043 de
1676 2011 1801 2044 militia
1826 2019 1858 2045 et
1874 2013 2036 2046 civilibus
2053 2014 2129 2046 offi-

1142 2061 1204 2094 ciis
1229 2061 1450 2094 sentiendum
1472 2069 1576 2102 esset;
1612 2061 1844 2105 interrogatus
1877 2063 1983 2106 igitur
2006 2064 2129 2107 Augu-

1142 2112 1254 2145 stinus
1272 2118 1364 2145 recte
1381 2118 1414 2145 et
1432 2113 1549 2145 dextre
1566 2112 1757 2155 respondit.

1242 2160 1422 2195 Hactenus
1444 2169 1577 2196 tantum
1606 2168 1643 2195 ut
1666 2161 1852 2195 Doctorem
1877 2163 2037 2203 laudavi,
2065 2166 2129 2198 etsi

1142 2210 1227 2246 haec
1244 2213 1385 2257 quidem
1411 2213 1596 2256 praecipua
1612 2210 1779 2256 Episcopi
1803 2213 1878 2246 laus
1896 2221 1964 2254 est,
1993 2227 2065 2248 non
2087 2217 2129 2248 de

1143 2263 1286 2297 caeteris
1302 2263 1491 2297 virtutibus
1510 2263 1602 2301 dixi,
1630 2275 1717 2307 quae
1737 2263 1773 2295 in
1794 2264 2047 2306 gubernatione
2068 2278 2130 2299 ne-

1144 2314 1310 2348 cessariae
1333 2320 1432 2353 sunt,
1465 2314 1625 2347 nondum
1650 2314 1692 2346 de
1716 2314 1862 2357 privatis
1884 2315 2058 2349 moribus:
2086 2317 2128 2348 de

1144 2365 1300 2409 utrisque
1318 2364 1522 2397 brevissime
1538 2364 1664 2398 dicam.
1703 2362 1742 2395 ln
1759 2364 2011 2407 gubernatione
2028 2378 2129 2410 prae-

1145 2415 1246 2459 cipua
1263 2415 1338 2447 laus
1354 2421 1404 2448 est
1426 2414 1599 2454 iusticiae,
1624 2426 1712 2459 quae
1735 2415 1788 2448 vel
1815 2416 1997 2450 severitate
2019 2417 2130 2450 utitur

1146 2477 1224 2499 cum
1248 2477 1350 2499 causa
1375 2465 1545 2508 postulat,
1580 2465 1633 2498 vel
1667 2465 1826 2505 lenitate,
1859 2479 1938 2499 cum
1971 2464 2055 2500 haec
2081 2474 2130 2500 est

1145 2516 1277 2550 utilior.
1328 2513 1406 2549 Etsi
1423 2522 1537 2549 autem
1553 2513 1644 2548 nihil
1661 2515 1728 2549 suit
1747 2516 1784 2548 in
1800 2514 1988 2560 Augustini
2007 2524 2131 2550 natura

1146 2565 1389 2612 tyrannicum,
1422 2572 1538 2600 tamen
1563 2566 1610 2599 ita
1636 2566 1726 2599 lenis
1748 2566 1832 2605 fuit,
1868 2575 1907 2601 ut
1931 2579 2002 2601 non
2028 2567 2131 2599 nimis

1148 2623 1235 2650 esset
1259 2617 1446 2660 indulgens
1470 2624 1531 2651 aut
1552 2617 1683 2657 lentus,
1718 2624 1756 2650 ut
1785 2618 1864 2650 satis
1885 2617 2072 2651 declaravit
2094 2617 2130 2648 in

1148 2667 1267 2702 multis
1292 2668 1414 2703 causis.
1474 2666 1739 2702 Calamensibus
1763 2668 1822 2712 qui
1842 2668 2002 2701 seditiose
2020 2669 2131 2710 impe-

1418 2715 1500 2755 29*
