2338 2958
71 122 144 160 521

70 205 239 245 tificihus,
261 201 414 236 dominis
429 201 580 242 iniustis,
606 203 863 236 transferantur
877 202 921 236 ad
938 200 1054 245 Impe-

69 263 212 293 ratores,
237 254 280 286 ad
299 264 386 297 quos
403 252 662 296 pertinuerunt.
710 252 940 298 Nequaquam
958 252 1052 285 enim

69 304 305 340 arbitrabatur
329 300 396 336 hoc
417 309 554 336 tantum
581 304 689 337 totins
712 301 918 337 Occidentis
943 303 1054 346 impe-

67 357 160 391 rium
185 353 348 386 civilibus
371 353 636 397 Magistratibns
664 365 682 386 a
707 352 936 387 Pontificibus
966 353 1054 397 eripi

68 405 207 439 dehere.
258 402 339 437 Non
355 405 488 448 respuit
506 405 744 438 conditionem
759 403 935 445 Pontifex,
957 404 1053 448 quod

65 455 314 494 arbitraretur,
338 466 373 487 se
390 466 452 498 pro
470 455 646 488 beneficiis
664 453 897 497 Imperatoris,
925 454 1054 499 quibus

66 506 111 540 ab
133 517 173 538 eo
197 511 286 538 esset
309 512 471 545 ornatus,
497 505 689 548 plurimum
715 503 922 548 Imperatori
945 504 1053 547 grati-

64 556 249 590 ficaturum
284 567 356 589 esse
389 555 424 588 in
460 556 583 596 rebus,
622 566 770 599 quarum
805 566 840 588 se
867 555 1051 587 dominum

63 603 338 650 haudquaquam
370 605 446 639 iure
475 606 550 639 fore
585 605 808 640 existimavit.
876 603 1053 638 Permittit

64 656 173 699 igitur
190 653 252 689 has
267 657 472 689 donationes
488 655 711 689 Constantini
729 652 875 689 Ottonis
891 654 1052 699 potestati

63 705 246 747 Pontifex,
280 707 530 750 confirmatque
556 705 668 738 literis
693 706 851 739 omnium
877 704 1052 739 Cardina-

63 756 152 790 lium
169 768 340 789 consensu
357 756 574 800 approbatis,
603 762 715 789 totum
735 753 966 790 Occidentem
984 757 1050 788 im-

63 807 162 850 perio
177 804 342 847 ottonis,
369 804 659 851 posterorumque
684 806 776 845 eius,
804 807 880 840 inre
904 807 1052 840 obsecu-

63 864 205 895 turum,
233 864 266 890 et
293 867 513 901 nequaquam
531 855 754 890 Pontificum.
808 855 960 890 Addidit
984 854 1051 890 hoc

62 918 218 952 quoque:
246 906 427 940 Summam
445 907 667 940 autoritatem
685 907 721 939 in
742 906 910 941 electione
926 906 1051 941 Ponti-

61 957 134 990 ficis
159 957 285 989 debere
309 955 535 1000 Imperatoris
558 969 651 997 esse,
684 969 757 990 non
780 955 1051 1001 Episcoporum,

61 1007 154 1051 quod
173 1007 305 1040 videret
333 1007 458 1050 vulgus
483 1006 700 1040 Clericorum
725 1008 1051 1053 propinquitatibus

60 1063 94 1090 et
115 1057 326 1090 utilitatibus
346 1057 381 1089 in
399 1058 619 1091 decernendo
636 1057 807 1091 Pontifice
822 1059 957 1092 moveri
976 1071 1051 1092 ma—

60 1107 131 1151 gis,
159 1119 263 1152 quam
283 1108 442 1140 doctrina
462 1115 496 1141 et
512 1108 728 1141 innocentia.

161 1172 249 1207 Otto
265 1185 349 1206 vero
374 1171 428 1206 his
450 1175 555 1208 rebus
579 1175 764 1213 confectis,
792 1175 938 1221 reliquis
957 1176 1050 1209 duo—

60 1225 173 1258 decim
192 1224 295 1257 annis
314 1223 455 1268 imperii
471 1224 525 1257 sui
544 1224 593 1257 sic
610 1224 818 1268 Magistratu
839 1223 905 1259 hoc
922 1226 1051 1259 desun-

58 1281 134 1308 ctus
152 1282 222 1315 est,
248 1281 288 1307 ut
307 1275 503 1318 exemplum
528 1275 678 1308 fortibus
697 1283 729 1309 et
753 1276 856 1308 bonis
873 1275 1050 1321 Principi—

58 1325 125 1358 bus
146 1325 386 1358 defendendae
408 1325 591 1367 religionis
615 1326 791 1368 egregium
817 1326 1050 1369 proposuerit,

58 1376 172 1418 quod,
195 1374 276 1418 quia
295 1374 445 1408 accrevit
468 1375 579 1408 oratio
605 1376 713 1418 magis
731 1388 836 1421 quam
855 1376 970 1417 volui,
993 1377 1050 1410 lu—

57 1424 163 1466 bens,
190 1429 381 1467 praetereo.

160 1488 361 1524 Alexander
386 1489 539 1533 Magnus
571 1487 665 1524 hunc
688 1503 827 1525 versum
854 1491 948 1526 inter
972 1491 1048 1525 Ho-

57 1541 205 1574 mericos
220 1540 369 1573 maxime
386 1540 516 1574 dicitur
532 1541 713 1584 probasse:

77 1596 270 1639 Ἀμφότερον
283 1594 430 1635 βασιλεύς
451 1595 476 1626 τ’
499 1595 623 1636 ἀγαθὸς
644 1595 791 1637 κράτερος
813 1596 838 1628 τ’
863 1599 1026 1639 αἰχμητὴς.

155 1649 229 1680 Dux
246 1652 341 1680 bonus
357 1658 391 1680 ac
406 1653 492 1680 miles
506 1654 694 1691 praepollens
713 1653 826 1682 viribus
844 1653 932 1683 idem.

56 1707 269 1751 Quanquam
302 1717 379 1739 mea
401 1706 544 1751 quidem
576 1706 747 1741 sententia
773 1719 846 1740 non
879 1719 1046 1751 magnum

55 1755 182 1791 habeat
217 1763 433 1790 momentum
469 1756 508 1789 in
535 1755 701 1801 Principe
735 1757 892 1801 corporis
924 1759 1046 1798 robur,

55 1807 248 1852 plurimum
264 1813 380 1839 autem
398 1806 598 1847 consilium,
627 1807 775 1847 iusticia,
798 1807 952 1841 studium
971 1808 1046 1852 pie-

55 1858 158 1898 tatis,
189 1856 462 1901 illustrandique
488 1857 643 1890 nominis
667 1857 803 1897 divini,
836 1870 921 1902 quas
946 1859 1047 1903 equi-

54 1909 135 1942 dem
152 1907 298 1940 virtutes
314 1907 357 1940 de
373 1904 508 1940 Ottone
528 1907 641 1950 primo
665 1908 742 1940 iure
759 1908 919 1941 existimo
944 1921 1045 1952 prae-

56 1957 167 1992 dicari
192 1968 303 2000 posse.
356 1955 533 1990 Ecclesiae
556 1958 712 2001 profecto
736 1957 839 2004 (nam
865 1971 939 1991 eam
959 1972 1045 2000 rem,

54 2015 95 2043 ut
110 2007 251 2042 brevior
266 2006 344 2047 sim,
371 2004 438 2040 hoc
453 2007 530 2040 loco
546 2007 680 2051 explico
697 2006 833 2054 solum)
845 2010 938 2053 quod
949 2009 1045 2042 Pon-

55 2060 184 2094 tificem
214 2057 436 2102 represserit,
471 2058 615 2102 eiusque
642 2058 811 2092 minuerit
838 2059 1043 2102 potentiam,

54 2121 215 2153 magnam
230 2119 372 2152 operam
390 2107 638 2142 navavitOtto.
666 2107 769 2142 Prius
784 2116 911 2149 autem,
931 2122 1043 2155 quan-

54 2167 193 2203 topere,
215 2170 294 2191 cum
317 2157 522 2192 Pontificem
539 2160 746 2203 deponeret,
772 2157 963 2192 Ecclesiam
987 2160 1043 2193 iu-

55 2209 156 2250 verit,
182 2209 380 2242 ostendam:
408 2216 526 2253 postea
542 2210 584 2242 de
601 2210 854 2243 donationibus
878 2210 1043 2255 imperio·

55 2271 134 2294 rum
157 2259 311 2293 breviter
330 2259 496 2293 dicturus.
549 2258 660 2293 Erant
688 2260 794 2304 igitur
817 2258 945 2294 Ottoni
969 2274 1041 2295 non

56 2317 193 2344 tantum
223 2309 444 2351 gravissimae
475 2321 596 2344 causae
619 2309 770 2345 Romam
798 2311 1041 2354 proficiscendi

53 2361 92 2394 in
107 2360 295 2400 Pontifice,
316 2360 410 2404 quod
436 2357 556 2394 helluo
578 2369 683 2400 esset,
705 2368 895 2401 scortator,
922 2363 1041 2406 periu-

52 2423 131 2453 rus,
166 2408 410 2454 blasphemus,
443 2422 563 2444 verum
586 2412 775 2446 adiuvabat
809 2409 903 2445 haud
933 2413 1040 2447 dubie

53 2461 145 2495 idem
169 2461 355 2496 consilium
379 2460 407 2494 is
427 2461 549 2500 etiam,
577 2474 646 2506 quo
663 2463 894 2506 fungebatur,
922 2461 1039 2507 Magi-

54 2518 200 2553 stratus,
233 2511 295 2557 qui
320 2512 522 2544 mandatum
546 2509 694 2546 habebat
726 2513 1038 2548 communicandae

54 2563 252 2601 doctrinae,
277 2561 443 2595 abolendi
467 2562 593 2605 impios
614 2563 745 2602 cultus,
772 2564 956 2596 auferendi
975 2577 1038 2598 au-

55 2620 146 2646 tores
162 2613 418 2652 scandalorum,
445 2619 477 2646 et
493 2613 642 2645 maxime
659 2614 805 2656 cogendi
824 2614 861 2646 in
876 2614 1036 2648 ordinem

54 2661 244 2697 Pontifices
271 2663 486 2697 discedentes
521 2664 565 2697 ab
599 2663 731 2704 officio,
771 2665 865 2709 quod
893 2665 1034 2710 quidem

560 114 718 154 DECL.
755 114 827 151 DE
861 110 1259 151 IMPERATORE
1290 111 1542 150 OTTONE
1576 114 1604 153 Ι.

2024 120 2096 157 522

1108 198 1244 231 etiamsi
1261 210 1334 232 non
1349 199 1504 242 legisset,
1530 208 1569 236 ut
1589 201 1736 245 legerat,
1761 216 1903 238 monere
1927 212 2041 238 tamen
2061 213 2093 240 et

1108 249 1161 281 lex
1180 256 1326 282 naturae
1348 249 1462 294 ipsum
1480 252 1665 295 potuisset,
1691 255 1732 287 ad
1751 267 1853 299 quam
1873 268 1943 288 non
1961 257 2094 296 doctus,

1107 300 1167 331 sed
1188 300 1298 332 sactus
1323 307 1414 340 erat,
1451 308 1489 335 ut
1517 305 1693 336 custodem
1721 316 1756 338 se
1785 306 1995 349 intelligeret
2022 319 2093 339 non

1109 350 1243 382 ventris
1269 361 1356 389 esse,
1383 357 1442 384 aut
1466 351 1692 395 imperiorum
1710 362 1866 397 tantum,
1893 358 1952 389 sed
1971 355 2094 389 Eccle-

1108 400 1178 432 siae
1194 400 1312 433 etiam:
1341 401 1397 433 cui
1414 402 1568 444 profecto
1580 416 1738 447 magnam
1751 407 1919 449 praestitit
1938 419 2092 451 operam,

1107 451 1202 494 quod
1229 450 1337 483 vitam
1367 449 1546 485 Pontificis
1577 454 1696 497 impii,
1729 458 1888 490 omnium
1924 458 2092 490 scelerum

1106 501 1264 544 plenam,
1301 502 1556 535 emendandam
1580 504 1647 536 sibi
1673 517 1712 537 eo
1741 513 1896 550 tempore
1925 509 2094 548 statuerit,

1106 563 1176 595 quo
1211 551 1365 594 primum
1400 552 1444 585 ab
1473 551 1748 597 Imperatoribns
1775 558 1815 589 ad
1846 557 2093 591 Occidentales

1106 601 1255 645 populos
1271 602 1430 635 doctrina
1447 604 1489 636 de
1500 601 1642 637 Christo
1660 606 1766 639 suerit
1782 609 1956 641 translata.
1984 608 2092 641 Multi

1106 652 1201 684 enim
1226 663 1266 684 ex
1283 651 1454 686 Vandalis
1480 662 1512 688 et
1534 653 1697 700 Cymbris
1720 655 1798 702 (qui
1823 670 1839 690 a
1865 657 1991 691 Carolo
2011 659 2092 691 Ma-

1105 713 1174 745 gno
1190 702 1299 735 coacti
1316 703 1529 747 baptismum
1546 705 1770 752 acceperant)
1789 719 1805 740 a
1824 706 2021 741 Christiana
2038 721 2093 742 re-

1104 753 1236 795 ligione
1263 754 1306 785 ad
1337 752 1434 786 Idola
1472 755 1690 795 defecerant,
1732 769 1818 802 quos
1851 757 2024 792 Henricus
2060 766 2093 792 et

1105 802 1193 836 Otto
1210 803 1344 847 primus
1363 816 1435 837 non
1453 805 1528 838 sine
1541 818 1666 850 magno
1689 808 1832 851 negocio
1857 809 2021 852 leguntur
2038 821 2093 842 re-

1104 853 1260 888 traxisse.
1288 853 1431 898 ‚Quare,
1459 856 1487 888 si
1505 858 1547 889 de
1563 858 1713 890 amentia
1730 857 1909 893 Pontificis
1926 857 1990 892 hae
2008 871 2093 903 gen-

1106 910 1155 936 tes
1179 905 1441 947 cognovissent,
1473 907 1637 950 perfacile
1663 909 1828 942 omnibus
1854 908 1909 942 his
1935 917 2004 943 tota
2027 911 2092 943 do-

1104 954 1214 988 ctrina
1232 956 1274 987 de
1297 963 1408 989 morte
1434 964 1467 991 et
1489 959 1744 992 resurrectione
1762 960 1823 992 filii
1841 959 1904 993 Dei
1925 960 1960 992 in
1979 962 2093 1005 suspi-

1103 1005 1238 1037 cionem
1252 1005 1416 1040 venisset:
1441 1007 1501 1052 qui
1516 1008 1609 1040 enim
1628 1009 1695 1041 iam
1713 1017 1793 1043 ante
1810 1011 1954 1043 inimico
1972 1011 2090 1043 animo

1103 1055 1140 1087 in
1157 1052 1378 1089 Christianos
1396 1057 1552 1099 fuerant,
1577 1059 1679 1092 facile
1695 1060 1738 1092 ab
1761 1060 1920 1094 instituto
1938 1059 1992 1093 his
2013 1069 2092 1095 tan-

1103 1106 1147 1138 tis
1170 1104 1384 1139 Pontificum
1406 1108 1595 1142 sceleribus
1618 1110 1776 1143 deterriti
1797 1111 1964 1152 fuissent,
2002 1124 2090 1156 quae

1103 1162 1194 1189 certe
1217 1156 1318 1189 abiis
1342 1158 1467 1196 etiam,
1491 1159 1553 1203 qui
1576 1161 1619 1192 de
1636 1158 1777 1194 Christo
1801 1159 1892 1194 nihil
1917 1174 2091 1205 cognove—

1103 1212 1202 1246 rant,
1241 1207 1277 1239 in
1311 1208 1523 1251 turpissimis
1555 1211 1661 1243 rebus
1692 1208 1815 1244 haberi
1849 1224 1985 1245 necesse
2013 1212 2093 1246 fuit.

1104 1255 1210 1298 Quod
1226 1255 1388 1290 Pontifex
1407 1258 1531 1297 etiam,
1569 1260 1630 1304 qni
1658 1262 1763 1295 totins
1778 1260 1954 1296 Ecclesiae
1978 1271 2094 1306 capnt,

1103 1314 1134 1339 et
1157 1304 1290 1340 Christi
1313 1308 1464 1341 vicarius
1488 1320 1560 1342 esse
1585 1311 1677 1350 vult,
1713 1323 1848 1345 summa
1873 1313 1962 1346 vitae
1987 1315 2092 1346 inno-

1103 1357 1215 1389 centia
1234 1368 1351 1389 coram
1368 1359 1502 1391 mundo
1522 1359 1637 1393 lucere
1654 1361 1832 1403 debuerit,
1860 1364 1982 1395 eodem
2007 1364 2091 1407 ipsis

1102 1407 1337 1450 pertinuisset.
1378 1406 1487 1442 Multi
1501 1409 1603 1442 etiam
1621 1408 1800 1454 Epicurei,
1827 1425 1977 1458 qnorum
1995 1412 2092 1447 Deus

1102 1462 1223 1488 venter
1238 1462 1328 1496 erat,
1354 1463 1450 1491 tanta
1468 1459 1559 1493 vitae
1581 1460 1742 1495 libertate
1758 1462 1795 1495 in
1812 1474 1948 1497 summo
1964 1462 2091 1497 Ponti-

1102 1506 1163 1538 fice
1181 1505 1360 1545 delectati,
1387 1508 1490 1541 facile
1512 1520 1547 1542 se
1568 1510 1605 1543 in
1626 1523 1700 1544 earn
1717 1515 2007 1548 consuetudinem
2028 1516 2091 1548 ad-

1101 1555 1298 1597 duxissent,
1328 1563 1367 1590 ut
1391 1558 1491 1591 nullo
1515 1560 1648 1602 officio,
1682 1569 1741 1596 aut
1763 1563 1948 1608 disciplina
1974 1576 2091 1598 assue-

1100 1605 1198 1645 facti,
1241 1604 1409 1650 Epicurei
1441 1610 1620 1653 crapulas,
1661 1612 1833 1646 adulteria
1870 1615 1907 1647 in
1941 1616 2090 1659 peccatis

1099 1653 1373 1701 haudquaquam
1398 1668 1651 1697 numerassent.
1704 1662 1820 1697 Taceo
1844 1665 1954 1703 furta,
1982 1666 2090 1700 latro-

1099 1706 1208 1747 cinia,
1235 1707 1374 1752 aliaque
1399 1708 1586 1744 innumera
1608 1712 1756 1753 seelera,
1791 1726 1879 1759 qnae
1902 1716 2021 1748 eadem
2046 1716 2090 1749 de

1100 1768 1201 1790 causa
1223 1757 1359 1790 nullam
1382 1760 1475 1801 apud
1500 1760 1594 1804 ipsos
1618 1761 1798 1796 infamiam
1823 1762 1985 1799 habitura
2002 1767 2090 1799 suis-

1098 1814 1186 1842 sent.
1239 1806 1281 1840 In
1307 1807 1478 1842 Pontifice
1502 1811 1596 1843 enim
1619 1813 1735 1846 omnis
1761 1814 1927 1848 facinoris
1944 1817 2090 1851 cuilibet

1099 1857 1219 1891 suisset
1235 1859 1452 1902 exemplum,
1478 1867 1512 1894 et
1528 1862 1572 1894 ab
1590 1863 1711 1895 eodem
1735 1865 1894 1898 omnium
1919 1867 2087 1900 scelerum

1100 1907 1202 1951 impii
1239 1905 1401 1942 homines
1443 1912 1672 1954 sumpsissent
1706 1914 1776 1948 sibi
1819 1918 2088 1952 excusationem.

1098 1957 1253 1992 Tantum
1275 1960 1430 2002 profecto
1460 1961 1571 1995 scelus
1596 1970 1671 1997 erat
1698 1964 1769 1997 labi
1794 1964 2018 2007 Pontificem,
2049 1968 2087 2000 in

1097 2020 1166 2052 quo
1182 2009 1351 2053 peccandi
1368 2021 1507 2044 causam
1523 2013 1658 2046 nemini
1675 2020 1748 2048 tum
1767 2027 1838 2049 esse
1856 2018 2023 2061 oportuit.

1199 2107 1350 2143 Illustris
1366 2118 1417 2145 est
1435 2113 1605 2147 memoria
1622 2112 1866 2159 Constantini,
1893 2120 1986 2163 quod
2014 2120 2087 2153 ius-

1095 2159 1178 2192 serit
1193 2159 1307 2193 claudi
1323 2160 1499 2196 idolorum
1518 2165 1658 2208 templa,
1681 2164 1903 2209 prohibuerit
1919 2170 2086 2204 sacrificia

1094 2206 1350 2252 Ethnicorum‚
1384 2212 1524 2246 iusserit
1547 2215 1688 2256 publice
1705 2217 1821 2250 doceri
1838 2217 2085 2263 Evangelium,

1095 2260 1232 2293 dederit
1245 2261 1418 2305 stipendia
1430 2264 1644 2305 doctoribus,
1660 2266 1812 2312 denique
1826 2281 1987 2312 magnam
2004 2283 2084 2315 par-

1095 2317 1164 2343 tem
1193 2311 1320 2344 veteris
1346 2313 1479 2346 formae
1505 2314 1542 2347 in
1571 2315 1717 2359 imperio
1743 2317 1906 2353 Romano
1940 2329 2084 2365 propter

1093 2359 1325 2404 Evangelium
1348 2364 1554 2405 mutaverit,
1581 2378 1659 2399 cum
1683 2369 1806 2401 acerbe
1823 2367 1938 2404 adhuc
1953 2372 2082 2406 odisset

1093 2423 1221 2444 nomen
1247 2409 1379 2446 Christi
1410 2415 1561 2448 maxima
1594 2428 1673 2460 pars
1701 2418 1850 2462 imperii.
1913 2421 2080 2465 Magnam

1092 2468 1269 2506 praeterea
1288 2464 1380 2506 apud
1402 2476 1524 2497 omnes
1540 2477 1676 2511 semper
1696 2465 1821 2504 habuit
1837 2471 1978 2505 virtutis
2002 2473 2079 2516 opi-

1091 2514 1234 2545 nionem
1255 2511 1403 2547 Carolus
1429 2513 1599 2559 Magnus,
1640 2519 1734 2562 qnod
1767 2521 1911 2564 triginta
1943 2523 2079 2556 circiter

1089 2563 1192 2596 annis
1206 2564 1410 2605 gravissimo
1428 2565 1522 2599 bello
1539 2576 1740 2610 persecutus
1755 2570 1799 2604 sit
1815 2571 1981 2614 Saxones,
2006 2571 2076 2605 Da-

1089 2625 1169 2653 uos,
1193 2613 1389 2654 vandalos,
1424 2616 1627 2662 priusquam
1652 2631 1772 2663 cogere
1799 2622 1857 2654 eos'
1881 2624 1923 2655 ad
1947 2633 2075 2667 appro-

1088 2664 1239 2698 bandam
1255 2665 1451 2699 doctrinam
1472 2667 1514 2700 de
1531 2665 1676 2703 Christo
1693 2672 1856 2714 potuerit.
