2338 2958
194 115 267 150 855

195 202 258 235 No.
279 202 362 237 108.
1028 211 1076 232 an.
1090 199 1183 230 1549.

320 310 395 350 De
424 307 588 349 studiis
615 308 809 360 linguae
840 305 1052 348 Graecae.

263 397 292 421 ln
318 395 410 421 select.
429 395 553 421 Declam.
572 395 603 421 T.
621 395 667 422 lV.
692 404 716 429 p.
731 395 807 426 446„
838 394 954 422 Servest.
974 394 1006 422 Τ.
1020 394 1065 421 lV.
1085 404 1109 429 p.
1123 394 1182 421 404.

299 430 388 490 Etgilrl
405 429 547 457 Tormllt.
573 429 682 457 Errord.
708 430 745 455 lit.
772 430 806 461 K,
823 430 848 457 Ξ.
873 435 898 454 et
923 430 994 463 apud
1020 428 1149 456 Richard.
1165 430 1183 455 l.

296 475 323 499 p.
375 474 397 490 1.

220 555 347 588 Oratio
378 553 422 588 de
449 552 588 587 studiis
613 554 766 599 linguae
798 554 966 587 Graecae
992 564 1014 586 α
1053 554 1157 587 Vito

482 603 755 638 Winshemio
782 604 900 638 dicta.

196 685 309 723 Recte
332 695 365 722 et
387 689 512 722 ordine
537 688 610 721 fieri
628 688 763 727 iudico,
792 694 828 720 ut
849 685 915 720 hoc
934 687 969 719 in
988 687 1064 720 loco
1081 693 1185 731 atque

195 741 232 773 in
256 737 310 772 his
334 740 596 783 congressibus,
624 740 666 771 de
691 738 733 770 iis
757 738 840 781 ipsis
859 738 982 771 studiis
1000 744 1032 770 et
1051 738 1185 770 artibus

195 791 350 831 dicatur,
379 791 414 822 in
439 791 566 835 quibus
592 801 789 821 versamur:
819 789 925 833 idque
944 786 1011 821 hoc
1028 796 1184 832 tempore

195 841 304 884 magis
335 841 438 875 etiam
472 840 704 873 necessarium
736 851 808 873 esse
826 840 991 874 affletur.
1064 838 1183 881 Quum

195 893 288 925 enim
316 892 429 925 studia
456 891 637 924 doctrinae
663 903 731 924 una
760 903 838 923 cum
861 890 945 933 ipsis
967 887 1113 930 scholis,
1148 889 1184 921 in

195 942 258 976 hac
277 949 473 987 temporum
495 942 757 986 perturbatione
776 941 903 974 afflicta
920 941 1051 980 iacent,
1078 948 1110 974 et
1121 940 1185 974 Sa-

196 1004 292 1028 tanas
310 991 475 1026 Ecclesiis
500 993 630 1037 pariter
654 1004 692 1025 ac
715 990 844 1025 scholis
871 991 1100 1026 vastationem
1119 991 1185 1023 mi-

196 1052 311 1078 netur.
365 1043 550 1077 Constanti
581 1050 614 1076 et
641 1043 759 1075 animo
791 1044 891 1076 firmo
917 1043 1092 1086 praeditos
1114 1054 1186 1075 esse

195 1101 354 1140 oportet,
382 1106 470 1139 qnos
495 1095 531 1126 in
553 1091 617 1126 hac
633 1094 782 1126 statione
800 1092 896 1126 Dens
913 1093 1115 1133 collocavit,
1143 1105 1186 1125 ne

196 1158 230 1179 se
252 1143 308 1178 his
333 1152 577 1189 tempestatum
601 1144 708 1177 minis
730 1156 748 1177 a
767 1156 870 1177 cursu
888 1144 1086 1176 studiorum
1104 1156 1186 1177 suo-

196 1209 275 1230 rum
292 1195 460 1229 deterreri
479 1202 538 1228 ant
556 1195 681 1227 abduci
703 1195 893 1237 patiantur.

297 1253 345 1288 Ut
376 1254 470 1287 enim
501 1254 602 1286 fidem
629 1252 823 1286 amicorum
847 1253 998 1297 probare
1024 1253 1187 1288 solemus,

196 1318 283 1352 quos
308 1306 346 1338 in
368 1306 473 1338 rebus
488 1304 607 1338 dubiis
624 1311 729 1349 atque
750 1304 905 1336 adversis
924 1304 959 1336 in
977 1304 1092 1337 officio
1109 1316 1188 1348 per-

195 1357 362 1390 mansisse
397 1355 642 1399 cognovimus:
681 1354 760 1387 illos
790 1367 873 1387 vero
897 1355 1023 1387 merito
1048 1355 1186 1399 vitupe-

195 1420 332 1447 ramus,
361 1408 420 1452 qui
447 1419 525 1439 cnm
551 1407 693 1439 fortuna
717 1411 855 1439 mutant
878 1406 1030 1438 animos:
1061 1405 1107 1439 ita
1127 1418 1188 1450 pa-

195 1471 273 1492 rum
296 1458 393 1501 digni
413 1456 449 1490 hi
469 1456 652 1490 Musarum
671 1457 776 1489 sacris
794 1464 897 1502 atque
914 1457 1096 1490 doctrinae
1114 1463 1186 1490 stn-

195 1510 262 1543 diis
279 1510 462 1549 videntur,
490 1508 570 1553 qui,
593 1520 672 1541 cum
691 1509 834 1541 adversa
854 1508 995 1541 fortuna
1014 1508 1189 1549 imminet,

197 1573 269 1595 non
289 1561 433 1594 eandem
452 1560 621 1604 praebent
637 1558 745 1591 animi
765 1559 1008 1592 constantiam.

300 1618 373 1651 Imo
400 1630 482 1651 vero
507 1618 653 1650 eandem
682 1617 740 1649 illa
768 1624 964 1660 temporum
993 1616 1190 1656 difficultas,

198 1681 266 1715 qua
297 1669 391 1711 vulgi
416 1668 552 1701 animos
576 1668 737 1709 frangere
760 1679 798 1700 ac
824 1668 1064 1710 languesacere
1090 1667 1188 1705 solet,

198 1732 262 1754 nos
286 1719 490 1753 extimulare
513 1719 635 1756 debet,
669 1725 706 1751 ut
732 1718 841 1761 magis
867 1718 1091 1761 pertinaciter
1114 1730 1188 1750 ma-

198 1772 318 1816 gisque
341 1770 466 1814 cupide
489 1781 567 1802 cum
595 1769 732 1813 pietatis
757 1768 976 1807 doctrinam,
1011 1776 1083 1802 tum
1107 1780 1188 1800 vero

198 1822 313 1855 studia
337 1827 455 1853 nostra
480 1831 637 1853 amemus
659 1826 762 1864 atque
783 1819 1047 1863 amplectamur.
1100 1818 1188 1851 Nam

198 1880 333 1916 storgae
359 1870 521 1917 physicae
546 1882 624 1914 erga
651 1883 730 1910 eos,
758 1870 817 1915 qni
846 1870 947 1902 uobis
973 1868 1068 1903 chari
1097 1877 1190 1907 suut,

199 1937 277 1957 cum
304 1935 357 1956 res
376 1929 457 1955 sunt
483 1923 664 1961 adversae,
692 1929 774 1954 tnnc
801 1921 908 1963 magis
929 1921 1058 1955 irritari
1076 1921 1188 1953 solent

199 1982 302 2020 atque
317 1973 471 2007 accendi.
527 1972 639 2005 Verus
657 1972 750 2005 enim
769 1984 867 2004 amor
882 1983 1019 2015 semper
1035 1980 1191 2015 tempore.

200 2025 291 2060 tristi
315 2025 477 2057 elucescit
502 2023 621 2065 magis.
676 2023 776 2065 Quos
796 2034 878 2055 vero
897 2023 1012 2055 statim
1030 2023 1191 2056 fortunae

201 2077 367 2122 iniquitas
383 2081 509 2111 mutat,
538 2071 591 2114 hi,
615 2080 653 2107 ut
673 2072 863 2117 Euripides
878 2073 943 2106 ait:

454 2121 533 2164 λόγῳ
558 2118 636 2161 ἦσαν
660 2121 715 2153 οὐκ
738 2121 815 2164 ἔργῳ
839 2123 931 2163 φίλοι.

302 2176 349 2211 [st
382 2177 487 2220 igitur
517 2183 678 2219 appareat
706 2187 769 2208 nos
797 2187 876 2208 vere
899 2188 937 2207 ac
963 2176 1052 2207 serio
1074 2187 1191 2208 amare

200 2229 396 2262 doctrinam
424 2227 581 2271 pietatis,
609 2234 711 2271 atque,
733 2226 848 2260 studia
872 2233 1009 2263 nostra,
1039 2227 1105 2258 iam
1127 2239 1191 2259 nos

201 2280 234 2313 id
261 2280 436 2313 declarare
459 2285 607 2322 oportet.
666 2277 787 2322 Neque
810 2289 892 2310 vero
917 2278 950 2309 id
975 2278 1052 2310 sine
1076 2278 1190 2310 fructu

201 2331 380 2364 faciemus:
411 2342 492 2362 nam
518 2329 638 2362 literae
660 2336 691 2362 ct
710 2328 869 2361 doctrina
889 2335 926 2361 ut
944 2329 1048 2361 rebus
1066 2340 1190 2361 secun-

200 2382 255 2414 dis
273 2387 478 2413 ornamento
497 2387 575 2413 sunt
588 2404 596 2416 .
626 2380 670 2413 ita
688 2380 842 2413 adversis
860 2380 1058 2423 perfugium
1077 2391 1114 2412 ac
1132 2392 1190 2411 so-

202 2433 321 2465 latium
348 2432 525 2475 praebent.
579 2430 741 2476 Cumque
758 2431 877 2463 omnia
896 2430 988 2463 vitae
1005 2431 1190 2475 praesidia,

202 2495 278 2527 spes
310 2494 449 2519 omnes,
483 2482 678 2515 destituunt
714 2479 891 2514 homines:
929 2488 1012 2514 tunc
1042 2482 1190 2526 pietatis,

201 2533 358 2575 virtutis,
392 2533 572 2565 doctrinae
597 2533 713 2566 studio
738 2545 810 2565 non
833 2532 996 2569 destitui,
1030 2534 1087 2565 sed
1115 2539 1187 2566 tum

201 2585 351 2629 primurn
387 2584 484 2616 fulcit
519 2591 621 2627 atque
653 2591 842 2623 sustentat,
877 2596 914 2616 ac
947 2596 989 2616 ne
1018 2584 1051 2616 in
1078 2591 1190 2617 morte

200 2636 342 2681 quidem
368 2635 509 2668 deserit.
562 2633 638 2667 lloc
666 2635 758 2667 enim
785 2636 906 2671 decus.
935 2642 973 2669 ut
999 2633 1188 2680 Euripides

198 2688 244 2720 ait
258 2715 264 2727 ,
293 2687 327 2719 iu
345 2686 468 2719 mediis
483 2686 658 2718 aerumnis
678 2686 805 2718 clarius
822 2686 922 2719 lucet.

614 111 772 147 DECL.
808 111 881 146 DE
917 109 1160 146 STUDHS
1193 110 1459 146 LlNGUAE
1495 111 1796 148 GRAECAE.

2145 114 2219 151 856

1336 197 1374 232 Si
1399 210 1480 231 vero
1503 198 1617 231 ullum
1633 210 1792 243 unquam
1808 206 1944 244 tempus
1962 200 2047 240 fuit,
2075 212 2144 245 qno
2158 201 2222 232 ad-

1235 248 1369 293 paruit,
1403 261 1509 294 quam
1541 247 1632 281 nihil
1662 249 1755 282 firmi
1786 250 1830 282 sit
1860 250 1897 282 in
1920 251 2026 283 rebus
2047 248 2223 291 humanis,

1234 296 1327 332 nihil
1351 299 1492 333 stabile:
1520 297 1622 340 haec,
1648 300 1795 344 opinor,
1821 307 1976 342 tempora
2001 313 2065 334 nos
2085 301 2118 333 id
2140 300 2223 334 satis

1235 350 1418 384 manifeste
1440 351 1649 384 docuerunt.
1702 348 1758 383 Ad
1776 348 1871 383 hunc
1888 350 1994 393 igitur
2012 359 2151 395 portum
2167 362 2224 384 sa—

1236 401 1319 434 lutis
1347 401 1541 444 dirigamus
1565 401 1702 434 animos
1725 408 1828 446 atque
1851 401 1971 434 oculos
1996 409 2151 441 nostros,
2185 409 2224 435 nt

1237 463 1357 484 sanam
1382 463 1575 496 puramque
1598 452 1794 484 doctrinam
1817 463 1919 484 verae
1941 451 2096 495 pietatis,
2131 464 2224 485 {nunc

1237 503 1346 546 tnagis
1377 515 1481 547 quam
1510 514 1668 547 unquam
1699 509 1820 543 antea,
1854 514 1892 535 ac
1916 502 2128 546 pertinacius
2151 515 2226 535 am-

1238 554 1446 597 plectamur:
1476 559 1508 587 et
1523 553 1648 586 studiis
1660 553 1806 593 nostris,
1832 565 1920 598 quae
1935 553 1975 585 ad
1991 553 2138 595 gloriam
2148 553 2227 594 Det,

1238 605 1281 637 ad
1308 604 1464 638 eiusdem
1489 603 1669 637 doctrinae
1693 615 1809 636 sacrae
1833 604 2119 647 propagationem
2149 615 2228 646 per-

1238 655 1369 695 tinent,
1402 667 1538 688 summa
1570 666 1652 687 cura
1686 666 1724 687 ac
1757 654 1940 697 diligentia
1972 654 2228 694 incumbamus,

1239 713 1342 750 atque
1365 706 1402 738 in
1428 703 1483 738 his
1502 713 1701 749 temporum
1719 705 1882 748 procellis
1899 705 2068 737 auxilinm
2087 713 2119 738 et
2138 705 2227 737 libe-

1239 757 1411 789 rationem
1436 757 1480 789 ab
1504 762 1646 789 aeterno
1664 767 1702 788 ac
1721 755 1990 789 clementissimo
2008 754 2103 794 Deo,
2130 762 2230 799 patre

1239 807 1386 841 Domini
1419 806 1532 840 nostri
1558 806 1635 840 lesu
1657 804 1810 846 Christi,
1844 814 1876 840 et
1910 813 2068 850 petamus
2097 813 2130 839 et
2167 818 2226 839 ex-

1240 865 1424 903 pectemus.
1480 856 1586 900 Quod
1609 857 1638 890 si
1662 857 1863 897 fecerimus,
1897 869 1969 890 non
1997 857 2142 889 dubium
2168 864 2230 895 est,

1239 909 1326 954 quin
1343 907 1439 942 Dens
1461 919 1593 952 poenas
1615 907 1838 950 mitigaturus
1856 907 1921 945 sit,
1949 908 2122 952 nobisque
2141 906 2228 940 Hal—

1240 959 1385 1005 cyonia,
1426 956 1493 992 hoc
1521 965 1591 996 est,
1631 958 1944 1003 tranquillitatem,
1986 965 2163 1002 receptum
2197 964 2231 991 et

1240 1008 1392 1054 hospitia
1424 1009 1636 1053 largiturus,
1685 1015 1767 1042 utut
1795 1008 1888 1042 inter
1918 1020 1953 1042 se
1983 1020 2088 1052 regna
2124 1007 2230 1042 huius

1240 1061 1365 1095 mundi
1380 1060 1481 1094 bellis
1498 1072 1537 1093 ac
1553 1060 1764 1093 tumultibus
1779 1059 2005 1095 collidentur.

1340 1110 1432 1145 Cum
1456 1111 1563 1154 igitur
1589 1110 1781 1154 praesentis
1804 1110 1971 1154 temporis
1995 1117 2098 1156 atque
2125 1109 2232 1144 officii

1241 1162 1330 1196 ratio
1361 1159 1451 1195 mihi
1480 1159 1546 1194 hoc
1570 1172 1700 1194 munus
1725 1160 1903 1204 imponat,
1936 1168 1975 1195 ut
1999 1161 2035 1193 in
2060 1158 2124 1194 hoc
2148 1172 2233 1193 con-

1240 1224 1335 1246 sessu
1360 1212 1503 1245 brevem
1522 1211 1717 1245 orationem
1734 1208 1902 1252 habeam,
1928 1223 2000 1245 non
2015 1212 2110 1245 aliud
2128 1222 2233 1254 argu-

1241 1269 1401 1296 mentum
1425 1262 1578 1305 deligere
1602 1261 1717 1300 volui,
1745 1273 1851 1306 quam
1869 1269 1908 1295 ut
1925 1263 1968 1295 ad
1989 1261 2144 1296 Graecae
2162 1262 2233 1295 lin-

1241 1326 1328 1358 guae
1367 1320 1400 1347 et
1439 1313 1660 1353 literaturae,
1701 1323 1807 1358 quam
1840 1313 2023 1357 profiteor,
2065 1312 2234 1352 studium,

1241 1365 1478 1399 adolescentes
1495 1361 1715 1397 adhortarer.
1768 1361 1844 1397 Etsi
1863 1364 1898 1396 id
1917 1363 2034 1397 minus
2051 1364 2234 1397 commode

1241 1428 1259 1449 a
1284 1428 1339 1449 me
1364 1415 1439 1449 fieri
1461 1426 1560 1459 posse
1584 1414 1756 1457 intelligo.
1813 1413 2035 1459 Impossibile
2056 1414 2150 1447 enim
2171 1421 2233 1453 est,

1242 1474 1281 1501 ut
1302 1467 1345 1499 de
1365 1466 1504 1509 linguae
1520 1465 1744 1499 dulcissimae
1761 1471 1865 1510 atque
1883 1465 2140 1499 eruditissimae
2158 1465 2232 1498 lau-

1242 1518 1345 1551 dibus
1368 1529 1430 1561 pro
1455 1517 1625 1559 dignitate
1646 1516 1800 1555 dicatur,
1834 1516 1902 1549 nisi
1928 1516 1972 1549 ab
1995 1513 2139 1549 homine
2163 1515 2236 1549 elo-

1242 1568 1384 1614 quenti,
1424 1574 1528 1612 atque
1568 1565 1663 1600 haud
1701 1567 1892 1610 vulgariter
1921 1567 2041 1607 docto,
2082 1578 2234 1612 qnorum

1243 1625 1406 1652 neutrum
1423 1616 1513 1650 mihi
1528 1629 1664 1660 arrogo.
1719 1617 1789 1651 Sed
1805 1629 1906 1661 spero
1922 1624 2038 1651 tamen
2053 1629 2116 1651 vos
2131 1617 2234 1651 etiam

1242 1667 1327 1702 haec
1344 1669 1603 1714 qualiacunque
1621 1668 1705 1701 boni
1723 1668 1946 1701 consulturos
1961 1680 2048 1701 esse:
2078 1680 2236 1711 praeser-

1243 1720 1306 1753 tim
1335 1732 1413 1753 cum
1449 1731 1504 1752 me
1535 1731 1606 1751 non
1639 1719 1852 1758 ambitione,
1885 1720 1942 1751 sed
1970 1718 2074 1752 officii
2100 1719 2235 1752 ratione

1242 1777 1377 1804 motum
1389 1795 1398 1808 ,
1426 1768 1488 1802 has
1504 1769 1645 1802 dicendi
1664 1776 1778 1812 partes
1793 1769 1983 1813 suscepisse
1999 1769 2126 1802 sciatis.

1347 1819 1398 1854 Ac
1421 1820 1575 1864 primum
1599 1819 1761 1865 quidem,
1788 1820 1850 1853 etsi
1869 1832 1941 1852 uon
1960 1819 2051 1853 idem
2071 1820 2237 1855 omnibns

1244 1871 1280 1904 in
1307 1871 1474 1904 discendo
1502 1870 1720 1915 propositum
1743 1877 1811 1908 est,
1839 1877 1871 1904 et
1895 1870 1955 1903 alii
1979 1871 2020 1903 ad
2048 1871 2144 1903 aliud
2171 1872 2236 1904 do-

1244 1922 1378 1956 ctrinae
1409 1933 1518 1965 genus
1552 1921 1658 1954 variis
1692 1921 1803 1954 causis
1834 1921 2047 1955 invitantur:
2083 1929 2234 1955 attamen

1244 1973 1304 2018 qui
1333 1971 1398 2006 hoc
1420 1979 1595 2017 spectant,
1623 1979 1660 2005 ut
1680 1984 1797 2005 veram
1817 1984 1855 2005 ac
1871 1972 2020 2005 solidam
2037 1973 2235 2005 doctrinam

1245 2031 1524 2069 consequantur,
1559 2020 1595 2055 hi
1623 2023 1690 2055 sibi
1717 2021 1873 2056 Graecae
1898 2023 2037 2065 linguae
2063 2023 2237 2066 cognitio-

1246 2087 1324 2107 nem
1349 2075 1497 2107 omnino
1523 2074 1750 2107 necessariam
1775 2085 1847 2107 esse
1867 2074 2058 2117 putabunt:
2087 2086 2154 2119 qua
2175 2074 2235 2119 qui

1244 2126 1497 2165 destituuntur,
1523 2126 1565 2158 ad
1583 2125 1819 2170 quodcunque
1835 2125 2015 2157 doctrinae
2032 2136 2142 2167 genus
2158 2125 2237 2158 ani-

1245 2189 1340 2209 mum
1358 2176 1631 2221 adplicaverint,
1658 2175 1791 2217 ingenti
1810 2175 2026 2208 adminiculo
2043 2187 2078 2208 se
2094 2176 2237 2210 destitui

1244 2227 1407 2262 sentient.
1461 2227 1568 2270 Quod
1587 2239 1659 2259 non
1679 2225 1821 2259 difficile
1840 2233 1889 2259 est
1908 2227 2101 2261 ostendere.

1347 2278 1436 2311 Nam
1463 2278 1615 2322 primum
1639 2283 1676 2310 nt
1700 2278 1743 2309 de
1761 2277 1921 2311 doctrina
1939 2289 2039 2310 verae
2056 2277 2238 2320 religionis

1244 2342 1281 2362 ac
1307 2329 1444 2374 pietatis
1466 2341 1628 2370 agamus,
1655 2327 1802 2361 tradidit
1826 2328 1929 2361 nobis
1946 2328 2237 2362 clementissimus

1244 2388 1275 2414 ct
1308 2380 1463 2425 optimus
1487 2379 1600 2418 Dens,
1643 2386 1740 2423 pater
1766 2379 1913 2412 Domini
1942 2391 1980 2412 ac
2005 2377 2236 2423 redemptoris

1245 2432 1354 2465 nostri
1375 2430 1451 2465 lesu
1468 2428 1619 2468 Christi,
1650 2431 1859 2463 immensum
1879 2427 2083 2464 thesaurum
2102 2429 2234 2463 doctri-

1244 2495 1308 2515 nae
1325 2494 1451 2515 sacrae.

1347 2533 1427 2576 Qua
1452 2543 1516 2565 nos
1537 2533 1580 2565 de
1597 2539 1738 2566 aeterna
1756 2531 1903 2566 essentia
1922 2543 2002 2571 sua,
2029 2530 2072 2563 de
2087 2530 2236 2573 origine,

1242 2585 1437 2623 creatione,
1473 2583 1727 2627 gubernatione
1757 2595 1794 2616 ac
1824 2580 2091 2616 conservatione
2116 2593 2234 2615 rerum

1242 2636 1401 2668 omnium
1415 2663 1422 2673 ,
1450 2636 1493 2668 ‹le
1518 2635 1698 2668 voluntate
1722 2635 1874 2678 denique
1890 2645 1950 2665 sua
1968 2644 2047 2673 erga
2068 2645 2132 2666 nos
2149 2633 2235 2665 edo-

1243 2694 1312 2723 cet,
1346 2686 1496 2720 ostendit
1524 2686 1625 2719 nohis
1647 2685 1819 2728 originem
1846 2685 1974 2728 peccati
2002 2691 2108 2729 atque
2134 2683 2233 2717 infir-
