2338 2958
189 139 262 176 779
663 125 822 164 DECL.
862 120 940 160 DE
971 118 1172 158 DlCTO:
1216 121 1303 160 SIS
1338 118 1644 158 INTENTUS
1672 131 1757 160 Ere.
2147 121 2222 159 780

187 226 241 263 Ex
268 224 418 260 lectione
443 223 600 254 sumatur
631 212 791 248 doctrina
815 210 955 245 redacta
977 208 1015 242 in
1040 219 1181 253 corpus,

190 287 224 314 et
250 273 457 313 testimonia,
480 270 517 303 in
548 265 648 300 libris
681 268 941 302 monstrentur3
976 260 1184 293 ostendatur

189 329 276 373 legis
300 333 333 360 et
347 319 531 364 Evangelii
553 316 762 356 discrimen,
791 320 825 347 et
846 312 972 347 ordine
997 311 1184 344 tradantur

192 377 329 414 articuli
347 373 447 413 fidei,
473 377 506 404 et
522 367 657 402 erudite
674 366 914 402 illustrentur,
941 374 978 395 ac
994 362 1186 405 prudenter

193 432 306 464 fontes
326 434 447 459 eorum
464 420 751 456 considerentur,
780 416 817 448 in
843 415 971 460 quibus
992 413 1079 446 locis
1103 424 1187 457 pro-

194 478 415 526 pheticorum
433 479 465 507 et
484 469 757 516 apostolicorum
778 466 952 500 librorum
967 464 1098 507 singuli
1117 470 1189 498 tra-

194 532 334 564 dantur.

298 578 526 613 Discernatur
541 570 702 606 doctrina
721 569 763 603 de
782 566 856 602 Deo
871 594 880 609 ,
906 566 1050 611 propria
1068 562 1192 598 Eccle-

199 633 269 666 siae
305 629 348 662 al)
381 624 531 661 ethnicis
565 629 599 656 et
633 621 711 655 aliis
743 618 982 663 opinionibus.
1044 615 1192 648 Necesse

200 690 251 716 est
267 679 360 713 enim
377 676 505 711 sentire
526 675 568 707 de
588 673 682 711 Deo,
712 670 801 703 sicut
823 681 858 702 se
883 666 1063 712 patefecit,
1091 676 1192 697 mon-

200 731 318 767 stratis
348 729 461 763 tribus
490 723 666 771 personis,
701 727 843 754 aeterno
869 718 992 756 Patre,
1020 716 1133 756 Filio,
1161 721 1194 772 et

203 782 340 828 Spiritu
357 786 488 813 sancto.
552 773 759 817 Exponatur
777 770 977 804 mirandum
994 768 1059 802 Dei
1079 778 1194 800 consi-

202 835 289 867 lium
302 859 311 873 ,
338 830 431 875 quod
453 839 531 862 cum
550 825 593 859 sit
612 825 744 863 iustus,
778 828 812 855 et
828 819 1049 854 horribiliter
1068 818 1196 850 irasca—

203 893 260 919 tur
282 888 439 927 peccato,
469 879 515 911 ita
540 877 682 909 demum
710 872 840 917 placari
860 870 1085 904 iustissimam
1109 868 1196 900 iram

203 933 374 970 voluerit,
403 929 482 976 quia
507 927 600 961 filius
623 925 733 958 sactus
757 930 806 957 est
829 922 976 966 supplex
1000 932 1064 964 pro
1082 918 1196 956 nobis,

205 993 238 1019 et
261 986 296 1017 in
327 993 398 1015 sese
421 981 509 1013 iram
535 975 726 1015 derivavit,
762 981 795 1007 et
812 986 875 1018 pro
897 972 1001 1005 nobis
1019 970 1197 1015 piaculum

206 1046 239 1071 et
255 1034 394 1068 victima
418 1032 530 1064 factus
551 1035 612 1062 est.
665 1025 872 1059 Doctrinam
895 1024 999 1057 etiam
1018 1029 1200 1056 teneamus

207 1089 250 1122 de
273 1084 410 1118 duabus
435 1082 472 1114 in
497 1080 569 1112 filio
595 1077 749 1116 naturis,
785 1076 880 1109 iuxta
903 1074 1010 1107 illud:
1049 1071 1095 1105 Et
1120 1082 1200 1103 ver-

208 1140 294 1172 bum
312 1147 390 1168 caro
410 1133 539 1165 sactum
559 1136 618 1162 est.
659 1127 795 1161 Deinde
814 1126 1054 1158 discernamus
1069 1121 1202 1155 doctri-

209 1200 291 1222 nam
318 1187 360 1219 de
384 1181 590 1217 remissione
615 1184 834 1223 peccatorum
857 1176 1030 1219 gratuita,
1063 1174 1108 1206 ab
1125 1172 1202 1216 opi-

209 1238 378 1273 nionibus
403 1231 552 1267 ethnicis
576 1237 609 1263 et
627 1226 851 1273 pharisaicis,
878 1237 967 1270 quae
984 1224 1122 1266 fingunt
1138 1234 1202 1266 pro

210 1288 339 1323 nostris
373 1283 508 1318 delictis
538 1280 694 1326 precium
724 1284 757 1311 et
788 1274 1110 1320 compensationem
1142 1284 1204 1306 seu

211 1337 327 1382 λύτρα
364 1347 435 1369 esse
462 1340 580 1367 nostra
613 1329 812 1369 benefacta,
846 1328 1088 1361 discernamus
1122 1323 1204 1357 fidei

213 1390 382 1426 iustitiam
400 1399 417 1419 a
439 1382 644 1428 disciplina,
669 1381 844 1413 discamus
868 1378 926 1423 qni
947 1377 1018 1410 sint
1037 1375 1111 1408 veri
1130 1375 1205 1409 cul-

213 1450 268 1477 tus
281 1468 288 1480 ,
317 1440 558 1473 discernamus
574 1431 835 1466 invocationem
854 1429 920 1463 Dei
941 1427 1119 1472 propriam
1135 1425 1207 1460 Ec-

214 1492 337 1527 clesiae
362 1489 405 1522 ab
429 1484 587 1524 ethnica,
614 1483 789 1516 discamus
807 1480 892 1525 quid
911 1480 955 1513 sit
970 1477 1147 1518 Ecclesia,
1175 1483 1207 1510 et

213 1543 298 1589 quid
323 1541 365 1574 ab
389 1537 545 1583 imperiis
570 1535 719 1568 diflerat.
787 1530 883 1564 Haec
907 1530 1025 1564 omnia
1052 1528 1089 1561 in
1114 1540 1208 1574 sym-

214 1595 297 1629 bolo
322 1593 359 1625 in
388 1587 619 1633 explicatione
644 1583 888 1618 Articulorum
911 1581 990 1615 fidei
1008 1580 1133 1614 ordine
1150 1591 1209 1612 ex-

214 1645 377 1691 ponenda
397 1646 488 1674 sunt.
813 1683 820 1690 .
884 1682 892 1689 .
930 1682 937 1689 ⁸

318 1692 396 1727 Non
415 1697 484 1729 est,
510 1693 549 1720 ut
567 1685 669 1719 mnlti
690 1685 821 1717 indocti
841 1688 1058 1722 existimant,
1084 1678 1209 1714 Eccle-

215 1748 286 1781 siae
309 1741 497 1787 sapientia‚
526 1736 770 1775 barbaricum,
797 1733 1036 1772 ineruditum,
1057 1738 1089 1765 et
1111 1743 1210 1774 agre-

217 1808 266 1832 ste
295 1793 474 1829 doctrinae
505 1799 632 1832 genus,
666 1793 704 1819 ut
731 1787 873 1819 suerunt
898 1784 989 1826 leges
1016 1782 1209 1815 multarum

219 1847 387 1891 gentium.
446 1841 517 1875 Nec
539 1845 590 1872 est
614 1843 750 1871 tantum
772 1832 1001 1878 Philosophia
1026 1834 1070 1866 de
1101 1832 1211 1865 mori-

218 1901 301 1938 bus,
329 1903 365 1929 ut
383 1892 483 1927 multi
503 1895 644 1934 putant,
668 1894 699 1921 et
718 1894 755 1921 ut
774 1897 838 1919 nos
856 1884 1082 1919 meminimus
1097 1895 1211 1929 quen-

220 1953 299 1984 dam
318 1943 533 1986 'lheologiae
560 1942 738 1973 doctorem
765 1937 899 1970 dicere:
931 1934 1049 1969 Etiam
1076 1934 1212 1968 amissis

220 2000 319 2034 libris
346 1992 560 2040 propheticis
584 1997 615 2023 et
643 1988 862 2033 apostolicis,
895 1993 1030 2021 tantum
1049 1985 1085 2018 in
1105 1983 1212 2018 Ethi-

221 2053 269 2086 cis
289 2045 488 2083 Aristotelis
513 2041 703 2086 sapientiae
728 2050 817 2080 esse,
851 2045 890 2072 ut
907 2049 946 2070 ex
967 2049 1006 2069 eo
1030 2037 1120 2070 libro
1136 2036 1211 2069 solo

221 2102 302 2136 satis
334 2097 448 2131 doceri
474 2092 629 2128 Ecclesia
656 2090 774 2135 possit.
837 2087 887 2122 Ac
915 2099 1050 2132 possem
1081 2086 1213 2120 similes

223 2163 358 2187 errores
378 2147 569 2181 multorum
596 2142 759 2181 recitare,
786 2151 938 2185 quorum
957 2149 1213 2171 commemora-

224 2205 273 2237 ῃ.)
293 2215 331 2233 00
346 2199 502 2244 prodest,
530 2194 611 2240 quia
630 2200 661 2225 et
681 2198 801 2225 monet
818 2197 855 2224 ut
872 2190 1064 2234 prudenter
1081 2189 1214 2222 discer-

224 2264 349 2288 namus
375 2260 498 2291 genera
532 2244 791 2279 doctrinarum,
828 2248 860 2275 et
888 2239 1049 2274 hortatur
1079 2251 1146 2273 nos
1170 2239 1213 2272 ad

223 2303 446 2339 discendum.
482 2310 525 2330 ne
550 2306 668 2329 rursus
693 2294 750 2326 lux
774 2290 957 2334 Evangelii
980 2291 1214 2334 extinguatur,

224 2365 255 2389 rt
276 2367 363 2387 nox-a
383 2350 529 2389 caligine
548 2347 674 2379 xrritas
695 2344 906 2376 involvatur.
952 2342 1103 2387 Ideoque
1123 2340 1214 2374 l‘an-

226 2410 279 2441 lus
308 2401 523 2442 diligt-utiam
551 2406 579 2430 et
606 2396 834 2429 attentionem
861 2406 932 2427 non
963 2393 1075 2426 solum
1104 2393 1138 2425 in
1166 2392 1215 2425 le-

226 2458 338 2500 gando
358 2452 526 2497 postolat.
556 2449 612 2481 sed
632 2447 735 2479 etiam
759 2446 794 2478 in
814 2445 989 2478 docendo.
1044 2443 1214 2487 Magnum

1233 207 1391 242 docentis
1411 218 1538 241 norma
1560 207 1677 244 lectio.
1729 205 1820 240 Nam
1840 219 1880 242 ex
1895 207 1966 242 illis
1987 207 2163 248 sontibus,
2190 208 2226 242 id

1234 266 1304 301 est,
1331 270 1371 292 ex
1396 258 1498 292 libris
1523 256 1740 304 propheticis
1765 264 1800 292 et
1826 259 2027 303 apostolicis
2056 260 2228 294 sumenda

1235 316 1286 344 est
1301 309 1500 353 explicatio.

1339 359 1385 394 Et
1401 357 1485 393 haec
1497 358 1678 402 diligentia
1695 365 1788 392 recte
1804 359 1976 401 docendi,
2001 360 2154 405 primum
2167 371 2230 393 ne·
2267 362 2271 369 ’

1239 411 1386 445 cessaria
1409 417 1460 444 est
1488 411 1529 443 ad
1551 421 1668 443 veram
1692 409 1907 454 agnitionem
1932 408 1997 444 Dei
2026 418 2058 445 et
2079 411 2122 445 ad
2153 411 2232 444 ani·
2265 411 2286 425 ⁴·

1240 473 1377 496 marum
1394 461 1561 495 salutem:
1589 461 1716 494 deinde
1741 467 1774 494 et
1802 461 1844 494 ad
1864 461 2087 495 concordiam
2113 461 2235 507 publi-

1242 525 1316 547 cam
1334 513 1552 546 retinendam
1569 511 1668 545 utilis
1684 517 1746 545 est.
1797 510 2000 557 Plerunque
2017 512 2111 545 enim
2128 512 2235 547 dissi·
2280 511 2297 541 ‘L'

1245 615 1437 659 impropria
1453 619 1639 658 spargunt,
1666 625 1754 658 quae
1770 613 1956 647 dissimiles
1970 613 2174 657 opiniones,
2201 620 2236 648 et

1246 728 1323 750 rum
1343 716 1501 759 gignunt.
1554 714 1609 749 Sit
1636 715 1742 758 igitur
1767 715 1880 749 oratio
1907 715 2065 749 docentis
2083 715 2237 759 propria,
2280 707 2285 711 ’

1247 767 1410 801 distincta
1447 773 1479 800 et
1515 765 1717 810 perspicua,
1769 773 1802 799 et
1837 766 1881 800 sit
1918 777 1988 799 una
2017 766 2239 800 consentiens

1248 829 1314 851 vox
1337 815 1531 858 Ecclesiae,
1565 828 1688 851 verum
1709 815 1824 850 Deum
1840 823 1932 851 recte
1956 822 1990 851 et
2004 817 2167 851 ardenter
2185 816 2242 850 in-

1250 880 1390 903 vocans.

1351 918 1455 952 Nunc
1478 919 1520 952 de
1542 917 1645 952 tertio
1669 918 1829 951 membro
1855 918 1989 960 dicam,
2017 918 2183 953 videlicet
2199 918 2243 952 de

1251 969 1504 1005 consolatione.
1555 967 1637 1001 Non
1662 969 1745 1003 satis
1767 975 1817 1002 est
1843 969 1955 1013 legere
1981 970 2091 1004 libros
2114 980 2243 1008 sacros,

1252 1034 1316 1055 nec
1339 1021 1420 1054 satis
1455 1027 1505 1054 est
1534 1019 1730 1053 doctrinam
1757 1031 1876 1061 nosse,
1912 1027 1952 1054 ut
1977 1027 2110 1055 norunt
2139 1019 2244 1054 multi
2290 1049 2294 1055 .

1254 1173 1468 1213 consolatio,
1499 1184 1544 1205 ne
1564 1172 1722 1216 oppressi
1747 1179 1887 1216 peccato
1911 1179 1944 1206 et
1965 1181 2097 1213 morte,
2124 1184 2246 1218 perea-

1254 1236 1345 1260 mus.
1385 1222 1466 1256 Non
1483 1222 1664 1256 delectaris
1673 1221 1769 1256 Deus
1785 1223 1984 1267 perditione
1998 1230 2136 1265 nostra,
2161 1223 2247 1257 scri-

1256 1282 1355 1321 ptum
1381 1281 1451 1315 est,
1493 1280 1528 1307 et
1551 1271 1648 1306 Deus
1669 1273 1743 1317 ipse
1766 1273 1900 1318 inquit:
1943 1274 2032 1307 Vivo
2058 1285 2137 1318 ego,
2161 1274 2247 1308 nolo

1257 1332 1406 1359 mortem
1429 1324 1638 1369 peccatori5‚
1661 1323 1737 1362 lsed
1760 1331 1799 1358 ut
1828 1331 2054 1359 convertatur
2081 1332 2112 1359 ct
2143 1325 2248 1358 vivat.

1257 1375 1424 1411 Patefecit
1450 1375 1558 1419 igitur
1580 1386 1616 1407 se
1637 1374 1751 1415 Deus,
1783 1375 1881 1408 dedit
1906 1373 2091 1419 Evangelii
2116 1387 2251 1417 vocem,

1258 1427 1355 1461 misit
1377 1427 1510 1466 filium,
1542 1437 1616 1458 non
1638 1426 1682 1459 ad
1706 1423 1772 1459 hoc
1792 1438 1904 1460 unum
1930 1438 2037 1471 opus,
2073 1433 2112 1461 ut
2129 1433 2252 1471 arguat

1259 1483 1418 1523 peccata,
1453 1477 1512 1510 sed
1538 1476 1723 1521 praecipue
1748 1477 1791 1510 ad
1819 1474 1914 1511 hunc
1943 1477 2070 1519 finem,
2103 1485 2142 1513 ut
2167 1490 2251 1512 voce

1259 1527 1445 1572 Evangelii
1464 1535 1496 1561 et
1506 1527 1641 1571 Spiritu
1658 1539 1722 1561 suo
1740 1534 1861 1561 sancto
1874 1529 2076 1562 consoletur
2092 1538 2125 1563 et
2141 1529 2253 1574 erigat

1262 1586 1400 1625 pectora
1419 1586 1557 1617 nostra,
1584 1585 1616 1612 et
1636 1578 1672 1611 in
1694 1579 1798 1612 nobis
1815 1579 1928 1612 lucem
1949 1586 1981 1613 et
2001 1579 2173 1614 iusticiam
2195 1592 2254 1614 ae-

1261 1631 1406 1670 cendat‚
1427 1641 1560 1674 nosque
1576 1629 1707 1662 abolito
1725 1635 1864 1672 peccato
1880 1637 1911 1664 et
1927 1637 2058 1672 morte,
2085 1628 2252 1666 haeredes

1261 1681 1353 1715 vitae
1368 1687 1401 1714 et
1418 1680 1540 1713 salutis
1555 1686 1716 1714 aeternae
1735 1679 1871 1714 efficiat.

1363 1729 1524 1776 Cumque
1555 1729 1687 1764 Paulus
1716 1730 1994 1764 consolationem
2026 1731 2168 1765 lectioni
2191 1734 2254 1767 ad-

1262 1782 1396 1825 iungit,
1422 1779 1488 1815 hoc
1512 1781 1626 1825 ipsum
1653 1789 1791 1821 monet,
1824 1779 1938 1815 Deum
1954 1793 2016 1825 per
2035 1779 2126 1816 hanc
2143 1783 2253 1827 ipsam

1263 1845 1383 1866 vocem
1411 1832 1705 1876 promissionum,
1739 1843 1843 1877 quam
1862 1832 1897 1864 in
1917 1833 2017 1866 libris
2039 1830 2255 1878 propheticis

1264 1891 1297 1918 et
1319 1883 1520 1928 apostolicis
1546 1882 1712 1926 legimus,
1747 1883 1922 1916 efficacem
1947 1895 2036 1925 esse,
2070 1885 2164 1929 quod
2189 1885 2255 1919 etsi

1265 1932 1458 1979 prophanis
1475 1933 1665 1967 ridiculum
1682 1934 1837 1973 videtur,
1864 1941 1979 1968 tamen
1997 1946 2061 1968 nos
2079 1935 2114 1968 in
2133 1933 2256 1971 Eccle-

1265 1986 1315 2019 sia
1337 1992 1430 2018 certo
1457 1985 1604 2025 scimus,
1634 1983 1749 2017 Deum
1777 1985 1856 2017 ideo
1882 1985 2074 2019 instituisse
2096 1987 2257 2022 ministe-

1265 2033 1572 2079 riumEvangelii,
1599 2041 1637 2068 ut
1654 2035 1829 2079 legamus,
1856 2036 2048 2077 discamus,
2074 2038 2258 2073 audiamus
2308 2063 2310 2065 -

1266 2099 1386 2120 vocem
1412 2084 1617 2129 Evangelii,
1652 2093 1684 2119 et
1709 2093 1746 2120 ut
1768 2097 1829 2130 per
1852 2098 1926 2119 eam
1951 2099 2071 2120 vocem
2092 2088 2129 2122 in
2153 2089 2257 2124 nobis
2304 2111 2306 2113 v

1268 2189 1314 2222 ita
1338 2188 1412 2221 fieri
1439 2195 1569 2222 certum
1593 2195 1660 2225 cst,
1694 2200 1772 2221 cum
1797 2200 1881 2221 voce
1900 2189 2174 2232 promissionum
2192 2204 2256 2227 nos

1267 2245 1520 2279 sustentamus,
1560 2245 1593 2272 ct
1628 2238 1843 2273 dubitationi
1882 2251 1920 2272 ac
1951 2240 2168 2275 diffidentiae
2203 2255 2259 2277 re-

1268 2302 1477 2334 pugnamus.
1539 2288 1660 2335 ltaque
1686 2290 1869 2323 execrandi
1903 2298 1983 2325 sunt
2008 2288 2258 2329 Enthusiastae
2304 2301 2309 2305 ’

1268 2348 1298 2375 ct
1328 2341 1598 2385 Anabaptistae.
1631 2347 1663 2373 ct
1690 2340 1838 2381 similes,
1875 2342 1935 2386 qui
1961 2343 2085 2386 spretis
2103 2343 2203 2378 libris
2225 2352 2257 2380 et

1268 2393 1394 2424 omissa
1416 2392 1563 2426 lectione
1580 2403 1689 2424 nox-os
1707 2392 1844 2425 afflatus
1862 2400 2059 2436 expectant,
2086 2401 2123 2428 ut
2137 2395 2257 2429 audivi

1268 2444 1383 2476 dicere
1402 2444 1577 2488 quendam
1597 2442 1863 2486 Anahaptistam
1877 2470 1885 2482 ,
1919 2455 1953 2476 si·
1973 2457 2044 2477 non
2062 2457 2133 2478 uno
2151 2458 2257 2479 num-

225 2509 318 2542 enim
346 2513 373 2535 vt
401 2501 540 2534 ‹lil‘ticilv
564 2511 651 2542 opus
677 2504 723 2530 est
739 2523 747 2535 ,
782 2508 881 2535 vere,
919 2502 1030 2531 recte.
1063 2493 1215 2538 proprie,
1239 2484 1242 2498 ⁸
1269 2508 1324 2526 mo
1345 2502 1543 2537 empturum
1562 2505 1633 2525 esse
1651 2506 1773 2526 «nunes
1797 2494 1932 2527 codices
1951 2495 2106 2529 ctu-lestis
2123 2497 2258 2532 doctri-

225 2559 407 2593 ,1;„1;.,sta·,
436 2552 613 2595 parspirun-
632 2548 802 2591 explicare
818 2547 1012 2579 doctrinam
1031 2543 1215 2583 Ecclesiae,
1270 2558 1333 2577 nae
1350 2545 1383 2577 in
1400 2557 1510 2577 nomn
1527 2544 1707 2577 cumulum
1724 2545 1880 2578 collatos.
1935 2544 1984 2578 Ac
2004 2545 2098 2579 itlius
2114 2547 2257 2592 quidem

226 2614 268 2644 ΒΜ
287 2617 320 2641 nt
341 2615 371 2640 ..ι
391 2613 425 2637 ῃ,
448 2604 517 2645 ips·-
537 2601 758 2632 sirrnmsvras
784 2598 818 2630 in
846 2604 959 2629 mente
982 2597 1079 2641 qnasi
1101 2596 1214 2628 ideam
1270 2598 1367 2629 t‘nror
1383 2596 1586 2628 manifestus
1603 2602 1674 2629 crat
1688 2623 1695 2633 ‚
1723 2597 1780 2629 sed
1801 2596 1939 2628 initium
1956 2596 2077 2629 talium
2098 2598 2257 2633 surorum

1269 2647 1383 2680 oritur
1406 2660 1444 2679 ex
1472 2644 1534 2679 hac
1562 2646 1748 2689 opinione,
1781 2658 1869 2691 qnae
1896 2646 1992 2686 fingit
2020 2648 2204 2683 lectionem
2225 2659 2258 2686 et

1270 2698 1516 2741 cogitationi-m
1555 2698 1755 2730 divinarum
1792 2697 2065 2741 promissionum
2098 2699 2259 2735 inutilem

227 2659 350 2702 integri
380 2653 544 2689 avdihcii,
577 2662 748 2683 sumniam
773 2649 971 2685 doctrinae,
1008 2656 1037 2681 et
1064 2646 1213 2679 similem

226 2717 336 2746 ido-:un
362 2709 481 2753 pingas
501 2705 535 2735 in
559 2700 734 2733 inentibus
755 2700 968 2733 auditorum.
1029 2698 1082 2731 Sit
1101 2704 1214 2730 autem

1243 565 1299 598 dia
1317 563 1482 597 oriuntur
1499 563 1599 603 inde,
1628 574 1706 596 cum
1727 562 1942 605 negligentes
1958 561 2127 596 Doctores
2143 564 2236 597 dicta
2280 556 2301 590 'f‘

1244 673 1284 700 ut
1300 666 1347 699 ita
1367 665 1480 698 dicam
1493 692 1503 706 ‚
1529 664 1716 697 dissimiles
1732 664 1828 697 ideas
1845 664 1881 697 in
1900 664 2078 698 mentibus
2096 664 2238 698 audito·
2281 682 2288 701 ·,
2330 699 2336 706 ,

1252 1071 1367 1106 hostes
1393 1070 1470 1104 Dei.
1532 1070 1601 1105 Sed
1629 1071 1768 1104 accedat
1790 1071 1832 1104 ad
1850 1071 2036 1105 lectionem
2054 1078 2086 1106 et
2109 1072 2152 1105 ad
2170 1077 2246 1105 stu·
2291 1070 2293 1076 '
2333 1067 2338 1088 ²

1254 1123 1351 1157 dium
1390 1121 1592 1162 doctrinae,
1638 1121 1803 1155 ultimum
1838 1122 1926 1155 illud
1965 1134 2072 1167 opus,
2112 1122 2247 1156 scilicet
2293 1118 2307 1135 ''

1267 2139 1325 2171 lux
1343 2137 1498 2171 coelestis
1515 2151 1532 2170 a
1545 2136 1681 2181 Spiritu
1697 2143 1816 2170 sancto
1827 2134 1891 2171 Dei
1903 2139 2123 2172 accendatur.
2161 2138 2258 2175 Haec
2307 2147 2311 2151 '
