2338 2958
67 136 142 174 753

65 222 250 259 universae
265 227 444 257 creaturae
461 223 628 257 omnibus
642 223 776 268 angelis
799 231 832 259 et
850 222 1055 259 hominibus

65 272 326 319 promulgavit?
376 272 454 307 Hoc
476 281 612 308 tantum
634 276 841 309 beneficium
865 277 919 310 vel
936 288 1053 320 asper-

63 324 160 364 nari,
197 323 252 356 vel
281 324 474 368 negligere,
506 325 665 359 omnium
689 326 858 359 scelerum
875 327 1053 368 atrocissi-

60 386 158 407 mum
184 381 245 407 est.
305 374 376 407 Nec
402 376 496 408 enim
524 376 771 420 patefactiones
800 377 880 410 illae
905 377 969 411 Dei
998 378 1051 411 lo-

59 425 199 469 quentis
221 436 300 458 cum
327 423 462 464 Adam,
497 438 575 459 cum
600 425 720 465 Noha‚
755 439 834 461 cum
859 426 1050 470 Abraham,

59 486 136 508 cum
147 474 288 521 Moyse,
316 487 395 508 cum
407 476 588 518 Samuele,
615 489 692 511 cum
703 476 856 520 Davide,
884 491 961 512 cum
976 478 1049 512 Da-

58 525 171 565 niele,
198 532 231 559 et
248 526 375 559 deinde
394 525 526 561 Christi
551 527 624 561 nati
648 540 688 561 ex
711 529 847 572 virgine
874 536 906 562 et
930 529 1044 573 palam

57 576 230 610 versantis
247 577 340 610 inter
366 577 529 617 ludaeos,
564 578 750 611 conciones
775 585 910 612 tantum
935 581 978 613 ad
1003 580 1047 612 il-

56 627 109 660 los
135 627 377 672 pertinebant,
411 628 473 673 qui
495 629 654 662 miranda
678 629 878 663 testimonia
900 637 984 663 tunc
1009 631 1045 663 in

55 689 93 710 re
110 679 284 721 praesenti
303 679 502 714 cernebant.
556 678 611 713 Ad
631 691 696 712 nos
721 692 842 713 omnes
857 681 1046 724 pertinent,

55 740 178 762 omnes
216 741 280 773 pro
317 727 372 762 his
402 730 606 773 ingentibus
643 731 822 764 beneficiis
853 739 1045 775 prostratos

53 778 167 813 iacere
193 792 309 813 coram
332 779 408 813 Deo
431 781 634 824 oportebat,
665 793 704 814 ac
727 782 853 825 gratias
877 783 908 815 ei
932 794 1044 825 agere,

53 841 93 863 ac
115 830 289 864 celebrare
311 831 519 864 immensam
543 832 756 874 bonitatem,
784 834 877 878 quod
902 845 938 867 se
963 832 1044 867 huie

53 880 200 914 miserae
217 888 362 915 naturae
377 879 561 916 hominum
580 883 798 927 patefecerit,
824 895 967 929 eamque
983 896 1043 917 ve-

51 942 92 964 ro
106 943 226 965 amore
241 933 426 977 complecti
438 945 474 966 se
489 935 693 968 ostenderit.
735 935 819 968 Ideo
831 936 924 968 enirn
941 947 1043 968 man—

51 981 168 1023 davit,
195 982 305 1017 literis
321 982 571 1027 comprehendi
591 983 653 1018 has
665 985 934 1028 patefactiones‚
961 987 1042 1020 ideo

50 1031 205 1067 instituit
241 1034 477 1068 ministerium
516 1036 774 1079 evangelicum,
815 1042 853 1069 ut
894 1036 1043 1069 sciamus

50 1094 190 1128 semper
204 1096 284 1118 eum
301 1092 334 1119 et
355 1086 486 1119 versari
505 1087 543 1119 in
562 1085 736 1127 Ecclesia,
764 1093 796 1119 et
814 1086 947 1131 alloqui
967 1098 1041 1125 nos,

50 1140 84 1168 et
101 1135 144 1168 ad
160 1146 224 1168 nos
241 1147 362 1169 omnes
379 1136 554 1181 pertinere
572 1137 733 1170 omnium
758 1143 955 1182 temporum
979 1149 1041 1182 pa-

48 1183 265 1221 tefactioneS.

150 1235 232 1270 Non
248 1236 378 1271 frustra
394 1249 430 1271 se
447 1237 599 1272 ostendit
622 1239 741 1282 generi
758 1236 914 1272 humano
934 1238 1041 1281 Deus,

17 1322 23 1325 ,
48 1297 122 1320 non
145 1287 357 1329 obscurum,
382 1301 456 1322 non
480 1289 556 1322 leve
581 1289 718 1333 signum
744 1290 874 1323 amoris
891 1297 940 1324 est
960 1302 1039 1334 erga

49 1347 134 1376 neS,
161 1339 253 1382 quod
279 1339 413 1382 prodiit
436 1338 553 1381 Deus,
587 1341 682 1385 qnod
705 1351 770 1374 nos
790 1341 963 1375 allocutus
981 1347 1042 1382 est,

48 1387 142 1432 quod
179 1399 265 1420 voce
300 1399 362 1421 sua
398 1399 463 1421 nos
497 1388 533 1421 in
568 1390 677 1422 vitam
713 1401 752 1422 cx
785 1392 901 1425 media
927 1399 1040 1425 morte

47 1444 200 1471 revocat.

147 1487 220 1521 Nec
235 1489 355 1522 eadem
369 1495 451 1523 sunt
466 1490 646 1523 doctrinae
662 1501 805 1533 genera,
832 1497 870 1524 ut
886 1489 1040 1536 propha-

0 1563 2 1567 ,
46 1537 84 1571 ni
103 1535 266 1572 homines
283 1540 370 1573 falso
393 1540 611 1582 existimant,
646 1539 877 1585 Philosophia
902 1549 934 1576 et
958 1543 1038 1576 illae

46 1589 297 1633 promissiones
314 1591 357 1623 de
373 1591 478 1624 rebus
497 1591 667 1632 aeternis,
694 1603 780 1637 quas
800 1592 946 1626 tradidit
967 1591 1037 1626 Ec-

45 1639 190 1680 clesiae,
223 1652 302 1674 cum
334 1652 370 1674 se
394 1642 514 1684 generi
539 1640 694 1675 humano
724 1642 888 1679 ostendit.
945 1641 1036 1677 Cum

45 1688 159 1723 Adam
175 1702 256 1724 reus
266 1698 352 1725 esset
363 1699 443 1725 ante
457 1693 611 1726 auditam
629 1693 905 1727 consolationem
917 1721 926 1734 ,
949 1694 1034 1739 quid

43 1740 249 1775 ratiocinari
267 1742 362 1775 aliud
381 1749 543 1785 poterant
567 1744 622 1776 vel
640 1744 755 1785 angeli
777 1744 830 1777 vel
850 1743 941 1786 ipse,
966 1745 1035 1777 nisi
1060 1749 1064 1800 A

45 1788 113 1825 hoc
128 1792 243 1835 ipsum
255 1818 264 1833 ,
290 1794 385 1837 quod
410 1794 510 1826 docet
526 1794 640 1827 ratio?
682 1793 777 1827 Deus
795 1795 906 1828 iustus
923 1800 959 1828 et
976 1807 1036 1826 ve-

44 1853 124 1880 rax,
156 1841 339 1876 minitatus
363 1843 508 1876 exitium
539 1841 620 1877 huic
644 1844 782 1887 generi,
819 1844 886 1876 iam
913 1845 1035 1889 perdet

45 1890 158 1926 Adam
178 1898 211 1925 et
221 1891 377 1937 Hevam‚
405 1905 468 1927 nec
486 1894 663 1928 decretum
681 1892 747 1927 hoc
763 1894 924 1930 mutabit.
965 1893 1034 1929 Hic

43 1942 192 1986 cogitate
213 1955 359 1988 quaeso,
396 1951 527 1989 quanto
555 1944 592 1977 in
625 1945 748 1978 dolore
771 1945 903 1979 fuerint
928 1946 1033 1990 primi

42 1998 225 2038 parentes,
253 1994 327 2026 acie
351 1995 478 2026 mentis
502 2002 585 2028 tunc
608 1995 824 2028 voluntatem
842 1995 906 2027 Dei
923 1997 1032 2038 magis

43 2050 244 2085 cernentes,
276 2055 381 2089 quam
415 2055 479 2076 nos
510 2041 651 2077 hebetes
678 2050 710 2078 et
736 2044 866 2077 infirmi
890 2057 1031 2078 cernere

42 2106 238 2140 possumus.
291 2094 360 2128 Sed
376 2094 410 2127 in
430 2092 495 2127 hoc
512 2095 633 2127 dolore
649 2101 682 2128 et
698 2094 732 2127 in
748 2095 920 2129 vestibulo
935 2108 1031 2129 mor—

42 2145 88 2180 tis
106 2157 185 2179 cum
210 2152 340 2186 essent,
367 2157 489 2178 rursus
506 2145 675 2178 immensa
703 2145 859 2179 bonitate
878 2147 1030 2180 ostendit

42 2206 78 2230 se
91 2194 204 2229 Deus:
232 2195 427 2241 alloquitur
441 2207 517 2234 eos,
550 2196 665 2240 arguit
682 2203 858 2245 peccatum
871 2221 879 2234 ,
907 2204 939 2231 et
958 2198 1032 2232 edit

41 2246 312 2291 promissionem
337 2248 378 2279 de
404 2247 584 2280 reddenda
617 2247 704 2280 vita:
738 2247 845 2280 immo
870 2254 904 2282 et
928 2249 1031 2283 vestit

42 2294 135 2330 hanc
159 2296 227 2329 iam
251 2297 479 2330 deformatam
503 2305 685 2338 naturam,
719 2298 816 2342 quasi
843 2298 914 2342 ipsa
938 2306 1030 2333 veste

42 2347 241 2391 significans
256 2359 384 2380 novam
402 2354 580 2389 naturam,
606 2360 694 2393 quae
709 2359 774 2380 nos
790 2355 867 2392 post
881 2356 1028 2383 mortem

42 2398 313 2433 circundaturus
328 2405 426 2432 esset.
480 2396 525 2432 Et
539 2395 630 2432 hanc
641 2399 909 2443 promissionem
925 2401 1030 2434 scribi

42 2449 174 2488 voluit,
199 2450 242 2482 de
260 2446 324 2482 hac
342 2448 573 2493 promissione
592 2450 703 2493 palam
720 2449 811 2483 filius
827 2450 929 2483 nobis
945 2463 1030 2484 con-

43 2499 203 2534 cionatus
213 2506 280 2541 est,
307 2506 339 2533 et
354 2506 561 2544 perpetuum
576 2499 612 2532 in
622 2498 777 2533 Ecclesia
795 2500 1029 2535 ministerium

43 2547 150 2583 huius
174 2550 269 2584 vocis
292 2550 492 2584 institutum
518 2556 584 2590 est,
617 2551 711 2595 quod
739 2559 839 2584 sonat
862 2563 934 2584 non
953 2558 1031 2586 tan-

42 2607 118 2634 tum
135 2600 262 2644 legem,
287 2602 348 2635 sed
367 2598 457 2635 hanc
482 2600 751 2645 promissionem
773 2603 1030 2637 reconciliatio-

42 2650 98 2684 nis
123 2657 156 2684 et
179 2651 271 2685 vitae
295 2659 471 2686 aeternae:
501 2663 604 2696 quam
625 2651 724 2685 nulla
742 2659 899 2686 creatura
918 2654 1030 2687 vidis-

43 2708 113 2744 set,
141 2701 208 2734 nisi
224 2699 320 2735 Deus
339 2702 412 2747 ipse
429 2714 503 2735 eam
522 2703 789 2746 promulgasset.

94 2753 269 2785 Mun-ru.
288 2755 393 2786 Ormi.
409 2755 490 2786 Vni..
507 2754 568 2787 Xl.

451 131 610 172 DECL.
644 133 721 171 DE
755 134 962 172 DICTO:
1007 133 1292 173 ATTENDE
1326 134 1608 178 LECTIONI
1634 147 1714 180 E'rc.

2026 148 2099 185 754

1210 225 1405 260 Dissimilis
1419 234 1466 261 est
1477 227 1584 271 igitur
1593 225 1747 263 Ecclesia
1765 229 1911 265 aliarum
1926 234 2095 276 gentium,

1107 275 1188 320 quia
1206 278 1401 310 doctrinam
1420 276 1523 311 habet
1543 280 1585 311 de
1605 279 1668 312 Dei
1687 282 1835 315 essentia
1855 290 1886 316 et
1902 284 2094 324 voluntate,

1105 326 1268 359 traditam
1290 340 1374 360 voce
1398 327 1462 361 Dei
1482 330 1582 362 cerlis
1600 339 1632 364 et
1656 331 1851 366 illustribus
1873 335 2092 376 testimoniis,

1104 388 1192 420 quae
1222 378 1404 417 discenda,
1440 380 1613 412 audienda
1639 388 1670 414 et
1695 384 1933 426 amplectenda
1957 392 2023 424 est,
2059 394 2092 420 et

1103 439 1206 471 quam
1235 427 1325 460 nulli
1348 435 1525 461 creaturae
1555 438 1689 462 mutare
1716 433 1801 466 licet.
1863 433 1967 477 Quod
1995 437 2090 470 enirn

1101 477 1205 511 multi
1220 475 1380 511 homines
1397 479 1562 511 audacter
1572 480 1747 515 finxerunt
1762 484 1864 517 aliam
1881 487 2088 528 doctrinam,

1101 539 1192 560 nova
1227 529 1392 568 numina,
1434 535 1472 561 ut
1506 527 1690 573 Orpheus,
1730 531 1922 573 Hesiodus,
1963 537 2090 578 Arius,

1100 576 1364 619 Machameum,
1398 586 1430 612 et
1457 580 1518 612 alii
1546 580 1820 616 innumerabiles
1842 582 1876 616 hi
1895 587 1973 618 tetri
1989 589 2088 620 furo-

1099 640 1151 661 res
1175 641 1193 662 a
1217 630 1359 662 diabolo
1383 630 1450 663 orti
1475 638 1574 670 sunt,
1608 631 1666 675 qui
1693 639 1729 665 ut
1757 634 1876 667 odium
1900 647 2000 668 suum
2026 639 2088 671 de-

1098 679 1220 720 claret,
1262 678 1375 713 Deum
1406 681 1511 714 tantis
1539 683 1762 715 contumeliis
1788 685 1934 717 adficere
1960 689 2086 724 studet.

1097 729 1192 762 Haec
1216 731 1371 773 exempla
1404 731 1570 773 fugienda
1599 733 1701 765 nobis
1725 745 1797 766 esse
1825 736 1990 777 sciamus,
2024 751 2087 772 nec

1096 780 1198 814 aliter
1213 781 1255 813 de
1268 781 1339 815 Deo
1357 782 1579 814 sentiendum
1597 794 1686 823 esse,
1711 796 1814 828 quam
1834 786 1921 819 sicut
1939 799 1973 819 se
1992 795 2087 830 pate-

1095 831 1191 864 fecit:
1221 831 1290 864 imo
1309 839 1348 865 ut
1365 832 1401 864 in
1419 832 1496 865 alvo
1516 833 1635 865 matris
1653 835 1747 866 sedet
1760 835 1890 876 foetus,
1917 838 1988 869 suis
2007 839 2087 883 qui-

1095 882 1242 915 busdam
1267 883 1365 927 quasi
1391 883 1542 915 fasciolis
1564 883 1761 923 involutus,
1796 886 1840 919 ita
1866 894 1999 921 mentes
2021 901 2087 921 no·-

1095 939 1185 966 strae
1204 930 1286 966 huic
1303 933 1482 966 doctrinae
1498 934 1597 977 quasi
1616 934 1794 968 involutae
1811 946 1989 973 maneant.
2043 939 2085 973 In

1095 980 1159 1016 hac
1175 995 1244 1016 una
1264 984 1408 1017 audiant
1422 984 1605 1017 nobiscum
1625 985 1824 1029 loquentem
1838 986 1969 1030 Deum,
1996 990 2084 1025 sicut

1094 1045 1161 1066 vox
1179 1034 1311 1066 aeterni
1329 1034 1437 1077 patris
1455 1034 1585 1078 inquit:
1611 1033 1717 1068 Hunc
1735 1037 1861 1072 audite.

1195 1083 1285 1117 Cum
1310 1085 1418 1127 igitur
1440 1083 1598 1117 Ecclesia
1623 1087 1804 1129 proprium
1824 1100 1933 1131 genus
1950 1090 2085 1123 doctri-

1094 1146 1159 1167 nae
1176 1141 1306 1173 teneat,
1335 1135 1457 1179 procul
1475 1147 1577 1179 supra
1600 1142 1632 1168 et
1651 1144 1744 1171 extra
1762 1135 1934 1172 humanae
1956 1141 2084 1174 mentis

1094 1185 1244 1225 iudicia,
1278 1183 1546 1228 Philosophiam
1573 1193 1607 1220 et
1630 1187 1720 1230 leges
1742 1189 1912 1232 positum,
1946 1203 2083 1226 necesse

1093 1243 1142 1269 est
1158 1247 1222 1268 nos
1233 1235 1410 1268 Ecclesiae
1427 1236 1535 1267 libros
1552 1236 1683 1278 legere,
1709 1239 1842 1272 discere
1858 1247 1892 1274 et
1909 1242 2083 1285 amplecti,

1093 1293 1128 1320 et.
1149 1286 1272 1331 procul
1299 1297 1339 1318 ex
1363 1285 1490 1319 animis
1514 1286 1610 1318 illam
1635 1289 1919 1331 superbissimam
1940 1304 2083 1335 persua-

1093 1337 1227 1370 sionem
1245 1337 1385 1370 eiicere:
1414 1348 1522 1382 quae,
1546 1344 1584 1371 ut
1600 1338 1770 1380 diximus,
1795 1342 1965 1383 somniat,
1991 1341 2082 1377 nihil

1092 1399 1181 1432 opus
1197 1399 1270 1422 esse
1294 1385 1348 1421 his
1367 1387 1485 1428 libris,
1511 1388 1592 1433 quia
1615 1389 1748 1434 alioqui
1767 1398 1929 1425 cernatur
1948 1393 2082 1435 ingenii

1092 1439 1165 1472 acie
1191 1439 1349 1472 doctrina
1375 1440 1476 1472 vitae.
1531 1438 1604 1472 lmo
1622 1452 1686 1473 nec
1706 1440 1853 1484 Angeli,
1880 1456 1942 1476 nec
1962 1441 2082 1477 homi-

1092 1501 1172 1529 nes,
1215 1490 1485 1534 promissionem
1523 1491 1837 1533 reconciliationis,
1881 1495 1956 1527 sine
1984 1502 2080 1539 pate-

1090 1541 1242 1573 factione
1273 1552 1374 1574 nosse
1409 1548 1612 1585 potuerunt.
1677 1542 1758 1577 Ideo
1788 1543 1918 1578 Paulus
1949 1557 2013 1578 nos
2036 1547 2081 1579 ad

1090 1591 1276 1624 lectionem
1315 1592 1473 1625 deducit:
1520 1590 1717 1632 Attendite,
1752 1595 1886 1639 inquit,
1920 1595 2082 1637 lectioni,

1089 1642 1189 1686 quasi
1212 1642 1326 1676 dicat:
1361 1643 1410 1676 At
1435 1649 1567 1675 certum
1593 1654 1701 1685 genus
1725 1645 1904 1678 docti-inae
1937 1647 2079 1689 alligata

1089 1699 1140 1725 est
1162 1690 1316 1725 Ecclesia
1341 1691 1428 1732 Dei,
1463 1705 1525 1726 nec
1550 1694 1653 1727 nobis
1680 1695 1808 1737 fingere
1830 1697 1897 1729 alia
1919 1698 2079 1738 numina,

1088 1743 1175 1775 alios
1192 1741 1285 1775 Deos
1301 1743 1398 1782 licet,
1424 1750 1461 1776 ut
1480 1744 1655 1776 finxerunt
1672 1743 1856 1789 Orpheus,
1890 1746 2078 1789 Hesiodus,

1088 1790 1333 1829 Mahomenxs,
1371 1800 1402 1826 et
1430 1793 1502 1825 alii.
1561 1793 1724 1827 Tradidit
1751 1797 1850 1829 vobis
1876 1799 2078 1832 certissimis

1088 1843 1298 1876 testimoniis
1316 1840 1372 1876 hic
1388 1855 1504 1876 rerum
1521 1845 1699 1885 conditor,
1728 1847 1787 1890 qui
1806 1859 1885 1880 vere
1902 1846 1997 1881 Deus
2013 1856 2076 1888 est,

1087 1905 1184 1926 suam
1202 1905 1322 1926 vocem
1339 1895 1539 1927 mandatam
1562 1895 1689 1928 literis:
1726 1894 1815 1929 hanc
1837 1899 1913 1932 vult
1933 1911 1996 1932 nos
2013 1912 2077 1933 an-

1087 1945 1182 1985 dire,
1217 1942 1300 1977 haec
1325 1945 1450 1988 scripta
1477 1943 1734 1988 Prophetarum
1766 1955 1799 1981 et
1822 1946 2076 1993 Apostolorum

1086 1995 1210 2036 legite,
1245 2007 1282 2026 ex
1307 1991 1362 2026 his
1386 1995 1511 2028 sumite
1536 1997 1734 2029 doctrinam
1767 1999 1809 2031 de
1832 2000 2012 2034 voluntate
2042 2008 2076 2035 et

1086 2044 1233 2077 essentia
1249 2043 1331 2078 Dei:
1360 2042 1450 2078 hanc
1468 2053 1540 2078 toto
1559 2054 1696 2090 pectore
1714 2049 1985 2092 amplectimini,
2011 2064 2074 2085 nec

1085 2096 1130 2128 ab
1165 2107 1202 2127 ea
1237 2095 1340 2127 avelli
1374 2107 1436 2128 vos
1472 2096 1556 2128 ullis
1583 2097 1662 2130 aliis
1695 2099 1925 2142 opinionibus
1960 2102 2073 2135 sinite.

1085 2147 1325 2191 Quaecunque
1348 2146 1415 2179 alia
1440 2147 1620 2180 doctrinae
1643 2159 1767 2190 genera
1795 2151 1837 2183 de
1863 2149 1936 2184 Deo
1955 2164 2073 2196 sparsa

1085 2203 1165 2230 sunt
1182 2197 1273 2232 inter
1294 2194 1474 2238 homines,
1503 2209 1591 2242 quae
1609 2207 1766 2242 pugnant
1787 2212 1864 2234 cum
1891 2201 2074 2247 propheti-

1084 2247 1132 2281 cis
1149 2255 1181 2281 et
1207 2248 1408 2291 apostolicis
1424 2247 1562 2290 scriptis
1574 2275 1582 2289 ‚
1609 2250 1688 2283 tetri
1707 2256 1740 2283 et
1755 2251 1921 2285 diabolici
1937 2253 2072 2287 furores

1084 2305 1186 2335 sunt,
1214 2296 1434 2332 horribiliter
1456 2310 1475 2331 a
1489 2297 1564 2331 Deo
1582 2301 1749 2333 damnati.
1802 2301 1849 2335 [t
1868 2303 1973 2345 igitur
1990 2305 2072 2337 uni—

1085 2362 1120 2382 ca
1138 2356 1168 2382 et
1185 2361 1265 2382 vera
1279 2349 1439 2382 doctriua
1457 2350 1499 2381 de
1511 2348 1583 2382 Deo
1602 2357 1691 2384 extet
1706 2351 1742 2383 in
1760 2363 1886 2395 genere
1904 2351 2071 2396 humano,

1085 2411 1222 2433 necesse
1253 2406 1301 2432 est
1334 2399 1518 2440 custodiri,
1552 2401 1715 2441 retineri,
1747 2402 1832 2445 legi,
1863 2404 1970 2445 disci,
2006 2404 2070 2439 hos

1085 2451 1177 2494 ipsos
1193 2451 1302 2483 libros
1319 2448 1540 2494 propheticos
1559 2457 1592 2484 et
1610 2452 1838 2495 apostolicos,
1866 2455 1926 2499 qui
1949 2468 1992 2488 ne
2008 2458 2069 2489 dc-

1085 2503 1239 2540 leantur,
1266 2500 1361 2534 Deus
1387 2500 1619 2534 ministerium
1642 2500 1894 2546 Evangelicum
1913 2512 1946 2539 et
1967 2507 2068 2540 insti-

1085 2552 1152 2586 tuit
1168 2558 1199 2584 et
1217 2559 1348 2591 servat,
1380 2557 1417 2584 ut
1436 2563 1572 2595 semper
1589 2565 1653 2585 vox
1677 2551 1803 2587 horum
1823 2555 1994 2589 librorum
2013 2557 2069 2589 in-

1085 2611 1137 2636 fler
1172 2600 1334 2635 homines
1368 2609 1477 2635 sonet.
1551 2601 1625 2636 lmo
1658 2610 1697 2637 ut
1729 2605 1800 2639 siut
1832 2606 1969 2650 aliquae
2003 2606 2068 2640 Dei

1085 2651 1338 2691 bibliothecae„
1373 2664 1508 2696 semper
1530 2653 1664 2699 aliquas
1684 2655 1821 2698 politias
1838 2656 2006 2695 servavit,
2030 2657 2068 2689 in

1085 2705 1213 2750 quibus
1233 2702 1290 2737 hic
1317 2702 1500 2737 thesaurus
1517 2705 1711 2738 custoditus
1727 2713 1786 2740 est.
1836 2705 1906 2739 Nec
1931 2719 2068 2741 eversae

1589 2754 1637 2788 48
