2338 2958
162 132 237 168 679

169 217 298 253 tutavit
313 217 579 252 Samosatenum
592 240 602 253 ,
628 219 662 246 et
680 212 846 257 scriptam
863 212 1012 258 reliquit
1028 211 1169 246 confes-

174 270 309 304 sionem
341 280 422 302 suae
452 264 530 298 fidei
562 265 605 297 de.
634 265 747 297 tribus
774 264 935 308 personis
959 263 1168 304 divinitatis,

176 322 319 366 dignam
350 317 538 357 memoria,
572 327 661 361 quae
693 313 800 350 bodie
833 322 936 351 extat.
988 314 1107 350 Huius
1135 326 1170 348 se

178 372 337 407 doctrina
362 369 540 402 imbutum
566 368 610 401 ab
636 367 786 402 infantia
810 367 928 412 iuquit
949 366 1041 412 ipse,
1075 367 1170 412 quod

178 423 351 458 nutricem
385 418 549 453 habuerit
574 419 760 452 mulierem
787 418 1080 452 studiosissimam
1107 419 1173 451 do-

179 474 310 509 ctrinae
337 470 513 514 Gregorii.
579 468 653 504 Nec
683 469 806 514 procul
831 470 937 503 distat
960 482 978 503 a
1004 468 1172 504 Caesarea

179 526 277 559 sedes
291 522 474 565 Gregorii,
499 521 715 555 milliaribus
729 521 859 554 nostris
874 521 1020 555 fortasse
1037 520 1174 563 viginti.

179 575 306 609 Narrat
330 581 445 607 autem
463 585 498 606 se
516 580 607 607 recte
624 579 657 606 et
675 573 809 615 integre
827 579 986 616 percepta
1008 570 1173 613 Gregorii

180 626 371 666 sententia,
398 624 551 658 voluisse
571 630 604 657 et
621 630 835 657 caeterarum
855 622 1091 657 Ecclesiarum
1111 623 1176 655 do-

180 677 330 712 ctrinam
361 677 404 709 ad
430 687 506 708 eam
531 675 702 710 conferre.
764 673 852 707 Tale
875 674 1032 708 studium
1056 673 1176 718 inqui-

179 729 309 763 rendae
329 727 486 761 veritatis
505 734 589 760 tunc
605 727 641 759 in
658 725 779 759 multis
796 726 880 766 fuit,
906 725 945 758 in
962 737 1033 771 quo
1052 731 1084 758 et
1100 725 1177 769 pie-

180 786 285 814 tatem
317 786 350 812 et
378 777 585 811 modestiam
612 777 756 810 laudare
781 776 959 811 convenit.
1018 774 1074 808 Pii
1101 787 1175 808 non

180 830 298 865 subito
323 829 628 874 pronunciabant,
657 829 716 861 sed
740 828 934 872 peritorum
953 827 1084 860 iudicia
1103 833 1176 860 toto

179 882 265 916 orbe
281 888 451 915 terrarum
471 879 750 914 sciscitabantur.
804 877 857 912 lta
874 884 1018 922 vagatus
1035 885 1085 912 est
1107 877 1177 911 lre-

181 944 310 973 naeus,
337 931 398 976 qui
417 943 489 964 non
509 931 622 964 solum
644 929 817 965 Asiaticas
833 936 866 963 et
885 928 1038 963 Graecas
1056 927 1178 963 Eccle-

181 985 267 1025 sias,
294 983 353 1017 sed
380 982 484 1016 etiam
506 981 662 1016 Gallicas
684 989 716 1015 et
735 980 967 1015 Germanicas
985 982 1082 1015 citat:
1110 993 1177 1025 qua

181 1049 221 1070 ex
245 1047 283 1068 re
306 1040 467 1079 apparet,
492 1033 596 1067 initio
620 1032 765 1076 collegia
789 1033 824 1065 in
846 1030 1012 1066 Ecclesiis
1033 1032 1178 1065 summis

181 1087 288 1121 fuisse
310 1083 568 1130 pulcherrimos
591 1091 729 1125 coetus,
763 1084 895 1117 similes
919 1081 1177 1128 Prophetarum

183 1135 332 1175 scholis,
382 1136 453 1169 imo
486 1136 692 1179 angelorum
725 1135 946 1179 agminibus,
998 1134 1180 1168 doctrinae

182 1188 364 1228 custodes,
391 1187 551 1220 omnium
576 1187 746 1220 virtutum
768 1186 892 1219 officiis
910 1198 985 1219 eam
1003 1192 1181 1219 ornantes.

182 1239 287 1274 Nunc
316 1238 385 1271 loci
416 1237 623 1280 dignitatem
657 1235 818 1270 homines
850 1236 986 1269 arnissis
1011 1236 1123 1270 literis
1149 1242 1181 1269 et

183 1290 300 1325 studio
317 1289 455 1334 pietatis
472 1288 650 1327 iactitant,
677 1288 786 1332 magis
801 1286 1063 1322 Centaurorum
1082 1287 1182 1320 simi-

183 1343 251 1383 les,
277 1352 382 1386 quam
400 1340 634 1374 sacerdotum.

287 1391 479 1436 Postquam
505 1399 621 1425 autem
642 1390 796 1424 Basilius
815 1388 880 1424 hac
897 1389 1182 1434 peregrinatione

183 1444 364 1483 absoluta,
401 1441 606 1476 Caesaream
642 1442 765 1483 rediit,
800 1453 838 1475 ac
872 1453 973 1485 saepe
1003 1441 1181 1486 specimen

184 1493 396 1530 eruditionis
416 1494 595 1539 praebuit,
624 1500 768 1527 vocatus
785 1500 833 1526 est
852 1493 895 1526 ab
913 1491 1090 1537 Episcopo
1108 1490 1183 1525 Eu-

185 1546 282 1581 sebio
310 1546 352 1579 ad
379 1557 508 1578 munus
533 1545 682 1578 docendi
709 1545 744 1577 in
763 1543 934 1578 Ecclesia:
964 1545 1100 1589 fuitque
1118 1543 1183 1576 ali-

186 1597 345 1644 quandiu
368 1597 477 1630 lector
501 1603 532 1629 et
554 1597 726 1640 interpres
746 1607 924 1628 sacrorum
946 1595 1183 1632 voluminum,

185 1649 280 1695 quod
301 1659 432 1681 munus
450 1648 566 1680 simile
585 1654 658 1680 erat
674 1645 902 1685 scholastico,
930 1653 968 1679 ut
987 1657 1084 1679 nunc
1103 1652 1184 1678 sunt

186 1701 223 1734 in
251 1697 380 1733 scholis
397 1699 555 1732 lectores.
608 1698 698 1731 Cum
725 1704 840 1731 autem
861 1697 953 1730 inter
969 1695 1183 1741 Episcopum

187 1758 219 1785 et
242 1749 414 1784 Basilium
441 1750 599 1782 simultas
622 1756 697 1782 orta
723 1755 830 1786 esset.
862 1746 1028 1792 Episcopi
1056 1748 1185 1780 volun-

189 1809 258 1836 tate
282 1802 477 1835 exulcerata
496 1800 684 1834 calumniis
702 1797 977 1836 monachorum,
1004 1799 1064 1844 qui
1086 1798 1186 1831 Basi-

188 1855 236 1887 lio
263 1853 377 1885 infesti
405 1859 521 1891 erant,
551 1859 733 1895 propterca
758 1851 853 1896 quod
873 1863 994 1883 eornm
1018 1851 1184 1890 ignavum

189 1905 306 1939 ocium
333 1910 365 1937 et
390 1903 564 1936 inscitiam
589 1903 756 1936 detestari
782 1902 925 1936 soleret:
952 1899 1009 1935 bic
1033 1901 1187 1934 B·sitius

188 1956 394 1991 Caesaream
426 1962 459 1988 et
492 1954 631 1987 lectoris
661 1954 808 1997 gradum
834 1953 978 1996 plenum
1004 1951 1186 1995 dignitatis

190 2007 352 2052 reliquit,
391 2019 434 2039 ne
467 2003 550 2038 baec
582 2005 775 2038 factionum
803 2005 902 2038 initia
928 2004 1041 2037 mains
1065 2004 1186 2036 incen-

190 2059 289 2092 dium
313 2057 515 2092 excitarent.
571 2056 656 2090 Nam
682 2055 743 2089 ubi
770 2055 876 2089 semel
901 2056 1086 2089 distractae
1106 2061 1187 2088 sunt

192 2110 390 2143 voluntates
414 2108 566 2152 partium
591 2108 674 2141 odio
693 2108 855 2150 dogmata
875 2107 976 2140 facile
993 2112 1188 2141 mutantur.

192 2159 238 2195 Et
264 2173 358 2193 nunc
385 2159 509 2193 Ariani
534 2166 747 2201 grassantes,
776 2158 976 2191 occasiones
1001 2158 1188 2201 captabant

193 2211 319 2244 veneni
340 2212 391 2244 sni
412 2211 596 2255 spargendi
616 2211 651 2243 in
666 2207 819 2243 Ecclesia
831 2208 1060 2243 Caesariensi.
1095 2208 1190 2242 Lau-

195 2263 239 2295 do
265 2261 386 2295 Basilii
413 2262 620 2300 consilium,
652 2261 732 2307 qui,
760 2273 804 2294 ne
828 2261 980 2294 atrocius
1002 2260 1188 2294 dissidium

195 2314 368 2353 oriretur,
401 2315 523 2347 cedere
547 2313 702 2346 invidiae
728 2312 874 2353 maluit,
901 2325 964 2346 nec
989 2319 1127 2352 tamen,
1151 2318 1190 2346 ut

197 2364 299 2398 multi
336 2372 475 2407 putant,
510 2371 628 2409 postea
658 2375 692 2397 se
716 2364 753 2397 in
775 2364 1030 2397 monasterium
1053 2363 1191 2397 ociosus

196 2415 344 2449 abdidit.
406 2415 499 2449 Vixit
531 2416 589 2449 ille
615 2415 758 2461 quidem
783 2427 862 2449 cum
889 2415 1025 2461 aliquot
1050 2414 1188 2448 audito-

198 2467 297 2501 ribus
322 2466 356 2499 in
385 2479 537 2507 secessu,
557 2468 616 2512 qni
642 2467 790 2500 distabat
817 2478 834 2499 a
858 2466 1025 2500 Caesarea
1053 2465 1192 2499 circiter

200 2518 342 2559 triginta
369 2518 530 2551 miliaria.
599 2519 667 2551 Sed
695 2518 836 2551 iuterim
862 2518 996 2551 vicinas
1020 2516 1192 2551 Eub-sias

199 2570 235 2603 in
263 2568 377 2602 Ponto
403 2581 502 2612 saepe
527 2570 663 2607 adibat.
691 2567 754 2602 bas
779 2570 943 2606 docebat,
970 2569 1194 2608 emendabat,

199 2621 378 2654 muniebat
405 2621 570 2653 adversus
597 2622 731 2653 sorores
750 2619 901 2654 Arianos
924 2627 954 2654 et
982 2621 1081 2653 alios.

201 2680 357 2716 tempora
390 2672 626 2716 partiebatur,
658 2679 692 2704 ut
725 2673 810 2704 alias
835 2684 932 2705 suam
955 2672 1190 2705 eruditionem

199 2723 389 2757 domestica
414 2722 644 2757 meditatione
670 2723 792 2763 aleret,
820 2736 910 2768 quae
932 2735 976 2757 ne
1003 2722 1191 2767 impedire-

727 124 890 161 DECL.
938 123 1011 160 DE
1045 123 1290 160 BASlLlO
1324 122 1636 162 Episcopo.

1134 2619 1192 2653 sic
1217 2601 1220 2669 i

2141 127 2217 162 680

1221 218 1298 253 tur,
1323 209 1581 256 aliquantisper
1599 223 1618 245 a
1638 212 1771 257 populo
1789 211 1828 248 in
1843 213 2027 258 praedium
2045 225 2147 247 suum
2165 224 2220 247 se-

1223 263 1384 298 cedebat:
1411 263 1498 296 alias
1520 275 1604 296 vero
1626 263 1795 308 prodiens
1816 265 1953 300 alienae
1975 264 2122 299 utilitati
2147 276 2220 299 ser-

1224 315 1325 348 viret.
1376 312 1474 348 Haec
1488 313 1535 348 ita
1548 314 1638 348 facta
1656 326 1741 356 esse,
1766 321 1888 349 narrat
1901 315 2090 351 Eusebius.
2143 314 2222 351 Etsi

1225 372 1340 400 autem
1365 364 1403 398 in
1427 364 1586 410 epistolis
1610 364 1766 399 Basilius
1789 367 2007 401 monasticen
2030 367 2222 402 immodice

1227 416 1424 461 praedicat,
1459 423 1499 450 ut
1521 428 1624 450 suum
1649 416 1779 462 cuique
1801 416 2004 452 institutum
2027 419 2224 457 blanditur,

1226 475 1343 502 tamen
1366 479 1446 501 cum
1470 479 1600 501 munus
1624 468 1774 502 docendi
1794 480 1866 501 non
1886 469 2105 513 deposuerit,
2131 477 2164 504 et
2180 470 2224 503 de

1228 519 1361 554 iustitia
1385 518 1464 552 fidei
1490 519 1577 552 alibi
1599 519 1778 564 praeclare
1802 519 2001 564 scripserit,
2032 521 2225 556 modestius

1228 570 1376 605 sensisse
1399 582 1478 603 eum
1503 570 1682 609 existimo,
1705 582 1810 616 quam
1834 577 1954 615 postea
1970 568 2055 605 haec
2070 571 2225 607 recentia

1228 622 1389 656 examina
1407 619 1663 655 monachorum
1683 629 1879 657 senserunt.

1330 672 1404 707 Nec
1433 673 1495 706 diu
1525 673 1594 707 fuit
1622 673 1661 706 in
1685 671 1739 706 his
1762 673 1923 714 latebris,
1957 673 2018 706 sed
2042 672 2227 719 aliquanto

1231 730 1308 768 post
1329 735 1409 757 cum
1429 722 1554 757 Ariani
1579 724 1694 769 palam
1718 731 1963 771 grassarentur
1980 723 2018 757 in
2035 725 2124 759 urbe
2139 721 2230 758 Cae-

1231 787 1348 816 sarea,
1373 781 1406 808 et
1423 772 1621 820 Episcopus
1646 775 1720 820 ipse
1742 776 2000 819 antagonistam
2027 775 2100 809 illis
2116 787 2230 819 oppo-

1231 826 1389 859 nendum
1408 837 1480 859 esse
1500 833 1676 866 censeret,
1704 827 1876 860 valentem
1896 827 2040 872 iugenio
2057 826 2231 861 eruditio·

1233 889 1294 918 ue,
1326 877 1551 922 eloquentia,
1586 877 1793 920 autoritate,
1828 879 1936 913 mittit
1962 879 2004 912 ad
2029 890 2108 912 eum
2137 878 2231 921 lega—

1233 936 1306 962 tum
1327 927 1541 972 Gregorium
1558 927 1840 971 Nazianzenum,
1867 930 1928 975 qui
1949 930 2132 963 reduceret
2148 939 2229 963 eum

1233 992 1272 1012 ex
1287 979 1480 1013 solitudine
1498 979 1535 1012 in
1553 980 1663 1013 aciem
1681 988 1713 1015 et
1729 980 1863 1025 patriae
1882 981 2024 1025 praelia.
2077 979 2231 1015 Difficile

1233 1037 1306 1064 erat
1332 1028 1515 1064 hominem
1540 1031 1684 1065 doctum
1703 1044 1743 1065 ex
1761 1031 1821 1065 illa
1839 1031 2042 1065 dulcissima
2057 1030 2233 1076 tranquil-

1235 1082 1330 1116 litate
1360 1082 1560 1115 studiorum
1593 1081 1630 1115 in
1659 1083 1791 1117 atrocia
1823 1082 2016 1117 certamina
2047 1083 2234 1116 abducere.

1232 1132 1305 1166 Nec
1323 1133 1353 1166 ei
1373 1133 1491 1177 ignota
1509 1141 1609 1168 erant
1627 1134 1746 1167 omnia
1765 1133 1824 1167 illa
1837 1161 1846 1175 ,
1875 1146 1964 1180 quae
1981 1131 2232 1179 sapientissimi

1235 1182 1397 1217 homines
1429 1191 1462 1217 et
1494 1195 1560 1218 usu
1586 1183 1688 1229 periti
1713 1186 1756 1219 de
1780 1185 1947 1229 fugienda
1972 1184 2233 1228 gubernatione

1235 1235 1488 1270 disseruerunt.
1552 1234 1766 1270 Meminerat
1790 1233 2067 1270 Demosthenem
2095 1235 2235 1276 dixisse,

1236 1286 1263 1318 si
1287 1287 1474 1320 retexenda
1500 1286 1571 1320 vita
1597 1293 1703 1326 esset,
1731 1293 1763 1320 et
1790 1288 1880 1321 duae
1905 1287 1982 1320 viae
2007 1287 2075 1322 sibi
2100 1298 2234 1332 propo-

1237 1344 1424 1371 nerentur:
1452 1337 1560 1371 altera
1579 1344 1672 1371 recta
1691 1339 1824 1372 ducens
1842 1339 1884 1371 ad
1906 1349 2064 1372 summos
2081 1334 2236 1371 honores

1237 1389 1273 1422 in
1297 1387 1515 1433 Republica,
1551 1389 1658 1422 altera
1686 1396 1777 1423 recta
1806 1390 1848 1423 ad
1876 1396 2043 1423 mortem:
2077 1400 2113 1423 se
2135 1400 2235 1423 com-

1237 1440 1472 1473 monefactum
1495 1441 1538 1474 de
1557 1440 1744 1485 periculis,
1770 1441 1888 1485 potius
1906 1441 2146 1485 ingressurum
2163 1450 2236 1473 esse

1238 1504 1318 1524 mox
1348 1492 1444 1525 illam
1476 1492 1590 1533 viam,
1624 1504 1714 1537 quae
1735 1493 1779 1525 ad
1805 1499 1954 1526 mortem
1979 1492 2096 1533 ducit,
2129 1502 2235 1537 quam

1239 1543 1395 1578 alteram.
1451 1541 1518 1577 Sed
1543 1543 1671 1577 sciebat
1694 1542 1864 1583 Basilius,
1892 1543 1996 1577 nobis
2018 1544 2055 1577 in
2080 1540 2236 1577 Ecclesia

1239 1592 1327 1626 hanc
1362 1593 1527 1627 militiam
1558 1595 1808 1639 propugnandi
1841 1593 2027 1639 Evangelii
2062 1593 2238 1628 divinitus

1239 1645 1440 1678 mandatam
1465 1657 1556 1685 esse,
1584 1652 1616 1678 et
1640 1646 1815 1689 cogitabat
1837 1646 1956 1679 omnia
1981 1645 2126 1691 quaein
2144 1642 2238 1678 hanc

1238 1695 1447 1729 sententiam
1473 1696 1529 1740 pie
1550 1696 1718 1729 dicuntur
1736 1703 1856 1730 contra
1875 1703 1973 1730 vetus
1990 1697 2122 1731 dictum
2142 1691 2236 1730 λάθε

1238 1744 1392 1791 βιώσας.
1453 1746 1592 1780 Prodiit
1622 1747 1714 1780 filius
1739 1746 1804 1781 Dei
1834 1760 1906 1780 non
1933 1747 2048 1781 solum
2075 1759 2114 1780 ex
2139 1754 2238 1781 tran-

1241 1798 1417 1843 quillitate
1441 1810 1520 1837 sua,
1547 1798 1606 1831 scd
1627 1798 1730 1832 etiam
1749 1811 1789 1832 ex
1807 1799 1865 1831 illa
1883 1805 2024 1832 aeterna
2043 1798 2178 1842 gloria,
2203 1805 2237 1833 et

1243 1850 1277 1882 iu
1301 1860 1373 1882 sese
1397 1849 1612 1883 tristissimas
1637 1861 1767 1894 poenas
1790 1849 1975 1883 derivavit.
2028 1849 2150 1893 Quare
2173 1860 2239 1884 nee

1243 1912 1305 1933 nos
1328 1901 1370 1933 dc
1388 1907 1508 1934 nostro
1526 1900 1622 1940 ocio,
1648 1901 1690 1934 dc
1707 1901 1878 1935 suavitate
1894 1901 2006 1941 vitae,
2033 1901 2076 1934 de.
2091 1899 2240 1942 deliciis,

1243 1952 1299 1985 sed
1328 1953 1370 1985 de
1399 1953 1564 1985 mandato
1591 1951 1655 1986 Dei
1681 1953 1893 1995 cogitemus.
1929 1959 1964 1987 et
1987 1952 2028 1986 ad
2052 1964 2127 1986 eam
2153 1963 2238 1985 nor·

1243 2015 1333 2035 mam
1365 2003 1511 2036 consilia
1545 2003 1750 2047 dirigamus.
1812 2001 1886 2037 Etsi
1915 2003 2024 2047 igitur
2049 2003 2240 2037 dulcedine

1244 2054 1436 2098 praesentis
1459 2054 1544 2095 ocii,
1571 2061 1604 2089 et
1625 2055 1795 2089 memoria
1814 2054 2045 2094 iniuriarum„
2072 2066 2159 2100 quas
2175 2066 2241 2088 an-

1244 2113 1296 2139 tea
1332 2106 1377 2138 ab
1405 2103 1582 2151 Episcopo
1611 2113 1808 2151 acceperat,
1850 2106 2079 2146 movebatur,
2120 2113 2237 2140 tamen

1243 2157 1384 2202 utrique
1399 2157 1448 2190 rei
1466 2157 1630 2201 praetulit
1643 2154 1819 2191 Ecclesiae
1835 2157 2091 2191 necessitatem.
2142 2157 2240 2192 Scie-

1244 2209 1301 2242 bat
1318 2209 1354 2241 in
1371 2207 1527 2242 Ecclesia
1541 2216 1678 2253 gratum
1695 2209 1849 2242 osticium
1866 2221 1938 2242 esse
1954 2207 2030 2242 Deo
2042 2233 2050 2246 ,
2078 2205 2129 2254 μὴ
2145 2220 2240 2255 μνη-

1244 2261 1423 2294 σικακεῖνῑ
1453 2272 1518 2294 nec
1542 2272 1658 2303 pacem
1683 2260 1790 2293 ullam
1817 2260 2023 2294 diuturnam
2049 2259 2084 2293 in
2109 2260 2239 2303 guber-

1245 2312 1388 2345 natione
1411 2323 1484 2346 esse
1509 2323 1630 2357 posse,
1658 2310 1724 2344 nisi
1749 2311 1888 2356 aliquae
1904 2311 2119 2345 offensiones
2136 2311 2240 2345 dissi-

1246 2363 1446 2403 mulentur,
1479 2374 1518 2396 ac
1541 2363 1686 2396 lenitate
1709 2363 1818 2395 animi
1843 2363 2052 2396 obruantur.
2117 2361 2240 2409 ltaque

1246 2426 1404 2448 reversus
1438 2414 1590 2459 primum
1625 2414 1796 2459 obsequio
1823 2421 1854 2447 et
1879 2414 2052 2448 suavitate
2075 2414 2121 2447 ita
2147 2414 2240 2448 senis

1247 2463 1409 2510 Episcopi
1435 2466 1593 2498 animum
1613 2465 1678 2498 sibi
1699 2465 1875 2504 dex-inxit,
1901 2472 1939 2499 ut
1956 2465 2142 2499 concordia
2161 2477 2240 2499 vere

1245 2525 1276 2550 et
1309 2530 1346 2549 ex
1378 2517 1498 2550 animo
1530 2524 1639 2556 sarta,
1674 2529 1857 2562 nunquam
1888 2517 2017 2550 deinde
2046 2515 2241 2551 dissilit-rit.

1248 2567 1478 2602 Adversarios
1501 2581 1584 2601 vero
1608 2568 1789 2601 doctrinae
1805 2568 2030 2611 incorruptae
2047 2573 2142 2600 tanta
2161 2580 2240 2609 gra-

1247 2620 1353 2653 vitate
1384 2620 1566 2658 refutavit,
1602 2627 1640 2654 nt
1665 2626 1695 2654 et
1723 2617 1897 2653 Ecclesiae
1920 2630 2128 2652 consensum
2155 2620 2238 2653 reti-

1246 2679 1339 2704 neret
1355 2698 1363 2712 ,
1391 2678 1423 2705 et
1448 2672 1549 2716 lupos
1575 2671 1654 2705 illus
1680 2670 1776 2705 brevi
1796 2682 1814 2704 a
1834 2669 1943 2703 caulis
1961 2682 2104 2715 prorsus
2120 2671 2242 2716 depel-

1246 2723 1342 2758 teret.
