2338 2958
183 133 256 168 603

286 214 415 250 Datum
446 217 493 244 est
518 208 671 243 Manna,
706 206 805 238 datae
834 213 970 242 carneS,
1005 211 1165 245 percussa

187 279 290 312 rupes
315 265 409 307 virga
435 259 541 294 Moisi
565 256 688 290 effudit
711 255 825 297 largos
846 254 976 286 fontes:
1005 257 1090 284 tecta
1117 258 1167 284 est

187 315 376 352 multitudo
401 311 514 344 nubae
538 307 694 340 interdiu
717 312 750 338 et
773 311 878 337 noctu
901 301 1051 335 flammis
1067 313 1168 345 prae-

190 365 401 402 lucentibus:
433 361 470 392 in
497 357 636 401 praeliis
657 355 759 388 etiam
783 352 993 387 exhibentur
1018 351 1169 385 illustria

188 413 384 453 testimonia
408 408 621 454 praesentiae
646 404 722 440 Dei.
790 403 950 447 Denique
974 402 1011 434 in
1035 403 1169 435 deserto

187 467 300 500 maior
330 463 396 496 fuit
426 459 536 503 gloria
567 456 673 491 huius
702 455 843 500 populi,
878 465 983 498 quam
1015 463 1171 496 unquam

191 519 334 549 florente
359 523 464 554 regno
489 510 524 541 in
549 515 640 542 terra
659 505 813 540 Canaan.
869 503 938 537 Sed
965 502 1070 535 nimis
1092 502 1172 534 lon-

191 578 270 610 gum
296 569 383 596 esset
405 559 509 593 huius
532 559 638 592 totius
660 555 824 589 historiae
841 554 966 586 seriem
984 553 1072 585 velle
1090 563 1171 595 per-

191 615 298 660 sequi.
358 610 500 646 Omissa
523 609 629 652 igitur
651 607 809 648 longiore
833 603 1036 636 recitatione
1062 612 1173 657 unum

193 664 388 708 exemplum
426 661 571 698 addam,
619 658 655 689 in
690 668 759 700 quo
789 654 999 698 proponitur
1029 651 1173 683 mimfica

192 718 304 758 imago
330 715 371 747 de
397 709 648 755 gubernatione
669 714 697 739 et
719 703 983 738 conservatione
1001 700 1174 734 Ecclesiae

193 766 324 799 divina.

293 840 359 873 Vix
382 845 431 871 est
454 836 519 868 alia
544 833 652 875 magis
676 829 835 863 miranda
859 827 1043 865 revelatio,
1070 838 1176 871 quam

194 905 281 938 quae
314 889 405 923 Most
438 888 524 919 sacta
554 882 736 920 scribitur,
778 878 890 913 Exod.
913 875 1083 910 XXXIII.
1116 875 1177 909 ubi

196 950 339 977 vocatur
357 938 474 972 Moses
497 936 534 967 in
552 932 766 976 colloquium
784 942 862 963 cum
878 928 971 967 Deo,
995 935 1029 960 et
1046 939 1084 960 eo
1102 927 1178 960 loco

195 993 340 1027 dicitur:
369 987 594 1031 Loquebatur
607 982 701 1015 Deus
727 993 804 1013 cum
823 979 924 1012 Mose
948 978 1034 1011 facie
1060 978 1102 1010 ad
1128 977 1180 1009 sa—

195 1045 280 1077 cicm
304 1039 390 1086 (boc
415 1045 483 1076 est,
510 1046 624 1067 coram
645 1039 678 1065 ct
693 1032 783 1064 clara
802 1028 902 1074 voce)
921 1028 1007 1061 sicut
1024 1028 1112 1060 solet
1126 1027 1180 1059 lo-

197 1094 255 1139 qui
286 1090 390 1124 bomo
423 1088 465 1119 ad
496 1085 644 1117 amicum
677 1093 790 1114 suum.
846 1079 887 1112 ln
914 1076 981 1111 hoc
1005 1077 1181 1122 colloquio

197 1144 350 1188 primurn
376 1138 461 1182 petit
486 1135 623 1171 Moses,
666 1138 705 1165 ut
728 1130 822 1164 Deus
847 1130 918 1173 ipse
944 1128 1035 1161 adsit
1057 1128 1182 1170 guber-

197 1201 299 1227 nator
323 1197 355 1223 et
378 1190 446 1220 dux
474 1184 577 1218 liuius
599 1182 740 1227 populi,
780 1180 835 1213 cui
859 1179 957 1212 dedit
980 1179 1125 1210 verbum
1151 1183 1183 1209 et

198 1241 457 1288 promissiones.
525 1234 610 1266 Plus
645 1232 727 1263 satis
767 1229 860 1261 enim
892 1229 961 1260 iam
993 1229 1184 1259 docuerant

200 1295 312 1337 ipsum
347 1286 521 1330 exempla,
556 1288 726 1327 quantum
763 1286 850 1311 esset
880 1277 980 1317 mali,
1013 1276 1184 1320 populum

200 1346 418 1376 deerrantem
450 1349 468 1368 a
502 1334 630 1370 verbo,
664 1331 736 1373 regi
765 1327 919 1361 bumana
951 1327 1121 1370 sapientia
1153 1331 1186 1358 et

200 1391 372 1428 consiliis,
413 1398 491 1420 cum
522 1383 672 1428 populus
702 1382 802 1413 daret
833 1390 962 1422 poenas
992 1376 1187 1414 idolatriae,

201 1450 313 1477 erecto
336 1450 439 1473 aureo
465 1435 596 1472 vitulo,
623 1443 702 1465 cum
719 1429 837 1463 Moses
858 1429 1002 1461 abesset.
1054 1425 1109 1460 Ex
1133 1423 1187 1458 his

201 1493 312 1527 initiis
337 1491 379 1522 de
396 1486 523 1521 suturis
541 1481 796 1517 calamitatibus
815 1478 953 1521 angitur
970 1476 1108 1515 BIoses,
1134 1476 1188 1507 vi-

202 1547 260 1577 det
298 1546 427 1586 quanta
463 1534 616 1580 pericula
653 1533 770 1565 futura
804 1529 875 1562 sint
903 1527 1080 1561 Ecclesiae
1110 1524 1190 1566 Dei,

202 1605 307 1640 qnam
333 1590 400 1623 levi
427 1591 604 1620 momento
627 1594 712 1626 pura
737 1579 898 1612 doctrina
921 1585 954 1611 et
976 1577 1049 1610 veri
1076 1577 1190 1609 cultus

204 1647 439 1686 depraventur
468 1633 632 1668 humanis
664 1629 904 1674 opinionibus.
968 1627 1085 1669 Quare
1117 1637 1190 1682 rne-

206 1695 292 1732 tuit,
318 1703 361 1723 ne
385 1696 418 1721 et
440 1687 475 1719 in
501 1683 566 1717 boc
592 1689 692 1715 coetu
716 1679 938 1722 extinguatur
959 1689 1039 1710 vera
1058 1683 1190 1719 agnitio

205 1744 290 1783 Dei,
325 1748 355 1773 et
381 1736 574 1772 collabefiat
598 1731 772 1768 Ecclesia,
801 1727 1002 1772 praesertim
1027 1738 1106 1760 cum
1130 1738 1192 1782 au-

206 1795 296 1828 diret
321 1787 510 1824 horribiles
538 1781 828 1817 comminationes
857 1779 900 1811 dc
923 1777 1049 1811 suturis
1071 1786 1193 1820 poenis

207 1842 340 1890 populi.

309 1917 368 1951 Sic
392 1913 547 1956 cogitans
567 1909 609 1942 de
628 1905 803 1941 Ecclesiae
825 1903 1003 1949 reliquiis,
1038 1913 1101 1935 nec
1124 1901 1195 1944 ipse

210 1968 343 2004 invenit
367 1965 471 1998 aliam
495 1957 791 1995 consolationem,
827 1966 893 2000 qua
919 1964 991 1986 sese
1015 1957 1197 1990 sustentet,

211 2021 278 2055 nisi
309 2013 557 2062 promissiones
588 2010 684 2042 datas
713 2004 796 2039 liuic
825 2004 956 2049 populo
982 2004 1025 2036 de
1048 2007 1196 2058 venturo

212 2073 398 2104 liberatore
409 2062 560 2098 Christo.
607 2059 674 2091 Sed
692 2069 769 2089 cum
788 2067 884 2088 suam
904 2054 1196 2097 gubernatlonem

214 2123 388 2157 intuetur,
420 2111 585 2152 intelligit
611 2114 741 2153 quanta
762 2107 805 2139 sit
828 2104 1033 2144 difficultas,
1066 2108 1197 2146 quanta

214 2169 386 2216 pericula,
423 2172 455 2197 et
487 2161 712 2195 considerans
742 2156 876 2189 nullam
908 2152 1198 2197 gubernationem

214 2222 372 2255 foelicem
397 2226 466 2248 csse
489 2213 562 2245 sine
582 2209 668 2243 Deo.
723 2207 797 2240 Nisi
821 2213 857 2240 tu
883 2205 953 2249 ipse
978 2215 1040 2236 nos
1061 2214 1199 2246 praece-

216 2274 294 2309 das,
320 2267 430 2311 inquit
446 2292 454 2305 ‚
482 2276 523 2295 ne
548 2262 673 2293 educas
696 2270 760 2291 nos
779 2258 820 2289 de
839 2254 903 2288 lioc
925 2256 1011 2289 loco.
1063 2252 1200 2286 Deinde

216 2334 294 2356 cnm
322 2319 421 2363 petit:
458 2313 617 2346 Ostende
640 2307 725 2342 milii
752 2307 898 2351 gloriani
921 2312 1034 2343 tuam,
1066 2301 1122 2336 bic
1145 2314 1201 2359 rc-

218 2371 363 2417 spondet
383 2367 492 2400 Deus:
524 2362 660 2396 faciem
687 2371 797 2392 meam
821 2357 939 2389 videre
962 2367 1033 2387 non
1058 2360 1201 2397 poteris:

218 2424 275 2457 sed
301 2432 375 2453 ecce
400 2419 494 2449 locus
510 2413 599 2457 apud
621 2423 693 2448 me,
721 2409 780 2441 nbi
800 2406 965 2440 consistes
982 2404 1123 2438 innixus
1139 2415 1203 2459 pe-

219 2483 310 2510 trae,
343 2478 489 2510 cumque
513 2461 674 2498 transibit
700 2459 809 2503 gloria
835 2470 929 2497 inea,
956 2467 1084 2501 ponam
1110 2460 1142 2487 te
1167 2465 1203 2485 tn

218 2520 391 2558 foramine
417 2524 550 2560 petrae,
579 2520 609 2545 et
633 2520 810 2555 protegam
834 2515 866 2541 te
884 2509 1003 2541 dextra
1021 2517 1116 2562 inea,
1141 2504 1205 2559 do-

221 2586 282 2608 nec
308 2568 499 2605 transiero.
528 2572 560 2596 et
583 2564 736 2595 anferam
755 2571 896 2592 manum
915 2569 1046 2595 meam,
1072 2554 1206 2588 videbis

220 2632 254 2660 et
271 2619 460 2667 posteriora
478 2627 569 2649 mea,
596 2614 716 2645 faciem
736 2616 850 2644 autem
867 2620 979 2642 meam
999 2606 1117 2639 videre
1134 2615 1205 2637 non

221 2672 359 2721 poteris.

753 118 911 155 DECL.
942 114 1016 153 DE
1049 113 1339 152 ECCLESIA
1374 114 1628 152 CHRISTI.

2129 115 2204 151 604

1318 199 1414 233 Haec
1428 205 1478 232 est
1495 210 1575 232 vere
1587 199 1742 233 abstrusa
1753 207 1786 234 et
1797 211 1920 234 arcana
1931 199 2091 241 historia,
2116 212 2205 245 quae

1220 251 1282 284 etsi
1304 262 1322 283 a
1346 261 1401 282 me
1425 249 1566 294 quidem
1593 261 1666 282 non
1691 256 1805 293 potest
1827 252 1990 296 explicari
2011 264 2073 296 pro
2090 251 2207 294 digni-

1220 308 1307 340 tate,
1347 311 1410 332 nec
1443 297 1510 332 hoc
1540 305 1676 343 tempus
1709 300 1853 344 patitur:
1895 307 2012 335 tamen
2037 301 2207 344 attingere

1221 351 1337 391 volui,
1368 357 1409 383 ut
1438 349 1675 383 adolescentes
1700 361 1774 383 eam
1798 350 2035 392 considerent,
2069 363 2150 383 nam
2175 357 2209 384 et

1223 401 1419 434 doctrinam
1444 399 1683 442 gravissimam
1698 406 1730 432 et
1749 400 1978 443 gratissimam
1996 401 2209 434 consolatio-

1223 463 1302 484 nem
1333 450 1437 483 nobis
1469 450 1636 493 proponit
1660 450 1703 482 de
1726 448 1902 490 Ecclesia,
1937 462 2040 494 quam
2065 457 2210 485 testatur

1225 502 1262 534 in
1291 498 1355 533 hac
1381 500 1451 533 vita
1476 499 1546 542 tegi
1570 511 1674 532 manu
1695 500 1782 541 Dei,
1815 507 1848 533 et
1871 507 1988 544 postea
2012 501 2210 543 glorifican-

1225 553 1306 584 dam
1335 562 1418 585 esse.
1471 549 1608 594 Sequor
1641 550 1735 582 enim
1766 550 1960 594 simplicem
1992 556 2024 583 et
2049 550 2209 585 usitatam

1226 601 1496 645 expositionem,
1530 601 1711 640 videlicet,
1745 599 1871 633 Mosen
1893 607 2027 644 petere,
2056 606 2095 633 ut
2115 599 2212 634 Deus

1227 657 1481 694 praemonstret
1495 651 1606 684 exitus
1624 651 1730 683 totius
1747 650 2011 692 gubernationis
2027 647 2133 684 liuius
2149 662 2213 694 po-

1229 702 1321 745 puli,
1349 702 1408 745 qui
1425 708 1508 734 tunc
1523 707 1594 734 erat
1608 698 1762 733 Ecclesia
1782 699 1858 735 Dei.

1330 750 1399 783 Hic
1419 750 1514 784 Deus
1541 745 1744 794 respondet:
1778 749 1881 784 Nolle
1911 763 1946 784 se
1971 751 2067 784 cerni
2091 750 2215 783 faciem

1230 812 1347 841 suam,
1373 798 1440 834 hoc
1463 806 1532 841 est,
1557 801 1702 834 consilia
1727 807 1807 834 ante
1831 801 1934 834 finem
1957 806 2216 834 consummatae

1230 850 1416 884 Ecclesiae.
1462 849 1531 884 Sed
1555 851 1693 884 ostendi
1718 851 1820 883 nobis
1845 852 2060 894 posteriora,
2093 851 2128 883 id
2156 855 2218 890 est,

1231 902 1273 934 ad
1300 908 1492 934 extremum
1518 900 1554 932 in
1579 901 1879 934 consummatione
1901 902 2037 934 visuros
2054 912 2126 934 esse
2141 900 2218 943 glo-

1231 951 1332 985 riam.
1385 950 1529 984 Interim
1553 950 1638 984 latet
1659 952 1808 994 populus
1831 952 1868 984 in
1891 952 2064 984 foramine
2082 962 2143 984 seu
2161 961 2218 982 ca-

1232 1013 1338 1034 verna
1365 1007 1499 1045 petrae,
1525 1000 1561 1033 id
1586 1007 1652 1040 est,
1679 1001 1716 1032 in
1739 1001 1911 1044 praesenti
1931 1000 2103 1035 Ecclesia.
2131 1011 2219 1044 quae

1234 1052 1406 1096 premitur
1436 1051 1590 1084 subiecta
1621 1051 1725 1085 cruci.
1780 1051 1849 1085 Sed
1882 1052 2003 1084 innixa
2028 1057 2076 1084 est
2097 1049 2220 1083 Petrae

1233 1100 1393 1141 Christ0‚
1420 1107 1455 1134 et
1469 1101 1596 1143 tegitur
1611 1112 1714 1133 manu
1723 1099 1806 1142 Dei,
1828 1103 1938 1135 donec
1948 1099 2042 1134 Deus
2057 1107 2222 1140 transeat,

1236 1150 1303 1185 boc
1334 1157 1404 1191 est,
1433 1152 1545 1183 donec
1574 1149 1765 1184 Ecclesiam
1798 1158 1990 1185 consumet.
2042 1149 2223 1194 Significat

1235 1202 1328 1234 enim
1345 1199 1440 1233 Deus
1462 1212 1496 1233 se
1521 1201 1667 1233 transire
1691 1207 1763 1234 toto
1781 1207 1936 1245 tempore
1952 1201 2096 1243 mundi,
2123 1207 2157 1233 et
2173 1199 2222 1234 ita

1236 1257 1476 1285 transeuntem
1501 1250 1663 1293 colligere
1688 1251 1755 1283 sibi
1774 1252 1927 1296 aliquam
1945 1250 2158 1293 Ecclesiam,
2185 1250 2224 1282 in

1238 1313 1305 1346 qua
1327 1307 1360 1333 et
1385 1301 1457 1344 ipse
1482 1300 1714 1342 glorificetur,
1738 1307 1771 1333 et
1792 1312 1895 1345 qnam
1920 1301 2072 1333 vicissim
2090 1300 2224 1343 glorifi-

1238 1358 1377 1385 caturus
1405 1350 1449 1383 sit
1481 1350 1518 1382 in
1546 1351 1616 1383 vita
1644 1356 1795 1385 aeterna.
1856 1349 1903 1384 Et
1924 1348 2015 1384 hanc
2035 1350 2227 1393 gubernari

1238 1414 1312 1434 non
1334 1398 1498 1434 humanis
1521 1400 1696 1439 consiliis,
1723 1401 1782 1433 sed
1809 1401 1915 1434 verbo
1933 1398 2119 1443 Evangelii
2137 1400 2228 1433 divi-

1239 1452 1335 1485 nitus
1356 1451 1485 1484 tradito
1508 1451 1552 1483 de
1569 1448 1730 1491 Christ0‚
1758 1457 1790 1484 et
1809 1451 1940 1484 servari
1958 1451 2137 1483 defensam
2154 1461 2228 1483 non

1240 1514 1323 1546 ope,
1345 1511 1377 1534 et
1395 1500 1576 1544 praesidiis
1593 1498 1776 1540 humanis,
1803 1502 1862 1534 sed
1879 1512 1938 1534 sua
1955 1501 2064 1534 solius
2081 1510 2199 1536 manu.

1344 1549 1481 1584 Videtis
1512 1551 1663 1594 proponi
1694 1551 1931 1584 dulcissimam
1963 1551 2152 1594 picturam,
2191 1551 2229 1582 in

1242 1613 1310 1646 qua
1335 1601 1438 1633 etiam
1464 1601 1545 1633 latet
1569 1601 1676 1643 magis
1699 1613 1823 1636 arcana
1848 1601 2010 1635 doctrina
2033 1602 2077 1634 de
2102 1599 2231 1634 illustri

1244 1651 1442 1693 cognitione
1458 1648 1544 1690 Dei,
1570 1663 1637 1694 qua
1655 1651 1811 1684 cernitur
1828 1651 1932 1684 facies
1946 1650 2024 1684 Dei.
2080 1649 2127 1685 Ut
2144 1648 2231 1683 Phi-

1244 1702 1341 1745 lippo
1365 1700 1500 1744 petenti
1523 1712 1540 1732 a
1566 1698 1708 1734 Christo
1732 1701 1797 1734 sibi
1822 1701 1958 1734 ostendi
1983 1699 2141 1739 Patrem,
2176 1712 2231 1733 re-

1245 1751 1393 1796 spondet
1411 1748 1589 1784 Christus:
1616 1748 1798 1795 Philippe‚
1829 1751 1890 1796 qui
1916 1751 2010 1784 videt
2034 1762 2108 1792 me,
2136 1750 2233 1785 videt

1248 1808 1282 1835 et
1305 1800 1458 1834 Patrem.
1511 1799 1562 1833 Ita
1585 1799 1704 1833 Moses
1726 1808 1844 1846 petens
1867 1801 2093 1834 illustriorem
2114 1799 2233 1845 inspe-

1247 1852 1397 1885 ctionem
1412 1849 1497 1888 Dei,
1523 1851 1709 1884 deducitur
1730 1852 1771 1884 ad
1790 1851 1935 1884 verbum
1952 1851 1987 1883 in
2005 1849 2160 1884 Ecclesia
2179 1862 2234 1884 re-

1248 1902 1402 1934 velatum
1433 1901 1476 1933 de
1499 1899 1660 1938 Christo,
1694 1908 1726 1934 et
1753 1902 1917 1941 docetur,
1949 1901 2126 1946 quomodo
2150 1901 2235 1935 velit

1248 1951 1344 1985 Deus
1374 1950 1514 1993 agnosci
1540 1951 1577 1983 in
1601 1950 1777 1991 Ecclesia,
1810 1962 1920 1995 usque
1945 1952 1986 1984 ad
2011 1950 2236 1995 glorificatio—

1250 2014 1348 2042 nem,
1374 2012 1433 2033 seu
1450 2001 1739 2034 resurrectionem
1757 2008 1996 2039 mortuorum,
2023 2013 2101 2034 cum
2119 2002 2234 2035 audit:

1250 2052 1330 2085 Non
1363 2051 1493 2094 poteris
1522 2051 1640 2084 videre
1674 2051 1795 2084 satiem
1820 2063 1950 2090 meam,
1983 2051 2041 2084 sed
2067 2051 2173 2085 stabis
2198 2051 2235 2085 in

1251 2102 1424 2135 foramine
1453 2108 1589 2145 petrae,
1623 2099 1689 2135 lioc
1719 2108 1789 2144 est,
1824 2101 1986 2134 insistens
2008 2098 2149 2135 Christo
2175 2113 2237 2136 seu

1251 2151 1462 2195 Evangelio,
1492 2153 1604 2185 donec
1628 2158 1819 2192 transeam,
1847 2158 1878 2185 et
1900 2151 1947 2185 sic
1967 2151 2104 2185 videbis
2122 2158 2237 2196 poste*

1253 2215 1344 2236 riora
1360 2214 1446 2234 mea.

1357 2251 1405 2285 Ita
1417 2249 1570 2284 Ecclesia
1587 2251 1745 2283 nondum
1762 2258 1872 2295 potest
1891 2252 2009 2284 videre
2018 2250 2152 2293 Deum,
2177 2263 2239 2288 seu

1254 2299 1382 2335 babere
1413 2302 1582 2345 gloriam,
1616 2313 1704 2345 quae
1731 2303 1899 2345 promissa
1931 2308 1997 2335 est:
2032 2303 2091 2335 sed
2124 2301 2240 2338 adhuc

1255 2359 1349 2385 stans
1372 2364 1476 2396 supra
1493 2351 1652 2391 Petram,
1680 2351 1796 2392 idest,
1816 2350 2016 2390 Christum,
2043 2352 2128 2394 fide,
2153 2353 2239 2387 etin

1255 2401 1320 2436 lioc
1340 2403 1511 2436 foramine
1526 2401 1680 2435 subiecta
1697 2403 1789 2435 cruci
1809 2409 1962 2447 expectat
1981 2402 2148 2445 gloriam,
2174 2403 2239 2437 do-

1257 2465 1318 2486 nec
1338 2454 1435 2487 Deus
1457 2452 1631 2486 transierit
1645 2479 1653 2492 ,
1681 2453 1714 2485 id
1732 2460 1800 2491 est,
1827 2460 1934 2486 totam
1950 2450 2138 2486 Ecclesiam
2154 2464 2240 2487 con-

1260 2503 1496 2537 summaverit.
1558 2502 1638 2535 Post
1667 2500 1762 2536 lnmc
1792 2503 1978 2538 transitum
2005 2503 2147 2536 restabit
2172 2504 2241 2538 alia

1258 2562 1396 2588 aeterna
1422 2553 1550 2598 gloria,
1582 2565 1649 2597 qua
1673 2565 1788 2587 coram
1814 2564 1994 2587 cernemus
2018 2550 2150 2592 Deum,
2179 2555 2240 2588 sed

1259 2617 1352 2638 nunc
1383 2611 1518 2638 tantum
1551 2603 1710 2637 xidemus
1743 2603 1965 2648 posterioria,
2004 2600 2071 2637 hoc
2101 2611 2168 2645 est,
2204 2604 2240 2638 in

1260 2656 1364 2689 verbo
1383 2667 1462 2688 eum
1479 2653 1709 2697 agnoscimus.
