2338 2958
175 137 253 175 455

173 233 247 259 tum
271 222 425 256 fecerant
450 219 487 252 in
517 215 726 257 Ecclesiam,
760 226 833 248 non
850 213 999 248 remittit
1016 213 1163 247 omnino

174 285 345 319 poenam,
380 269 514 305 etiamsi
535 279 599 312 pro
622 266 671 300 eis
692 266 945 310 deprecabatur
971 263 1164 298 Nectarius.

173 324 220 358 Et
246 324 387 369 quidem
413 319 530 364 inquit
552 319 702 362 loquens
725 318 768 350 de
791 313 976 357 Ethnicis‚
1012 326 1047 348 se
1069 316 1166 349 nolle

174 377 218 409 ab
235 375 277 407 iis
293 372 426 416 rogari,
449 382 468 403 a
485 369 615 414 quibus
631 366 791 402 Christus
808 379 881 400 non
897 372 1050 409 rogetur.
1095 365 1168 399 Bo-

175 425 341 459 nifacium
372 420 547 455 Comitem
577 430 695 453 severe
728 418 909 461 obiurgat,
943 417 1038 462 quod
1068 417 1168 450 duxit

175 474 352 510 ethnicam
377 472 576 514 coniugem.
631 469 769 504 Rursus
796 469 908 502 multa
932 467 1059 501 leniter
1074 467 1168 501 fecit.

176 526 256 559 ‘Nou
281 523 358 556 vult
380 522 529 556 interfici
553 520 722 560 militem,
749 519 809 564 qui
828 519 998 563 templum
1014 518 1169 551 violave-

177 582 247 615 rat,
275 574 334 607 sed
360 573 456 607 iubet
481 584 560 606 eum
582 570 766 605 admoneri
791 577 825 604 et
849 570 892 602 ad
916 568 1168 613 poenitentiam

178 625 335 659 invitari.
389 623 545 666 Quidam
568 623 760 656 donaverat
779 626 911 653 certum
934 620 1085 653 fundum
1101 617 1170 651 Ec-

178 676 319 716 clesiae,
347 681 425 719 post
444 685 578 707 annum
602 678 733 705 mutata
749 671 948 710 voluntate,
975 669 1101 713 repetit
1118 675 1171 701 ta-

177 727 296 760 bulas:
324 724 544 769 Augustinus
568 735 612 755 ne
631 734 709 756 cum
728 719 873 754 homine
893 720 1081 764 perfidioso
1098 719 1172 753 liti-

178 784 293 821 garet,
321 777 459 810 tabulas
482 774 611 808 reddit.
670 771 753 805 Fuit
771 777 804 804 et
820 771 956 814 privata
979 770 1049 804 vita
1067 770 1172 814 plena

178 828 394 872 optimorum
420 825 678 868 exemplorum,
712 822 903 866 pudicitiae
923 828 955 855 et
971 827 1172 865 temperan-

178 880 254 913 tiae.
307 876 398 911 Odit
414 876 621 914 maledicos,
648 880 688 907 ut
714 873 787 906 eius
805 872 968 905 versiculi
987 878 1172 905 testantur.

178 929 302 962 Fuisse
320 934 494 961 amantem
518 924 695 964 veritatis,
723 923 883 956 indicant
905 923 988 956 libri
1005 928 1173 956 retracta-

179 981 335 1018 tionum,
363 978 459 1022 quod
483 988 564 1010 suos
591 986 726 1009 errores
747 975 897 1017 ingenue
916 974 1044 1007 fatetur
1069 980 1101 1006 et
1116 984 1174 1006 re-

179 1037 306 1064 cantat.
366 1027 535 1071 Egressus
566 1025 859 1070 septuagesimum
886 1036 1019 1057 annum
1051 1024 1173 1057 aetatis

178 1093 259 1114 suae
287 1086 447 1112 mortuus
473 1084 544 1117 est,
577 1089 655 1109 cum
678 1075 884 1120 praefuisset
907 1073 1084 1107 Ecclesiae
1110 1086 1171 1106 an-

180 1143 243 1164 nos
259 1129 490 1174 quadraginta
507 1127 688 1161 foeliciter.
745 1125 899 1158 Accessit
918 1125 978 1157 illa
996 1124 1174 1157 calamitas

179 1183 215 1214 in
241 1181 364 1213 ultima
389 1185 540 1212 senecta:
575 1177 665 1210 vidit
683 1188 702 1209 a
725 1175 895 1207 Vandalis
918 1175 1047 1207 vastari
1077 1172 1173 1207 Afri-

179 1244 271 1270 cam,
317 1230 377 1275 qui
411 1242 490 1262 cnm
528 1227 654 1272 passim
689 1226 807 1259 omnia
843 1224 1008 1268 populari
1044 1230 1174 1264 essent,

180 1284 368 1316 cinxerunt
385 1279 571 1312 obsidione
587 1277 711 1310 urbem
730 1274 996 1319 Hipponensem
1009 1301 1018 1313 ,
1047 1274 1084 1307 in
1106 1286 1174 1319 qua

181 1339 253 1366 erat
278 1330 515 1374 Augustinus,
546 1328 605 1373 qui
629 1334 713 1361 tunc
734 1326 952 1359 luculentum
980 1325 1069 1358 illud
1087 1336 1175 1368 opus

180 1383 370 1422 scribebat,
410 1381 465 1414 cui
506 1379 649 1413 titulum
683 1377 784 1415 fecit,
828 1382 949 1409 contra
981 1373 1173 1410 Iulianum.

180 1433 333 1477 Rogavit
365 1439 481 1465 autem
511 1429 645 1469 Deum,
679 1434 719 1461 ut
743 1427 797 1460 vel
834 1426 1024 1470 depelleret
1048 1424 1174 1467 hostes,

179 1485 234 1517 vel
257 1496 291 1517 se
312 1496 351 1517 ex
369 1480 425 1515 his
446 1481 596 1514 miseriis
619 1485 778 1512 evocaret
801 1478 844 1510 ad
864 1477 1175 1515 immortalitatem,

179 1536 262 1580 quia
278 1546 351 1567 non
370 1539 481 1578 posset
501 1543 573 1565 esse
589 1536 762 1574 spectator
778 1528 1058 1572 expugnationis,
1102 1526 1176 1561 De-

179 1586 279 1620 cessit
293 1585 400 1628 igitur
415 1582 635 1626 Augustinus
653 1592 746 1613 anno
762 1578 909 1612 Domini
933 1578 1173 1623 quadringen-

179 1637 303 1671 tesimo
329 1635 430 1668 tertio
456 1635 605 1667 durante
632 1631 837 1669 obsidione,
862 1636 942 1662 ante
961 1636 1096 1672 captam
1114 1640 1170 1661 ur-

180 1689 271 1721 bem.
325 1685 395 1719 Nec
412 1684 559 1717 excussit
575 1683 604 1716 ei
624 1682 727 1714 fidem
750 1680 808 1713 illa
825 1679 1005 1712 calamitas
1023 1679 1174 1723 publica.

180 1737 270 1770 Cum
298 1736 391 1769 enim
411 1734 642 1768 consuluisset
667 1744 746 1765 eum
763 1731 900 1763 vicinus
917 1728 1114 1773 Episcopus
1131 1730 1174 1762 de

181 1790 282 1831 suga,
317 1799 361 1819 an
386 1785 607 1830 quaerendae
629 1789 742 1816 essent
768 1781 937 1821 latebrae,
971 1781 1072 1813 iussit
1094 1792 1173 1813 eum

181 1838 400 1879 Augustinus
431 1849 503 1869 non
532 1836 689 1868 deserere
722 1831 934 1871 Ecclesiain3
982 1831 1045 1864 etsi
1079 1831 1174 1864 enim

180 1890 304 1923 ruebat
321 1887 528 1931 imperium,
558 1893 675 1919 tamen
695 1882 770 1916 Deo
789 1880 982 1915 Ecclesiam
998 1893 1101 1914 curae
1119 1881 1176 1914 su-

181 1948 296 1974 turam
320 1951 402 1972 esse.
456 1935 571 1981 Atque
596 1936 641 1968 ita
665 1933 800 1967 accidit.
853 1932 944 1966 Nam
965 1943 1083 1976 preces
1101 1930 1174 1964 Au-

182 1991 313 2033 gustini
356 1996 389 2022 et
430 1989 580 2020 aliorum
615 1985 756 2029 piorum
789 1995 862 2015 non
904 1988 1002 2015 erant
1043 1982 1175 2016 irritae.

182 2044 398 2085 Quanquam
427 2039 520 2072 enirn
547 2037 630 2070 urbs
648 2034 890 2079 Hipponensis
911 2041 1008 2076 capta
1026 2040 1094 2073 est,
1124 2040 1176 2067 ta-

183 2105 263 2124 men
289 2092 393 2135 paulo
420 2096 516 2134 post,
553 2086 617 2121 hoc
649 2087 782 2119 bellum
811 2085 968 2117 sedatum
995 2091 1062 2123 est,
1097 2095 1175 2117 cum

184 2142 353 2175 vandalis
371 2142 471 2173 datae
487 2145 602 2173 essent
619 2138 716 2171 sedes
732 2137 768 2168 in
785 2134 922 2176 Africa,
949 2147 986 2168 ac
1002 2136 1176 2168 durarunt

183 2193 230 2225 ihi
260 2191 434 2226 Ecclesiae
469 2201 580 2223 annos
612 2189 684 2221 sere
707 2188 877 2220 ducentos
906 2193 981 2229 post
1007 2184 1176 2228 Augusti-

184 2256 279 2278 num.
333 2242 404 2275 Alii
429 2243 540 2274 solent
559 2241 687 2273 addere
705 2237 985 2281 comparationes
1009 2237 1044 2269 iu
1064 2236 1174 2280 epilo-

182 2294 506 2335 gislaudationum,
529 2302 678 2337 quorum
691 2288 878 2322 consilium
892 2300 962 2320 non
984 2288 1174 2320 admodum

185 2346 315 2389 probo,
343 2344 409 2376 nisi
438 2342 588 2376 docendi
613 2352 715 2375 causa
740 2340 798 2373 fiat
821 2339 974 2372 collatio.
1027 2337 1173 2371 Prodest

184 2395 416 2433 considerari,
451 2394 534 2439 quid
563 2393 731 2436 cuiusque
754 2390 880 2434 scripta
914 2389 1017 2422 nobis
1040 2390 1174 2422 condu-

184 2453 273 2479 cant.
334 2445 523 2486 Augustini
551 2444 651 2477 lectio
677 2442 819 2487 prodest
852 2441 887 2474 in
916 2441 987 2473 illis
1009 2439 1174 2479 materiis,

185 2509 270 2542 quas
292 2497 447 2529 tractavit
461 2523 469 2534 ,
496 2508 557 2528 nec
576 2507 658 2527 vero
679 2493 862 2538 quisquam
880 2491 1039 2524 tractavit
1057 2491 1174 2535 plnres

186 2548 358 2581 materias.
419 2546 564 2589 Scripsit
588 2546 775 2587 diligenter
795 2545 838 2575 de
857 2542 1051 2580 Trinitate,
1080 2541 1171 2574 resu—

183 2599 270 2631 tavit
302 2594 527 2631 Manichaeos
563 2603 594 2629 et
631 2595 813 2629 Attianos.
885 2593 993 2626 Docet
1033 2603 1097 2625 nos
1128 2593 1171 2624 de

182 2649 310 2691 gratia,
339 2656 368 2681 et
397 2650 439 2680 de
468 2647 600 2679 iusticia
627 2647 703 2679 fidei
733 2647 767 2678 in
795 2645 1005 2678 refutatione.
1031 2643 1170 2685 Pelagii.

182 2699 290 2734 Docet
319 2701 362 2733 de
392 2698 547 2733 Ecclesia
581 2698 615 2730 in
654 2696 863 2731 refutatione
894 2695 1170 2730 Donatistarum.

772 126 933 164 DECL.
985 125 1059 163 DE
1093 126 1237 164 VITA
1271 125 1615 175 AUGUSTINL

2131 130 2206 169 456

1217 212 1373 247 Tantum
1389 213 1432 246 de
1449 212 1690 255 dogmatibus,
1716 219 1750 246 et
1766 219 1836 247 tam
1852 215 1970 256 utilia,
1996 227 2060 250 nec
2074 215 2206 252 Hiero-

1218 275 1345 310 nymus
1367 275 1432 296 nec
1448 263 1635 308 quisquam
1652 262 1743 296 alius
1761 264 1912 308 scripsit.
1942 265 2129 301 Caeterum
2145 268 2207 301 alii

1219 315 1329 348 sancti
1353 314 1421 347 viri
1441 313 1520 347 aliis
1543 313 1734 348 virtutibus
1757 315 2004 352 excelluerunt.
2057 317 2127 352 Sed
2154 325 2208 352 ta-

1220 377 1300 398 men
1317 364 1535 399 anteferendi
1552 370 1634 398 sunt
1657 364 1710 397 illi
1721 388 1731 402 ,
1759 365 1820 409 qui
1837 365 1876 397 in
1891 367 2208 408 administratione,

1222 417 1257 449 in
1273 415 1458 460 periculis,
1486 415 1523 447 in
1540 415 1612 448 acie
1629 414 1757 448 versati
1775 422 1876 455 sunt,
1903 428 1983 450 cum
2005 419 2131 452 caeteri
2155 431 2208 453 es-

1221 474 1297 501 sent
1315 465 1435 501 ociosi.
1481 464 1641 499 Recitavi
1660 463 1844 499 historiam
1862 463 2051 510 Augustini
2068 477 2210 514 propter

1222 518 1469 551 adolescentes.
1502 515 1609 558 Quod
1627 515 1721 549 enim
1737 516 1935 560 exemplum
1951 518 2060 561 magis
2074 516 2211 553 hortari

1223 579 1287 601 nos
1304 568 1346 601 ad
1364 566 1521 601 discendi
1539 578 1658 600 curam
1676 573 1805 610 potest,
1831 579 1935 612 quam
1956 565 2041 601 haec
2067 569 2140 613 ipsa
2154 567 2212 603 hi-

1223 618 1356 652 storia?
1410 617 1579 650 Videmus
1602 617 1663 662 qui
1688 617 1815 650 fluctus
1841 617 2016 662 excipiant
2040 629 2117 657 eoS,
2150 619 2212 664 qui

1223 667 1390 702 Ecclesiis
1413 668 1608 712 praefuturi
1630 673 1731 708 sunt,
1754 679 1818 701 nec
1839 679 1939 711 posse
1961 669 2213 712 gubernatores

1224 725 1356 753 tantam
1388 719 1518 751 molem
1547 718 1740 758 sustinere,
1771 717 1848 751 sine
1878 730 2004 762 magna
2033 719 2215 754 doctrinae

1225 769 1324 813 copia
1339 776 1373 803 et
1387 769 1565 804 varietate.
1600 768 1671 803 Tot
1686 781 1724 802 ac
1741 775 1813 802 tam
1830 769 1945 802 varias
1960 770 2215 804 controversias

1224 819 1388 854 tractavit
1406 817 1643 862 Augustinus,
1669 819 1798 864 quibus
1822 819 1924 853 nullo
1938 821 2044 854 modo
2059 832 2124 865 par
2143 831 2216 854 esse

1226 871 1415 915 potuisset,
1437 869 1507 902 nisi
1530 876 1565 903 et
1587 869 1778 913 multiplici
1800 870 2001 904 eruditione
2025 871 2217 905 instructus

1225 921 1368 962 fuisset,
1395 927 1428 954 et
1445 920 1623 953 assiduum
1643 920 1801 953 studium
1817 918 2048 962 adhibuisset,
2073 929 2111 956 ut
2130 933 2217 966 pro-

1226 978 1394 1006 moveret.
1445 969 1558 1004 Docet
1574 971 1631 1014 pia
1648 977 1787 1015 pectora
1804 970 1958 1015 Spiritus
1974 979 2131 1013 sanctus,
2155 972 2217 1005 sed

1227 1024 1320 1056 dona
1347 1021 1414 1055 Dei
1437 1022 1604 1054 discendo
1627 1021 1808 1054 excitanda
1832 1028 1865 1055 et
1887 1023 2097 1056 cumulanda
2123 1028 2219 1063 sunt,

1227 1074 1316 1107 sicut
1333 1072 1464 1105 Paulus
1480 1069 1642 1105 hortatur
1659 1068 1908 1112 Timotheum,
1935 1080 1974 1107 ut
1989 1072 2033 1106 sit
2057 1073 2218 1106 assiduus

1227 1125 1264 1156 in
1290 1123 1458 1162 lectione,
1494 1129 1528 1156 et
1553 1121 1664 1155 addit:
1702 1121 1784 1154 Non
1809 1123 1963 1166 negligas
1985 1124 2118 1157 donum
2141 1121 2219 1156 Dei.

1229 1173 1366 1217 Ignavis
1384 1173 1477 1205 dona
1495 1171 1560 1206 Dei
1579 1171 1746 1212 effluunt,
1768 1171 1858 1206 sicut
1882 1173 2035 1207 ostendit
2052 1171 2218 1217 parabola

1227 1225 1272 1257 de
1299 1223 1442 1257 talento.
1504 1221 1681 1265 Tempora
1703 1222 1806 1255 etiam
1825 1234 1890 1256 nos
1914 1232 2096 1265 moveant,
2122 1231 2161 1258 ut
2181 1224 2219 1257 in

1228 1284 1350 1308 omnes
1368 1273 1478 1306 bonas
1495 1272 1719 1316 disciplinas,
1746 1284 1836 1317 quae
1860 1281 1943 1307 sunt
1956 1273 2132 1308 Ecclesiae
2155 1286 2219 1308 nez

1229 1324 1414 1364 cessariae,
1450 1323 1581 1356 maiore
1616 1323 1749 1367 impetu
1781 1323 2040 1358 incumbamus:
2080 1325 2220 1359 Videtis

1230 1376 1323 1409 enim
1342 1386 1415 1407 non
1432 1385 1532 1418 posse
1554 1373 1630 1407 sine
1645 1373 1826 1406 acerrimis
1843 1374 2130 1409 dimicationibus
2152 1387 2220 1419 pu-

1229 1427 1367 1460 ritatem
1385 1426 1566 1458 doctrinae
1582 1424 1742 1458 retineri.
1799 1423 1985 1459 Conantur
2001 1437 2076 1459 eam
2094 1427 2221 1459 adver-

1229 1477 1311 1510 sarii
1334 1475 1523 1520 multiplici
1547 1472 1747 1518 Sophistica
1771 1475 1934 1511 obruere.
1994 1475 2066 1510 Nec
2089 1476 2220 1510 desinit

1229 1527 1392 1561 diabolus
1409 1527 1560 1560 subinde
1576 1526 1680 1559 falsas
1695 1526 1883 1570 opiniones
1899 1537 2023 1568 serere,
2045 1533 2084 1561 ut
2101 1527 2220 1561 offun-

1228 1580 1288 1612 dat
1312 1577 1460 1611 incautis
1483 1577 1618 1622 aliquid
1643 1577 1789 1617 erroris,
1816 1584 1855 1611 ut
1878 1577 1959 1611 fecit
1982 1577 2018 1611 iu
2039 1577 2219 1612 Paradiso.

1229 1628 1349 1671 Quare
1378 1628 1530 1661 subinde
1558 1627 1766 1660 exoriuntur
1798 1639 1910 1660 novae
1934 1628 2149 1668 discordiae,
2181 1639 2222 1662 ac

1228 1680 1332 1724 plane
1351 1679 1406 1717 fit,
1433 1685 1472 1712 ut
1492 1678 1528 1710 in
1547 1677 1655 1710 veteri
1673 1676 1864 1711 Comoedia
1884 1678 2030 1712 dicitur:

1278 1757 1389 1799 ἆτερὸς
1413 1757 1491 1797 πρὸς
1513 1755 1624 1796 ‹ir-‘9122‘
1647 1755 1802 1797 ἀλείφεται
1822 1760 1903 1796 χεῖρε
1927 1768 1957 1787 τε
1980 1754 2165 1789 ὑπκονιέῐαι.

1230 1836 1291 1870 Est
1321 1836 1428 1879 igitur
1461 1845 1549 1878 opus
1576 1832 1755 1867 Ecclesiae
1784 1834 1886 1867 bonis
1921 1840 1953 1868 et
1982 1835 2093 1868 doctis
2124 1836 2222 1877 viris,

1230 1899 1382 1932 quorum
1418 1897 1502 1917 voce
1530 1891 1563 1918 et
1599 1885 1737 1928 scriptis
1765 1885 1980 1928 propugnari
2009 1885 2121 1928 gloria
2154 1885 2222 1920 Dei

1231 1938 1349 1982 possit.
1402 1935 1456 1969 Ad
1490 1932 1573 1968 haec
1597 1935 1787 1968 certamina
1814 1947 1875 1968 vos
1901 1943 2123 1980 praeparate,
2157 1948 2221 1971 nec

1231 2001 1291 2021 vos
1312 1987 1438 2021 iudicia
1460 1986 1684 2019 indoctorum
1701 1987 1909 2020 deterreant.
1963 1986 2102 2027 Midae,
2127 1986 2222 2020 Cen-

1231 2039 1342 2078 tauri,
1366 2045 1398 2071 et
1414 2037 1540 2080 vulgus
1567 2037 1692 2080 partim
1715 2042 1965 2075 contemnunt,
1992 2037 2119 2080 partim
2135 2039 2222 2071 ode-

1231 2098 1313 2124 runt
1337 2090 1469 2123 literas:
1497 2099 1618 2120 verum
1636 2099 1676 2120 eo
1695 2087 1826 2119 maiore
1842 2087 2023 2128 diligentia
2043 2088 2086 2120 ab
2102 2088 2222 2122 omni-

1231 2142 1296 2174 bus
1322 2141 1387 2184 piis
1411 2146 1444 2173 et
1466 2138 1664 2172 amantibus
1688 2135 1899 2177 Ecclesiam,
1932 2139 2083 2172 tuendae
2105 2146 2138 2174 et
2159 2151 2220 2173 or·

1231 2193 1368 2224 nandae
1391 2197 1484 2224 sunt.
1537 2190 1656 2232 Quare
1680 2188 1880 2221 intueamur
1904 2188 1939 2221 in
1964 2189 2121 2234 exempla
2143 2190 2221 2235 pio-

1231 2256 1327 2283 rum,
1362 2241 1483 2281 Pauli,
1519 2239 1729 2282 Augustini.
1764 2238 1965 2277 Ambrosii,
1998 2246 2030 2273 et
2055 2241 2221 2281 aliorum,

1230 2295 1289 2339 qui
1309 2306 1386 2327 eum
1406 2291 1535 2326 suerint
1552 2289 1818 2327 studiosissimi,
1846 2290 2034 2324 excitemus
2050 2303 2114 2324 nos
2130 2303 2220 2337 quo-

1230 2358 1297 2390 que
1321 2346 1364 2378 ad
1387 2343 1544 2377 discendi
1569 2353 1710 2383 curam,
1744 2353 1848 2386 quam
1875 2341 2018 2386 quidem
2050 2342 2220 2387 praecipit

1229 2396 1382 2440 Spiritus
1398 2402 1554 2434 sanctus,
1582 2392 1761 2438 iuquiens:
1792 2391 1946 2426 Verbum
1966 2390 2030 2426 Dei
2051 2393 2142 2428 inter
2157 2403 2220 2426 vos

1228 2448 1395 2482 abundet.
1450 2445 1544 2481 Dixi.
