2338 2958
82 109 133 146 49

79 193 171 230 Deo.
232 191 281 228 Et
301 191 464 238 quamvis
486 203 588 225 verae
613 189 830 236 Theologiae
849 192 1021 226 Doctores
1042 196 1076 223 et

81 244 266 290 discipuli,
290 243 363 278 sive
389 240 628 283 patriarchas,
662 244 735 276 sive
756 242 843 276 alios
859 249 999 276 sanctos
1019 252 1075 273 re-

81 295 287 340 spiciamu5‚
315 292 495 327 Habelicis
522 300 689 338 perpetuo
709 293 856 326 subiecti
879 299 960 326 sunt
982 291 1076 336 peri—

79 345 170 380 culis
198 345 257 390 (ut
286 343 435 379 Satanae
462 344 584 377 odium
610 356 792 389 nunquam
825 344 950 386 cessat)
977 343 1075 375 duris

80 395 349 434 certaminibus,
372 401 406 428 et
423 395 529 427 variis
547 395 717 438 agonibus
737 394 978 427 conflictantes
995 405 1072 425 cum

79 446 224 481 diabolo
259 451 294 480 et
325 446 480 486 mundo,
516 452 550 479 et
580 445 740 490 quamvis
773 445 871 488 impii
904 450 1071 488 perpetuo

80 503 224 532 teneant
241 496 384 530 titulum
401 494 509 537 Cain,
537 493 603 529 hoc
622 502 689 536 est,
716 495 942 539 possessoris,
976 495 1071 539 quod

78 559 186 592 regna
220 546 441 591 possideant,
474 551 644 591 quaerant
677 557 777 588 opes,
813 546 978 579 fruantur
1009 557 1072 578 vo-

79 597 293 643 luptatibus,
316 595 471 630 habeant
487 597 662 639 ingentem
681 596 847 639 gloriam,
877 603 910 629 et
928 595 1069 641 quidem

79 655 262 694 praetextu
297 647 455 681 iusticiae
492 653 748 692 persequantur
779 644 992 686 Ecclesiam,
1032 653 1069 679 ut

78 698 168 734 Cain
200 699 236 732 in
262 699 405 732 fratrem
428 697 542 730 Habel
574 697 765 731 saeviebat:
803 704 919 730 tamen
948 709 1070 730 omnes

78 747 219 784 honesti
248 756 281 783 et
312 749 361 793 pii
392 746 570 789 homines,
603 748 788 792 praecipue
821 749 1069 786 adolescentes,

78 800 319 845 cuiuscunque
332 799 403 833 sint
416 799 572 839 ordinis,
600 800 837 844 quodcunque
852 800 993 832 tandem
1013 799 1067 831 in-

79 851 285 895 grediantur
306 849 504 883 studiorum
529 850 612 890 iter,
640 850 712 882 sive
732 850 906 883 bonarum
929 850 1070 890 artium,

76 902 150 935 sive
175 901 262 935 iuris
287 900 514 946 prudentiae,
545 897 639 933 hunc
661 898 832 934 honorem
860 901 989 934 debent
1006 897 1066 932 ha—

77 953 162 986 bere
179 952 271 993 Deo,
304 958 343 985 ut
369 951 474 984 sacris
499 951 610 984 literis
638 957 672 985 et
699 949 915 994 Theologiae
932 951 1066 984 studio-

77 1003 124 1036 sis
142 1002 234 1047 (sine
249 1013 318 1047 qua
335 1003 377 1035 ad
396 1002 519 1040 finem,
546 1002 584 1034 in
602 1013 705 1046 quem
731 1008 867 1035 creatus
885 1009 935 1035 est
950 999 1067 1042 homo,

78 1053 256 1097 perveniri
271 1064 343 1085 non
362 1050 491 1097 potest)
511 1049 683 1085 honorem
709 1064 884 1086 summum
903 1050 1066 1088 habeant.

76 1102 123 1137 Et
139 1115 219 1144 nos,
245 1103 372 1148 quibus
388 1104 576 1135 mandatur
590 1103 769 1146 provincia
782 1104 932 1137 docendi
946 1102 1067 1136 Evan—

75 1153 177 1197 gelii,
205 1153 343 1186 tametsi
368 1153 581 1193 vocationis,
614 1160 648 1187 et
672 1154 723 1186 rei
747 1160 863 1187 tantae
889 1154 1066 1197 magnitu-

75 1205 121 1238 do
139 1203 263 1237 merito
288 1215 353 1237 nos
369 1203 538 1238 sollicitos
556 1205 708 1243 detinet,
737 1211 777 1238 ut
799 1205 836 1238 in
854 1205 980 1238 timore
998 1204 1064 1238 Dei

75 1266 131 1288 res
146 1261 259 1288 tantas
284 1254 588 1295 administremus,
620 1262 737 1288 tamen
757 1256 884 1299 gratias
903 1268 942 1288 ex
961 1256 1064 1289 corde

74 1304 172 1339 Patri
191 1305 329 1338 coelesti
354 1317 456 1348 agere
473 1306 659 1344 debemus,
687 1308 782 1350 quod
804 1307 933 1340 relictis
950 1307 986 1339 in
1003 1318 1064 1339 sua

75 1356 240 1389 caecitate
258 1362 311 1389 tot
326 1353 526 1400 Epicureis,
554 1363 605 1389 tot
620 1357 752 1389 acerbis
768 1355 929 1390 hostibus
945 1355 1065 1389 Evan-

75 1406 157 1450 gelii
191 1412 223 1438 et
247 1405 448 1448 religionis,
484 1412 535 1439 tot
560 1403 771 1450 hypocritis,
804 1414 837 1440 et
869 1404 1064 1439 Pharisaeis

75 1456 254 1500 superbis,
287 1462 337 1489 tot
366 1456 640 1489 admiratoribus
665 1457 850 1490 obstinatis
881 1454 986 1489 huius
1011 1468 1064 1489 se-

75 1507 166 1547 culi,
195 1506 298 1540 nobis
322 1506 471 1539 infirmis
493 1513 525 1539 et
550 1507 705 1549 indignis
730 1505 913 1549 Evangelii
938 1507 1064 1546 lucem,

75 1565 108 1592 et
123 1558 257 1602 aliquas
280 1564 395 1591 tamen
412 1557 582 1591 scintillas
606 1557 750 1600 spiritus
765 1555 897 1590 Christi
917 1557 1064 1597 dederit,

75 1606 139 1642 has
163 1608 353 1652 primitias,
383 1605 478 1641 hunc
503 1608 711 1640 arrabonem
729 1608 931 1641 coelestium
949 1608 1065 1641 bono-

73 1671 154 1692 rum
172 1666 205 1692 et
221 1665 381 1692 aeternae
398 1658 508 1699 vitae,
535 1658 702 1691 omnibus
725 1659 871 1702 opibuS,
898 1658 1064 1692 omnibus

75 1710 202 1743 mundi
227 1709 344 1753 regnis
376 1709 488 1752 pluris
513 1709 749 1744 aestimemus,
810 1708 973 1742 Habeant
996 1709 1063 1742 sibi

75 1772 173 1794 suam
210 1760 421 1803 praeclaram
457 1759 730 1800 beatitudinem,
768 1766 801 1793 et
830 1760 889 1792 illa
925 1760 1064 1802 gaudia,

76 1810 229 1855 quisine
246 1809 341 1849 Deo,
369 1810 443 1842 sine
465 1810 653 1852 religione,
681 1811 874 1843 carnalium
891 1810 1061 1854 cupidita-

76 1868 151 1894 tum
176 1861 271 1893 rabie
293 1860 447 1900 incitati,
479 1857 645 1894 anhelant
669 1860 734 1894 toti
758 1862 801 1893 ad
824 1862 1007 1894 commoda
1031 1867 1063 1894 et
1088 1902 1089 1907 1

76 1911 273 1954 voluptates
290 1907 396 1943 huius
412 1910 554 1951 mundi,
581 1917 615 1943 et
631 1923 713 1954 prae
729 1911 800 1943 illis
816 1917 923 1945 totam
943 1909 1062 1945 Theo·
1087 1912 1090 1936 l

75 1961 204 2004 logiam
216 1988 224 2001 ,
250 1967 432 2005 totumque
450 1957 682 2003 Evangelium
699 1973 772 1994 non
789 1962 895 1995 unius
911 1962 995 1995 assis
1011 1962 1063 1995 fa-

75 2012 194 2052 ciunt,
223 2023 293 2045 non
311 2023 402 2044 cassa
421 2023 508 2044 nuce
523 2018 680 2055 emptum
696 2011 764 2045 sibi
780 2013 899 2047 velint.
953 2012 1063 2055 Quic-

75 2062 160 2107 quid
186 2063 248 2102 sit,
283 2062 338 2094 vel
367 2061 578 2106 experientia
610 2062 720 2104 ipsius
754 2064 878 2095 mundi
907 2070 1063 2104 testatur,

76 2113 156 2146 illos
183 2112 311 2146 versari
329 2113 364 2145 in
388 2112 521 2146 incerto
541 2121 573 2146 et
590 2113 746 2153 lubrico,
768 2121 805 2147 ut
822 2111 982 2147 Christus
998 2114 1062 2148 ait:

78 2163 172 2206 Quid
195 2164 334 2208 prodest
351 2164 510 2202 tandem,
545 2163 574 2196 si
590 2175 681 2196 unus
700 2161 891 2197 homuncio
911 2165 1064 2209 potiatur
1088 2182 1090 2188 x

77 2226 213 2252 rerum,
241 2222 331 2247 terra
347 2214 506 2259 marique
529 2221 652 2258 potens
670 2214 732 2254 sit,
760 2221 941 2260 totumque
960 2216 1063 2249 deni·
1089 2229 1090 2261 ᾗ

77 2276 146 2310 qne
162 2266 333 2297 mundum
350 2276 442 2297 unus
461 2262 602 2305 habeat,
628 2265 656 2298 si
672 2265 808 2298 animae
826 2267 991 2299 iacturam
1009 2267 1060 2300 fa·
1089 2262 1091 2311 J

77 2315 170 2349 cin?
221 2313 297 2357 Ego
320 2327 401 2347 vero
428 2313 483 2348 hic
511 2313 635 2349 hortor
661 2328 782 2349 omnes
816 2317 890 2361 pios
916 2317 1063 2355 animos,
1089 2318 1091 2333 ¹

77 2365 296 2410 potissimum
324 2365 578 2404 adolescentes,
621 2374 764 2411 propter
796 2379 883 2412 quos
916 2368 1064 2401 maxime.
1090 2366 1091 2402 l

76 2414 142 2450 hae
176 2428 321 2460 pompae
353 2416 390 2448 in
420 2417 628 2461 gymnasiis,
671 2419 712 2450 ad
746 2420 1061 2452 commendandam
1089 2421 1092 2460 l

76 2467 282 2510 dignitatem
308 2467 488 2500 literarum
516 2474 548 2500 et
566 2468 745 2511 religionis
762 2470 999 2509 adornantur,
1025 2477 1064 2503 ut
1089 2470 1092 2525 l

76 2519 160 2551 inde
179 2518 222 2551 ab
242 2518 386 2550 ineunte
410 2524 519 2550 aetate
540 2519 769 2552 assuefaciant
787 2533 820 2553 se
839 2521 878 2552 ad
898 2533 1063 2553 reveren—

77 2569 160 2603 tiam
188 2577 220 2603 et
245 2580 398 2601 amorem
421 2568 620 2611 religionis,
653 2576 761 2615 utque
777 2572 819 2604 de
841 2569 904 2604 hac
916 2571 1064 2605 sanctis-

77 2620 163 2652 sima
199 2619 414 2663 professione
449 2619 534 2664 (etsi
571 2617 745 2664 Theologi
773 2619 934 2654 homines
970 2621 1092 2669 sint)3

76 2670 256 2711 magnifice
281 2670 433 2703 sentiant
457 2677 488 2703 et
513 2670 714 2715 loquantur.
775 2672 863 2706 Nam
883 2680 915 2707 et
940 2684 1062 2707 secuu-
1089 2677 1092 2708 l

129 2723 306 2754 Mun-Tu.
328 2723 418 2754 Ormi
459 2723 521 2753 Vm
559 2723 620 2756 XI.

591 104 749 142 DECL.
785 104 858 141 DE
890 101 1162 140 ENCOMIO
1196 101 1633 148 ELOQUENTIAE.

2079 108 2128 143 50

1129 189 1213 223 dum
1233 197 1455 233 praeceptum
1473 187 1637 234 Decalogi
1655 187 1720 224 hoc
1736 192 1902 235 postulat,
1932 199 1969 227 ut
1989 206 2118 229 nomen

1127 238 1193 273 Dei
1219 240 1263 273 ab
1286 240 1385 272 omni
1412 248 1567 274 creatura
1599 242 1739 274 maximi
1774 244 1966 286 pendatur,
2002 252 2035 279 et
2058 248 2121 279 ad-

1129 298 1266 324 oretur:
1294 287 1356 323 has
1374 302 1456 323 vero
1474 289 1672 335 prophanas
1690 305 1804 334 voces,
1827 300 1993 338 tanquam
2013 307 2119 330 vene-

1127 349 1206 375 nata
1234 341 1364 384 spicula
1383 340 1533 374 Satanae
1558 343 1710 385 fugiant,
1739 343 1868 388 quibus
1892 342 2117 389 'l‘heologiaQ

1127 400 1187 426 aut
1211 389 1475 435 Theologorum
1501 404 1629 425 nomen
1656 393 1781 427 ironiis
1806 395 1939 428 acerbis
1965 397 2117 439 exagita-

1127 449 1203 481 tur,
1232 454 1319 487 quae
1345 443 1480 475 animos
1502 449 1638 475 teneros
1663 444 1827 486 efferare,
1854 451 1887 478 et
1911 453 2115 491 contemptu

1126 493 1307 536 religionis
1325 493 1360 525 in
1378 504 1516 526 omnem
1534 493 1705 538 reliquam
1723 502 1867 529 aetatem
1887 496 2055 538 imbuere,
2082 506 2115 532 et

1125 556 1262 576 veneno
1285 543 1438 577 satanico
1466 543 1643 584 incautm,
1685 551 1723 577 ut
1749 558 1819 578 non
1845 547 1946 579 facile
1977 548 2114 582 eluatur

1126 602 1254 638 postea,
1279 594 1418 627 inficere
1434 594 1558 627 solent.
1593 593 1685 628 Satis
1704 595 1796 627 enim
1816 598 1948 639 negocii
1969 595 2112 637 habent,

1123 646 1276 690 satisque
1292 645 1491 679 certaminis
1510 643 1547 677 hi
1567 645 1626 690 qui
1645 645 1805 689 suspiriis
1824 653 1855 679 et
1878 649 2036 682 oratione
2058 650 2112 682 in-

1124 696 1299 729 desinenti
1326 697 1563 736 contendunt‚
1588 702 1626 729 ut
1647 696 1684 728 in
1703 707 1820 729 amore
1838 697 2018 740 religionis
2038 712 2111 733 ma-

1123 754 1247 788 neant,
1282 753 1420 780 tantum
1447 747 1562 786 abest,
1589 753 1628 779 ut
1657 758 1729 779 non
1760 747 1805 780 sit
1834 749 2047 791 periculum,
2082 752 2110 784 si

1123 798 1200 842 quis
1227 810 1322 830 more
1345 796 1480 842 Cynico
1509 797 1545 829 in
1571 797 1679 830 risum
1712 797 1899 843 iocumque
1922 807 2032 832 vertat
2057 813 2110 835 res

1124 855 1254 889 tantas,
1282 849 1319 880 in
1341 860 1490 893 quarum
1517 848 1621 889 digna
1639 848 1872 882 admiratione
1894 849 1950 882 vix
1975 852 2110 896 magnis

1123 899 1374 933 certaminibus
1398 911 1434 931 se
1460 898 1628 939 retinent,
1661 899 1732 944 imo
1757 911 1774 931 a
1799 899 1871 933 Deo
1900 901 2109 940 retinentur,

1122 950 1183 995 qui
1204 963 1282 983 vere
1298 956 1380 984 sunt
1397 949 1526 989 sancti,
1552 961 1702 994 vereque
1720 949 1780 993 pii.
1833 950 1922 983 Dixi.

1937 1168 1984 1188 an.
2002 1158 2093 1188 1523.

1929 1201 2099 1214 'Aa

1309 1261 1583 1303 Encomium
1610 1263 1906 1315 eloquentiae.

1186 1350 1336 1385 Separatim
1352 1349 1468 1384 prodiit,
1487 1355 1515 1374 ut
1531 1350 1633 1375 dictum
1650 1350 1728 1375 estin
1745 1349 1811 1383 Epp.
1832 1350 1889 1374 Vol.
1909 1350 1926 1376 Ι.
1948 1360 1973 1382 ρ.
1988 1351 2039 1376 644
2053 1362 2104 1386 sq„

1221 1385 1265 1409 ubi
1281 1385 1403 1409 dedimus
1417 1384 1555 1416 epistolam
1572 1384 1797 1416 nuncupatoriam
1812 1384 1843 1409 ad
1858 1384 1925 1411 Sim.
1941 1385 2105 1414 (jn-naemu.

1221 1419 1324 1443 ltecusa
1339 1418 1408 1451 apud
1426 1418 1578 1452 CraiAlyl.
1596 1427 1618 1450 p.
1635 1419 1698 1445 102,
1721 1417 1747 1441 in
1760 1418 1908 1443 Declamat.
1924 1418 1955 1446 Τ,
1966 1415 1987 1447 1}
2000 1429 2024 1454 p.
2037 1421 2106 1451 407.,

1219 1453 1246 1477 in
1262 1452 1378 1478 Servest.
1395 1452 1413 1477 l.
1432 1461 1458 1485 p.
1472 1451 1549 1483 334„
1569 1451 1639 1485 apud
1657 1451 1784 1480 RicbanL
1801 1451 1818 1478 l.
1836 1461 1861 1486 p.
1879 1452 1939 1477 259.

1116 1533 1366 1566 Necessarias
1390 1541 1468 1563 esse
1486 1529 1538 1563 ad
1554 1541 1661 1563 omne
1683 1530 1889 1565 studiorum
1905 1543 2024 1577 genus
2041 1545 2105 1568 ar-

1116 1587 1175 1617 ies
1191 1581 1356 1625 dicendi,
1384 1579 1479 1614 Phil.
1499 1581 1586 1614 Mel.
1605 1582 1858 1617 Declamatio.
1897 1584 2002 1624 (Simu
2029 1587 2104 1619 En-

1384 1633 1544 1666 comium
1568 1632 1835 1677 eloquentiae.)

1119 1701 1432 1751 Quemadmodum
1453 1704 1608 1739 Hesiodo
1633 1706 1748 1747 dolet,
1774 1707 1907 1740 nescire
1930 1710 2104 1753 mortales,

1117 1764 1288 1804 quantum
1314 1763 1347 1789 et
1368 1755 1488 1789 Malva
1515 1763 1548 1789 et
1573 1754 1750 1789 Albucum
1772 1758 1906 1790 adferre
1929 1763 2104 1794 commodi

1100 1810 1221 1842 'rebus
1244 1806 1408 1840 humanis
1434 1813 1583 1852 queant,
1611 1808 1747 1841 tametsi
1772 1808 1857 1840 viles
1884 1806 2028 1850 herbae,
2058 1813 2105 1845 ita

1116 1872 1180 1893 nos
1198 1870 1338 1904 quoque
1362 1870 1435 1890 non
1452 1870 1546 1891 nunc
1570 1858 1722 1901 primum
1742 1859 1924 1903 querimur
1943 1861 2103 1903 ignorare

1116 1911 1373 1949 adulescentes,
1399 1915 1568 1953 quantum
1588 1910 1759 1942 momenti
1783 1907 1933 1943 habeant
1950 1913 1993 1944 ad
2020 1913 2104 1945 soli—

1118 1963 1197 1995 dam
1215 1960 1450 1993 eruditionem
1467 1960 1661 2003 parandum
1678 1960 1816 1992 dicendi
1834 1967 1935 1998 artes,
1962 1975 2049 2006 quae
2066 1964 2103 1996 in

1117 2012 1265 2056 speciem
1282 2009 1372 2043 nihil
1392 2011 1600 2054 profitentur
1616 2010 1800 2049 eiusmodi,
1826 2011 1879 2043 cui
1899 2013 2024 2055 vulgus
2040 2016 2103 2047 ad-

1117 2063 1278 2108 plaudat,
1315 2068 1489 2094 caeterum
1525 2061 1675 2094 utilitate
1708 2061 1808 2094 facile
1842 2073 1895 2094 res
1932 2060 2103 2097 humanas

1117 2125 1238 2147 omnes
1257 2112 1414 2147 vicerint.
1443 2111 1564 2156 Neque
1575 2112 1668 2144 enim
1685 2123 1830 2156 usquam
1844 2112 2035 2158 qnidq=1am
2054 2123 2103 2149 est

1118 2165 1154 2197 in
1171 2172 1240 2198 tota
1259 2175 1376 2196 rerum
1396 2163 1640 2202 universitate,
1675 2164 1768 2195 unde
1785 2163 1826 2195 ad
1846 2165 2008 2197 mortales
2029 2178 2102 2198 am-

1120 2216 1229 2259 pliora
1249 2215 1451 2253 commoda,
1478 2226 1581 2257 quau·
1607 2225 1645 2245 ex
1670 2210 1734 2246 hoc
1755 2213 1881 2246 artium
1904 2226 2028 2257 genere
2049 2229 2104 2249 re-

1118 2268 1233 2300 deant.
1276 2264 1342 2298 Sed
1365 2277 1443 2297 cum
1461 2276 1579 2296 earnm
1602 2264 1755 2307 precium
1775 2264 1936 2297 iuventus
1955 2266 2103 2309 ignoret,

1118 2318 1173 2357 fit,
1202 2324 1239 2349 nt
1264 2316 1437 2360 plerisque
1460 2316 1641 2354 sordeant,
1669 2315 1884 2359 minimeque
1902 2317 2028 2357 dignae
2050 2318 2103 2351 iu-

1118 2368 1298 2407 dicentur,
1325 2366 1453 2411 qnilms
1469 2365 1643 2398 discendis
1659 2377 1798 2408 operam
1815 2374 1952 2398 navent.
1997 2367 2103 2401 Prae—

1118 2419 1251 2452 clarum
1283 2424 1333 2450 est
1359 2413 1614 2460 Philosophum
1644 2416 1730 2448 dici:
1768 2417 2008 2459 magnificum,
2046 2418 2103 2452 lu-

1118 2468 1367 2503 risconsnltum
1406 2468 1544 2499 audire:
1590 2464 1786 2508 theologico
1818 2468 1977 2505 nomine,
2014 2468 2103 2502 nihil

1119 2518 1184 2553 hoc
1209 2527 1366 2563 tempore
1392 2519 1435 2550 ad
1463 2518 1586 2559 vulgus
1618 2517 1839 2560 plausibilius
1866 2526 1930 2551 est:
1965 2519 2104 2552 dicendi

1118 2571 1266 2610 artium,
1300 2576 1466 2614 tanquam
1492 2568 1771 2611 Megarensium,
1804 2569 1900 2601 nulla
1928 2571 2015 2603 ratio
2043 2569 2105 2602 lia-

1117 2623 1232 2655 betur.
1286 2620 1475 2664 Propterea
1502 2620 1613 2651 visum
1637 2626 1686 2651 est
1717 2616 1782 2652 hoc
1809 2619 1885 2651 loco
1915 2621 2106 2661 ostendere,

1118 2686 1207 2718 qnae
1230 2683 1283 2705 res
1307 2671 1455 2704 maxime
1481 2671 1582 2703 nobis
1607 2682 1725 2703 earum
1746 2669 1901 2703 studium
1928 2683 2105 2704 commen—

1443 2720 1464 2754 4
