2338 2958
194 122 263 159 171

865 105 1028 144 DECL.
1079 105 1154 143 DE
1193 102 1558 143 EBRIETATE.

189 205 374 252 coquendo
391 198 724 248 praeparandoque,
755 206 820 227 nec
840 193 1089 228 distribuendo
1105 203 1184 226 cor-
1207 194 1211 246 1
1237 191 1333 226 velut
1357 191 1456 224 sedes
1477 189 1544 231 sit,
1576 201 1617 223 ex
1641 190 1809 224 omnibus
1837 190 2042 234 gravissime
2064 191 2230 228 laeditur.

187 257 267 303 pori
290 254 386 289 hunc
412 265 482 298 quo
509 250 661 282 vivimus
685 246 932 290 vigemusque‚
965 244 1184 287 sanguinem,

187 307 340 352 amplius
363 304 443 339 usui
468 313 540 334 esse
565 298 711 343 possint.
771 294 879 331 Calor
902 295 1095 335 naturalis,
1123 294 1185 339 qui

188 357 359 394 coctionis
391 354 534 387 effector
573 356 644 390 est,
677 360 766 393 quo,
807 354 847 381 ut
869 345 994 381 Cicero
1023 351 1185 385 testatur,

190 410 308 445 omnia
324 408 466 440 aluntur
491 414 529 436 ac
553 406 732 440 crescunt,
767 405 801 432 et
822 398 899 431 sine
916 409 985 442 quo
1004 407 1120 441 neque
1137 395 1185 428 ali

189 461 378 507 quicquam
402 460 532 500 potest,
566 463 630 484 nec
661 461 832 488 crescere,
863 449 911 482 ita
937 447 974 479 in
1000 447 1075 480 istis
1098 453 1185 491 potu

189 519 292 557 atque
313 520 353 541 ex
377 519 416 540 eo
442 504 534 538 natis
557 501 694 535 vitiosis
726 499 937 533 humoribus
961 498 1126 531 obruitur
1146 509 1184 529 ac

190 559 424 603 demergitur,
458 562 497 589 ut
524 554 581 587 vel
607 552 746 585 nullum
776 550 851 583 eius
876 549 1028 592 amplius
1060 548 1105 581 sit
1131 548 1185 580 vel

190 612 382 647 admodum
411 618 514 650 segne
546 605 584 637 in
611 614 757 646 corpore
783 599 1032 634 ministerium.
1092 598 1186 631 Hinc

189 674 295 709 quam
318 658 574 703 multiplicibus
597 653 831 697 gravibusque
856 651 989 684 morbis
1012 649 1186 682 afflicten-

191 723 249 749 tur
265 712 322 747 isti
339 716 544 755 nepotores,
568 706 743 737 videmus:
772 714 886 747 neque
903 701 997 734 enim
1014 701 1049 733 id
1066 712 1185 733 rarum

193 771 242 799 est
260 770 321 797 aut
336 763 542 798 obscurum,
565 755 682 789 statim
700 754 797 787 color
812 754 904 797 ipse,
923 764 1027 797 quem
1045 751 1187 794 sanguis

191 822 299 862 prout
322 820 392 852 est,
420 812 562 854 gignere
587 807 692 847 solet,
727 817 815 850 quae
839 804 883 837 sit
909 803 1074 835 valetudo
1092 802 1188 835 indi-

192 874 264 908 cat,
290 866 319 898 is
344 875 425 897 vero
442 861 522 895 talis
539 865 606 898 est,
638 863 678 890 ut
694 863 745 897 te,
773 867 894 888 eorum
914 853 1114 898 quempiam
1132 853 1187 885 in-

191 926 313 956 tuens,
340 919 539 947 emortuum
557 909 724 947 cadaver,
752 918 824 939 non
840 905 962 938 vivum
979 915 1106 947 corpus
1122 916 1188 947 pu-

190 977 242 1004 tes
264 965 406 1000 intueri.
467 961 584 1005 Caput
608 959 679 992 illis
712 957 903 991 tremulum
939 962 1009 995 est,
1052 955 1187 988 incerto

192 1026 292 1053 motu
326 1022 476 1054 nutans,
518 1011 690 1054 vertigine
721 1009 885 1041 laborant
920 1012 1107 1050 perpetua,
1150 1017 1187 1038 ea

193 1068 409 1117 praenuncia
427 1072 476 1098 est
493 1061 711 1107 apoplexiae:
740 1059 834 1092 oculi
860 1058 1026 1091 rubentes
1048 1063 1080 1090 et
1105 1068 1188 1089 con-

193 1121 303 1157 tinuis
328 1115 518 1152 lachrvmis
548 1113 738 1150 stillantes,
773 1110 957 1143 oculorum
983 1107 1102 1150 anguli
1128 1114 1189 1140 tu-

193 1178 347 1210 mentes,
373 1153 545 1201 indicium
564 1164 599 1196 id
619 1169 670 1196 est
694 1158 875 1194 cachexiae
894 1159 1001 1192 totius
1022 1158 1190 1202 corporis,

195 1224 255 1269 qui
274 1222 401 1265 gradus
419 1218 462 1251 ad
480 1213 689 1261 hydropisin
712 1211 894 1256 proximus
919 1217 988 1247 est,
1013 1221 1120 1252 genae
1136 1209 1190 1241 la-

194 1277 316 1309 bentes
343 1277 376 1304 et
399 1268 521 1314 quales
543 1265 672 1300 tabidis
699 1269 758 1296 aut
791 1261 889 1295 senio
915 1260 1082 1293 confectis
1113 1259 1191 1292 ani-

197 1326 302 1367 culis,
330 1332 435 1356 nasus
451 1315 697 1362 morphaicus,
721 1313 792 1346 oris
809 1310 939 1345 balitus
955 1311 1068 1343 multo
1085 1323 1190 1355 quam

199 1377 336 1410 cloacae
360 1370 519 1416 gravior,
564 1368 686 1400 dentes
717 1363 852 1408 putridi
881 1362 1083 1405 scabrique,
1121 1361 1191 1404 spi-

197 1426 302 1461 randi
327 1421 530 1459 difficultas,
568 1417 694 1456 tussis,
732 1420 852 1448 ructus
881 1419 913 1445 et
936 1411 1104 1445 vomendi
1134 1423 1193 1443 ex-

198 1476 419 1524 puendique,
443 1469 649 1517 pracsertim
667 1464 763 1499 horis
781 1463 985 1501 matutinis,
1011 1463 1112 1495 foeda
1130 1473 1193 1493 ne-

200 1529 357 1567 cessitas,
399 1525 520 1566 lingua
560 1517 691 1553 adhaec
727 1515 883 1550 titubans
917 1513 1021 1547 etiam
1054 1513 1192 1549 sobriis,

200 1593 266 1615 vox
289 1588 394 1612 rauca
418 1581 451 1608 ct
480 1573 650 1606 obscurus
677 1579 740 1612 pro
764 1576 925 1599 sermone
942 1563 1091 1601 stridor,
1120 1575 1188 1594 ma-

201 1643 268 1665 nus
287 1626 477 1663 tremulae,
504 1623 676 1658 nodosae,
703 1618 827 1650 morbo
852 1614 1033 1648 articulari
1051 1615 1194 1647 foedum

201 1685 240 1717 in
270 1681 416 1714 modum
445 1675 612 1709 distortae
650 1682 688 1703 ac
720 1670 865 1707 fractae,
909 1673 1049 1703 venter,
1090 1676 1193 1709 quem

203 1733 282 1779 quis
308 1730 425 1763 verius
448 1725 658 1771 poculorum
684 1720 849 1753 latriiiam
869 1717 1013 1753 dixerit,
1040 1727 1196 1772 propen-

203 1787 310 1821 dens,
339 1780 540 1815 morbosus;
576 1784 677 1807 crura
703 1769 819 1815 qualia
835 1766 1050 1812 elephantis,
1087 1774 1191 1800 tunu-

204 1838 266 1875 da,
301 1830 474 1869 labantia,
500 1827 604 1871 plena
631 1822 742 1856 foedis
773 1833 811 1853 ac
835 1819 988 1862 graviter
1009 1817 1197 1855 olentibus,

204 1884 428 1921 hulceribus,
455 1879 560 1923 pedes
586 1872 788 1920 podagrosi:
823 1872 976 1914 podagra
996 1869 1089 1901 enim
1113 1868 1193 1901 isto-

204 1949 284 1972 rum
311 1933 504 1968 heluonum
529 1928 666 1961 assidua
692 1933 807 1957 comes
839 1929 887 1954 est
915 1927 948 1953 et
983 1920 1198 1963 pedissequa.

206 1989 296 2023 Nam
323 1985 412 2018 belle
440 1978 624 2015 convenit,
654 1975 747 2020 quod
764 1971 1084 2016 Epigrammaticus
1101 1981 1197 2013 grae·

207 2051 267 2073 cus
294 2037 362 2077 ait,
396 2029 573 2067 Bacchum
601 2040 679 2061 cum
697 2025 834 2057 benere
861 2023 1050 2067 aliquando
1070 2033 1180 2053 eoucu

207 2090 345 2127 buisse,
380 2093 412 2120 et
437 2096 475 2116 ex
500 2095 538 2113 eo
561 2077 751 2113 concubitu
773 2080 978 2119 prognatam
1004 2084 1075 2105 esse
1093 2071 1198 2103 filiam

210 2141 411 2186 podagram.
471 2133 565 2166 llaec
589 2131 660 2163 duo
686 2127 779 2159 euim
805 2137 892 2170 quae
914 2136 975 2167 per
1000 2136 1035 2155 se
1063 2135 1100 2155 ac
1129 2122 1201 2155 sola

209 2191 402 2236 plurimum
427 2190 572 2221 nocent,
608 2179 748 2225 quaudo
774 2177 810 2209 iu
837 2187 947 2208 unum
973 2173 1202 2210 conveniunt,

211 2251 285 2275 tum
309 2252 390 2272 xero
416 2234 506 2269 nibil
531 2240 581 2265 est
605 2230 714 2271 magis
737 2227 950 2273 pestiferum.
1007 2225 1063 2257 Fit
1087 2232 1201 2257 autem

211 2294 438 2338 plerumque,
472 2293 510 2319 ut
535 2283 696 2317 homiues
719 2277 900 2314 temulenti
928 2289 964 2308 ac
982 2276 1089 2311 ebrii,
1120 2283 1202 2307 tnnc

212 2356 290 2377 cum
316 2342 393 2373 cibo
420 2344 574 2382 potuque
594 2334 635 2366 ad
659 2341 835 2365 summum
857 2327 999 2361 distenti
1027 2333 1125 2363 suut,
1159 2326 1201 2358 ad

216 2406 268 2428 res
300 2402 462 2423 venereas
480 2391 654 2433 proruant
670 2395 752 2416 sese.
812 2379 904 2412 lline
923 2378 1059 2411 subitae
1077 2383 1203 2410 mortes

213 2453 316 2490 atque
346 2443 504 2474 intestata
533 2442 707 2472 senectus,
742 2429 974 2475 utSatyricus
992 2428 1051 2462 ait.
1112 2427 1205 2460 lliuc

215 2498 318 2530 istum
336 2500 518 2537 potorum,
555 2499 641 2531 pene
660 2494 847 2528 porcorum
867 2481 1040 2518 dixeram,
1067 2490 1203 2520 gregem

214 2543 436 2581 circumsistit
465 2540 556 2571 velut
584 2536 721 2577 agmine
753 2535 841 2566 sacto
868 2531 1072 2563 morborum
1101 2541 1204 2561 omne

214 2609 342 2640 genus,
390 2591 615 2637 sequiturque
650 2586 756 2619 totins
790 2582 947 2625 corporis
979 2588 1011 2614 et
1047 2580 1204 2636 oinitinm

214 2648 455 2682 membrorum
475 2648 625 2673 extrema
643 2638 737 2669 labes
761 2647 798 2667 ac
815 2632 1046 2670 deformatio,
1072 2631 1204 2664 cerebri

219 2708 332 2733 tamen
358 2694 560 2741 praecipue,
593 2701 631 2722 ca
655 2688 747 2720 euim
775 2697 853 2729 pars
879 2696 956 2717 cum
984 2681 1207 2717 temulentiae

1236 242 1326 276 Nam
1359 253 1438 274 cum
1466 237 1686 282 stomachus,
1719 241 1819 274 cuius
1841 241 1954 275 virtus
1977 248 2010 275 et
2037 241 2153 281 calor,
2187 248 2230 277 ut

1237 293 1408 331 diximus,
1440 291 1579 325 assidua
1596 291 1804 335 poculorum
1822 292 1984 335 proluvie
2000 293 2230 336 extinguitur,

1236 344 1392 377 incoctus
1413 342 1495 376 illos
1512 352 1713 387 crassosque
1739 354 1886 387 vapores
1903 343 1947 376 ad
1965 350 2069 387 caput
2086 351 2120 377 et
2135 355 2229 378 cere-

1237 396 1341 428 brum
1357 390 1515 434 exhalat,
1535 404 1715 437 venaeque
1733 404 1772 426 ac
1788 399 1923 427 meatus
1939 393 2072 427 ibidem
2089 395 2229 439 replen-

1237 452 1314 485 tur,
1347 451 1452 489 atque
1479 444 1780 489 praecluduntur,
1818 456 1956 478 necesse
1986 451 2036 478 est
2065 456 2230 488 magnam

1238 496 1426 540 spirituum
1447 494 1770 539 perturbationem,
1797 505 2034 541 sensuumque
2060 507 2098 528 ac
2114 502 2232 530 motus

1237 547 1344 580 totius
1359 547 1516 590 corporis
1532 545 1834 579 labefactationem
1848 546 1963 591 sequi:
1997 547 2231 581 instrumenta

1239 598 1332 631 enim
1351 608 1518 630 sensuum
1535 608 1597 630 sua
1613 596 1768 640 potentia
1784 608 1822 629 ac
1838 596 1959 639 vigore
1976 597 2232 637 destituuntur,

1238 648 1383 692 spiritus
1405 661 1476 692 quo
1503 647 1622 681 omnia
1648 647 1686 680 in
1709 659 1857 691 corpore
1885 653 2091 691 vegetantur
2114 659 2154 681 ac
2177 648 2228 680 vi-

1239 705 1347 739 vunt,
1374 700 1554 732 obstructo
1572 710 1634 742 per
1646 709 1751 731 venas
1767 698 1934 739 transitu,
1958 710 2030 732 non
2049 705 2162 742 potest
2178 699 2234 732 of-

1240 750 1318 783 ficio
1350 761 1414 782 suo
1445 749 1565 793 fungi,
1607 746 1692 782 hinc
1716 749 1884 794 pleraque
1908 761 2039 793 organa
2068 761 2232 782 sensuum

1242 800 1537 844 praemoriuntur.
1598 798 1735 833 Nem-os
1750 812 1833 833 vero
1855 806 1888 834 et
1913 811 1951 833 ea
1969 799 2128 833 membra
2145 811 2235 845 quae

1241 864 1280 884 ex
1306 849 1362 884 his
1387 857 1550 885 constant
1576 862 1616 883 ac
1640 851 1754 884 motui
1770 851 1927 894 delegata
1955 857 2055 892 sunt,
2088 861 2146 888 ea,
2177 850 2236 883 in-

1241 914 1366 947 quam,
1399 901 1520 948 omnja
1544 902 1641 935 sonte
1672 901 1748 945 ipso
1778 913 1817 934 ac
1840 902 2018 946 principio
2043 913 2236 934 nervorum

1242 953 1385 986 cerebro
1411 952 1505 985 laeso
1528 959 1562 986 et
1585 952 1660 996 ipsa
1681 962 1742 985 sua
1767 952 1802 984 vi
1829 953 1972 986 destitui
1994 965 2033 986 ac
2056 950 2236 986 debilitari

1242 1015 1379 1037 necesse
1397 1010 1458 1038 est.
1510 1001 1605 1036 Hinc
1624 1002 1683 1035 illa
1701 1002 1824 1046 capitis
1840 1003 1962 1036 crebra
1978 1003 2116 1036 nutatio
2131 1009 2236 1047 atque

1242 1055 1412 1099 gravedo,
1441 1065 1508 1099 qua
1527 1051 1595 1087 hoc
1617 1064 1726 1097 genus
1745 1050 1932 1086 hominum
1949 1060 2118 1098 perpetuo
2137 1053 2238 1086 labo-

1242 1113 1306 1140 rat.
1364 1103 1459 1137 Ilinc
1483 1116 1654 1138 manuum
1676 1111 1826 1144 tremor,
1858 1101 1942 1138 hinc
1966 1105 2128 1137 omnium
2152 1103 2239 1137 arti-

1243 1157 1404 1190 culorum
1422 1155 1629 1193 dissolutio,
1657 1166 1762 1199 quam
1780 1155 1958 1200 paralysin
1982 1155 2115 1189 dicunt.
2169 1153 2239 1187 vix

1244 1218 1370 1240 manus
1394 1206 1546 1250 amplius
1571 1205 1747 1245 levandis,
1780 1211 1815 1239 et
1838 1207 1880 1238 ad
1904 1217 1944 1238 os
1960 1212 2064 1250 atque
2079 1207 2121 1238 ad
2141 1205 2239 1238 illam

1245 1258 1453 1303 poculorum
1477 1254 1686 1302 charybdim
1705 1256 1939 1289 admovendis
1956 1256 2125 1290 calicibus
2142 1255 2240 1289 suffi-

1245 1309 1302 1343 cit.
1365 1307 1548 1340 Videtisne
1571 1319 1677 1352 quam
1701 1307 1852 1340 tremulo
1876 1314 1909 1340 et
1934 1307 2114 1340 vacillanti
2138 1313 2238 1340 motu

1246 1358 1518 1392 combibonibus
1533 1358 1675 1390 calicem
1688 1357 1887 1400 porrigant,
1914 1364 1947 1391 et
1957 1364 2131 1402 quantum
2148 1357 2241 1389 inter

1246 1409 1499 1454 porrigendum
1529 1407 1606 1440 vini
1630 1407 1840 1441 effundant?
1891 1406 1926 1441 O
1951 1407 2097 1442 miseros
2124 1405 2242 1441 homi-

1246 1472 1324 1500 nes,
1357 1459 1486 1504 quibus
1510 1458 1579 1491 iam
1605 1458 1710 1491 etiam
1738 1470 1866 1491 manus
1889 1459 1932 1491 ad
1959 1470 2035 1491 eam
2051 1470 2156 1504 quam
2174 1457 2242 1502 ipsi

1247 1511 1357 1543 solam
1382 1522 1420 1542 ac
1445 1520 1618 1542 summam
1635 1509 1851 1552 voluptatem
1869 1515 1992 1542 rentur
2014 1521 2105 1548 esse,
2133 1509 2242 1542 mini-

1248 1561 1394 1594 sterium
1421 1560 1574 1603 amplius
1591 1561 1778 1601 denegant.
1830 1558 1981 1592 Memini
2005 1571 2087 1603 ego,
2122 1558 2242 1593 Medi-

1249 1624 1327 1645 cum
1361 1611 1537 1655 quendam
1568 1611 1611 1643 ad
1639 1610 1755 1643 virum
1790 1610 1961 1654 equestris
1984 1611 2121 1644 ordinis
2144 1610 2241 1653 gravi

1250 1662 1374 1695 morbo
1409 1662 1677 1694 decumbentem
1703 1660 1896 1705 aliquando
1921 1668 2103 1702 vocatum,
2137 1669 2168 1695 et
2197 1663 2242 1694 ab

1250 1719 1391 1757 aegroto
1415 1719 1518 1757 atque
1541 1711 1662 1745 amicis
1686 1712 1728 1744 de
1752 1711 1889 1754 origine
1912 1724 1951 1745 ac
1978 1713 2091 1746 causis
2114 1712 2243 1752 morbi,

1249 1771 1289 1797 ut
1313 1763 1386 1796 fieri
1406 1763 1511 1799 solet,
1540 1763 1816 1804 interrogatum,
1850 1764 2081 1806 respondere,
2115 1763 2244 1796 fluxio-

1251 1827 1330 1847 nem
1357 1815 1534 1858 quandam
1557 1825 1575 1847 e
1599 1824 1706 1846 manu
1732 1813 1872 1846 dextera
1896 1813 1934 1846 in
1957 1821 2062 1858 caput
2085 1814 2244 1847 defluen-

1252 1874 1342 1902 tem,
1369 1866 1501 1897 sontem
1521 1864 1573 1896 illi
1591 1870 1624 1897 et
1640 1875 1778 1896 causam
1797 1864 2002 1897 morborum
2017 1877 2100 1898 esse.
2153 1864 2243 1898 Cum

1254 1917 1312 1949 ille
1338 1916 1590 1953 mirabundus,
1627 1915 1688 1959 qui
1716 1915 1751 1947 id
1780 1914 1854 1948 fieri
1881 1923 2012 1958 posset,
2051 1922 2244 1961 quaereret,

1254 1966 1415 2000 Medicus
1435 1963 1644 1999 cantharum
1671 1965 1731 2010 qui
1755 1977 1863 2009 prope
1881 1966 1916 1998 in
1941 1978 2059 1999 mensa
2086 1967 2244 2000 adstabat

1254 2025 1338 2062 potu
1351 2018 1494 2061 plenus,
1517 2016 1680 2060 protinus
1695 2023 1894 2060 correptum
1912 2017 1952 2049 ad
1970 2029 2008 2049 os
2024 2018 2245 2057 admovebat,

1254 2070 1442 2102 osteudens
1461 2065 1552 2101 hanc
1567 2078 1640 2101 csse
1659 2067 1851 2100 fluxionem
1871 2073 1919 2100 tot
1938 2068 2145 2102 morborum
2163 2080 2245 2102 cau-

1255 2132 1336 2155 sam,
1392 2119 1515 2152 Facete
1534 2118 1592 2152 ille
1613 2117 1754 2162 quidem
1775 2130 1836 2150 nec
1856 2118 1974 2150 miuus
1992 2131 2090 2152 vere:
2114 2119 2244 2153 sentie-

1254 2172 1313 2204 bat
1337 2170 1431 2203 enim
1456 2168 1650 2203 valetudini
1676 2168 1809 2201 nullam
1838 2169 2076 2202 nocentiorem
2096 2181 2168 2203 esse
2186 2182 2246 2214 pe-

1256 2229 1361 2259 stem,
1388 2232 1492 2265 quam
1508 2221 1588 2254 istas
1601 2219 1870 2263 perpotationes.
1921 2220 1988 2253 Sed
2008 2232 2080 2253 uon
2096 2222 2247 2255 audiunt

1259 2272 1437 2306 Medicum
1455 2272 1510 2305 isti
1530 2277 1735 2315 nepotores,
1761 2283 1803 2303 ne
1820 2277 1892 2303 tum
1910 2271 2072 2315 quidem,
2099 2285 2179 2305 cum
2196 2272 2248 2304 al-

1257 2331 1370 2357 terum
1392 2323 1514 2366 pedem
1535 2322 1570 2355 in
1590 2318 1780 2355 Charontis
1796 2322 1918 2366 cymba
1935 2319 2077 2357 habeut.
2129 2322 2246 2356 Multo

1258 2375 1351 2407 enim
1379 2375 1478 2418 peius
1502 2373 1620 2406 auimo
1637 2373 1753 2405 valent
1773 2385 1876 2417 quam
1896 2385 2062 2416 corpore,
2096 2373 2130 2406 id
2151 2375 2245 2419 quod

1259 2426 1349 2458 infra
1368 2425 1603 2458 ostendemus.
1663 2422 1750 2456 omn
1768 2424 1968 2463 cerebrum,
1994 2435 2082 2468 qnae
2099 2425 2246 2458 rationis

1258 2489 1296 2509 ac
1324 2476 1451 2509 inentis
1472 2475 1570 2508 sedes
1595 2481 1664 2510 est.
1703 2474 1747 2507 ita
1771 2474 1841 2507 illis
1865 2486 2073 2508 concussum
2097 2482 2127 2508 et
2151 2475 2245 2509 labe-

1259 2529 1422 2560 factatum
1449 2533 1519 2564 est,
1545 2532 1583 2559 ut
1604 2537 1674 2557 non
1700 2526 1806 2557 modo
1834 2532 1969 2560 mente.
1999 2525 2055 2558 sed
2078 2537 2121 2558 ne
2137 2527 2249 2559 sensi-

1260 2580 1324 2611 bus
1342 2578 1484 2623 quidem
1505 2576 1648 2617 integris
1665 2576 1714 2609 uti
1734 2576 1877 2619 possint.
1931 2575 2249 2623 Destituunturque

1261 2642 1331 2661 non
1352 2635 1486 2662 tautum
1505 2627 1572 2660 illis
1585 2641 1598 2658 x
1610 2627 1793 2664 irtutibus,
1820 2627 1949 2671 quibus
1964 2624 2126 2661 homines
2142 2640 2160 2661 a
2172 2640 2247 2661 cae-

1261 2680 1344 2714 teris
1361 2679 1599 2713 animantibus
1619 2684 1843 2721 separantur,
1866 2678 1925 2710 sed
1950 2678 1992 2711 iis
2009 2678 2132 2715 etiam,
2160 2691 2248 2723 quae

2161 106 2233 143 172
