2338 2958
182 140 254 175 719
902 123 1062 161 DECL.

186 227 225 262 in
248 224 429 271 speculum
454 219 590 254 assidue
616 216 837 254 intueamur,
872 212 986 257 sitque
1010 207 1178 245 lonatbas

187 278 344 312 monitor
360 271 550 307 frenandae
567 275 601 302 et
617 265 860 311 reprimendae
877 262 1096 296 ambitionis.

293 341 388 385 Quid
407 337 541 372 tristius
558 333 703 378 cogitari
721 338 850 377 potest,
878 341 984 376 quain
1002 329 1039 362 in
1057 325 1180 362 Eccle-

192 397 241 432 sia
266 392 331 428 Dei
361 392 538 427 doctores,
572 385 632 431 qui
655 385 698 417 de
720 382 891 417 modestia
913 380 1071 426 quotidie
1094 390 1182 412 con-

193 449 398 482 cionantur,
431 439 524 472 inter
546 448 582 471 se
604 434 758 469 certare'.>
790 440 828 467 ut
853 437 1031 466 certarunt
1053 428 1182 464 Atreus

194 505 226 531 et
249 492 440 539 ThyesteS,
471 487 632 522 Eteocles
657 492 691 520 et
713 483 920 529 Polynices,
948 480 1125 516 Romulus
1151 486 1184 512 et

193 547 348 584 Remus,
392 539 545 585 denique
577 537 637 571 alii
669 535 864 580 parricidae
897 530 1184 566 innumerabiles.

193 594 413 632 Coliorresco
435 597 508 625 toto
534 599 700 632 corpore,
724 585 879 629 cogitans
902 589 1073 628 quantum
1092 581 1129 613 in
1147 590 1185 612 ea

195 660 233 682 re
250 645 334 679 mali
352 643 411 677 sit:
439 648 474 675 et
491 647 605 674 tamen
624 645 662 672 ut
679 647 815 680 semper
832 634 962 668 alicubi
979 631 1064 666 baec
1081 630 1187 676 pestis

196 702 348 743 grassata
378 700 447 732 est,
481 691 528 725 ita
557 687 784 723 metuendum
818 692 868 718 est
897 684 1079 729 aliquanto
1109 686 1188 725 post

196 748 310 782 multo
333 745 438 778 latius
459 747 691 786 grassaturam
715 747 799 770 esse.
852 734 935 768 Ideo
960 732 1086 778 optimi
1102 732 1189 764 ado-

197 801 385 837 lescentes,
419 794 584 827 adversus
614 787 709 823 bunc
731 788 889 820 furorem
912 792 946 819 et
968 791 1080 817 vestra
1106 781 1189 839 ‹lili-

199 849 314 895 gentia
343 853 375 880 et
409 844 464 889 pia
496 840 697 887 precatione
732 843 872 881 pectora
896 841 1010 868 vestra
1033 839 1189 891 munite:

198 901 376 946 primum,
403 906 492 941 quae
516 903 570 926 res
593 891 639 925 sit
661 887 826 928 ambitio,
853 893 886 920 et
909 897 999 932 quae
1015 885 1059 918 sit
1079 890 1192 917 virtus

200 948 396 988 contraria,
425 945 613 987 diligenter
642 939 784 975 discite,
815 944 853 971 ut
879 936 1025 970 morbus
1051 933 1193 978 agnosci

201 1001 330 1048 possit,
365 1009 408 1031 ne
433 995 510 1041 quis
539 994 658 1027 sucosa
687 988 803 1034 specie
829 989 1013 1032 deceptuS‚
1047 996 1192 1030 pravam

203 1051 431 1096 cupiditatem
463 1046 533 1079 alat
564 1050 598 1077 et
629 1041 827 1076 confirmet:
869 1038 998 1072 deinde
1027 1036 1194 1070 mandata

201 1102 270 1139 Dei
287 1108 320 1135 et
334 1097 492 1141 exempla
508 1093 658 1128 illustria
674 1090 846 1133 colligite,
871 1100 961 1134 quae
977 1099 1042 1121 nos
1059 1088 1102 1120 ad
1118 1098 1195 1119 mo-

203 1153 352 1188 destiam
383 1156 416 1183 et
444 1138 792 1190 ταπεινοφροσύνην
823 1140 1011 1174 salutarem
1035 1136 1143 1178 nobis,
1161 1142 1197 1170 et

202 1201 383 1240 communi
399 1196 555 1233 societati
572 1191 769 1229 retrahunt.

306 1269 389 1304 Non
421 1273 472 1300 est
501 1264 628 1308 igitur,
662 1259 819 1306 inquies,
853 1256 1049 1302 appetenda
1073 1254 1197 1299 gloria,

206 1335 278 1358 non
298 1319 451 1355 tuendus
467 1316 565 1349 locus
582 1313 642 1359 qui
659 1311 781 1345 virtuti
797 1309 968 1343 debetur?
1023 1307 1096 1340 lmo
1114 1317 1197 1339 vero

207 1371 397 1409 assentior,
430 1366 662 1411 appetendam
685 1373 758 1395 esse
790 1360 957 1405 gloriam,
989 1358 1049 1392 sed
1078 1357 1143 1390 rite
1166 1362 1198 1389 et

207 1424 342 1459 ordine.
395 1419 549 1463 Ideoque
565 1414 788 1449 definitiones
802 1410 972 1445 tenendae
987 1416 1085 1449 sunt,
1113 1417 1200 1453 quas

208 1474 374 1509 recitabo.
428 1469 559 1503 Paulus
575 1467 611 1499 in
630 1463 766 1500 Galatis
784 1461 914 1507 inquit:
942 1459 1071 1494 Probet
1089 1469 1200 1492 unus-

209 1526 357 1572 quisque
380 1533 482 1556 suum
510 1528 614 1563 opus:
638 1516 686 1549 ita
707 1514 801 1559 apud
824 1524 897 1546 sese
919 1511 1068 1554 gloriam
1093 1507 1201 1542 liabe-

208 1579 280 1616 bit,
307 1586 379 1608 non
404 1584 444 1606 ex
466 1570 556 1604 aliis.
608 1565 709 1600 lubet
731 1572 770 1599 ut
794 1562 1032 1610 suogquisque
1056 1571 1201 1593 munere

210 1634 303 1662 recte
333 1625 516 1666 fungatur,
550 1625 583 1652 et
614 1617 707 1649 intra
739 1626 795 1648 eas
823 1619 932 1646 metas
954 1623 989 1644 se
1012 1611 1202 1648 contineat,

212 1685 247 1712 et
272 1675 462 1720 prudenter
487 1669 703 1706 consideret,
736 1664 822 1710 quid
846 1668 957 1700 recte,
992 1660 1077 1706 quid
1105 1671 1203 1693 secus

210 1728 327 1763 suerit.
389 1723 428 1758 Si
452 1723 486 1755 iii
508 1718 574 1754 liac
597 1713 796 1760 δοκιμασίᾳ
822 1712 952 1746 videris
976 1717 1068 1745 recte
1091 1710 1203 1744 facere

212 1779 386 1815 officium,
422 1784 500 1806 vcre
523 1769 631 1803 liabes
656 1767 823 1811 gloriam,
855 1764 891 1796 id
915 1769 985 1802 est,
1018 1768 1097 1795 tii-‘ie
1118 1772 1204 1794 con-

213 1827 376 1864 scientiae
407 1820 713 1867 approbationem:
747 1827 836 1860 quae
866 1820 916 1847 est
939 1813 1063 1856 ingens
1087 1812 1205 1849 decus,

214 1889 247 1915 et
264 1889 387 1921 magna
406 1886 488 1909 cura
505 1869 738 1916 expetendum
756 1873 789 1900 et
805 1864 991 1900 tuendum.
1043 1860 1205 1907 Cumque

215 1934 262 1965 ita
291 1928 355 1963 tibi
379 1926 447 1960 eris
471 1922 651 1960 conscius,
683 1930 755 1952 non
779 1914 948 1961 pendebis
971 1926 1012 1947 ex
1037 1912 1133 1950 aliis,
1169 1911 1204 1945 id

215 1988 284 2019 est,
311 1990 375 2012 nec
396 1981 553 2020 captator
573 1971 640 2005 eris
660 1980 763 2003 aurae
780 1964 980 2011 popularis,
1006 1976 1069 1997 nec
1086 1963 1207 1996 obtre—

215 2032 368 2067 ctatione
385 2028 534 2061 aliorum
551 2022 714 2063 colligere
730 2018 796 2053 tibi
812 2016 1018 2061 opinionem
1034 2013 1206 2048 studebis.

216 2083 311 2118 llaec
333 2075 588 2124 sapientissime
611 2070 750 2105 monuit
765 2068 917 2105 Paulus,
938 2065 1037 2111 quasi
1057 2065 1207 2108 digitum
1232 2062 1235 2104 Ι

216 2133 405 2168 intendens
430 2130 465 2161 iii
486 2137 646 2167 magnam
667 2127 800 2166 partem
819 2116 1028 2155 bominum,
1054 2127 1206 2161 quorum

219 2198 289 2219 nou
311 2189 358 2215 est
379 2179 460 2214 baec
480 2175 664 2221 praecipua
684 2183 783 2210 cura.
809 2175 848 2203 ut
866 2174 957 2202 recte
974 2167 1122 2205 faciant,
1148 2166 1208 2198 ted

1108 120 1183 158 DE
1217 120 1500 159 IONATHA.

1229 258 1378 299 hissoni,
1409 258 1517 292 mixta
1547 264 1598 292 est
1628 270 1669 292 ex
1700 258 1837 292 iusticia
1864 267 1897 294 et
1921 259 2105 293 modestia.

1231 310 1326 344 enim
1344 309 1467 342 timere
1481 307 1616 350 Deum,
1641 315 1676 342 et
1693 309 1872 353 agnitione
1890 310 2053 355 propriae
2072 308 2224 342 infirmi-

1232 361 1313 394 tatis
1329 372 1403 393 non
1421 365 1585 404 appetere
1603 359 1736 393 maiora
1754 360 1959 401 vocatione,
1984 361 2099 394 facero
2112 358 2225 393 nostri

1233 411 1391 444 muneris
1419 410 1534 444 officia
1547 436 1556 450 ,
1589 410 1717 444 fiducia
1749 410 1864 444 divini
1895 410 2036 451 auxilii,
2069 422 2132 444 nec
2157 410 2226 443 alia

1234 461 1301 497 Dei
1317 472 1446 503 organa
1464 460 1652 504 despicere.

1234 2205 1237 2218 .
1263 2182 1395 2226 optime
1427 2181 1572 2214 meritus
1605 2182 1648 2214 de
1671 2178 1853 2214 Ecclesia?

2141 120 2216 159 720

1331 205 1487 242 Econtra
1511 218 1596 241 vero
1619 205 1940 255 ταπεινοφροσύιή
1964 207 2125 253 opposita
2145 218 2222 241 am-

2158 255 2223 291 Est

1338 512 1405 545 llis
1441 511 1711 545 definitionibus
1749 510 1885 544 collatis
1921 510 2070 553 intelligi
2104 517 2228 554 potest,

1238 575 1326 609 quae
1344 562 1499 596 actiones
1517 562 1759 606 suscipiendae
1778 562 1848 595 sint
1861 588 1870 601 ,
1893 568 1926 595 ct
1944 561 2035 594 intra
2051 572 2138 606 quas
2155 573 2228 593 me-

1238 621 1290 648 tas
1314 613 1494 647 continere
1515 624 1551 645 se
1576 613 1725 658 quisque
1749 613 1883 646 debeat.
1935 611 2016 645 Non
2038 611 2114 645 vult
2134 609 2230 644 Deus

1239 662 1414 698 lonatban
1444 663 1601 697 ociosum
1626 674 1719 702 esse,
1753 670 1814 697 aut
1838 674 1940 696 verae
1963 662 2095 706 gloriae
2118 661 2230 705 negli-

1240 721 1397 759 gentem,
1423 715 1482 748 sed
1507 725 1610 748 suum
1635 713 1667 747 ei
1691 714 1808 747 locum
1833 713 1968 749 tribuit.
2021 713 2128 756 Quod
2152 723 2230 746 cum

1241 765 1417 808 intelligat
1443 763 1630 805 Ionatham,
1664 772 1698 800 et
1730 775 1794 798 suo
1824 764 1901 797 loco
1931 763 2035 798 saciat
2065 762 2233 803 officium,

1242 816 1330 850 civis
1351 822 1402 850 est
1424 815 1587 850 salutaris
1605 815 1673 848 sibi
1691 821 1725 849 et
1739 815 1830 851 aliis.
1880 813 1928 849 Et
1945 815 2024 859 plus
2041 825 2142 847 verae
2158 813 2235 857 glo-

1243 867 1316 900 riae
1337 864 1423 900 haec
1441 865 1552 899 animi
1568 866 1765 899 moderatio
1784 863 1908 907 habet,
1932 877 2037 911 quam
2057 865 2111 898 vel
2128 863 2235 898 totius

1244 917 1341 951 orbis
1365 924 1537 951 terrarum
1562 916 1749 961 imperium
1767 924 1897 951 tenere.

1245 967 1382 1002 dei-atio
1402 967 1565 1011 congruit
1587 968 1630 1000 ad
1653 968 1816 1000 mandata
1837 967 1978 1005 divina,
2006 973 2042 1000 ut
2060 967 2100 999 ad
2121 963 2236 999 Thes-

1246 1019 1481 1052 salonicenses
1512 1018 1697 1052 scribitur:
1741 1018 2017 1064 φιλοτιμεῖσθαι
2049 1013 2235 1062 ἡσυχάζει,

1246 1067 1309 1104 καὶ
1333 1067 1411 1104 ἴδια
1432 1065 1621 1114 πράσσειν.

1350 1119 1420 1153 Sed
1435 1119 1529 1153 inter
1545 1119 1701 1163 exempla
1717 1116 1824 1153 buius
1839 1117 1975 1162 generis
1989 1117 2139 1150 maxime
2150 1114 2239 1149 emi-

1248 1176 1309 1204 net
1336 1169 1431 1203 filius
1459 1168 1548 1210 Dei,
1587 1169 1761 1203 Dominus
1791 1177 1910 1203 noster
1940 1167 2035 1201 lesus
2066 1165 2239 1202 Christus.

1249 1220 1373 1264 Cogita
1394 1231 1542 1265 quaeso,
1567 1231 1673 1264 quam
1690 1220 1792 1253 turbe
1811 1220 1875 1253 tibi
1893 1219 1938 1252 sit
1957 1225 1988 1252 te
2008 1218 2148 1258 efferre,
2177 1218 2240 1250 de·—

1250 1272 1383 1315 spicere
1406 1270 1511 1309 alios,
1538 1271 1627 1303 alios
1649 1271 1691 1303 de
1714 1270 1790 1304 loco
1814 1270 2017 1303 detrudere:
2046 1280 2124 1302 cum
2148 1267 2241 1301 filius

1251 1322 1318 1357 Dei
1342 1333 1377 1355 se
1399 1321 1565 1355 abiecerit
1588 1321 1678 1354 insta
1701 1332 1766 1354 nos
1783 1331 1927 1360 omnes,
1953 1327 1986 1353 et
2005 1320 2040 1352 in
2056 1331 2128 1352 sese
2146 1317 2241 1352 deri-

1252 1373 1339 1407 varit
1367 1372 1454 1406 iram
1477 1372 1611 1405 aeterni
1637 1371 1769 1410 Patris,
1796 1376 1992 1415 prostratus
2015 1381 2132 1403 coram
2156 1366 2242 1407 Deo,

1252 1436 1291 1458 ac
1316 1435 1414 1464 reus,
1441 1423 1590 1467 perinde
1613 1435 1652 1456 ac
1674 1423 1703 1456 si
1728 1433 1807 1455 vere
1826 1422 1899 1466 ipse
1918 1433 1953 1455 se
1971 1421 2152 1465 polluisset
2169 1426 2244 1453 tur-

1254 1475 1407 1520 pissimis
1419 1474 1610 1507 sceleribus
1623 1473 1720 1515 meis,
1747 1473 1827 1513 tuis,
1849 1479 1882 1507 et
1893 1473 2065 1506 omnium.
2100 1471 2244 1514 Quanta

1255 1533 1305 1560 est
1328 1523 1412 1559 baec
1435 1525 1582 1558 abiectio
1607 1525 1685 1566 sui,
1719 1523 1880 1557 derivare
1905 1523 1941 1556 in
1967 1534 2040 1557 sese
2064 1521 2243 1555 infamiam

1255 1575 1430 1610 aliorum?
1481 1575 1634 1609 Perinde
1664 1582 1702 1609 iit
1732 1575 1761 1608 si
1791 1574 1925 1608 amicus
1951 1573 2079 1619 aliquis
2103 1579 2183 1606 tuus
2209 1571 2246 1604 in

1255 1637 1327 1660 sese
1348 1627 1477 1659 samam
1500 1625 1616 1658 caedis
1630 1637 1648 1658 a
1666 1633 1698 1659 te
1716 1625 1825 1658 factae
1841 1625 2028 1658 derivaret.
2081 1621 2126 1658 Et
2144 1623 2246 1667 longe

1257 1677 1336 1721 plus
1348 1683 1398 1709 est
1414 1687 1532 1709 coram
1549 1674 1623 1709 Deo
1640 1675 1688 1709 sic
1703 1687 1740 1709 se
1755 1675 1916 1708 abiicere.

1358 1725 1475 1760 Huius
1503 1726 1652 1771 exempli
1681 1725 1894 1770 cogitatione
1916 1724 2122 1759 ambitionis
2147 1723 2247 1757 flam-

1258 1788 1332 1810 mas
1360 1777 1622 1819 extinguamus,
1654 1777 1858 1821 praesertim
1888 1788 1966 1809 cuin
1994 1776 2098 1809 etiam
2121 1775 2248 1808 dixerit

1257 1825 1435 1862 Cliristus:
1482 1827 1612 1861 Discite
1635 1839 1652 1860 a
1677 1839 1750 1865 nie,
1778 1827 1859 1872 quia
1885 1826 1979 1859 mitis
2000 1837 2098 1864 siim,
2126 1833 2159 1859 et
2180 1823 2249 1859 liu-

1258 1878 1352 1911 milis
1378 1878 1497 1913 corde.
1542 1875 1589 1912 Et
1619 1878 1826 1922 quotidiana
1851 1877 2064 1920 experientia
2095 1877 2250 1911 ostendit

1259 1928 1481 1961 verissimum
1503 1939 1576 1961 esse
1602 1929 1733 1962 dictum
1757 1927 1869 1961 Petri:
1896 1926 1992 1961 Deus
2014 1928 2175 1972 superbis
2195 1939 2250 1960 re-

1259 1979 1372 2019 sistit,
1407 1976 1602 2012 humilibus
1633 1986 1749 2013 autem
1775 1979 1831 2012 dat
1859 1978 2015 2022 gratiam.
2079 1977 2249 2021 Magnum

1261 2030 1367 2072 igitur
1385 2029 1420 2062 in
1443 2027 1591 2064 Ionatha
1615 2030 1720 2065 decus
1742 2037 1792 2064 est
1818 2027 1901 2063 haec
1925 2029 2111 2068 modestia,
2145 2041 2250 2075 quain

1261 2081 1424 2115 diximus.

1364 2130 1433 2165 Sed
1458 2142 1520 2163 cur
1544 2129 1752 2164 interficitur
1775 2130 1853 2163 talis
1871 2130 1925 2163 vii·
1940 2128 2015 2163 Deo
2034 2130 2193 2174 placens,
2219 2138 2252 2164 et

1907 2179 2002 2214 llaec
2033 2189 2084 2215 est
2113 2181 2253 2225 longior

1948 916 2037 950 Nam
2056 913 2140 949 baec
2157 926 2236 948 mo·
2287 937 2291 942 -

218 2244 255 2269 u,
280 2233 373 2273 V„ligi
396 2231 536 2275 plausus
553 2226 630 2259 aliis
647 2221 801 2257 artificiis
817 2225 1049 2262 aucupentur.
1099 2216 1209 2251 Sunt·
1235 2219 1237 2260 l
1263 2233 1474 2276 dispumffl,'
1498 2244 1602 2276 quam
1625 2238 1663 2265 ut
1686 2228 1743 2264 hic
1767 2232 1932 2276 “pucati
1955 2232 2074 2276 possit·
2128 2232 2254 2268 Monet

221 2298 287 2332 que
311 2285 399 2316 «luae
424 2281 500 2312 viae
524 2274 787 2311 ¹¹⁵l¹³ll⁵³l¹¹¹³²v
820 2276 1009 2327 ³⁵⁵‘j'mffst'0
1035 2274 1068 2302 et
1090 2268 1210 2301 ‘'blm‘'
1235 2277 1238 2305 l
1264 2291 1380 2317 autem
1406 2295 1477 2315 nou
1500 2282 1733 2315 deficiendum
1753 2294 1825 2315 esse
1843 2295 1861 2315 a
1878 2281 1972 2321 Deo,
1999 2282 2133 2317 etiamsi
2151 2283 2254 2317 diffe-

220 2336 336 2371 ctatio.
397 2330 590 2366 Exlfflsslffl'
619 2338 700 2368 “3⁰
726 2335 765 2356 ²¹
789 2321 891 2355 Pflul*
917 2321 1011 2354 d¹c¹⁰
1037 2316 1124 2352 hacc
1149 2318 1211 2351 de*
1236 2330 1239 2353 ⁸
1266 2341 1389 2368 rantur
1409 2333 1574 2378 praemia.
1626 2330 1795 2376 Expectat
1815 2331 1979 2367 louatlias
1996 2341 2134 2368 aeterna
2152 2335 2255 2375 bona,

222 2387 349 2421 finitio:
1237 2386 1240 2416 Ι
1266 2394 1295 2419 et
1313 2385 1408 2418 Deus
1432 2384 1666 2428 posteritatem
1688 2381 1853 2418 loiiaitliae
1872 2391 1975 2418 ornat
1993 2396 2116 2427 magna
2131 2385 2255 2428 gloria,

328 2449 484 2485 Ambitio
513 2453 561 2478 eat
575 2470 582 2482 ,
610 2442 735 2476 fiducia
761 2439 871 2474 nostri
895 2445 1059 2483 appetere
1080 2436 1212 2470 maiora
1235 2457 1242 2490 3
1266 2448 1354 2482 quae
1374 2435 1445 2478 ipsa
1463 2435 1704 2468 testimouium
1724 2442 1775 2468 est
1793 2432 1898 2468 liuius
1914 2435 2093 2469 versiculi:

223 2503 424 2539 voca'imw'
452 2511 529 2530 cum
549 2507 646 2528 mm„
673 2505 734 2525 ,wc
753 2492 874 2525 (immi
891 2490 1024 2529 Deum,
1050 2499 1113 2521 nec
1132 2499 1212 2531 pro..
1237 2496 1242 2523 4
1359 2482 1507 2522 dnifilmu
1530 2483 1670 2513 παίδεσσι
1694 2483 1731 2513 τὰ
1756 2483 1850 2522 laisa,
1878 2483 2052 2521 (δι-σσιβιίνν
2075 2482 2103 2514 δ’
2128 2482 2176 2514 mi.

224 2557 334 2603 priam
359 2549 594 2585 iulii-‹nitatein
617 2550 798 2587 agnoscat:
824 2548 861 2574 ut
880 2539 1059 2574 Antonius
1078 2544 1213 2582 poterat
1240 2574 1241 2581 ἵ
1269 2537 1354 2571 Nam
1385 2537 1519 2581 reliquii
1552 2542 1625 2569 tota
1658 2535 1767 2579 stirpe
1799 2536 1915 2570 Saulis
1946 2536 2075 2572 deleta.
2127 2537 2255 2572 mansit

224 2610 316 2642 imm.
341 2601 515 2648 prinsipes
538 2597 628 2629 cives
652 2606 743 2629 esse.
771 2593 797 2625 si
823 2591 1027 2637 quievisset,
1052 2589 1111 2622 sed
1135 2600 1214 2621 cuni
1270 2587 1450 2631 posteritas
1469 2585 1638 2622 Ioiiatliae
1663 2587 1766 2619 annis
1789 2587 1938 2630 amplius
1959 2587 2161 2632 quingentis
2180 2596 2256 2632 post

224 2667 398 2693 summum
425 2648 599 2691 fastigium
626 2647 697 2679 sine
728 2644 816 2677 iusta
840 2654 940 2676 causa
964 2640 1117 2685 adpetit,
1143 2639 1215 2683 ipse

224 2709 289 2744 sibi
309 2705 452 2739 exitium
472 2697 624 2732 accersit.

1271 2639 1455 2672 Davidem.
1509 2636 1668 2671 Dicerem
1687 2637 1790 2670 etiam
1805 2639 1848 2669 de
1864 2638 2059 2671 constantia
2080 2636 2257 2676 loiiatlne.

1269 2701 1471 2734 quanquam
1498 2688 1534 2722 iu
1560 2689 1666 2733 impia
1689 2688 1768 2721 aula
1793 2687 1961 2724 viventis.
1996 2689 2064 2722 nisi
2091 2689 2258 2735 temporis
