2338 2958
82 127 155 162 173

81 224 159 246 cum
186 211 298 245 brutis
319 209 423 244 nobis
447 209 648 243 communia
673 216 756 244 sunt
772 209 886 256 :sensu
903 221 942 243 ac
961 216 1071 245 motu.

83 261 241 296 Galenus
264 261 444 306 crapulam
467 272 486 293 a
504 260 679 294 vibrando
703 268 736 295 et
751 261 942 306 quatiendo
960 261 1072 304 capite

81 313 214 346 dictum
234 312 403 352 affirmat,
437 317 471 344 et
495 311 537 344 ab
554 308 619 345 hac
636 312 821 356 praecipua
837 312 915 344 labe
931 311 982 344 rei
998 312 1072 344 foe-

81 363 244 396 dissimae
266 374 395 396 nomen
419 361 584 396 inditum.
638 361 676 395 Id
702 362 784 395 satis
800 362 837 395 in
854 362 929 397 istis
947 359 1072 395 heluo-

79 413 186 448 nibus
203 415 363 458 adparet,
391 413 520 458 quibus
541 413 596 446 vel
614 413 748 446 cerebri
765 410 857 446 nihil
874 419 942 454 est,
971 413 1025 446 vel
1044 412 1072 446 si

80 464 164 509 quid
181 471 250 503 est,
275 465 324 498 ita
341 471 392 498 est
409 470 610 508 quassatum
626 470 729 509 atque
744 464 907 498 affectum
919 491 928 504 ,
955 470 993 497 ut
1009 475 1072 496 suo

78 515 230 559 amplius
251 515 366 548 officio
391 514 491 557 fungi
514 521 675 559 nequeat.
729 513 892 547 Declarat
909 512 975 547 hoc
993 526 1073 547 sen-

77 576 199 605 suum,
234 577 322 610 quos
347 565 536 599 exteriores
561 571 704 606 vocant,
732 572 883 599 extrema
909 565 1073 598 debilitas

77 615 116 648 in
133 616 298 656 ebriosis,
329 628 482 661 quorum
502 616 571 648 iam
598 627 671 649 non
697 622 744 648 est
770 615 945 649 diminuta
969 615 1072 656 actio,

77 673 117 700 ut
146 666 278 700 Medici
303 667 492 712 loquutur,
528 666 588 699 sed
619 673 783 711 corrupta
808 678 968 710 prorsus,
1001 667 1072 699 imo

77 728 161 751 vero
177 729 342 761 persaepe
359 718 463 750 etiam
481 717 608 751 ablata.
660 716 743 750 Non
758 718 852 750 enim
869 715 907 750 hi
924 724 1072 758 tantum,

78 767 108 801 si
132 780 200 814 qua
226 775 307 802 sunt
332 768 451 813 aliquo
474 767 661 801 intervallo
678 769 828 812 seposita
848 769 987 808 vident,
1014 776 1073 802 aut

78 826 273 862 agnoscunt
290 818 429 858 minus,
457 818 514 850 sed
537 818 639 852 etiam
665 830 704 851 ea
719 830 808 863 quae
827 819 969 864 quidem
989 827 1070 853 sunt

77 870 249 914 proxima.
312 869 432 912 Surgit
463 867 516 901 his
538 881 657 902 mensa
689 870 837 912 geminis
862 870 1071 909 luminibus,

77 927 117 954 ut
127 920 175 955 ait
186 919 373 960 Iuvenalis,
395 932 458 963 pro
470 917 640 953 cantharo
655 931 729 953 uno
742 921 831 953 duos
845 921 985 962 vident,
1008 933 1070 964 pro

76 983 151 1005 uno
167 971 314 1004 conviva
332 971 490 1014 geminos
501 970 671 1011 salutant,
699 971 852 1016 denique
866 971 934 1004 iam
952 972 1072 1004 omnia

77 1021 321 1065 conduplicata
352 1027 546 1054 cernuntur
570 1021 637 1061 eis,
677 1033 741 1064 pro
775 1022 880 1054 calice
909 1023 1071 1055 candela—

77 1074 182 1107 brum
206 1072 370 1105 manibus
395 1069 622 1116 prehendunt
644 1071 812 1112 bibituri,
838 1073 931 1105 foras
950 1073 1034 1106 ituri
1053 1085 1070 1105 a

77 1124 182 1156 ianua
202 1123 423 1162 deerrantes,
450 1122 489 1154 in
510 1122 689 1155 fornacem
708 1122 900 1158 incursant.
954 1122 1072 1168 Atque

76 1171 163 1207 haec
178 1170 294 1205 adhuc
309 1178 392 1205 sunt
408 1172 509 1205 initia
524 1172 657 1205 morbi:
686 1185 766 1206 nam
786 1174 834 1214 si,
860 1181 897 1207 ut
913 1175 1071 1218 plerum-

75 1235 144 1270 que
168 1223 300 1263 solent,
334 1223 383 1255 sic
407 1219 545 1256 heluari
570 1230 740 1267 pergunt,
771 1232 949 1268 postremo
965 1225 1072 1258 lumi-

75 1275 182 1308 nibus
204 1285 368 1318 prorsum
392 1279 425 1306 et
449 1273 595 1306 auribus
621 1274 829 1318 capiuntur,
857 1276 1070 1321 caeterisque

75 1325 235 1359 sensibus
260 1325 518 1364 destituuntur,
551 1322 811 1370 trahunturque
842 1327 1068 1359 semimortua

76 1383 110 1410 et
133 1381 250 1408 evecta
275 1375 418 1417 crapula
441 1374 567 1407 misera
594 1386 760 1418 corpora,
797 1382 829 1409 et
846 1383 927 1409 sunt
950 1388 1069 1409 revera

77 1426 170 1472 quod
190 1425 374 1465 dicuntur,
401 1424 480 1457 viva
502 1425 668 1458 cadavera
697 1432 801 1471 atque
823 1432 936 1459 terrae
960 1427 1070 1459 inuti-

76 1477 123 1510 lia
150 1483 183 1509 et
213 1475 405 1509 execranda
438 1487 564 1515 onera,
600 1476 711 1509 donec
738 1477 845 1509 alium
878 1478 1070 1521 apoplexia,

76 1527 185 1560 alium
212 1526 358 1559 morbus
381 1525 566 1558 comitialis
590 1522 812 1560 horribiliter
835 1528 932 1570 prius
951 1539 1069 1560 excar-

75 1578 254 1612 nificatum
274 1576 462 1619 extinguat.
503 1575 592 1608 Nam
606 1573 663 1609 hic
682 1578 827 1610 morbus
848 1584 897 1610 est
917 1577 1069 1610 familia-

75 1629 125 1663 ris
151 1626 359 1661 hominibus
385 1626 552 1666 ebriosis,
585 1633 689 1672 atque
716 1628 790 1671 ipsa
815 1629 902 1661 adeo
921 1629 1068 1661 ebrietas

75 1679 163 1726 quid
188 1678 285 1711 aliud
306 1684 375 1716 est,
402 1678 430 1709 si
450 1677 595 1721 propius
614 1678 834 1719 consideres,
869 1691 972 1723 quam
991 1692 1068 1723 spe-

77 1730 146 1764 cies
174 1729 344 1774 quaedam
379 1728 496 1761 morbi
532 1728 742 1762 comitialis'.>
792 1729 1069 1773 praecluduntur

76 1781 171 1815 enim
195 1779 314 1813 crudis
339 1778 409 1811 illis
432 1778 620 1824 densisque
648 1780 858 1824 vaporibus,
892 1792 997 1824 quos,
1030 1788 1069 1814 ut

78 1831 174 1871 dixi,
199 1826 399 1863 stomachus
421 1835 454 1862 et
471 1836 603 1862 caetera
626 1831 784 1864 membra
800 1830 989 1864 nutritioni
1008 1831 1068 1864 de-

78 1881 204 1915 stinata
221 1891 240 1913 a
259 1879 370 1912 nimio
395 1886 481 1922 potu
506 1877 688 1918 exhalant,
722 1893 832 1914 venae
853 1888 957 1926 atque
974 1894 1067 1915 mea-

77 1939 133 1966 tus
150 1930 303 1969 cerebri,
329 1941 368 1962 ac
392 1941 455 1973 per
477 1941 534 1962 eos
560 1930 700 1973 spiritui
725 1932 894 1965 transitus
910 1939 1067 1975 negatur,

76 1983 173 2016 unde
196 1980 373 2014 sentiendi
398 1986 432 2014 et
449 1981 615 2013 movendi
633 1982 788 2024 potentia
807 1989 938 2016 caetera
956 1995 1066 2016 mem-

75 2033 138 2067 bra
154 2031 298 2065 destitui
316 2042 454 2064 necesse
472 2038 541 2071 est,
567 2032 601 2064 id
619 2033 712 2076 quod
738 2033 844 2067 ebriis
861 2033 1006 2078 perinde
1027 2041 1067 2068 ut

76 2083 202 2117 morbo
236 2081 406 2115 comitiali
439 2081 683 2116 laborantibus
714 2084 868 2117 accidere
895 2084 1066 2125 videmus,

76 2133 249 2179 multique
258 2144 358 2177 saepe
375 2132 421 2166 ita
438 2140 520 2166 sunt
538 2133 654 2167 subito
673 2135 879 2178 praefocati,
906 2141 1064 2181 tetroque

77 2191 112 2219 et
126 2182 293 2218 horribili
315 2194 440 2227 genere
463 2184 586 2217 mortis
604 2184 758 2220 extincti.
814 2184 879 2219 Cui
897 2192 934 2219 tu
949 2186 1065 2219 insen-

76 2235 213 2270 sissimo
231 2231 324 2267 hosti
346 2234 430 2267 istos
453 2234 626 2268 cruciatus
651 2241 754 2280 atque
779 2233 862 2269 baec
877 2243 947 2270 tarn
965 2249 1064 2271 saeva

75 2285 246 2331 supplicia
263 2285 373 2329 possis
394 2285 540 2329 optare?
592 2285 685 2320 Sunt
708 2283 792 2319 haec
812 2287 952 2332 quidem
976 2300 1064 2333 quae

74 2348 202 2382 corpus
219 2335 351 2380 patitur
373 2347 392 2368 a
412 2336 552 2379 crapula
575 2336 798 2380 gravissima,
824 2339 882 2371 sed
905 2338 1063 2381 graviora

75 2394 192 2422 tamen
203 2398 292 2432 quae
303 2386 392 2430 parti
404 2387 668 2430 praestantiori,
695 2399 822 2432 nempe
840 2388 959 2422 animo
974 2389 1064 2422 acci-

73 2439 176 2473 dunt.
220 2437 301 2470 Non
317 2436 410 2470 enirn
427 2443 561 2470 tantum
577 2438 780 2479 oculorum,
807 2439 963 2481 aurium,
989 2452 1064 2473 ma-

74 2500 207 2529 nuum,
243 2488 372 2532 pedum
400 2499 438 2520 ac
464 2494 679 2522 caeterorum
706 2490 945 2523 membrorum
969 2491 1063 2523 sani-

73 2546 126 2574 tas
156 2539 325 2584 vigorque
353 2539 520 2572 ebrietate
551 2540 807 2585 corrumpitur,
855 2542 914 2574 sed
950 2541 1062 2575 multo

75 2589 215 2633 gravius
229 2590 311 2623 illae
325 2586 503 2634 δυνάμεις
522 2602 560 2623 ac
576 2590 722 2624 virtutes
738 2591 846 2624 animi
862 2591 1064 2633 laeduntur,

74 2646 180 2686 atque
204 2651 242 2673 ea
271 2651 351 2684 pars
375 2641 560 2685 praecipue
583 2641 619 2674 in
643 2641 790 2675 ebriosis
820 2654 883 2675 suo
909 2643 1061 2677 naturali

74 2697 172 2725 motu
194 2702 331 2737 usuque
351 2691 564 2727 destituitur.
628 2690 717 2726 Nam
742 2705 829 2738 quae
850 2693 902 2727 vis
927 2693 1059 2737 integra

750 127 909 164 DECL.
961 126 1034 164 DE
1075 125 1438 164 EBRIETATE.

2032 129 2104 164 174

1124 207 1251 240 mentis
1268 207 1305 240 in
1323 208 1366 240 iis
1384 219 1458 241 esse
1473 215 1606 253 potest,
1632 209 1689 244 vel
1705 210 1749 243 ad
1767 210 2011 253 percipiendas
2031 212 2118 246 reti—

1123 259 1328 303 nendasque
1351 270 1450 291 veras
1474 271 1512 292 ac
1529 260 1688 304 proprias
1713 272 1830 294 rerum
1851 261 2038 304 imagines,
2066 264 2119 295 vel

1124 309 1166 341 ad
1191 310 1392 342 faciendum
1416 310 1459 341 de
1481 309 1552 343 illis
1576 322 1700 344 sanum
1716 318 1919 357 rectumque
1938 312 2120 353 iudicium,

1124 360 1160 392 in
1177 360 1325 404 quibus,
1350 366 1390 393 ut
1405 360 1560 393 breviter
1579 362 1690 394 dicam
1703 389 1712 403 ‚
1739 362 1854 395 omnis
1870 364 2026 406 corporis
2042 364 2118 396 aui-

1124 410 1242 455 mique
1259 411 1409 450 sanitas,
1436 422 1512 443 non
1530 422 1627 444 secus
1651 425 1755 456 quam
1782 413 1819 446 in
1836 410 2048 457 phreneticis
2065 415 2117 448 la-

1124 461 1290 494 befactata
1309 473 1347 494 ac
1365 461 1535 494 dissoluta
1557 469 1626 502 est,
1653 474 1773 496 sensus
1790 476 1910 497 omncs
1926 465 2022 498 velut
2037 466 2117 499 sede

1124 523 1184 544 sua
1203 512 1289 544 moti
1305 518 1408 557 atque
1426 512 1537 545 eversi
1559 519 1651 547 sunt.
1705 515 1818 555 Quem
1845 527 1905 548 vos
1922 515 2029 558 igitur
2044 516 2118 549 ulla

1124 563 1159 595 in
1179 574 1216 595 re
1230 574 1331 595 usum
1353 562 1477 595 talium
1494 560 1680 596 hominum
1699 576 1792 605 esse,
1818 572 1876 598 aut
1895 566 1980 610 quid
1998 567 2118 610 publi-

1124 625 1182 646 cae
1225 613 1425 657 privataeve
1467 613 1519 646 rei
1553 614 1638 657 ipsis
1681 615 1923 648 mandandum
1965 618 2119 660 putatis?

1124 663 1282 696 Primum
1302 665 1466 697 valetudo
1485 664 1686 705 debilitata,
1714 666 1757 698 ad
1785 667 1903 699 omnia
1927 668 2065 710 publica
2085 675 2119 701 et

1124 715 1258 758 privata
1295 715 1409 748 officia
1439 715 1624 759 obeunda,
1663 717 1707 749 ad
1740 728 1795 749 res
1820 718 1988 760 gerendas
2015 726 2118 764 atque

1124 767 1167 798 ad
1202 777 1323 799 omnes
1357 766 1599 800 contentiones
1633 767 1858 800 sustinendas
1888 780 1946 801 eos
1973 769 2116 802 inutiles

1123 817 1249 850 reddit.
1301 815 1438 849 Deinde
1450 829 1529 850 cum
1546 817 1660 850 omnis
1677 819 1877 852 animorum
1897 826 1999 865 atque
2019 820 2116 863 inge-

1123 867 1173 899 nii
1193 868 1291 909 vigor
1307 868 1371 900 ista
1391 868 1639 901 nocentissima
1658 866 1828 902 heluandi
1850 881 1889 902 ac
1905 870 2117 914 perpotandi

1123 918 1379 950 consuetudine
1404 918 1450 951 ita
1477 919 1521 952 sit
1545 926 1748 959 enervatus,
1775 927 1815 953 ut
1839 932 1883 952 ne
1900 932 2022 954 sensus
2038 922 2118 966 qui-

1123 969 1201 1001 dem
1228 970 1426 1002 communis
1452 970 1604 1013 amplius
1631 970 1703 1003 siut
1734 978 1928 1014 compotes,
1963 972 2047 1016 quid
2074 972 2119 1004 ab

1124 1020 1172 1051 eis
1197 1019 1337 1052 consilii
1370 1020 1406 1052 in
1437 1020 1602 1063 gravibus
1625 1027 1730 1065 atque
1764 1021 1942 1065 impeditis
1966 1022 2118 1065 negociis

1124 1070 1244 1114 petas?
1295 1077 1356 1103 aut
1380 1071 1465 1115 quid
1498 1071 1549 1104 rei
1581 1072 1690 1104 seriae
1723 1072 1921 1105 committas
1954 1075 2117 1107 credas-<e

1124 1121 1213 1159 illis,
1241 1121 1370 1166 quibus
1394 1121 1575 1154 cerebrum
1595 1123 1717 1166 periit,
1753 1134 1812 1155 cor
1835 1123 1920 1155 vino
1941 1124 2116 1167 sepultum

1124 1171 1198 1205 est?
1232 1171 1414 1205 l'rodeunt
1433 1173 1473 1205 ad
1493 1174 1763 1206 consultandum
1781 1174 1950 1207 membris
1967 1181 2000 1207 et
2016 1186 2117 1207 meu-

1123 1229 1156 1255 te
1181 1223 1355 1266 corrupti,
1391 1223 1585 1264 vinolenti,
1627 1221 1785 1257 halantes
1815 1224 2009 1258 etiamnum
2044 1225 2117 1269 pri-

1123 1273 1264 1305 dianam
1293 1274 1491 1317 crapulam,
1535 1275 1782 1315 semisomnes,
1819 1276 1930 1309 oculis
1961 1276 2117 1309 natanti-

1123 1324 1207 1363 bus,
1243 1323 1365 1356 vinum
1393 1336 1432 1356 ac
1459 1325 1661 1357 cerevisiam
1697 1326 1840 1358 crudam
1871 1326 2116 1371 incoctamque

1122 1371 1238 1405 adbuc
1262 1374 1476 1407 redolentes:
1528 1386 1684 1415 summa,
1723 1388 1875 1420 quorum
1902 1389 2016 1421 neque
2043 1389 2116 1421 peS,

1124 1435 1185 1456 nce
1202 1435 1300 1456 mens
1318 1424 1471 1457 officium
1491 1436 1592 1458 suum
1612 1426 1707 1459 facit.
1761 1425 1808 1458 Hi
1829 1427 1955 1460 deinde
1973 1429 2016 1461 de
2037 1439 2115 1471 gra-

1122 1473 1294 1514 vissstnis,
1327 1486 1585 1520 nonnunquam
1610 1476 1713 1508 etiam
1732 1477 2036 1520 periculosissimis
2054 1491 2116 1512 ne-

1121 1524 1230 1566 gociis
1265 1525 1472 1557 sententiam
1509 1533 1696 1568 rogantur,
1738 1528 1887 1571 quibus,
1926 1528 2115 1570 Hercules,

1122 1586 1195 1607 non
1221 1574 1298 1618 plus
1317 1575 1443 1608 mentis
1461 1582 1511 1609 est
1533 1589 1637 1620 quam
1663 1577 1746 1609 bovi
1764 1585 1824 1611 aut
1845 1591 1963 1622 porco.
2018 1580 2113 1622 Quid

1122 1637 1203 1668 ergo
1230 1627 1469 1668 respondent?
1524 1626 1723 1660 Stulticiam
1752 1629 1880 1671 celare,
1907 1630 2023 1675 inquit
2041 1630 2114 1664 Ile-

1122 1677 1282 1717 raclitus,
1315 1677 1459 1710 difficile
1492 1684 1560 1717 est,
1596 1678 1632 1710 in
1660 1678 1744 1711 vino
1773 1692 1856 1713 vero
1883 1681 2112 1724 impossibile.

1123 1726 1252 1760 Vocem
1277 1738 1358 1770 ergo
1382 1725 1420 1760 bi
1447 1726 1608 1761 homines
1634 1730 1759 1762 nonin
1783 1731 1946 1765 convivio
1975 1739 2111 1766 tantum

1121 1784 1225 1822 atque
1247 1778 1339 1811 inter
1354 1778 1413 1811 illa
1432 1779 1597 1812 immania
1617 1781 1761 1824 pocula,
1789 1783 1846 1814 sed
1873 1782 1987 1815 alieno
2007 1783 2112 1816 etiam

1120 1840 1220 1872 saepe
1248 1829 1325 1861 loco
1362 1836 1396 1862 et
1430 1830 1466 1862 in
1499 1831 1646 1863 consilio
1677 1832 1820 1874 publico
1854 1833 2019 1867 emittunt
2048 1846 2110 1877 per

1120 1879 1280 1923 iugulum
1306 1880 1516 1921 redituram,
1551 1888 1709 1916 eructant
1725 1894 1821 1915 suam
1847 1882 2109 1928 ἑωλοκρασίαν,

1119 1942 1191 1963 non
1216 1930 1309 1962 enim
1336 1937 1449 1964 tacere
1475 1939 1638 1976 possunt,
1673 1944 1737 1966 nec
1762 1934 1875 1967 videri
1900 1935 2025 1968 volunt
2042 1935 2109 1968 mi-

1119 1993 1186 2013 nus
1205 1981 1282 2013 aliis
1300 1993 1431 2025 sapere.
1485 1981 1648 2016 Afferunt
1665 1995 1744 2026 ergo
1763 1984 1855 2018 inter
1870 1986 1995 2029 pocula
2012 1998 2108 2019 com-

1119 2032 1267 2065 bibones
1294 2043 1374 2065 suos
1397 2033 1598 2066 meditatam
1626 2034 1694 2066 iam
1719 2042 1798 2068 ante
1830 2048 1869 2068 ac
1891 2037 2106 2070 decantatam

1118 2082 1284 2116 furiosam
1311 2083 1464 2128 aliquam
1488 2085 1664 2124 fabulam,
1701 2097 1774 2117 eam
1802 2086 1917 2119 statim
1937 2099 2002 2131 pro
2020 2088 2106 2121 folio

1118 2133 1274 2179 Sibyllae
1291 2132 1510 2178 acDelphico
1528 2135 1670 2168 oraculo
1688 2147 1766 2168 cum
1790 2137 1960 2181 adplausu
1982 2138 2108 2179 audiri,

1118 2192 1246 2218 etcum
1271 2195 1410 2218 assensu
1435 2186 1568 2229 accipi,
1595 2187 1804 2231 adorarique
1822 2188 2019 2231 postulant,
2046 2201 2107 2233 pe-

1117 2235 1235 2275 rieris,
1273 2235 1300 2267 si
1325 2235 1521 2271 dissentias.
1581 2234 1616 2269 Ο
1642 2244 1693 2270 ter
1709 2245 1742 2271 et
1766 2238 1916 2281 amplius
1941 2239 2103 2272 miseram

1116 2299 1154 2319 ac
1170 2286 1339 2329 perditam
1356 2285 1534 2330 Rempub.
1551 2299 1640 2332 quae
1657 2299 1674 2320 a
1694 2288 1822 2321 talibus
1837 2289 2106 2324 administratur

1116 2336 1386 2371 consultoribus.
1450 2335 1485 2369 Ο
1514 2338 1732 2371 calamitosos
1760 2346 1793 2372 et
1821 2340 1968 2373 afflictos
2002 2340 2104 2381 cives,

1116 2388 1245 2432 quibus
1261 2385 1297 2419 hi
1315 2388 1406 2430 leges
1423 2388 1566 2421 (lictant.
1609 2388 1703 2436 Quid
1725 2389 1817 2422 enirn
1834 2397 1903 2423 tam
1919 2392 2102 2429 absonum,

1115 2438 1324 2478 absurdum,
1352 2445 1454 2483 atque
1474 2439 1517 2471 ab
1535 2439 1633 2472 omni
1652 2451 1754 2473 sensu
1772 2438 1927 2474 humano
1947 2441 2100 2475 alienum

1115 2488 1256 2531 cogitari
1273 2495 1404 2532 potest,
1433 2490 1525 2535 quod
1543 2490 1628 2523 istae
1642 2491 1793 2523 furiosae
1809 2492 1938 2524 bestiae
1950 2492 2002 2525 vel
2021 2503 2099 2525 cum

1115 2540 1218 2574 exitio
1237 2539 1376 2583 publico
1398 2552 1470 2573 non
1488 2541 1664 2574 audeant?
1704 2553 1790 2586 quas
1806 2542 2000 2585 tragoedias
2018 2542 2100 2574 nul-

1114 2592 1145 2624 la
1168 2592 1210 2623 de
1243 2602 1342 2623 causa
1375 2590 1523 2624 illinon
1552 2592 1726 2625 excitant?
1767 2592 1896 2637 quibus
1933 2593 2100 2631 moribus,

1113 2642 1215 2675 bellis
1237 2648 1340 2686 atque
1354 2641 1526 2675 incendiis
1549 2639 1585 2675 hi
1607 2654 1679 2675 non
1695 2642 1842 2677 miscent
1863 2643 1978 2676 omnia
1995 2649 2098 2686 atque

1111 2692 1343 2737 perturbant?
1381 2691 1518 2727 Revera
1541 2693 1631 2726 faces
1647 2692 1867 2738 Rerumpub.
1882 2704 1962 2726 nam
1980 2690 2096 2726 borri-
