<?xml version="1.0" encoding="UTF-8"?>
<!DOCTYPE html PUBLIC "-//W3C//DTD XHTML 1.0 Transitional//EN"
    "http://www.w3.org/TR/xhtml1/DTD/xhtml1-transitional.dtd">
<html xmlns="http://www.w3.org/1999/xhtml" xml:lang="en" lang="en">
 <head>
  <title>
</title>
<meta http-equiv="Content-Type" content="text/html;charset=utf-8" />
  <meta name='ocr-system' content='tesseract 3.04.00' />
  <meta name='ocr-capabilities' content='ocr_page ocr_carea ocr_par ocr_line ocrx_word'/>
</head>
<body>
  <div class='ocr_page' id='page_1' title='image "./operaquaesupersu11melauoft_0251.png"; bbox 0 0 2338 2958; ppageno 0'>
   <div class='ocr_carea' id='block_1_1' title="bbox 13 131 19 770">
    <p class='ocr_par' dir='ltr' id='par_1_1' title="bbox 13 131 19 770">
     <span class='ocr_line' id='line_1_1' title="bbox 13 131 19 770; baseline 0 0"><span class='ocrx_word' id='word_1_1' title='bbox 13 131 19 770; x_wconf 95' lang='lat' dir='ltr'> </span> 
     </span>
    </p>
   </div>
   <div class='ocr_carea' id='block_1_2' title="bbox 101 128 176 165">
    <p class='ocr_par' dir='ltr' id='par_1_2' title="bbox 101 128 176 165">
     <span class='ocr_line' id='line_1_2' title="bbox 101 128 176 165; baseline -0.013 0"><span class='ocrx_word' id='word_1_2' title='bbox 101 128 176 165; x_wconf 83' lang='lat'>485</span> 
     </span>
    </p>
   </div>
   <div class='ocr_carea' id='block_1_3' title="bbox 624 120 1601 163">
    <p class='ocr_par' dir='ltr' id='par_1_3' title="bbox 624 120 1601 163">
     <span class='ocr_line' id='line_1_3' title="bbox 624 120 1601 163; baseline 0.002 -3"><span class='ocrx_word' id='word_1_3' title='bbox 624 122 783 163; x_wconf 90' lang='lat' dir='ltr'>DECL.</span> <span class='ocrx_word' id='word_1_4' title='bbox 817 123 889 160; x_wconf 88' lang='lat' dir='ltr'>DE</span> <span class='ocrx_word' id='word_1_5' title='bbox 933 120 1268 160; x_wconf 85' lang='lat' dir='ltr'><strong>EMENDATO</strong></span> <span class='ocrx_word' id='word_1_6' title='bbox 1308 121 1601 163; x_wconf 86' lang='lat' dir='ltr'><strong>LATRONE.</strong></span> 
     </span>
    </p>
   </div>
   <div class='ocr_carea' id='block_1_4' title="bbox 2052 134 2124 171">
    <p class='ocr_par' dir='ltr' id='par_1_4' title="bbox 2052 134 2124 171">
     <span class='ocr_line' id='line_1_4' title="bbox 2052 134 2124 171; baseline 0.028 -2"><span class='ocrx_word' id='word_1_7' title='bbox 2052 134 2124 171; x_wconf 84' lang='lat'>486</span> 
     </span>
    </p>
   </div>
   <div class='ocr_carea' id='block_1_5' title="bbox 95 207 2126 266">
    <p class='ocr_par' dir='ltr' id='par_1_5' title="bbox 95 207 2126 266">
     <span class='ocr_line' id='line_1_5' title="bbox 95 207 2126 266; baseline 0.014 -39"><span class='ocrx_word' id='word_1_8' title='bbox 95 227 174 249; x_wconf 66' lang='lat' dir='ltr'>rum</span> <span class='ocrx_word' id='word_1_9' title='bbox 186 211 376 248; x_wconf 65' lang='lat' dir='ltr'>libidfnum</span> <span class='ocrx_word' id='word_1_10' title='bbox 401 221 441 244; x_wconf 68' lang='lat' dir='ltr'>ae</span> <span class='ocrx_word' id='word_1_11' title='bbox 467 209 748 255; x_wconf 66' lang='lat' dir='ltr'><strong>parricidiorum,</strong></span> <span class='ocrx_word' id='word_1_12' title='bbox 786 209 882 245; x_wconf 81' lang='lat' dir='ltr'>Haec</span> <span class='ocrx_word' id='word_1_13' title='bbox 896 222 977 245; x_wconf 80' lang='lat' dir='ltr'>vera</span> <span class='ocrx_word' id='word_1_14' title='bbox 997 220 1081 250; x_wconf 86' lang='lat' dir='ltr'>esse,</span> <span class='ocrx_word' id='word_1_15' title='bbox 1136 207 1199 241; x_wconf 89' lang='lat' dir='ltr'>diu</span> <span class='ocrx_word' id='word_1_16' title='bbox 1224 208 1373 249; x_wconf 83' lang='lat' dir='ltr'>florent,</span> <span class='ocrx_word' id='word_1_17' title='bbox 1408 217 1446 244; x_wconf 94' lang='lat' dir='ltr'>nt</span> <span class='ocrx_word' id='word_1_18' title='bbox 1473 209 1685 258; x_wconf 72' lang='lat' dir='ltr'>Dionysius,</span> <span class='ocrx_word' id='word_1_19' title='bbox 1712 213 1825 257; x_wconf 86' lang='lat' dir='ltr'>Nero,</span> <span class='ocrx_word' id='word_1_20' title='bbox 1851 224 1882 251; x_wconf 87' lang='lat' dir='ltr'>et</span> <span class='ocrx_word' id='word_1_21' title='bbox 1900 219 2025 254; x_wconf 84' lang='lat' dir='ltr'>similia</span> <span class='ocrx_word' id='word_1_22' title='bbox 2044 234 2126 266; x_wconf 90' lang='lat' dir='ltr'>por-</span> 
     </span>
    </p>
   </div>
   <div class='ocr_carea' id='block_1_6' title="bbox 83 261 1079 2724">
    <p class='ocr_par' dir='ltr' id='par_1_6' title="bbox 83 261 1079 2062">
     <span class='ocr_line' id='line_1_6' title="bbox 95 261 1078 308; baseline -0.004 -11"><span class='ocrx_word' id='word_1_23' title='bbox 95 277 140 299; x_wconf 85' lang='lat' dir='ltr'>ne</span> <span class='ocrx_word' id='word_1_24' title='bbox 155 263 220 308; x_wconf 90' lang='lat' dir='ltr'>ipsi</span> <span class='ocrx_word' id='word_1_25' title='bbox 237 262 379 307; x_wconf 92' lang='lat' dir='ltr'>quidem</span> <span class='ocrx_word' id='word_1_26' title='bbox 407 273 533 305; x_wconf 88' lang='lat' dir='ltr'>negare</span> <span class='ocrx_word' id='word_1_27' title='bbox 557 269 716 306; x_wconf 85' lang='lat' dir='ltr'><strong>possunt.</strong></span> <span class='ocrx_word' id='word_1_28' title='bbox 768 261 839 295; x_wconf 88' lang='lat' dir='ltr'>Nec</span> <span class='ocrx_word' id='word_1_29' title='bbox 858 262 965 295; x_wconf 86' lang='lat' dir='ltr'>ull-ins</span> <span class='ocrx_word' id='word_1_30' title='bbox 982 267 1078 295; x_wconf 89' lang='lat' dir='ltr'>tanta</span> 
     </span>
     <span class='ocr_line' id='line_1_7' title="bbox 94 309 1077 358; baseline -0.005 -9"><span class='ocrx_word' id='word_1_31' title='bbox 94 321 144 349; x_wconf 88' lang='lat' dir='ltr'>est</span> <span class='ocrx_word' id='word_1_32' title='bbox 165 312 384 358; x_wconf 78' lang='lat' dir='ltr'>eloquentia,</span> <span class='ocrx_word' id='word_1_33' title='bbox 418 309 503 346; x_wconf 89' lang='lat' dir='ltr'>haec</span> <span class='ocrx_word' id='word_1_34' title='bbox 532 319 571 346; x_wconf 85' lang='lat' dir='ltr'>ut</span> <span class='ocrx_word' id='word_1_35' title='bbox 598 324 760 346; x_wconf 88' lang='lat' dir='ltr'>excusare</span> <span class='ocrx_word' id='word_1_36' title='bbox 792 312 847 345; x_wconf 75' lang='lat' dir='ltr'>vel</span> <span class='ocrx_word' id='word_1_37' title='bbox 868 312 906 345; x_wconf 92' lang='lat' dir='ltr'>in</span> <span class='ocrx_word' id='word_1_38' title='bbox 930 312 1077 356; x_wconf 87' lang='lat' dir='ltr'>speciem</span> 
     </span>
     <span class='ocr_line' id='line_1_8' title="bbox 93 361 1079 410; baseline -0.004 -12"><span class='ocrx_word' id='word_1_39' title='bbox 93 370 208 410; x_wconf 84' lang='lat' dir='ltr'><strong>queat.</strong></span> <span class='ocrx_word' id='word_1_40' title='bbox 267 361 386 397; x_wconf 89' lang='lat' dir='ltr'>Tonet</span> <span class='ocrx_word' id='word_1_41' title='bbox 408 362 491 396; x_wconf 90' lang='lat' dir='ltr'>licet</span> <span class='ocrx_word' id='word_1_42' title='bbox 512 374 551 396; x_wconf 92' lang='lat' dir='ltr'>ac</span> <span class='ocrx_word' id='word_1_43' title='bbox 574 363 722 396; x_wconf 83' lang='lat' dir='ltr'>fulmina</span> <span class='ocrx_word' id='word_1_44' title='bbox 740 369 901 408; x_wconf 86' lang='lat' dir='ltr'>torqueat</span> <span class='ocrx_word' id='word_1_45' title='bbox 917 361 1079 401; x_wconf 76' lang='lat' dir='ltr'>Pericles,</span> 
     </span>
     <span class='ocr_line' id='line_1_9' title="bbox 90 411 1079 455; baseline -0.004 -6"><span class='ocrx_word' id='word_1_46' title='bbox 90 421 132 449; x_wconf 88' lang='lat' dir='ltr'>ut</span> <span class='ocrx_word' id='word_1_47' title='bbox 154 413 354 454; x_wconf 81' lang='lat' dir='ltr'>dicebatur,</span> <span class='ocrx_word' id='word_1_48' title='bbox 385 419 501 447; x_wconf 90' lang='lat' dir='ltr'>tamen</span> <span class='ocrx_word' id='word_1_49' title='bbox 524 413 562 446; x_wconf 88' lang='lat' dir='ltr'>in</span> <span class='ocrx_word' id='word_1_50' title='bbox 585 411 649 446; x_wconf 88' lang='lat' dir='ltr'>hac</span> <span class='ocrx_word' id='word_1_51' title='bbox 667 425 767 447; x_wconf 89' lang='lat' dir='ltr'>causa</span> <span class='ocrx_word' id='word_1_52' title='bbox 789 413 916 446; x_wconf 81' lang='lat' dir='ltr'>veritas</span> <span class='ocrx_word' id='word_1_53' title='bbox 933 413 979 446; x_wconf 89' lang='lat' dir='ltr'>ita</span> <span class='ocrx_word' id='word_1_54' title='bbox 1001 424 1079 455; x_wconf 88' lang='lat' dir='ltr'>per-</span> 
     </span>
     <span class='ocr_line' id='line_1_10' title="bbox 90 459 1078 510; baseline -0.002 -12"><span class='ocrx_word' id='word_1_55' title='bbox 90 464 208 509; x_wconf 89' lang='lat' dir='ltr'>spicua</span> <span class='ocrx_word' id='word_1_56' title='bbox 225 470 294 501; x_wconf 87' lang='lat' dir='ltr'>est,</span> <span class='ocrx_word' id='word_1_57' title='bbox 322 469 361 498; x_wconf 90' lang='lat' dir='ltr'>ut</span> <span class='ocrx_word' id='word_1_58' title='bbox 385 475 458 497; x_wconf 91' lang='lat' dir='ltr'>non</span> <span class='ocrx_word' id='word_1_59' title='bbox 477 464 584 508; x_wconf 91' lang='lat' dir='ltr'>possit</span> <span class='ocrx_word' id='word_1_60' title='bbox 602 461 668 497; x_wconf 81' lang='grc' dir='ltr'>τὸν</span> <span class='ocrx_word' id='word_1_61' title='bbox 684 462 781 508; x_wconf 74' lang='grc' dir='ltr'><em>ἥττω</em></span> <span class='ocrx_word' id='word_1_62' title='bbox 801 459 912 510; x_wconf 72' lang='grc' dir='ltr'><em>λόγον</em></span> <span class='ocrx_word' id='word_1_63' title='bbox 925 460 1078 506; x_wconf 72' lang='grc' dir='ltr'>κρείττω</span> 
     </span>
     <span class='ocr_line' id='line_1_11' title="bbox 90 513 1077 558; baseline -0.004 -9"><span class='ocrx_word' id='word_1_64' title='bbox 90 515 217 550; x_wconf 77' lang='grc' dir='ltr'><em>ποιεῖν.</em></span> <span class='ocrx_word' id='word_1_65' title='bbox 276 513 443 548; x_wconf 73' lang='lat' dir='ltr'>Viderint</span> <span class='ocrx_word' id='word_1_66' title='bbox 465 514 571 558; x_wconf 86' lang='lat' dir='ltr'>igitur</span> <span class='ocrx_word' id='word_1_67' title='bbox 592 514 662 558; x_wconf 89' lang='lat' dir='ltr'>pii,</span> <span class='ocrx_word' id='word_1_68' title='bbox 696 526 740 547; x_wconf 90' lang='lat' dir='ltr'>ne</span> <span class='ocrx_word' id='word_1_69' title='bbox 768 524 802 546; x_wconf 88' lang='lat' dir='ltr'>se</span> <span class='ocrx_word' id='word_1_70' title='bbox 831 515 873 546; x_wconf 89' lang='lat' dir='ltr'>ad</span> <span class='ocrx_word' id='word_1_71' title='bbox 900 519 1077 546; x_wconf 89' lang='lat' dir='ltr'>tantorum</span> 
     </span>
     <span class='ocr_line' id='line_1_12' title="bbox 90 562 1078 607; baseline -0.004 -8"><span class='ocrx_word' id='word_1_72' title='bbox 90 565 260 599; x_wconf 85' lang='lat' dir='ltr'>scelerum</span> <span class='ocrx_word' id='word_1_73' title='bbox 285 565 484 599; x_wconf 88' lang='lat' dir='ltr'>societatem</span> <span class='ocrx_word' id='word_1_74' title='bbox 508 565 711 607; x_wconf 84' lang='lat' dir='ltr'>adiungant.</span> <span class='ocrx_word' id='word_1_75' title='bbox 770 562 934 607; x_wconf 84' lang='lat' dir='ltr'>Cogitent</span> <span class='ocrx_word' id='word_1_76' title='bbox 964 575 1078 596; x_wconf 86' lang='lat' dir='ltr'>exem-</span> 
     </span>
     <span class='ocr_line' id='line_1_13' title="bbox 89 613 1077 660; baseline -0.002 -12"><span class='ocrx_word' id='word_1_77' title='bbox 89 615 187 660; x_wconf 88' lang='lat' dir='ltr'>plum</span> <span class='ocrx_word' id='word_1_78' title='bbox 212 615 387 648; x_wconf 88' lang='lat' dir='ltr'>emendati</span> <span class='ocrx_word' id='word_1_79' title='bbox 415 615 581 653; x_wconf 87' lang='lat' dir='ltr'>latronis,</span> <span class='ocrx_word' id='word_1_80' title='bbox 616 614 802 648; x_wconf 81' lang='lat' dir='ltr'>ostendant</span> <span class='ocrx_word' id='word_1_81' title='bbox 829 625 931 651; x_wconf 83' lang='lat' dir='ltr'>voce,</span> <span class='ocrx_word' id='word_1_82' title='bbox 968 613 1077 646; x_wconf 88' lang='lat' dir='ltr'>literis</span> 
     </span>
     <span class='ocr_line' id='line_1_14' title="bbox 90 664 1075 706; baseline -0.003 -7"><span class='ocrx_word' id='word_1_83' title='bbox 90 672 123 699; x_wconf 90' lang='lat' dir='ltr'>et</span> <span class='ocrx_word' id='word_1_84' title='bbox 148 665 291 698; x_wconf 88' lang='lat' dir='ltr'>caeteris</span> <span class='ocrx_word' id='word_1_85' title='bbox 314 665 455 703; x_wconf 83' lang='lat' dir='ltr'>officiis,</span> <span class='ocrx_word' id='word_1_86' title='bbox 482 676 518 698; x_wconf 90' lang='lat' dir='ltr'>se</span> <span class='ocrx_word' id='word_1_87' title='bbox 542 671 615 699; x_wconf 87' lang='lat' dir='ltr'>toto</span> <span class='ocrx_word' id='word_1_88' title='bbox 639 664 757 697; x_wconf 92' lang='lat' dir='ltr'>animo</span> <span class='ocrx_word' id='word_1_89' title='bbox 776 665 819 697; x_wconf 88' lang='lat' dir='ltr'>ab</span> <span class='ocrx_word' id='word_1_90' title='bbox 843 664 902 697; x_wconf 89' lang='lat' dir='ltr'>illa</span> <span class='ocrx_word' id='word_1_91' title='bbox 917 664 1075 706; x_wconf 76' lang='lat' dir='ltr'>gigantea</span> 
     </span>
     <span class='ocr_line' id='line_1_15' title="bbox 90 713 1077 759; baseline -0.001 -11"><span class='ocrx_word' id='word_1_92' title='bbox 90 715 270 759; x_wconf 71' lang='lat' dir='ltr'>impietate</span> <span class='ocrx_word' id='word_1_93' title='bbox 285 713 493 756; x_wconf 89' lang='lat' dir='ltr'>abhorrere,</span> <span class='ocrx_word' id='word_1_94' title='bbox 520 726 554 747; x_wconf 91' lang='lat' dir='ltr'>se</span> <span class='ocrx_word' id='word_1_95' title='bbox 570 714 666 748; x_wconf 88' lang='lat' dir='ltr'>nolle</span> <span class='ocrx_word' id='word_1_96' title='bbox 680 715 906 748; x_wconf 87' lang='lat' dir='ltr'>administros</span> <span class='ocrx_word' id='word_1_97' title='bbox 932 726 1003 747; x_wconf 89' lang='lat' dir='ltr'>esse</span> <span class='ocrx_word' id='word_1_98' title='bbox 1022 715 1077 747; x_wconf 85' lang='lat' dir='ltr'>su-</span> 
     </span>
     <span class='ocr_line' id='line_1_16' title="bbox 88 762 1076 801; baseline -0.002 -2"><span class='ocrx_word' id='word_1_99' title='bbox 88 766 179 800; x_wconf 88' lang='lat' dir='ltr'>roris</span> <span class='ocrx_word' id='word_1_100' title='bbox 203 766 299 799; x_wconf 90' lang='lat' dir='ltr'>illius</span> <span class='ocrx_word' id='word_1_101' title='bbox 313 765 464 801; x_wconf 75' lang='lat' dir='ltr'>Diaboli.</span> <span class='ocrx_word' id='word_1_102' title='bbox 517 764 606 798; x_wconf 88' lang='lat' dir='ltr'>Nam</span> <span class='ocrx_word' id='word_1_103' title='bbox 630 764 690 797; x_wconf 90' lang='lat' dir='ltr'>illa</span> <span class='ocrx_word' id='word_1_104' title='bbox 709 765 837 798; x_wconf 86' lang='lat' dir='ltr'>scelera</span> <span class='ocrx_word' id='word_1_105' title='bbox 857 777 928 798; x_wconf 92' lang='lat' dir='ltr'>non</span> <span class='ocrx_word' id='word_1_106' title='bbox 946 766 990 798; x_wconf 86' lang='lat' dir='ltr'>ab</span> <span class='ocrx_word' id='word_1_107' title='bbox 1008 762 1076 797; x_wconf 86' lang='lat' dir='ltr'>hu-</span> 
     </span>
     <span class='ocr_line' id='line_1_17' title="bbox 90 815 1076 860; baseline -0.002 -11"><span class='ocrx_word' id='word_1_108' title='bbox 90 817 202 849; x_wconf 80' lang='lat' dir='ltr'>manis</span> <span class='ocrx_word' id='word_1_109' title='bbox 236 816 404 860; x_wconf 88' lang='lat' dir='ltr'>ingeniis,</span> <span class='ocrx_word' id='word_1_110' title='bbox 439 816 498 848; x_wconf 87' lang='lat' dir='ltr'>sed</span> <span class='ocrx_word' id='word_1_111' title='bbox 531 827 610 848; x_wconf 79' lang='lat' dir='ltr'>vere</span> <span class='ocrx_word' id='word_1_112' title='bbox 639 827 677 847; x_wconf 90' lang='lat' dir='ltr'>ac</span> <span class='ocrx_word' id='word_1_113' title='bbox 707 816 848 859; x_wconf 82' lang='lat' dir='ltr'>proprie</span> <span class='ocrx_word' id='word_1_114' title='bbox 877 827 894 848; x_wconf 91' lang='lat' dir='ltr'>a</span> <span class='ocrx_word' id='word_1_115' title='bbox 925 815 1076 849; x_wconf 86' lang='lat' dir='ltr'>Diabolo</span> 
     </span>
     <span class='ocr_line' id='line_1_18' title="bbox 91 864 1078 911; baseline -0.002 -11"><span class='ocrx_word' id='word_1_116' title='bbox 91 867 268 902; x_wconf 86' lang='lat' dir='ltr'>oriuntur.</span> <span class='ocrx_word' id='word_1_117' title='bbox 319 864 384 899; x_wconf 86' lang='lat' dir='ltr'>Est</span> <span class='ocrx_word' id='word_1_118' title='bbox 404 865 547 911; x_wconf 88' lang='lat' dir='ltr'>quidem</span> <span class='ocrx_word' id='word_1_119' title='bbox 572 865 608 898; x_wconf 92' lang='lat' dir='ltr'>in</span> <span class='ocrx_word' id='word_1_120' title='bbox 637 866 772 908; x_wconf 86' lang='lat' dir='ltr'>maguis</span> <span class='ocrx_word' id='word_1_121' title='bbox 795 866 1005 899; x_wconf 86' lang='lat' dir='ltr'>cruciatibus</span> <span class='ocrx_word' id='word_1_122' title='bbox 1027 867 1078 898; x_wconf 89' lang='lat' dir='ltr'>la-</span> 
     </span>
     <span class='ocr_line' id='line_1_19' title="bbox 89 914 1077 961; baseline -0.002 -11"><span class='ocrx_word' id='word_1_123' title='bbox 89 924 164 957; x_wconf 84' lang='lat' dir='ltr'>tro,</span> <span class='ocrx_word' id='word_1_124' title='bbox 205 916 265 961; x_wconf 91' lang='lat' dir='ltr'>qui</span> <span class='ocrx_word' id='word_1_125' title='bbox 303 914 484 950; x_wconf 83' lang='lat' dir='ltr'>Christum</span> <span class='ocrx_word' id='word_1_126' title='bbox 528 923 724 951; x_wconf 77' lang='lat' dir='ltr'>veneratur.</span> <span class='ocrx_word' id='word_1_127' title='bbox 800 916 870 950; x_wconf 89' lang='lat' dir='ltr'>Sed</span> <span class='ocrx_word' id='word_1_128' title='bbox 911 917 1077 960; x_wconf 87' lang='lat' dir='ltr'>cogitate,</span> 
     </span>
     <span class='ocr_line' id='line_1_20' title="bbox 88 967 1076 1011; baseline 0.001 -13"><span class='ocrx_word' id='word_1_129' title='bbox 88 973 217 1011; x_wconf 87' lang='lat' dir='ltr'>quanta</span> <span class='ocrx_word' id='word_1_130' title='bbox 253 967 297 999; x_wconf 86' lang='lat' dir='ltr'>sit</span> <span class='ocrx_word' id='word_1_131' title='bbox 324 967 523 1007; x_wconf 73' lang='lat' dir='ltr'>beatitudo,</span> <span class='ocrx_word' id='word_1_132' title='bbox 560 973 678 1000; x_wconf 85' lang='lat' dir='ltr'>tenere</span> <span class='ocrx_word' id='word_1_133' title='bbox 704 973 832 1000; x_wconf 90' lang='lat' dir='ltr'>certam</span> <span class='ocrx_word' id='word_1_134' title='bbox 865 978 960 1011; x_wconf 92' lang='lat' dir='ltr'>spem</span> <span class='ocrx_word' id='word_1_135' title='bbox 988 967 1076 1000; x_wconf 85' lang='lat' dir='ltr'>vitae</span> 
     </span>
     <span class='ocr_line' id='line_1_21' title="bbox 87 1016 1076 1051; baseline 0 -1"><span class='ocrx_word' id='word_1_136' title='bbox 87 1023 258 1050; x_wconf 78' lang='lat' dir='ltr'>aeternae.</span> <span class='ocrx_word' id='word_1_137' title='bbox 312 1016 362 1049; x_wconf 86' lang='lat' dir='ltr'>lta</span> <span class='ocrx_word' id='word_1_138' title='bbox 381 1028 446 1049; x_wconf 92' lang='lat' dir='ltr'>nos</span> <span class='ocrx_word' id='word_1_139' title='bbox 461 1018 523 1051; x_wconf 91' lang='lat' dir='ltr'>etsi</span> <span class='ocrx_word' id='word_1_140' title='bbox 541 1017 662 1051; x_wconf 89' lang='lat' dir='ltr'>multis</span> <span class='ocrx_word' id='word_1_141' title='bbox 681 1029 882 1050; x_wconf 80' lang='lat' dir='ltr'>exercemur</span> <span class='ocrx_word' id='word_1_142' title='bbox 899 1017 1076 1050; x_wconf 86' lang='lat' dir='ltr'>aerumnis</span> 
     </span>
     <span class='ocr_line' id='line_1_22' title="bbox 87 1065 1075 1111; baseline 0 -11"><span class='ocrx_word' id='word_1_143' title='bbox 87 1073 232 1111; x_wconf 87' lang='lat' dir='ltr'>propter</span> <span class='ocrx_word' id='word_1_144' title='bbox 254 1067 526 1108; x_wconf 89' lang='lat' dir='ltr'>confessionem,</span> <span class='ocrx_word' id='word_1_145' title='bbox 560 1074 677 1101; x_wconf 89' lang='lat' dir='ltr'>tamen</span> <span class='ocrx_word' id='word_1_146' title='bbox 703 1065 793 1101; x_wconf 88' lang='lat' dir='ltr'>hanc</span> <span class='ocrx_word' id='word_1_147' title='bbox 815 1069 983 1101; x_wconf 89' lang='lat' dir='ltr'>ducamus</span> <span class='ocrx_word' id='word_1_148' title='bbox 1003 1079 1075 1100; x_wconf 88' lang='lat' dir='ltr'>esse</span> 
     </span>
     <span class='ocr_line' id='line_1_23' title="bbox 86 1116 1076 1161; baseline -0.001 -11"><span class='ocrx_word' id='word_1_149' title='bbox 86 1127 249 1160; x_wconf 72' lang='lat' dir='ltr'>mgnam</span> <span class='ocrx_word' id='word_1_150' title='bbox 282 1117 526 1155; x_wconf 83' lang='lat' dir='ltr'>foelicitatem,</span> <span class='ocrx_word' id='word_1_151' title='bbox 560 1117 655 1161; x_wconf 91' lang='lat' dir='ltr'>quod</span> <span class='ocrx_word' id='word_1_152' title='bbox 682 1116 848 1150; x_wconf 89' lang='lat' dir='ltr'>absumus</span> <span class='ocrx_word' id='word_1_153' title='bbox 877 1129 894 1149; x_wconf 88' lang='lat' dir='ltr'>a</span> <span class='ocrx_word' id='word_1_154' title='bbox 919 1118 1076 1150; x_wconf 85' lang='lat' dir='ltr'>consiliis</span> 
     </span>
     <span class='ocr_line' id='line_1_24' title="bbox 86 1165 1076 1211; baseline -0.001 -11"><span class='ocrx_word' id='word_1_155' title='bbox 86 1165 317 1206; x_wconf 88' lang='lat' dir='ltr'>Pontificum,</span> <span class='ocrx_word' id='word_1_156' title='bbox 344 1179 362 1200; x_wconf 90' lang='lat' dir='ltr'>a</span> <span class='ocrx_word' id='word_1_157' title='bbox 387 1166 528 1200; x_wconf 86' lang='lat' dir='ltr'>Diaboli</span> <span class='ocrx_word' id='word_1_158' title='bbox 548 1167 704 1207; x_wconf 87' lang='lat' dir='ltr'>foedere,</span> <span class='ocrx_word' id='word_1_159' title='bbox 729 1167 789 1211; x_wconf 90' lang='lat' dir='ltr'>qui</span> <span class='ocrx_word' id='word_1_160' title='bbox 807 1174 846 1200; x_wconf 85' lang='lat' dir='ltr'>nt</span> <span class='ocrx_word' id='word_1_161' title='bbox 862 1165 976 1200; x_wconf 90' lang='lat' dir='ltr'>Deum</span> <span class='ocrx_word' id='word_1_162' title='bbox 991 1179 1076 1201; x_wconf 91' lang='lat' dir='ltr'>con-</span> 
     </span>
     <span class='ocr_line' id='line_1_25' title="bbox 88 1217 1076 1261; baseline 0 -11"><span class='ocrx_word' id='word_1_163' title='bbox 88 1217 231 1250; x_wconf 86' lang='lat' dir='ltr'>tumelia</span> <span class='ocrx_word' id='word_1_164' title='bbox 254 1217 399 1257; x_wconf 83' lang='lat' dir='ltr'>afficiat,</span> <span class='ocrx_word' id='word_1_165' title='bbox 437 1223 477 1251; x_wconf 90' lang='lat' dir='ltr'>ut</span> <span class='ocrx_word' id='word_1_166' title='bbox 507 1228 612 1261; x_wconf 91' lang='lat' dir='ltr'>quam</span> <span class='ocrx_word' id='word_1_167' title='bbox 642 1217 812 1261; x_wconf 90' lang='lat' dir='ltr'>plurimos</span> <span class='ocrx_word' id='word_1_168' title='bbox 841 1218 980 1261; x_wconf 89' lang='lat' dir='ltr'>perdat,</span> <span class='ocrx_word' id='word_1_169' title='bbox 1019 1218 1076 1250; x_wconf 91' lang='lat' dir='ltr'>in-</span> 
     </span>
     <span class='ocr_line' id='line_1_26' title="bbox 87 1266 1075 1313; baseline 0.001 -13"><span class='ocrx_word' id='word_1_170' title='bbox 87 1267 204 1302; x_wconf 80' lang='lat' dir='ltr'>cendit</span> <span class='ocrx_word' id='word_1_171' title='bbox 233 1266 438 1307; x_wconf 82' lang='lat' dir='ltr'>Pontifices‚</span> <span class='ocrx_word' id='word_1_172' title='bbox 471 1267 577 1310; x_wconf 86' lang='lat' dir='ltr'>agitat</span> <span class='ocrx_word' id='word_1_173' title='bbox 607 1273 795 1313; x_wconf 77' lang='lat' dir='ltr'>tyrannos,</span> <span class='ocrx_word' id='word_1_174' title='bbox 827 1274 866 1301; x_wconf 87' lang='lat' dir='ltr'>ut</span> <span class='ocrx_word' id='word_1_175' title='bbox 896 1268 1075 1301; x_wconf 83' lang='lat' dir='ltr'>stabiliant</span> 
     </span>
     <span class='ocr_line' id='line_1_27' title="bbox 86 1315 1075 1362; baseline 0 -11"><span class='ocrx_word' id='word_1_176' title='bbox 86 1315 359 1361; x_wconf 71' lang='grc' dir='ltr'>εἷδωλομαιίἀν</span> <span class='ocrx_word' id='word_1_177' title='bbox 397 1324 428 1351; x_wconf 89' lang='lat' dir='ltr'>et</span> <span class='ocrx_word' id='word_1_178' title='bbox 461 1324 594 1351; x_wconf 87' lang='lat' dir='ltr'>caetera</span> <span class='ocrx_word' id='word_1_179' title='bbox 627 1318 769 1361; x_wconf 84' lang='lat' dir='ltr'>flagitia.</span> <span class='ocrx_word' id='word_1_180' title='bbox 828 1316 928 1351; x_wconf 68' lang='lat' dir='ltr'>Nihil</span> <span class='ocrx_word' id='word_1_181' title='bbox 962 1325 1075 1362; x_wconf 85' lang='lat' dir='ltr'>potest</span> 
     </span>
     <span class='ocr_line' id='line_1_28' title="bbox 86 1367 1075 1413; baseline 0.001 -13"><span class='ocrx_word' id='word_1_182' title='bbox 86 1368 156 1401; x_wconf 89' lang='lat' dir='ltr'>dici</span> <span class='ocrx_word' id='word_1_183' title='bbox 180 1367 350 1408; x_wconf 80' lang='lat' dir='ltr'>atrocius,</span> <span class='ocrx_word' id='word_1_184' title='bbox 377 1379 481 1412; x_wconf 88' lang='lat' dir='ltr'>quam</span> <span class='ocrx_word' id='word_1_185' title='bbox 508 1369 603 1412; x_wconf 90' lang='lat' dir='ltr'>quod</span> <span class='ocrx_word' id='word_1_186' title='bbox 629 1367 747 1413; x_wconf 87' lang='lat' dir='ltr'>inquit</span> <span class='ocrx_word' id='word_1_187' title='bbox 764 1367 912 1401; x_wconf 86' lang='lat' dir='ltr'>Paulus:</span> <span class='ocrx_word' id='word_1_188' title='bbox 940 1368 978 1402; x_wconf 93' lang='lat' dir='ltr'>Si</span> <span class='ocrx_word' id='word_1_189' title='bbox 997 1369 1075 1413; x_wconf 88' lang='lat' dir='ltr'>quis</span> 
     </span>
     <span class='ocr_line' id='line_1_29' title="bbox 87 1416 1074 1460; baseline 0.002 -10"><span class='ocrx_word' id='word_1_190' title='bbox 87 1417 183 1450; x_wconf 88' lang='lat' dir='ltr'>aliud</span> <span class='ocrx_word' id='word_1_191' title='bbox 207 1416 439 1460; x_wconf 77' lang='lat' dir='ltr'>Evangelium</span> <span class='ocrx_word' id='word_1_192' title='bbox 465 1419 585 1459; x_wconf 87' lang='lat' dir='ltr'>docet,</span> <span class='ocrx_word' id='word_1_193' title='bbox 617 1416 802 1452; x_wconf 85' lang='lat' dir='ltr'>anathema</span> <span class='ocrx_word' id='word_1_194' title='bbox 828 1419 883 1452; x_wconf 90' lang='lat' dir='ltr'>sit.</span> <span class='ocrx_word' id='word_1_195' title='bbox 937 1416 1074 1453; x_wconf 84' lang='lat' dir='ltr'>Omnes</span> 
     </span>
     <span class='ocr_line' id='line_1_30' title="bbox 86 1468 1074 1513; baseline 0.002 -13"><span class='ocrx_word' id='word_1_196' title='bbox 86 1468 180 1501; x_wconf 89' lang='lat' dir='ltr'>diras</span> <span class='ocrx_word' id='word_1_197' title='bbox 196 1474 299 1512; x_wconf 87' lang='lat' dir='ltr'>atque</span> <span class='ocrx_word' id='word_1_198' title='bbox 316 1468 580 1512; x_wconf 78' lang='lat' dir='ltr'>imprecationes</span> <span class='ocrx_word' id='word_1_199' title='bbox 598 1469 799 1513; x_wconf 82' lang='lat' dir='ltr'>complexus</span> <span class='ocrx_word' id='word_1_200' title='bbox 820 1475 869 1502; x_wconf 90' lang='lat' dir='ltr'>est</span> <span class='ocrx_word' id='word_1_201' title='bbox 887 1481 971 1502; x_wconf 80' lang='lat' dir='ltr'>voce</span> <span class='ocrx_word' id='word_1_202' title='bbox 989 1481 1074 1502; x_wconf 88' lang='lat' dir='ltr'>ana-</span> 
     </span>
     <span class='ocr_line' id='line_1_31' title="bbox 86 1515 1073 1563; baseline 0.001 -12"><span class='ocrx_word' id='word_1_203' title='bbox 86 1515 260 1553; x_wconf 79' lang='lat' dir='ltr'>thematis.</span> <span class='ocrx_word' id='word_1_204' title='bbox 314 1517 359 1552; x_wconf 81' lang='lat' dir='ltr'>Et</span> <span class='ocrx_word' id='word_1_205' title='bbox 380 1519 504 1563; x_wconf 89' lang='lat' dir='ltr'>repetit</span> <span class='ocrx_word' id='word_1_206' title='bbox 527 1519 633 1552; x_wconf 80' lang='lat' dir='ltr'>verbo</span> <span class='ocrx_word' id='word_1_207' title='bbox 659 1519 813 1552; x_wconf 80' lang='lat' dir='ltr'>tristiore</span> <span class='ocrx_word' id='word_1_208' title='bbox 830 1520 974 1552; x_wconf 83' lang='lat' dir='ltr'>eandem</span> <span class='ocrx_word' id='word_1_209' title='bbox 994 1532 1073 1553; x_wconf 89' lang='lat' dir='ltr'>sen-</span> 
     </span>
     <span class='ocr_line' id='line_1_32' title="bbox 84 1567 1073 1613; baseline 0 -11"><span class='ocrx_word' id='word_1_210' title='bbox 84 1568 229 1602; x_wconf 82' lang='lat' dir='ltr'>tentiam</span> <span class='ocrx_word' id='word_1_211' title='bbox 247 1567 348 1602; x_wconf 83' lang='lat' dir='ltr'>alibi:</span> <span class='ocrx_word' id='word_1_212' title='bbox 378 1568 416 1603; x_wconf 89' lang='lat' dir='ltr'>Si</span> <span class='ocrx_word' id='word_1_213' title='bbox 440 1569 518 1613; x_wconf 90' lang='lat' dir='ltr'>quis</span> <span class='ocrx_word' id='word_1_214' title='bbox 542 1581 614 1602; x_wconf 91' lang='lat' dir='ltr'>non</span> <span class='ocrx_word' id='word_1_215' title='bbox 637 1576 728 1602; x_wconf 89' lang='lat' dir='ltr'>amat</span> <span class='ocrx_word' id='word_1_216' title='bbox 745 1567 939 1602; x_wconf 89' lang='lat' dir='ltr'>Dominum</span> <span class='ocrx_word' id='word_1_217' title='bbox 960 1569 1073 1603; x_wconf 89' lang='lat' dir='ltr'>Iesum</span> 
     </span>
     <span class='ocr_line' id='line_1_33' title="bbox 84 1616 1074 1662; baseline 0.001 -10"><span class='ocrx_word' id='word_1_218' title='bbox 84 1616 287 1658; x_wconf 86' lang='lat' dir='ltr'>Christum,</span> <span class='ocrx_word' id='word_1_219' title='bbox 313 1619 356 1652; x_wconf 87' lang='lat' dir='ltr'>sit</span> <span class='ocrx_word' id='word_1_220' title='bbox 378 1616 564 1652; x_wconf 85' lang='lat' dir='ltr'>anathema</span> <span class='ocrx_word' id='word_1_221' title='bbox 589 1616 806 1655; x_wconf 82' lang='lat' dir='ltr'>maranatha.</span> <span class='ocrx_word' id='word_1_222' title='bbox 859 1619 940 1662; x_wconf 88' lang='lat' dir='ltr'>Quo</span> <span class='ocrx_word' id='word_1_223' title='bbox 955 1620 1074 1653; x_wconf 91' lang='lat' dir='ltr'>nomi-</span> 
     </span>
     <span class='ocr_line' id='line_1_34' title="bbox 84 1667 1073 1716; baseline 0.002 -15"><span class='ocrx_word' id='word_1_224' title='bbox 84 1680 129 1701; x_wconf 90' lang='lat' dir='ltr'>ne</span> <span class='ocrx_word' id='word_1_225' title='bbox 145 1668 310 1711; x_wconf 84' lang='lat' dir='ltr'>intelligit</span> <span class='ocrx_word' id='word_1_226' title='bbox 325 1676 452 1702; x_wconf 88' lang='lat' dir='ltr'>certam</span> <span class='ocrx_word' id='word_1_227' title='bbox 474 1669 622 1714; x_wconf 86' lang='lat' dir='ltr'>speciem</span> <span class='ocrx_word' id='word_1_228' title='bbox 641 1667 891 1710; x_wconf 83' lang='lat' dir='ltr'>anathematis,</span> <span class='ocrx_word' id='word_1_229' title='bbox 917 1671 962 1704; x_wconf 91' lang='lat' dir='ltr'>ob</span> <span class='ocrx_word' id='word_1_230' title='bbox 977 1671 1073 1716; x_wconf 91' lang='lat' dir='ltr'>quod</span> 
     </span>
     <span class='ocr_line' id='line_1_35' title="bbox 83 1719 1074 1764; baseline 0.002 -12"><span class='ocrx_word' id='word_1_231' title='bbox 83 1730 227 1764; x_wconf 87' lang='lat' dir='ltr'>prorsus</span> <span class='ocrx_word' id='word_1_232' title='bbox 255 1719 383 1760; x_wconf 88' lang='lat' dir='ltr'>deleri,</span> <span class='ocrx_word' id='word_1_233' title='bbox 416 1726 448 1753; x_wconf 90' lang='lat' dir='ltr'>et</span> <span class='ocrx_word' id='word_1_234' title='bbox 472 1731 490 1752; x_wconf 91' lang='lat' dir='ltr'>e</span> <span class='ocrx_word' id='word_1_235' title='bbox 518 1719 635 1753; x_wconf 90' lang='lat' dir='ltr'>medio</span> <span class='ocrx_word' id='word_1_236' title='bbox 660 1720 738 1753; x_wconf 89' lang='lat' dir='ltr'>tolli</span> <span class='ocrx_word' id='word_1_237' title='bbox 764 1731 901 1753; x_wconf 89' lang='lat' dir='ltr'>necesse</span> <span class='ocrx_word' id='word_1_238' title='bbox 930 1727 999 1761; x_wconf 88' lang='lat' dir='ltr'>est,</span> <span class='ocrx_word' id='word_1_239' title='bbox 1034 1728 1074 1754; x_wconf 90' lang='lat' dir='ltr'>ut</span> 
     </span>
     <span class='ocr_line' id='line_1_36' title="bbox 85 1769 1074 1815; baseline 0 -12"><span class='ocrx_word' id='word_1_240' title='bbox 85 1769 294 1814; x_wconf 86' lang='lat' dir='ltr'>parricidas,</span> <span class='ocrx_word' id='word_1_241' title='bbox 321 1777 354 1804; x_wconf 87' lang='lat' dir='ltr'>et</span> <span class='ocrx_word' id='word_1_242' title='bbox 378 1777 521 1814; x_wconf 89' lang='lat' dir='ltr'>propter</span> <span class='ocrx_word' id='word_1_243' title='bbox 540 1771 634 1815; x_wconf 91' lang='lat' dir='ltr'>quod</span> <span class='ocrx_word' id='word_1_244' title='bbox 660 1769 755 1804; x_wconf 91' lang='lat' dir='ltr'>Deus</span> <span class='ocrx_word' id='word_1_245' title='bbox 781 1771 846 1804; x_wconf 87' lang='lat' dir='ltr'>toti</span> <span class='ocrx_word' id='word_1_246' title='bbox 869 1782 985 1803; x_wconf 86' lang='lat' dir='ltr'>rerum</span> <span class='ocrx_word' id='word_1_247' title='bbox 1008 1783 1074 1804; x_wconf 86' lang='lat' dir='ltr'>na-</span> 
     </span>
     <span class='ocr_line' id='line_1_37' title="bbox 83 1820 1073 1864; baseline 0.001 -11"><span class='ocrx_word' id='word_1_248' title='bbox 83 1826 183 1854; x_wconf 87' lang='lat' dir='ltr'>turae</span> <span class='ocrx_word' id='word_1_249' title='bbox 208 1820 386 1860; x_wconf 79' lang='lat' dir='ltr'>irascitur,</span> <span class='ocrx_word' id='word_1_250' title='bbox 413 1826 506 1853; x_wconf 88' lang='lat' dir='ltr'>terra</span> <span class='ocrx_word' id='word_1_251' title='bbox 529 1820 644 1863; x_wconf 84' lang='lat' dir='ltr'>fruges</span> <span class='ocrx_word' id='word_1_252' title='bbox 670 1827 792 1864; x_wconf 87' lang='lat' dir='ltr'>negat,</span> <span class='ocrx_word' id='word_1_253' title='bbox 827 1821 878 1853; x_wconf 90' lang='lat' dir='ltr'>sol</span> <span class='ocrx_word' id='word_1_254' title='bbox 895 1821 1073 1864; x_wconf 81' lang='lat' dir='ltr'>refugiens</span> 
     </span>
     <span class='ocr_line' id='line_1_38' title="bbox 85 1870 1072 1916; baseline 0.001 -13"><span class='ocrx_word' id='word_1_255' title='bbox 85 1870 175 1904; x_wconf 86' lang='lat' dir='ltr'>sistit</span> <span class='ocrx_word' id='word_1_256' title='bbox 200 1881 341 1910; x_wconf 88' lang='lat' dir='ltr'>currus,</span> <span class='ocrx_word' id='word_1_257' title='bbox 375 1870 503 1903; x_wconf 89' lang='lat' dir='ltr'>amittit</span> <span class='ocrx_word' id='word_1_258' title='bbox 527 1871 768 1913; x_wconf 86' lang='lat' dir='ltr'>splendorem,</span> <span class='ocrx_word' id='word_1_259' title='bbox 802 1871 954 1915; x_wconf 88' lang='lat' dir='ltr'>deniqne</span> <span class='ocrx_word' id='word_1_260' title='bbox 977 1872 1072 1916; x_wconf 88' lang='lat' dir='ltr'>qnod</span> 
     </span>
     <span class='ocr_line' id='line_1_39' title="bbox 85 1919 1073 1964; baseline 0 -10"><span class='ocrx_word' id='word_1_261' title='bbox 85 1919 243 1963; x_wconf 81' lang='lat' dir='ltr'>contagio</span> <span class='ocrx_word' id='word_1_262' title='bbox 269 1931 331 1953; x_wconf 90' lang='lat' dir='ltr'>suo</span> <span class='ocrx_word' id='word_1_263' title='bbox 350 1927 450 1954; x_wconf 92' lang='lat' dir='ltr'>nocet</span> <span class='ocrx_word' id='word_1_264' title='bbox 467 1920 532 1954; x_wconf 86' lang='lat' dir='ltr'>toti</span> <span class='ocrx_word' id='word_1_265' title='bbox 555 1921 671 1964; x_wconf 82' lang='lat' dir='ltr'>generi</span> <span class='ocrx_word' id='word_1_266' title='bbox 689 1919 862 1961; x_wconf 87' lang='lat' dir='ltr'>humano,</span> <span class='ocrx_word' id='word_1_267' title='bbox 887 1928 924 1955; x_wconf 88' lang='lat' dir='ltr'>ut</span> <span class='ocrx_word' id='word_1_268' title='bbox 941 1922 999 1955; x_wconf 89' lang='lat' dir='ltr'>ille</span> <span class='ocrx_word' id='word_1_269' title='bbox 1017 1922 1073 1954; x_wconf 91' lang='lat' dir='ltr'>in-</span> 
     </span>
     <span class='ocr_line' id='line_1_40' title="bbox 85 1969 450 2016; baseline -0.005 -11"><span class='ocrx_word' id='word_1_270' title='bbox 85 1971 163 2016; x_wconf 87' lang='lat' dir='ltr'>quit</span> <span class='ocrx_word' id='word_1_271' title='bbox 182 1970 218 2003; x_wconf 92' lang='lat' dir='ltr'>in</span> <span class='ocrx_word' id='word_1_272' title='bbox 236 1969 450 2014; x_wconf 84' lang='lat' dir='ltr'>Tragoedia:</span> 
     </span>
     <span class='ocr_line' id='line_1_41' title="bbox 186 2022 941 2062; baseline 0 -9"><span class='ocrx_word' id='word_1_273' title='bbox 186 2022 336 2054; x_wconf 85' lang='lat' dir='ltr'>Discedite</span> <span class='ocrx_word' id='word_1_274' title='bbox 354 2035 369 2053; x_wconf 84' lang='lat' dir='ltr'>a</span> <span class='ocrx_word' id='word_1_275' title='bbox 384 2036 449 2062; x_wconf 83' lang='lat' dir='ltr'>me,</span> <span class='ocrx_word' id='word_1_276' title='bbox 477 2036 515 2054; x_wconf 83' lang='lat' dir='ltr'>ne</span> <span class='ocrx_word' id='word_1_277' title='bbox 528 2026 630 2054; x_wconf 82' lang='lat' dir='ltr'>umbra</span> <span class='ocrx_word' id='word_1_278' title='bbox 648 2035 710 2053; x_wconf 80' lang='lat' dir='ltr'>mea</span> <span class='ocrx_word' id='word_1_279' title='bbox 727 2032 830 2054; x_wconf 85' lang='lat' dir='ltr'>noc-eat</span> <span class='ocrx_word' id='word_1_280' title='bbox 847 2026 941 2057; x_wconf 78' lang='lat' dir='ltr'>bonis.</span> 
     </span>
    </p>

    <p class='ocr_par' dir='ltr' id='par_1_7' title="bbox 86 2069 1073 2724">
     <span class='ocr_line' id='line_1_42' title="bbox 86 2069 1072 2112; baseline -0.001 -7"><span class='ocrx_word' id='word_1_281' title='bbox 86 2070 151 2105; x_wconf 88' lang='lat' dir='ltr'>Est</span> <span class='ocrx_word' id='word_1_282' title='bbox 182 2072 278 2105; x_wconf 81' lang='lat' dir='ltr'>enim</span> <span class='ocrx_word' id='word_1_283' title='bbox 311 2084 377 2106; x_wconf 79' lang='lat' dir='ltr'>vox</span> <span class='ocrx_word' id='word_1_284' title='bbox 405 2071 553 2106; x_wconf 89' lang='lat' dir='ltr'>Paulina</span> <span class='ocrx_word' id='word_1_285' title='bbox 580 2073 668 2105; x_wconf 87' lang='lat' dir='ltr'>sacta</span> <span class='ocrx_word' id='word_1_286' title='bbox 694 2073 737 2105; x_wconf 88' lang='lat' dir='ltr'>ab</span> <span class='ocrx_word' id='word_1_287' title='bbox 767 2069 905 2105; x_wconf 86' lang='lat' dir='ltr'>haerem</span> <span class='ocrx_word' id='word_1_288' title='bbox 940 2070 1072 2112; x_wconf 87' lang='lat' dir='ltr'>motha,</span> 
     </span>
     <span class='ocr_line' id='line_1_43' title="bbox 86 2123 1072 2167; baseline 0.002 -13"><span class='ocrx_word' id='word_1_289' title='bbox 86 2123 179 2167; x_wconf 88' lang='lat' dir='ltr'>qnod</span> <span class='ocrx_word' id='word_1_290' title='bbox 206 2123 374 2166; x_wconf 87' lang='lat' dir='ltr'>significet</span> <span class='ocrx_word' id='word_1_291' title='bbox 391 2134 464 2156; x_wconf 91' lang='lat' dir='ltr'>rem</span> <span class='ocrx_word' id='word_1_292' title='bbox 484 2123 645 2157; x_wconf 91' lang='lat' dir='ltr'>devotam</span> <span class='ocrx_word' id='word_1_293' title='bbox 674 2134 712 2156; x_wconf 91' lang='lat' dir='ltr'>ac</span> <span class='ocrx_word' id='word_1_294' title='bbox 741 2123 948 2156; x_wconf 88' lang='lat' dir='ltr'>destinatam</span> <span class='ocrx_word' id='word_1_295' title='bbox 967 2123 1072 2156; x_wconf 80' lang='lat' dir='ltr'>exitio</span> 
     </span>
     <span class='ocr_line' id='line_1_44' title="bbox 87 2170 1073 2219; baseline 0.001 -14"><span class='ocrx_word' id='word_1_296' title='bbox 87 2179 119 2205; x_wconf 92' lang='lat' dir='ltr'>et</span> <span class='ocrx_word' id='word_1_297' title='bbox 144 2174 264 2206; x_wconf 87' lang='lat' dir='ltr'>morti:</span> <span class='ocrx_word' id='word_1_298' title='bbox 294 2173 360 2206; x_wconf 89' lang='lat' dir='ltr'>nisi</span> <span class='ocrx_word' id='word_1_299' title='bbox 385 2173 464 2219; x_wconf 92' lang='lat' dir='ltr'>qnis</span> <span class='ocrx_word' id='word_1_300' title='bbox 485 2174 619 2207; x_wconf 80' lang='lat' dir='ltr'>mavult</span> <span class='ocrx_word' id='word_1_301' title='bbox 644 2185 715 2207; x_wconf 89' lang='lat' dir='ltr'>esse</span> <span class='ocrx_word' id='word_1_302' title='bbox 745 2171 886 2206; x_wconf 86' lang='lat' dir='ltr'>haerem</span> <span class='ocrx_word' id='word_1_303' title='bbox 911 2180 943 2206; x_wconf 91' lang='lat' dir='ltr'>et</span> <span class='ocrx_word' id='word_1_304' title='bbox 968 2170 1073 2213; x_wconf 82' lang='lat' dir='ltr'>hatta,</span> 
     </span>
     <span class='ocr_line' id='line_1_45' title="bbox 87 2223 1073 2267; baseline 0.003 -12"><span class='ocrx_word' id='word_1_305' title='bbox 87 2223 181 2267; x_wconf 90' lang='lat' dir='ltr'>qnod</span> <span class='ocrx_word' id='word_1_306' title='bbox 199 2230 248 2256; x_wconf 92' lang='lat' dir='ltr'>est</span> <span class='ocrx_word' id='word_1_307' title='bbox 273 2230 449 2267; x_wconf 85' lang='lat' dir='ltr'>peccatum</span> <span class='ocrx_word' id='word_1_308' title='bbox 465 2235 525 2258; x_wconf 91' lang='lat' dir='ltr'>seu</span> <span class='ocrx_word' id='word_1_309' title='bbox 550 2225 661 2257; x_wconf 86' lang='lat' dir='ltr'>scelus</span> <span class='ocrx_word' id='word_1_310' title='bbox 673 2251 681 2265; x_wconf 92' lang='lat'>‚</span> <span class='ocrx_word' id='word_1_311' title='bbox 710 2231 747 2257; x_wconf 91' lang='lat' dir='ltr'>ut</span> <span class='ocrx_word' id='word_1_312' title='bbox 765 2223 892 2257; x_wconf 84' lang='lat' dir='ltr'>Graeci</span> <span class='ocrx_word' id='word_1_313' title='bbox 910 2224 1073 2258; x_wconf 83' lang='lat' dir='ltr'>dixerunt</span> 
     </span>
     <span class='ocr_line' id='line_1_46' title="bbox 87 2270 1073 2319; baseline 0.001 -13"><span class='ocrx_word' id='word_1_314' title='bbox 87 2270 335 2317; x_wconf 74' lang='grc' dir='ltr'><em>καθάρματα,</em></span> <span class='ocrx_word' id='word_1_315' title='bbox 366 2286 425 2308; x_wconf 90' lang='lat' dir='ltr'>seu</span> <span class='ocrx_word' id='word_1_316' title='bbox 449 2272 665 2319; x_wconf 72' lang='grc' dir='ltr'><em>ἀλάστορας.</em></span> <span class='ocrx_word' id='word_1_317' title='bbox 726 2274 783 2308; x_wconf 89' lang='lat' dir='ltr'>Sic</span> <span class='ocrx_word' id='word_1_318' title='bbox 809 2274 915 2317; x_wconf 89' lang='lat' dir='ltr'>igitur</span> <span class='ocrx_word' id='word_1_319' title='bbox 944 2273 1073 2308; x_wconf 88' lang='lat' dir='ltr'>Paulus</span> 
     </span>
     <span class='ocr_line' id='line_1_47' title="bbox 88 2321 1072 2369; baseline 0.001 -13"><span class='ocrx_word' id='word_1_320' title='bbox 88 2335 153 2357; x_wconf 88' lang='lat' dir='ltr'>nos</span> <span class='ocrx_word' id='word_1_321' title='bbox 180 2325 222 2357; x_wconf 90' lang='lat' dir='ltr'>de</span> <span class='ocrx_word' id='word_1_322' title='bbox 244 2321 402 2358; x_wconf 86' lang='lat' dir='ltr'>hostibus</span> <span class='ocrx_word' id='word_1_323' title='bbox 426 2322 556 2359; x_wconf 89' lang='lat' dir='ltr'>Christi</span> <span class='ocrx_word' id='word_1_324' title='bbox 584 2326 713 2359; x_wconf 86' lang='lat' dir='ltr'>sentire</span> <span class='ocrx_word' id='word_1_325' title='bbox 736 2325 842 2360; x_wconf 90' lang='lat' dir='ltr'>iubet.</span> <span class='ocrx_word' id='word_1_326' title='bbox 902 2322 948 2359; x_wconf 90' lang='lat' dir='ltr'>Et</span> <span class='ocrx_word' id='word_1_327' title='bbox 974 2336 1072 2369; x_wconf 83' lang='lat' dir='ltr'>saepe</span> 
     </span>
     <span class='ocr_line' id='line_1_48' title="bbox 87 2372 1073 2420; baseline 0.001 -13"><span class='ocrx_word' id='word_1_328' title='bbox 87 2374 271 2419; x_wconf 89' lang='lat' dir='ltr'>repetitum</span> <span class='ocrx_word' id='word_1_329' title='bbox 290 2381 339 2407; x_wconf 84' lang='lat' dir='ltr'>est</span> <span class='ocrx_word' id='word_1_330' title='bbox 355 2372 422 2408; x_wconf 88' lang='lat' dir='ltr'>hoc</span> <span class='ocrx_word' id='word_1_331' title='bbox 441 2383 659 2420; x_wconf 86' lang='lat' dir='ltr'>praeceptum</span> <span class='ocrx_word' id='word_1_332' title='bbox 682 2376 718 2409; x_wconf 91' lang='lat' dir='ltr'>in</span> <span class='ocrx_word' id='word_1_333' title='bbox 737 2375 965 2409; x_wconf 83' lang='lat' dir='ltr'>concionibus</span> <span class='ocrx_word' id='word_1_334' title='bbox 991 2387 1073 2419; x_wconf 90' lang='lat' dir='ltr'>pro-</span> 
     </span>
     <span class='ocr_line' id='line_1_49' title="bbox 87 2422 1073 2471; baseline 0.002 -14"><span class='ocrx_word' id='word_1_335' title='bbox 87 2422 252 2469; x_wconf 88' lang='lat' dir='ltr'>pheticis,</span> <span class='ocrx_word' id='word_1_336' title='bbox 279 2427 373 2470; x_wconf 87' lang='lat' dir='ltr'>quod</span> <span class='ocrx_word' id='word_1_337' title='bbox 398 2425 539 2470; x_wconf 87' lang='lat' dir='ltr'>quidem</span> <span class='ocrx_word' id='word_1_338' title='bbox 566 2426 593 2458; x_wconf 92' lang='lat' dir='ltr'>si</span> <span class='ocrx_word' id='word_1_339' title='bbox 616 2427 693 2471; x_wconf 88' lang='lat' dir='ltr'>quis</span> <span class='ocrx_word' id='word_1_340' title='bbox 718 2433 934 2466; x_wconf 85' lang='lat' dir='ltr'>contemnet,</span> <span class='ocrx_word' id='word_1_341' title='bbox 960 2427 1073 2471; x_wconf 88' lang='lat' dir='ltr'>reipsa</span> 
     </span>
     <span class='ocr_line' id='line_1_50' title="bbox 88 2473 1072 2521; baseline 0.001 -13"><span class='ocrx_word' id='word_1_342' title='bbox 88 2475 275 2519; x_wconf 89' lang='lat' dir='ltr'>comperiet</span> <span class='ocrx_word' id='word_1_343' title='bbox 308 2473 472 2521; x_wconf 81' lang='lat' dir='ltr'>Erynnas</span> <span class='ocrx_word' id='word_1_344' title='bbox 502 2488 540 2509; x_wconf 88' lang='lat' dir='ltr'>ac</span> <span class='ocrx_word' id='word_1_345' title='bbox 574 2477 682 2509; x_wconf 75' lang='lat' dir='ltr'>furias</span> <span class='ocrx_word' id='word_1_346' title='bbox 717 2477 833 2520; x_wconf 85' lang='lat' dir='ltr'>vagari</span> <span class='ocrx_word' id='word_1_347' title='bbox 867 2488 928 2521; x_wconf 88' lang='lat' dir='ltr'>per</span> <span class='ocrx_word' id='word_1_348' title='bbox 952 2488 1072 2510; x_wconf 88' lang='lat' dir='ltr'>omnes</span> 
     </span>
     <span class='ocr_line' id='line_1_51' title="bbox 89 2526 1072 2571; baseline 0.001 -13"><span class='ocrx_word' id='word_1_349' title='bbox 89 2526 288 2570; x_wconf 85' lang='lat' dir='ltr'>complices,</span> <span class='ocrx_word' id='word_1_350' title='bbox 316 2527 446 2559; x_wconf 79' lang='lat' dir='ltr'>adflare</span> <span class='ocrx_word' id='word_1_351' title='bbox 470 2526 573 2560; x_wconf 87' lang='lat' dir='ltr'>etiam</span> <span class='ocrx_word' id='word_1_352' title='bbox 599 2527 833 2561; x_wconf 77' lang='lat' dir='ltr'>mediocribus</span> <span class='ocrx_word' id='word_1_353' title='bbox 854 2527 988 2571; x_wconf 88' lang='lat' dir='ltr'>peiores</span> <span class='ocrx_word' id='word_1_354' title='bbox 1005 2527 1072 2560; x_wconf 86' lang='lat' dir='ltr'>im-</span> 
     </span>
     <span class='ocr_line' id='line_1_52' title="bbox 90 2575 1073 2621; baseline 0.002 -13"><span class='ocrx_word' id='word_1_355' title='bbox 90 2582 204 2618; x_wconf 84' lang='lat' dir='ltr'>petus,</span> <span class='ocrx_word' id='word_1_356' title='bbox 232 2576 411 2621; x_wconf 88' lang='lat' dir='ltr'>implicare</span> <span class='ocrx_word' id='word_1_357' title='bbox 437 2589 495 2610; x_wconf 86' lang='lat' dir='ltr'>eos</span> <span class='ocrx_word' id='word_1_358' title='bbox 520 2577 699 2610; x_wconf 88' lang='lat' dir='ltr'>erroribus</span> <span class='ocrx_word' id='word_1_359' title='bbox 721 2585 754 2611; x_wconf 91' lang='lat' dir='ltr'>et</span> <span class='ocrx_word' id='word_1_360' title='bbox 779 2575 966 2610; x_wconf 84' lang='lat' dir='ltr'>horrendis</span> <span class='ocrx_word' id='word_1_361' title='bbox 981 2577 1073 2610; x_wconf 87' lang='lat' dir='ltr'>cala-</span> 
     </span>
     <span class='ocr_line' id='line_1_53' title="bbox 88 2625 1072 2672; baseline 0.004 -15"><span class='ocrx_word' id='word_1_362' title='bbox 88 2625 279 2661; x_wconf 89' lang='lat' dir='ltr'>mitatibus.</span> <span class='ocrx_word' id='word_1_363' title='bbox 323 2626 396 2660; x_wconf 86' lang='lat' dir='ltr'>Has</span> <span class='ocrx_word' id='word_1_364' title='bbox 412 2639 539 2672; x_wconf 84' lang='lat' dir='ltr'>poenas</span> <span class='ocrx_word' id='word_1_365' title='bbox 556 2634 589 2661; x_wconf 86' lang='lat' dir='ltr'>et</span> <span class='ocrx_word' id='word_1_366' title='bbox 606 2627 825 2661; x_wconf 88' lang='lat' dir='ltr'>considerare</span> <span class='ocrx_word' id='word_1_367' title='bbox 842 2628 889 2671; x_wconf 91' lang='lat' dir='ltr'>pii</span> <span class='ocrx_word' id='word_1_368' title='bbox 905 2635 936 2662; x_wconf 89' lang='lat' dir='ltr'>et</span> <span class='ocrx_word' id='word_1_369' title='bbox 952 2639 1072 2661; x_wconf 82' lang='lat' dir='ltr'>cavere</span> 
     </span>
     <span class='ocr_line' id='line_1_54' title="bbox 88 2676 1073 2724; baseline 0.004 -16"><span class='ocrx_word' id='word_1_370' title='bbox 88 2676 227 2710; x_wconf 82' lang='lat' dir='ltr'>debent.</span> <span class='ocrx_word' id='word_1_371' title='bbox 279 2676 490 2724; x_wconf 86' lang='lat' dir='ltr'>Quanquam</span> <span class='ocrx_word' id='word_1_372' title='bbox 509 2678 601 2712; x_wconf 91' lang='lat' dir='ltr'>enim</span> <span class='ocrx_word' id='word_1_373' title='bbox 623 2679 815 2722; x_wconf 89' lang='lat' dir='ltr'>parricidae</span> <span class='ocrx_word' id='word_1_374' title='bbox 837 2678 889 2711; x_wconf 84' lang='lat' dir='ltr'>illi</span> <span class='ocrx_word' id='word_1_375' title='bbox 911 2678 1073 2724; x_wconf 89' lang='lat' dir='ltr'>aliquan-</span> 
     </span>
    </p>
   </div>
   <div class='ocr_carea' id='block_1_7' title="bbox 1136 259 2127 307">
    <p class='ocr_par' dir='ltr' id='par_1_8' title="bbox 1136 259 2127 307">
     <span class='ocr_line' id='line_1_55' title="bbox 1136 259 2127 307; baseline 0.017 -17"><span class='ocrx_word' id='word_1_376' title='bbox 1136 264 1243 292; x_wconf 82' lang='lat' dir='ltr'>tenta</span> <span class='ocrx_word' id='word_1_377' title='bbox 1259 259 1467 305; x_wconf 78' lang='lat' dir='ltr'>aliquandiu</span> <span class='ocrx_word' id='word_1_378' title='bbox 1485 271 1696 305; x_wconf 83' lang='lat' dir='ltr'>regnarunt,</span> <span class='ocrx_word' id='word_1_379' title='bbox 1722 272 1838 300; x_wconf 89' lang='lat' dir='ltr'>tamen</span> <span class='ocrx_word' id='word_1_380' title='bbox 1859 270 1969 304; x_wconf 84' lang='lat' dir='ltr'>exitus</span> <span class='ocrx_word' id='word_1_381' title='bbox 1986 272 2127 307; x_wconf 89' lang='lat' dir='ltr'>suerunt</span> 
     </span>
    </p>
   </div>
   <div class='ocr_carea' id='block_1_8' title="bbox 1104 308 2124 360">
    <p class='ocr_par' dir='ltr' id='par_1_9' title="bbox 1104 308 2124 360">
     <span class='ocr_line' id='line_1_56' title="bbox 1104 308 2124 360; baseline 0.017 -20"><span class='ocrx_word' id='word_1_382' title='bbox 1104 331 1107 339; x_wconf 65' lang='grc'>,</span> <span class='ocrx_word' id='word_1_383' title='bbox 1131 309 1274 351; x_wconf 77' lang='lat' dir='ltr'>tragici.</span> <span class='ocrx_word' id='word_1_384' title='bbox 1325 308 1371 344; x_wconf 88' lang='lat' dir='ltr'>Et</span> <span class='ocrx_word' id='word_1_385' title='bbox 1394 311 1534 344; x_wconf 88' lang='lat' dir='ltr'>interim</span> <span class='ocrx_word' id='word_1_386' title='bbox 1560 315 1661 347; x_wconf 88' lang='lat' dir='ltr'>multi</span> <span class='ocrx_word' id='word_1_387' title='bbox 1685 328 1814 360; x_wconf 87' lang='lat' dir='ltr'>poenas</span> <span class='ocrx_word' id='word_1_388' title='bbox 1835 320 2006 356; x_wconf 86' lang='lat' dir='ltr'>dederunt</span> <span class='ocrx_word' id='word_1_389' title='bbox 2022 324 2124 356; x_wconf 83' lang='lat' dir='ltr'>fami-</span> 
     </span>
    </p>
   </div>
   <div class='ocr_carea' id='block_1_9' title="bbox 1123 358 2120 2672">
    <p class='ocr_par' dir='ltr' id='par_1_10' title="bbox 1126 358 2120 1411">
     <span class='ocr_line' id='line_1_57' title="bbox 1133 358 2118 418; baseline 0.017 -28"><span class='ocrx_word' id='word_1_390' title='bbox 1133 358 1293 392; x_wconf 90' lang='lat' dir='ltr'>liaritatis</span> <span class='ocrx_word' id='word_1_391' title='bbox 1320 360 1486 404; x_wconf 89' lang='lat' dir='ltr'>ipsorum.</span> <span class='ocrx_word' id='word_1_392' title='bbox 1544 362 1703 399; x_wconf 81' lang='lat' dir='ltr'>Pendent</span> <span class='ocrx_word' id='word_1_393' title='bbox 1728 380 1797 401; x_wconf 86' lang='lat' dir='ltr'>una</span> <span class='ocrx_word' id='word_1_394' title='bbox 1827 382 1947 405; x_wconf 90' lang='lat' dir='ltr'>omnes</span> <span class='ocrx_word' id='word_1_395' title='bbox 1978 375 2118 418; x_wconf 77' lang='lat' dir='ltr'>tyranni</span> 
     </span>
     <span class='ocr_line' id='line_1_58' title="bbox 1130 408 2118 457; baseline 0.017 -17"><span class='ocrx_word' id='word_1_396' title='bbox 1130 408 1168 441; x_wconf 87' lang='lat' dir='ltr'>in</span> <span class='ocrx_word' id='word_1_397' title='bbox 1189 421 1289 442; x_wconf 89' lang='lat' dir='ltr'>cruce</span> <span class='ocrx_word' id='word_1_398' title='bbox 1304 410 1468 444; x_wconf 87' lang='lat' dir='ltr'>maledici</span> <span class='ocrx_word' id='word_1_399' title='bbox 1490 412 1652 455; x_wconf 82' lang='lat' dir='ltr'>latronis,</span> <span class='ocrx_word' id='word_1_400' title='bbox 1680 418 1741 450; x_wconf 85' lang='lat' dir='ltr'>etsi</span> <span class='ocrx_word' id='word_1_401' title='bbox 1768 420 1939 455; x_wconf 84' lang='lat' dir='ltr'>cruciatus</span> <span class='ocrx_word' id='word_1_402' title='bbox 1958 425 2118 457; x_wconf 85' lang='lat' dir='ltr'>nondum</span> 
     </span>
     <span class='ocr_line' id='line_1_59' title="bbox 1131 461 2120 508; baseline 0.018 -17"><span class='ocrx_word' id='word_1_403' title='bbox 1131 470 1253 492; x_wconf 89' lang='lat' dir='ltr'>omnes</span> <span class='ocrx_word' id='word_1_404' title='bbox 1283 461 1450 496; x_wconf 86' lang='lat' dir='ltr'>sentiunt.</span> <span class='ocrx_word' id='word_1_405' title='bbox 1511 461 1622 496; x_wconf 87' lang='lat' dir='ltr'>Nemo</span> <span class='ocrx_word' id='word_1_406' title='bbox 1653 478 1757 500; x_wconf 82' lang='lat' dir='ltr'>sanus</span> <span class='ocrx_word' id='word_1_407' title='bbox 1781 470 1930 505; x_wconf 76' lang='lat' dir='ltr'>libenter</span> <span class='ocrx_word' id='word_1_408' title='bbox 1963 482 2120 508; x_wconf 77' lang='lat' dir='ltr'>versatur</span> 
     </span>
     <span class='ocr_line' id='line_1_60' title="bbox 1130 510 2118 560; baseline 0.018 -19"><span class='ocrx_word' id='word_1_409' title='bbox 1130 510 1222 553; x_wconf 90' lang='lat' dir='ltr'>apud</span> <span class='ocrx_word' id='word_1_410' title='bbox 1257 522 1354 554; x_wconf 84' lang='lat' dir='ltr'>eum,</span> <span class='ocrx_word' id='word_1_411' title='bbox 1389 523 1492 556; x_wconf 89' lang='lat' dir='ltr'>quem</span> <span class='ocrx_word' id='word_1_412' title='bbox 1524 514 1585 547; x_wconf 89' lang='lat' dir='ltr'>scit</span> <span class='ocrx_word' id='word_1_413' title='bbox 1618 514 1780 551; x_wconf 83' lang='lat' dir='ltr'>iniustam</span> <span class='ocrx_word' id='word_1_414' title='bbox 1814 524 1951 554; x_wconf 84' lang='lat' dir='ltr'>caedem</span> <span class='ocrx_word' id='word_1_415' title='bbox 1988 524 2118 560; x_wconf 81' lang='lat' dir='ltr'>fecisse.</span> 
     </span>
     <span class='ocr_line' id='line_1_61' title="bbox 1131 559 2117 614; baseline 0.018 -23"><span class='ocrx_word' id='word_1_416' title='bbox 1131 559 1274 602; x_wconf 85' lang='lat' dir='ltr'>Quanto</span> <span class='ocrx_word' id='word_1_417' title='bbox 1301 562 1409 604; x_wconf 68' lang='lat' dir='ltr'>magis</span> <span class='ocrx_word' id='word_1_418' title='bbox 1430 562 1488 596; x_wconf 90' lang='lat' dir='ltr'>isti</span> <span class='ocrx_word' id='word_1_419' title='bbox 1513 564 1669 606; x_wconf 81' lang='lat' dir='ltr'>fugiendi</span> <span class='ocrx_word' id='word_1_420' title='bbox 1694 576 1775 602; x_wconf 85' lang='lat' dir='ltr'>sunt</span> <span class='ocrx_word' id='word_1_421' title='bbox 1807 583 1954 614; x_wconf 85' lang='lat' dir='ltr'>qnorum</span> <span class='ocrx_word' id='word_1_422' title='bbox 1984 582 2117 609; x_wconf 82' lang='lat' dir='ltr'>mentes</span> 
     </span>
     <span class='ocr_line' id='line_1_62' title="bbox 1130 611 2116 667; baseline 0.017 -25"><span class='ocrx_word' id='word_1_423' title='bbox 1130 611 1385 644; x_wconf 87' lang='lat' dir='ltr'>contaminatae</span> <span class='ocrx_word' id='word_1_424' title='bbox 1414 620 1495 646; x_wconf 92' lang='lat' dir='ltr'>sunt</span> <span class='ocrx_word' id='word_1_425' title='bbox 1524 614 1757 658; x_wconf 86' lang='lat' dir='ltr'>idolomania,</span> <span class='ocrx_word' id='word_1_426' title='bbox 1791 620 1908 663; x_wconf 86' lang='lat' dir='ltr'>lingna</span> <span class='ocrx_word' id='word_1_427' title='bbox 1944 626 2116 667; x_wconf 82' lang='lat' dir='ltr'>periuriis,</span> 
     </span>
     <span class='ocr_line' id='line_1_63' title="bbox 1129 662 2116 710; baseline 0.017 -18"><span class='ocrx_word' id='word_1_428' title='bbox 1129 672 1255 694; x_wconf 88' lang='lat' dir='ltr'>manus</span> <span class='ocrx_word' id='word_1_429' title='bbox 1278 662 1434 705; x_wconf 76' lang='lat' dir='ltr'>imbutae</span> <span class='ocrx_word' id='word_1_430' title='bbox 1457 676 1581 697; x_wconf 86' lang='lat' dir='ltr'>cruore</span> <span class='ocrx_word' id='word_1_431' title='bbox 1604 666 1764 709; x_wconf 88' lang='lat' dir='ltr'>piorum,</span> <span class='ocrx_word' id='word_1_432' title='bbox 1803 678 1933 705; x_wconf 88' lang='lat' dir='ltr'>caetera</span> <span class='ocrx_word' id='word_1_433' title='bbox 1960 677 2116 710; x_wconf 81' lang='lat' dir='ltr'>membra</span> 
     </span>
     <span class='ocr_line' id='line_1_64' title="bbox 1130 713 2116 760; baseline 0.018 -18"><span class='ocrx_word' id='word_1_434' title='bbox 1130 719 1357 755; x_wconf 89' lang='lat' dir='ltr'>conspurcata</span> <span class='ocrx_word' id='word_1_435' title='bbox 1379 713 1600 749; x_wconf 73' lang='lat' dir='ltr'>libidinibus,</span> <span class='ocrx_word' id='word_1_436' title='bbox 1654 718 1705 751; x_wconf 82' lang='lat' dir='ltr'>Ac</span> <span class='ocrx_word' id='word_1_437' title='bbox 1724 726 1761 753; x_wconf 90' lang='lat' dir='ltr'>ut</span> <span class='ocrx_word' id='word_1_438' title='bbox 1780 721 1822 754; x_wconf 93' lang='lat' dir='ltr'>de</span> <span class='ocrx_word' id='word_1_439' title='bbox 1841 722 1918 755; x_wconf 86' lang='lat' dir='ltr'>aliis</span> <span class='ocrx_word' id='word_1_440' title='bbox 1936 726 2116 760; x_wconf 84' lang='lat' dir='ltr'>obscurio-</span> 
     </span>
     <span class='ocr_line' id='line_1_65' title="bbox 1130 761 2116 814; baseline 0.017 -21"><span class='ocrx_word' id='word_1_441' title='bbox 1130 761 1227 795; x_wconf 88' lang='lat' dir='ltr'>ribus</span> <span class='ocrx_word' id='word_1_442' title='bbox 1251 763 1439 797; x_wconf 86' lang='lat' dir='ltr'>sceleribus</span> <span class='ocrx_word' id='word_1_443' title='bbox 1472 777 1544 799; x_wconf 92' lang='lat' dir='ltr'>non</span> <span class='ocrx_word' id='word_1_444' title='bbox 1568 767 1701 806; x_wconf 87' lang='lat' dir='ltr'>dicam,</span> <span class='ocrx_word' id='word_1_445' title='bbox 1737 771 1814 814; x_wconf 90' lang='lat' dir='ltr'>qnis</span> <span class='ocrx_word' id='word_1_446' title='bbox 1837 783 1941 807; x_wconf 89' lang='lat' dir='ltr'>sanus</span> <span class='ocrx_word' id='word_1_447' title='bbox 1967 777 2057 810; x_wconf 61' lang='lat' dir='ltr'>volet</span> <span class='ocrx_word' id='word_1_448' title='bbox 2081 789 2116 810; x_wconf 91' lang='lat' dir='ltr'>se</span> 
     </span>
     <span class='ocr_line' id='line_1_66' title="bbox 1129 813 2117 868; baseline 0.018 -25"><span class='ocrx_word' id='word_1_449' title='bbox 1129 813 1399 856; x_wconf 83' lang='lat' dir='ltr'>parricidiorum</span> <span class='ocrx_word' id='word_1_450' title='bbox 1432 817 1593 850; x_wconf 86' lang='lat' dir='ltr'>societate</span> <span class='ocrx_word' id='word_1_451' title='bbox 1626 819 1800 862; x_wconf 83' lang='lat' dir='ltr'>polluere,</span> <span class='ocrx_word' id='word_1_452' title='bbox 1842 835 1930 868; x_wconf 87' lang='lat' dir='ltr'>quae</span> <span class='ocrx_word' id='word_1_453' title='bbox 1966 828 2009 859; x_wconf 84' lang='lat' dir='ltr'>ab</span> <span class='ocrx_word' id='word_1_454' title='bbox 2044 828 2117 860; x_wconf 85' lang='lat' dir='ltr'>istis</span> 
     </span>
     <span class='ocr_line' id='line_1_67' title="bbox 1129 863 2117 920; baseline 0.017 -26"><span class='ocrx_word' id='word_1_455' title='bbox 1129 863 1217 896; x_wconf 86' lang='lat' dir='ltr'>fiunt</span> <span class='ocrx_word' id='word_1_456' title='bbox 1241 864 1423 908; x_wconf 76' lang='lat' dir='ltr'>qnotidie?</span> <span class='ocrx_word' id='word_1_457' title='bbox 1475 867 1589 909; x_wconf 80' lang='lat' dir='ltr'>Quam</span> <span class='ocrx_word' id='word_1_458' title='bbox 1614 870 1715 902; x_wconf 89' lang='lat' dir='ltr'>multi</span> <span class='ocrx_word' id='word_1_459' title='bbox 1742 872 1833 905; x_wconf 90' lang='lat' dir='ltr'>docti</span> <span class='ocrx_word' id='word_1_460' title='bbox 1858 880 1889 907; x_wconf 87' lang='lat' dir='ltr'>et</span> <span class='ocrx_word' id='word_1_461' title='bbox 1907 875 1953 917; x_wconf 90' lang='lat' dir='ltr'>pii</span> <span class='ocrx_word' id='word_1_462' title='bbox 1971 878 2014 910; x_wconf 87' lang='lat' dir='ltr'>ab</span> <span class='ocrx_word' id='word_1_463' title='bbox 2031 875 2117 920; x_wconf 75' lang='lat' dir='ltr'>Epi-</span> 
     </span>
     <span class='ocr_line' id='line_1_68' title="bbox 1129 914 2116 962; baseline 0.018 -18"><span class='ocrx_word' id='word_1_464' title='bbox 1129 914 1241 957; x_wconf 86' lang='lat' dir='ltr'>scopis</span> <span class='ocrx_word' id='word_1_465' title='bbox 1269 921 1299 947; x_wconf 90' lang='lat' dir='ltr'>et</span> <span class='ocrx_word' id='word_1_466' title='bbox 1326 914 1512 949; x_wconf 79' lang='lat' dir='ltr'>Monachis</span> <span class='ocrx_word' id='word_1_467' title='bbox 1537 918 1669 962; x_wconf 87' lang='lat' dir='ltr'>ubique</span> <span class='ocrx_word' id='word_1_468' title='bbox 1700 927 1868 956; x_wconf 86' lang='lat' dir='ltr'>terrarum</span> <span class='ocrx_word' id='word_1_469' title='bbox 1898 925 2116 961; x_wconf 83' lang='lat' dir='ltr'>interficiun-</span> 
     </span>
     <span class='ocr_line' id='line_1_69' title="bbox 1130 962 2114 1013; baseline 0.015 -16"><span class='ocrx_word' id='word_1_470' title='bbox 1130 964 1210 997; x_wconf 84' lang='lat' dir='ltr'>tur&#39;?</span> <span class='ocrx_word' id='word_1_471' title='bbox 1242 962 1355 1010; x_wconf 82' lang='lat' dir='ltr'>Aiunt</span> <span class='ocrx_word' id='word_1_472' title='bbox 1373 963 1464 999; x_wconf 90' lang='lat' dir='ltr'>nihil</span> <span class='ocrx_word' id='word_1_473' title='bbox 1482 968 1618 1001; x_wconf 77' lang='lat' dir='ltr'>saevius</span> <span class='ocrx_word' id='word_1_474' title='bbox 1636 981 1707 1003; x_wconf 89' lang='lat' dir='ltr'>esse</span> <span class='ocrx_word' id='word_1_475' title='bbox 1718 970 1920 1013; x_wconf 78' lang='lat' dir='ltr'>pantheris,</span> <span class='ocrx_word' id='word_1_476' title='bbox 1949 984 1981 1010; x_wconf 87' lang='lat' dir='ltr'>et</span> <span class='ocrx_word' id='word_1_477' title='bbox 1998 985 2114 1012; x_wconf 85' lang='lat' dir='ltr'>tamen</span> 
     </span>
     <span class='ocr_line' id='line_1_70' title="bbox 1127 1014 2114 1072; baseline 0.016 -27"><span class='ocrx_word' id='word_1_478' title='bbox 1127 1025 1228 1057; x_wconf 87' lang='lat' dir='ltr'>saepe</span> <span class='ocrx_word' id='word_1_479' title='bbox 1254 1014 1418 1057; x_wconf 88' lang='lat' dir='ltr'>leguntur</span> <span class='ocrx_word' id='word_1_480' title='bbox 1441 1017 1477 1049; x_wconf 91' lang='lat' dir='ltr'>in</span> <span class='ocrx_word' id='word_1_481' title='bbox 1503 1018 1594 1051; x_wconf 90' lang='lat' dir='ltr'>circo</span> <span class='ocrx_word' id='word_1_482' title='bbox 1618 1020 1716 1064; x_wconf 88' lang='lat' dir='ltr'>quasi</span> <span class='ocrx_word' id='word_1_483' title='bbox 1748 1026 1940 1059; x_wconf 77' lang='lat' dir='ltr'>reverentia</span> <span class='ocrx_word' id='word_1_484' title='bbox 1965 1030 2114 1072; x_wconf 84' lang='lat' dir='ltr'>quadam</span> 
     </span>
     <span class='ocr_line' id='line_1_71' title="bbox 1128 1065 2116 1119; baseline 0.018 -25"><span class='ocrx_word' id='word_1_485' title='bbox 1128 1065 1321 1108; x_wconf 85' lang='lat' dir='ltr'>pepercisse</span> <span class='ocrx_word' id='word_1_486' title='bbox 1341 1068 1468 1100; x_wconf 87' lang='lat' dir='ltr'>sanctis</span> <span class='ocrx_word' id='word_1_487' title='bbox 1483 1067 1689 1106; x_wconf 89' lang='lat' dir='ltr'>Pantherae.</span> <span class='ocrx_word' id='word_1_488' title='bbox 1750 1071 1823 1106; x_wconf 83' lang='lat' dir='ltr'>Has</span> <span class='ocrx_word' id='word_1_489' title='bbox 1847 1085 1984 1119; x_wconf 79' lang='lat' dir='ltr'>superat</span> <span class='ocrx_word' id='word_1_490' title='bbox 2004 1080 2116 1112; x_wconf 86' lang='lat' dir='ltr'>rabies</span> 
     </span>
     <span class='ocr_line' id='line_1_72' title="bbox 1127 1113 2114 1172; baseline 0.017 -26"><span class='ocrx_word' id='word_1_491' title='bbox 1127 1113 1256 1155; x_wconf 86' lang='lat' dir='ltr'>Fabri,</span> <span class='ocrx_word' id='word_1_492' title='bbox 1284 1114 1471 1157; x_wconf 85' lang='lat' dir='ltr'>Mezentii,</span> <span class='ocrx_word' id='word_1_493' title='bbox 1497 1117 1652 1153; x_wconf 69' lang='lat' dir='ltr'>Nauseae</span> <span class='ocrx_word' id='word_1_494' title='bbox 1679 1127 1711 1154; x_wconf 90' lang='lat' dir='ltr'>et</span> <span class='ocrx_word' id='word_1_495' title='bbox 1735 1123 1924 1167; x_wconf 85' lang='lat' dir='ltr'>similium,</span> <span class='ocrx_word' id='word_1_496' title='bbox 1952 1129 2011 1172; x_wconf 89' lang='lat' dir='ltr'>qni</span> <span class='ocrx_word' id='word_1_497' title='bbox 2027 1131 2114 1163; x_wconf 85' lang='lat' dir='ltr'>adeo</span> 
     </span>
     <span class='ocr_line' id='line_1_73' title="bbox 1127 1167 2116 1221; baseline 0.019 -26"><span class='ocrx_word' id='word_1_498' title='bbox 1127 1176 1199 1196; x_wconf 94' lang='lat' dir='ltr'>non</span> <span class='ocrx_word' id='word_1_499' title='bbox 1218 1172 1363 1206; x_wconf 89' lang='lat' dir='ltr'>parcunt</span> <span class='ocrx_word' id='word_1_500' title='bbox 1377 1167 1477 1207; x_wconf 86' lang='lat' dir='ltr'>ullis,</span> <span class='ocrx_word' id='word_1_501' title='bbox 1503 1176 1542 1202; x_wconf 86' lang='lat' dir='ltr'>nt</span> <span class='ocrx_word' id='word_1_502' title='bbox 1556 1170 1658 1203; x_wconf 87' lang='lat' dir='ltr'>civile</span> <span class='ocrx_word' id='word_1_503' title='bbox 1676 1172 1807 1206; x_wconf 89' lang='lat' dir='ltr'>bellum</span> <span class='ocrx_word' id='word_1_504' title='bbox 1830 1179 1991 1221; x_wconf 88' lang='lat' dir='ltr'>accendi,</span> <span class='ocrx_word' id='word_1_505' title='bbox 2018 1187 2048 1213; x_wconf 87' lang='lat' dir='ltr'>et</span> <span class='ocrx_word' id='word_1_506' title='bbox 2065 1187 2116 1214; x_wconf 86' lang='lat' dir='ltr'>tot</span> 
     </span>
     <span class='ocr_line' id='line_1_74' title="bbox 1127 1214 2116 1264; baseline 0.018 -19"><span class='ocrx_word' id='word_1_507' title='bbox 1127 1214 1287 1247; x_wconf 88' lang='lat' dir='ltr'>nationes</span> <span class='ocrx_word' id='word_1_508' title='bbox 1308 1216 1435 1255; x_wconf 88' lang='lat' dir='ltr'>deleri,</span> <span class='ocrx_word' id='word_1_509' title='bbox 1461 1224 1509 1251; x_wconf 91' lang='lat' dir='ltr'>tot</span> <span class='ocrx_word' id='word_1_510' title='bbox 1533 1216 1695 1254; x_wconf 87' lang='lat' dir='ltr'>honestas</span> <span class='ocrx_word' id='word_1_511' title='bbox 1710 1230 1905 1264; x_wconf 87' lang='lat' dir='ltr'>matronas,</span> <span class='ocrx_word' id='word_1_512' title='bbox 1932 1235 1982 1262; x_wconf 83' lang='lat' dir='ltr'>tot</span> <span class='ocrx_word' id='word_1_513' title='bbox 1999 1230 2116 1263; x_wconf 83' lang='lat' dir='ltr'>insan-</span> 
     </span>
     <span class='ocr_line' id='line_1_75' title="bbox 1126 1264 2114 1324; baseline 0.018 -28"><span class='ocrx_word' id='word_1_514' title='bbox 1126 1271 1177 1297; x_wconf 91' lang='lat' dir='ltr'>tes</span> <span class='ocrx_word' id='word_1_515' title='bbox 1196 1264 1363 1307; x_wconf 86' lang='lat' dir='ltr'>iugulari,</span> <span class='ocrx_word' id='word_1_516' title='bbox 1390 1268 1585 1302; x_wconf 87' lang='lat' dir='ltr'>vastitatem</span> <span class='ocrx_word' id='word_1_517' title='bbox 1602 1268 1838 1307; x_wconf 85' lang='lat' dir='ltr'>Ecclesiarum</span> <span class='ocrx_word' id='word_1_518' title='bbox 1864 1278 1950 1311; x_wconf 80' lang='lat' dir='ltr'>effici</span> <span class='ocrx_word' id='word_1_519' title='bbox 1972 1282 2114 1324; x_wconf 84' lang='lat' dir='ltr'>cupiant</span> 
     </span>
     <span class='ocr_line' id='line_1_76' title="bbox 1127 1321 1921 1360; baseline 0.016 -13"><span class='ocrx_word' id='word_1_520' title='bbox 1127 1322 1321 1356; x_wconf 79' lang='lat' dir='ltr'>aeternam3</span> <span class='ocrx_word' id='word_1_521' title='bbox 1347 1328 1467 1350; x_wconf 84' lang='lat' dir='ltr'>verum</span> <span class='ocrx_word' id='word_1_522' title='bbox 1490 1325 1541 1353; x_wconf 85' lang='lat' dir='ltr'>est</span> <span class='ocrx_word' id='word_1_523' title='bbox 1558 1321 1650 1353; x_wconf 89' lang='lat' dir='ltr'>enim</span> <span class='ocrx_word' id='word_1_524' title='bbox 1672 1322 1759 1356; x_wconf 87' lang='lat' dir='ltr'>illud</span> <span class='ocrx_word' id='word_1_525' title='bbox 1779 1323 1921 1360; x_wconf 67' lang='lat' dir='ltr'>Poetae:</span> 
     </span>
     <span class='ocr_line' id='line_1_77' title="bbox 1279 1368 1907 1411; baseline 0.018 -14"><span class='ocrx_word' id='word_1_526' title='bbox 1279 1368 1352 1398; x_wconf 87' lang='lat' dir='ltr'>Alta</span> <span class='ocrx_word' id='word_1_527' title='bbox 1376 1371 1478 1400; x_wconf 84' lang='lat' dir='ltr'>sedent</span> <span class='ocrx_word' id='word_1_528' title='bbox 1504 1375 1600 1402; x_wconf 74' lang='lat' dir='ltr'>civilis</span> <span class='ocrx_word' id='word_1_529' title='bbox 1627 1377 1748 1405; x_wconf 74' lang='lat' dir='ltr'>vulnera</span> <span class='ocrx_word' id='word_1_530' title='bbox 1777 1378 1907 1411; x_wconf 81' lang='lat' dir='ltr'>dextrae.</span> 
     </span>
    </p>

    <p class='ocr_par' dir='ltr' id='par_1_11' title="bbox 1123 1414 2114 2672">
     <span class='ocr_line' id='line_1_78' title="bbox 1126 1414 2112 1468; baseline 0.017 -21"><span class='ocrx_word' id='word_1_531' title='bbox 1126 1414 1176 1450; x_wconf 69' lang='lat' dir='ltr'>L‘t</span> <span class='ocrx_word' id='word_1_532' title='bbox 1191 1422 1305 1449; x_wconf 88' lang='lat' dir='ltr'>autem</span> <span class='ocrx_word' id='word_1_533' title='bbox 1321 1417 1532 1452; x_wconf 87' lang='lat' dir='ltr'>maledicum</span> <span class='ocrx_word' id='word_1_534' title='bbox 1551 1421 1720 1455; x_wconf 87' lang='lat' dir='ltr'>latronem</span> <span class='ocrx_word' id='word_1_535' title='bbox 1737 1426 1877 1468; x_wconf 81' lang='lat' dir='ltr'>castigat</span> <span class='ocrx_word' id='word_1_536' title='bbox 1893 1429 1980 1462; x_wconf 87' lang='lat' dir='ltr'>alter</span> <span class='ocrx_word' id='word_1_537' title='bbox 1996 1437 2112 1464; x_wconf 90' lang='lat' dir='ltr'>noster</span> 
     </span>
     <span class='ocr_line' id='line_1_79' title="bbox 1126 1464 2114 1523; baseline 0.018 -26"><span class='ocrx_word' id='word_1_538' title='bbox 1126 1464 1336 1509; x_wconf 86' lang='lat' dir='ltr'>Apostolus,</span> <span class='ocrx_word' id='word_1_539' title='bbox 1368 1468 1415 1501; x_wconf 87' lang='lat' dir='ltr'>ita</span> <span class='ocrx_word' id='word_1_540' title='bbox 1446 1467 1530 1502; x_wconf 83' lang='lat' dir='ltr'>haec</span> <span class='ocrx_word' id='word_1_541' title='bbox 1558 1471 1687 1514; x_wconf 85' lang='lat' dir='ltr'>flagitia</span> <span class='ocrx_word' id='word_1_542' title='bbox 1719 1475 1867 1518; x_wconf 83' lang='lat' dir='ltr'>singulis</span> <span class='ocrx_word' id='word_1_543' title='bbox 1897 1482 2114 1523; x_wconf 85' lang='lat' dir='ltr'>temporibus</span> 
     </span>
     <span class='ocr_line' id='line_1_80' title="bbox 1126 1517 2112 1566; baseline 0.018 -19"><span class='ocrx_word' id='word_1_544' title='bbox 1126 1528 1144 1549; x_wconf 88' lang='lat' dir='ltr'>a</span> <span class='ocrx_word' id='word_1_545' title='bbox 1163 1517 1244 1559; x_wconf 83' lang='lat' dir='ltr'>piis,</span> <span class='ocrx_word' id='word_1_546' title='bbox 1273 1524 1304 1551; x_wconf 87' lang='lat' dir='ltr'>et</span> <span class='ocrx_word' id='word_1_547' title='bbox 1321 1520 1523 1560; x_wconf 89' lang='lat' dir='ltr'>pracsertim</span> <span class='ocrx_word' id='word_1_548' title='bbox 1543 1523 1688 1556; x_wconf 86' lang='lat' dir='ltr'>eruditis</span> <span class='ocrx_word' id='word_1_549' title='bbox 1708 1524 1843 1560; x_wconf 89' lang='lat' dir='ltr'>sortiter</span> <span class='ocrx_word' id='word_1_550' title='bbox 1859 1533 2003 1562; x_wconf 83' lang='lat' dir='ltr'>taxanda</span> <span class='ocrx_word' id='word_1_551' title='bbox 2022 1539 2112 1566; x_wconf 81' lang='lat' dir='ltr'>sunt.</span> 
     </span>
     <span class='ocr_line' id='line_1_81' title="bbox 1127 1565 2113 1618; baseline 0.018 -21"><span class='ocrx_word' id='word_1_552' title='bbox 1127 1565 1233 1608; x_wconf 86' lang='lat' dir='ltr'>Quod</span> <span class='ocrx_word' id='word_1_553' title='bbox 1257 1567 1304 1600; x_wconf 91' lang='lat' dir='ltr'>ita</span> <span class='ocrx_word' id='word_1_554' title='bbox 1330 1568 1471 1601; x_wconf 88' lang='lat' dir='ltr'>demum</span> <span class='ocrx_word' id='word_1_555' title='bbox 1490 1572 1642 1612; x_wconf 74' lang='lat' dir='ltr'>graviter</span> <span class='ocrx_word' id='word_1_556' title='bbox 1658 1580 1688 1606; x_wconf 91' lang='lat' dir='ltr'>et</span> <span class='ocrx_word' id='word_1_557' title='bbox 1707 1587 1785 1608; x_wconf 76' lang='lat' dir='ltr'>vere</span> <span class='ocrx_word' id='word_1_558' title='bbox 1804 1578 1936 1612; x_wconf 81' lang='lat' dir='ltr'>facietis</span> <span class='ocrx_word' id='word_1_559' title='bbox 1949 1607 1956 1618; x_wconf 76' lang='lat'><strong>‚</strong></span> <span class='ocrx_word' id='word_1_560' title='bbox 1985 1581 2011 1613; x_wconf 85' lang='lat' dir='ltr'>si</span> <span class='ocrx_word' id='word_1_561' title='bbox 2032 1594 2113 1615; x_wconf 89' lang='lat' dir='ltr'>ern-</span> 
     </span>
     <span class='ocr_line' id='line_1_82' title="bbox 1125 1617 2114 1673; baseline 0.017 -25"><span class='ocrx_word' id='word_1_562' title='bbox 1125 1617 1261 1650; x_wconf 89' lang='lat' dir='ltr'>ditione</span> <span class='ocrx_word' id='word_1_563' title='bbox 1284 1617 1446 1652; x_wconf 87' lang='lat' dir='ltr'>instructi</span> <span class='ocrx_word' id='word_1_564' title='bbox 1468 1620 1580 1661; x_wconf 90' lang='lat' dir='ltr'>eritis,</span> <span class='ocrx_word' id='word_1_565' title='bbox 1608 1629 1645 1656; x_wconf 88' lang='lat' dir='ltr'>ut</span> <span class='ocrx_word' id='word_1_566' title='bbox 1663 1622 1790 1659; x_wconf 86' lang='lat' dir='ltr'>Paulus</span> <span class='ocrx_word' id='word_1_567' title='bbox 1813 1627 1944 1673; x_wconf 88' lang='lat' dir='ltr'>inquit:</span> <span class='ocrx_word' id='word_1_568' title='bbox 1973 1632 2025 1664; x_wconf 66' lang='lat' dir='ltr'>bit</span> <span class='ocrx_word' id='word_1_569' title='bbox 2042 1643 2114 1664; x_wconf 87' lang='lat' dir='ltr'>ser-</span> 
     </span>
     <span class='ocr_line' id='line_1_83' title="bbox 1127 1669 2112 1723; baseline 0.018 -25"><span class='ocrx_word' id='word_1_570' title='bbox 1127 1679 1182 1700; x_wconf 92' lang='lat' dir='ltr'>mo</span> <span class='ocrx_word' id='word_1_571' title='bbox 1200 1674 1312 1701; x_wconf 80' lang='lat' dir='ltr'>vester</span> <span class='ocrx_word' id='word_1_572' title='bbox 1329 1669 1399 1702; x_wconf 90' lang='lat' dir='ltr'>sale</span> <span class='ocrx_word' id='word_1_573' title='bbox 1420 1671 1596 1705; x_wconf 90' lang='lat' dir='ltr'>conditus.</span> <span class='ocrx_word' id='word_1_574' title='bbox 1649 1672 1728 1707; x_wconf 82' lang='lat' dir='ltr'>Non</span> <span class='ocrx_word' id='word_1_575' title='bbox 1746 1684 1784 1710; x_wconf 91' lang='lat' dir='ltr'>ut</span> <span class='ocrx_word' id='word_1_576' title='bbox 1799 1681 1959 1723; x_wconf 87' lang='lat' dir='ltr'>scopulos</span> <span class='ocrx_word' id='word_1_577' title='bbox 1977 1689 2035 1715; x_wconf 85' lang='lat' dir='ltr'>aut</span> <span class='ocrx_word' id='word_1_578' title='bbox 2054 1683 2112 1716; x_wconf 87' lang='lat' dir='ltr'>lit-</span> 
     </span>
     <span class='ocr_line' id='line_1_84' title="bbox 1125 1718 2112 1770; baseline 0.018 -21"><span class='ocrx_word' id='word_1_579' title='bbox 1125 1724 1200 1750; x_wconf 88' lang='lat' dir='ltr'>tora</span> <span class='ocrx_word' id='word_1_580' title='bbox 1221 1718 1352 1752; x_wconf 89' lang='lat' dir='ltr'>seriunt</span> <span class='ocrx_word' id='word_1_581' title='bbox 1369 1720 1484 1754; x_wconf 90' lang='lat' dir='ltr'>undae</span> <span class='ocrx_word' id='word_1_582' title='bbox 1503 1721 1636 1764; x_wconf 84' lang='lat' dir='ltr'>ingenti</span> <span class='ocrx_word' id='word_1_583' title='bbox 1654 1730 1788 1759; x_wconf 87' lang='lat' dir='ltr'>tantum</span> <span class='ocrx_word' id='word_1_584' title='bbox 1810 1730 1946 1770; x_wconf 84' lang='lat' dir='ltr'>sonitu,</span> <span class='ocrx_word' id='word_1_585' title='bbox 1977 1732 2019 1765; x_wconf 85' lang='lat' dir='ltr'>ita</span> <span class='ocrx_word' id='word_1_586' title='bbox 2037 1734 2112 1766; x_wconf 86' lang='lat' dir='ltr'>solo</span> 
     </span>
     <span class='ocr_line' id='line_1_85' title="bbox 1125 1768 2113 1816; baseline 0.016 -15"><span class='ocrx_word' id='word_1_587' title='bbox 1125 1768 1277 1801; x_wconf 87' lang='lat' dir='ltr'>clamore</span> <span class='ocrx_word' id='word_1_588' title='bbox 1292 1771 1495 1803; x_wconf 88' lang='lat' dir='ltr'>certandum</span> <span class='ocrx_word' id='word_1_589' title='bbox 1514 1779 1578 1806; x_wconf 90' lang='lat' dir='ltr'>est:</span> <span class='ocrx_word' id='word_1_590' title='bbox 1600 1771 1749 1809; x_wconf 87' lang='lat' dir='ltr'>Erudite</span> <span class='ocrx_word' id='word_1_591' title='bbox 1762 1779 1936 1813; x_wconf 84' lang='lat' dir='ltr'>refutandi</span> <span class='ocrx_word' id='word_1_592' title='bbox 1953 1790 2033 1816; x_wconf 87' lang='lat' dir='ltr'>sunt</span> <span class='ocrx_word' id='word_1_593' title='bbox 2050 1785 2113 1816; x_wconf 88' lang='lat' dir='ltr'>ad-</span> 
     </span>
     <span class='ocr_line' id='line_1_86' title="bbox 1125 1819 2112 1874; baseline 0.018 -25"><span class='ocrx_word' id='word_1_594' title='bbox 1125 1819 1291 1859; x_wconf 80' lang='lat' dir='ltr'>versarii,</span> <span class='ocrx_word' id='word_1_595' title='bbox 1324 1826 1363 1853; x_wconf 92' lang='lat' dir='ltr'>ut</span> <span class='ocrx_word' id='word_1_596' title='bbox 1393 1820 1502 1865; x_wconf 87' lang='lat' dir='ltr'>aliqui</span> <span class='ocrx_word' id='word_1_597' title='bbox 1524 1831 1708 1866; x_wconf 88' lang='lat' dir='ltr'>sanentur,</span> <span class='ocrx_word' id='word_1_598' title='bbox 1743 1827 1827 1860; x_wconf 89' lang='lat' dir='ltr'>boni</span> <span class='ocrx_word' id='word_1_599' title='bbox 1850 1831 2112 1874; x_wconf 82' lang='lat' dir='ltr'>confirmentur,</span> 
     </span>
     <span class='ocr_line' id='line_1_87' title="bbox 1125 1868 2112 1918; baseline 0.015 -16"><span class='ocrx_word' id='word_1_600' title='bbox 1125 1875 1163 1902; x_wconf 90' lang='lat' dir='ltr'>ut</span> <span class='ocrx_word' id='word_1_601' title='bbox 1180 1868 1217 1900; x_wconf 89' lang='lat' dir='ltr'>in</span> <span class='ocrx_word' id='word_1_602' title='bbox 1234 1868 1380 1902; x_wconf 87' lang='lat' dir='ltr'>latronis</span> <span class='ocrx_word' id='word_1_603' title='bbox 1395 1871 1640 1914; x_wconf 85' lang='lat' dir='ltr'>obiurgatione</span> <span class='ocrx_word' id='word_1_604' title='bbox 1656 1877 1881 1918; x_wconf 84' lang='lat' dir='ltr'>gravissimae</span> <span class='ocrx_word' id='word_1_605' title='bbox 1899 1881 2016 1916; x_wconf 90' lang='lat' dir='ltr'>insunt</span> <span class='ocrx_word' id='word_1_606' title='bbox 2033 1895 2112 1917; x_wconf 88' lang='lat' dir='ltr'>sen-</span> 
     </span>
     <span class='ocr_line' id='line_1_88' title="bbox 1124 1918 2112 1976; baseline 0.016 -24"><span class='ocrx_word' id='word_1_607' title='bbox 1124 1918 1272 1958; x_wconf 87' lang='lat' dir='ltr'>tentiae,</span> <span class='ocrx_word' id='word_1_608' title='bbox 1299 1921 1342 1952; x_wconf 92' lang='lat' dir='ltr'>de</span> <span class='ocrx_word' id='word_1_609' title='bbox 1369 1921 1624 1963; x_wconf 82' lang='lat' dir='ltr'>gubernatione</span> <span class='ocrx_word' id='word_1_610' title='bbox 1649 1926 1788 1968; x_wconf 73' lang='lat' dir='ltr'>divina,</span> <span class='ocrx_word' id='word_1_611' title='bbox 1815 1930 1856 1962; x_wconf 90' lang='lat' dir='ltr'>de</span> <span class='ocrx_word' id='word_1_612' title='bbox 1880 1934 2112 1976; x_wconf 73' lang='lat' dir='ltr'>providentia,</span> 
     </span>
     <span class='ocr_line' id='line_1_89' title="bbox 1124 1967 2109 2021; baseline 0.017 -19"><span class='ocrx_word' id='word_1_613' title='bbox 1124 1969 1254 2014; x_wconf 90' lang='lat' dir='ltr'>quibus</span> <span class='ocrx_word' id='word_1_614' title='bbox 1276 1967 1488 2014; x_wconf 88' lang='lat' dir='ltr'>Epicuraeas</span> <span class='ocrx_word' id='word_1_615' title='bbox 1514 1973 1549 2006; x_wconf 92' lang='lat' dir='ltr'>in</span> <span class='ocrx_word' id='word_1_616' title='bbox 1577 1975 1685 2009; x_wconf 83' lang='lat' dir='ltr'>altero</span> <span class='ocrx_word' id='word_1_617' title='bbox 1712 1981 1952 2021; x_wconf 80' lang='lat' dir='ltr'>persuasiones</span> <span class='ocrx_word' id='word_1_618' title='bbox 1975 1985 2109 2019; x_wconf 80' lang='lat' dir='ltr'>refutat.</span> 
     </span>
     <span class='ocr_line' id='line_1_90' title="bbox 1125 2018 2110 2082; baseline 0.016 -29"><span class='ocrx_word' id='word_1_619' title='bbox 1125 2018 1231 2064; x_wconf 86' lang='lat' dir='ltr'>Apud</span> <span class='ocrx_word' id='word_1_620' title='bbox 1248 2019 1521 2065; x_wconf 89' lang='lat' dir='ltr'>Aristophanem</span> <span class='ocrx_word' id='word_1_621' title='bbox 1540 2024 1591 2057; x_wconf 87' lang='lat' dir='ltr'>lex</span> <span class='ocrx_word' id='word_1_622' title='bbox 1611 2026 1740 2061; x_wconf 88' lang='lat' dir='ltr'>dicitur</span> <span class='ocrx_word' id='word_1_623' title='bbox 1762 2032 1962 2071; x_wconf 81' lang='lat' dir='ltr'>certaturis,</span> <span class='ocrx_word' id='word_1_624' title='bbox 1990 2033 2110 2082; x_wconf 57' lang='lat' dir='ltr'>{My-se</span> 
     </span>
     <span class='ocr_line' id='line_1_91' title="bbox 1124 2068 2111 2126; baseline 0.016 -23"><span class='ocrx_word' id='word_1_625' title='bbox 1124 2069 1186 2104; x_wconf 81' lang='grc' dir='ltr'>καὶ</span> <span class='ocrx_word' id='word_1_626' title='bbox 1202 2068 1362 2118; x_wconf 68' lang='grc' dir='ltr'>ἐλέγχου.</span> <span class='ocrx_word' id='word_1_627' title='bbox 1413 2071 1525 2107; x_wconf 90' lang='lat' dir='ltr'>Causa</span> <span class='ocrx_word' id='word_1_628' title='bbox 1544 2087 1620 2108; x_wconf 93' lang='lat' dir='ltr'>cnm</span> <span class='ocrx_word' id='word_1_629' title='bbox 1637 2089 1737 2111; x_wconf 84' lang='lat' dir='ltr'>cansa</span> <span class='ocrx_word' id='word_1_630' title='bbox 1760 2083 2024 2126; x_wconf 85' lang='lat' dir='ltr'>congrediatur,</span> <span class='ocrx_word' id='word_1_631' title='bbox 2052 2073 2111 2119; x_wconf 65' lang='lat' dir='ltr'>ve-</span> 
     </span>
     <span class='ocr_line' id='line_1_92' title="bbox 1125 2121 2111 2177; baseline 0.017 -24"><span class='ocrx_word' id='word_1_632' title='bbox 1125 2121 1172 2154; x_wconf 88' lang='lat' dir='ltr'>ris</span> <span class='ocrx_word' id='word_1_633' title='bbox 1189 2123 1403 2165; x_wconf 86' lang='lat' dir='ltr'>argumentis</span> <span class='ocrx_word' id='word_1_634' title='bbox 1427 2131 1593 2166; x_wconf 50' lang='lat' dir='ltr'>certetur,</span> <span class='ocrx_word' id='word_1_635' title='bbox 1617 2127 1754 2162; x_wconf 88' lang='lat' dir='ltr'>dicatur</span> <span class='ocrx_word' id='word_1_636' title='bbox 1772 2129 1861 2177; x_wconf 64' lang='grc' dir='ltr'>πρὸς</span> <span class='ocrx_word' id='word_1_637' title='bbox 1879 2131 1978 2173; x_wconf 63' lang='grc' dir='ltr'><em>ἔπος,</em></span> <span class='ocrx_word' id='word_1_638' title='bbox 2005 2143 2037 2169; x_wconf 88' lang='lat' dir='ltr'>et</span> <span class='ocrx_word' id='word_1_639' title='bbox 2056 2148 2111 2169; x_wconf 87' lang='lat' dir='ltr'>re-</span> 
     </span>
     <span class='ocr_line' id='line_1_93' title="bbox 1124 2175 2109 2219; baseline 0.016 -16"><span class='ocrx_word' id='word_1_640' title='bbox 1124 2178 1269 2205; x_wconf 71' lang='lat' dir='ltr'>vocetur</span> <span class='ocrx_word' id='word_1_641' title='bbox 1298 2175 1515 2217; x_wconf 85' lang='lat' dir='ltr'>antagonista</span> <span class='ocrx_word' id='word_1_642' title='bbox 1546 2176 1636 2210; x_wconf 88' lang='lat' dir='ltr'>intra</span> <span class='ocrx_word' id='word_1_643' title='bbox 1671 2187 1790 2215; x_wconf 88' lang='lat' dir='ltr'>metas.</span> <span class='ocrx_word' id='word_1_644' title='bbox 1853 2182 1986 2217; x_wconf 73' lang='lat' dir='ltr'>Videtis</span> <span class='ocrx_word' id='word_1_645' title='bbox 2016 2187 2109 2219; x_wconf 79' lang='lat' dir='ltr'>enim</span> 
     </span>
     <span class='ocr_line' id='line_1_94' title="bbox 1125 2224 2109 2275; baseline 0.017 -22"><span class='ocrx_word' id='word_1_646' title='bbox 1125 2234 1229 2267; x_wconf 90' lang='lat' dir='ltr'>qnam</span> <span class='ocrx_word' id='word_1_647' title='bbox 1254 2224 1366 2256; x_wconf 89' lang='lat' dir='ltr'>varias</span> <span class='ocrx_word' id='word_1_648' title='bbox 1391 2225 1495 2258; x_wconf 85' lang='lat' dir='ltr'>rimas</span> <span class='ocrx_word' id='word_1_649' title='bbox 1521 2236 1688 2271; x_wconf 87' lang='lat' dir='ltr'>quaerant</span> <span class='ocrx_word' id='word_1_650' title='bbox 1714 2242 1807 2264; x_wconf 92' lang='lat' dir='ltr'>nunc</span> <span class='ocrx_word' id='word_1_651' title='bbox 1825 2234 1868 2265; x_wconf 88' lang='lat' dir='ltr'>ad</span> <span class='ocrx_word' id='word_1_652' title='bbox 1887 2235 2109 2275; x_wconf 66' lang='lat' dir='ltr'>ebibendum,</span> 
     </span>
     <span class='ocr_line' id='line_1_95' title="bbox 1125 2272 2107 2327; baseline 0.017 -23"><span class='ocrx_word' id='word_1_653' title='bbox 1125 2280 1295 2318; x_wconf 87' lang='lat' dir='ltr'>qnantum</span> <span class='ocrx_word' id='word_1_654' title='bbox 1321 2272 1523 2309; x_wconf 90' lang='lat' dir='ltr'>technarum</span> <span class='ocrx_word' id='word_1_655' title='bbox 1547 2284 1581 2310; x_wconf 87' lang='lat' dir='ltr'>et</span> <span class='ocrx_word' id='word_1_656' title='bbox 1603 2276 1817 2323; x_wconf 87' lang='lat' dir='ltr'>Sophistices</span> <span class='ocrx_word' id='word_1_657' title='bbox 1843 2285 2035 2327; x_wconf 81' lang='lat' dir='ltr'>excogitent</span> <span class='ocrx_word' id='word_1_658' title='bbox 2065 2289 2107 2320; x_wconf 84' lang='lat' dir='ltr'>ad</span> 
     </span>
     <span class='ocr_line' id='line_1_96' title="bbox 1125 2324 2108 2381; baseline 0.014 -25"><span class='ocrx_word' id='word_1_659' title='bbox 1125 2324 1335 2357; x_wconf 86' lang='lat' dir='ltr'>eludendam</span> <span class='ocrx_word' id='word_1_660' title='bbox 1376 2326 1567 2362; x_wconf 85' lang='lat' dir='ltr'>veritatem.</span> <span class='ocrx_word' id='word_1_661' title='bbox 1635 2331 1884 2373; x_wconf 74' lang='lat' dir='ltr'>Antagonistas</span> <span class='ocrx_word' id='word_1_662' title='bbox 1921 2333 2108 2381; x_wconf 83' lang='lat' dir='ltr'>habemns,</span> 
     </span>
     <span class='ocr_line' id='line_1_97' title="bbox 1125 2375 2108 2431; baseline 0.015 -25"><span class='ocrx_word' id='word_1_663' title='bbox 1125 2380 1275 2414; x_wconf 76' lang='lat' dir='ltr'>astutos,</span> <span class='ocrx_word' id='word_1_664' title='bbox 1303 2375 1472 2417; x_wconf 89' lang='lat' dir='ltr'>intentos,</span> <span class='ocrx_word' id='word_1_665' title='bbox 1500 2377 1687 2413; x_wconf 85' lang='lat' dir='ltr'>instructos</span> <span class='ocrx_word' id='word_1_666' title='bbox 1713 2380 1821 2415; x_wconf 83' lang='lat' dir='ltr'>literis</span> <span class='ocrx_word' id='word_1_667' title='bbox 1847 2391 1879 2418; x_wconf 85' lang='lat' dir='ltr'>et</span> <span class='ocrx_word' id='word_1_668' title='bbox 1896 2385 2108 2431; x_wconf 86' lang='lat' dir='ltr'>eloquentia,</span> 
     </span>
     <span class='ocr_line' id='line_1_98' title="bbox 1125 2425 2108 2480; baseline 0.013 -22"><span class='ocrx_word' id='word_1_669' title='bbox 1125 2437 1162 2458; x_wconf 90' lang='lat' dir='ltr'>ac</span> <span class='ocrx_word' id='word_1_670' title='bbox 1187 2425 1391 2460; x_wconf 87' lang='lat' dir='ltr'>dimicantes</span> <span class='ocrx_word' id='word_1_671' title='bbox 1414 2439 1487 2460; x_wconf 91' lang='lat' dir='ltr'>non</span> <span class='ocrx_word' id='word_1_672' title='bbox 1507 2429 1550 2461; x_wconf 89' lang='lat' dir='ltr'>de</span> <span class='ocrx_word' id='word_1_673' title='bbox 1572 2429 1649 2463; x_wconf 87' lang='lat' dir='ltr'>lana</span> <span class='ocrx_word' id='word_1_674' title='bbox 1675 2433 1833 2475; x_wconf 89' lang='lat' dir='ltr'>caprina,</span> <span class='ocrx_word' id='word_1_675' title='bbox 1859 2436 1916 2468; x_wconf 90' lang='lat' dir='ltr'>sed</span> <span class='ocrx_word' id='word_1_676' title='bbox 1938 2448 1999 2480; x_wconf 91' lang='lat' dir='ltr'>pro</span> <span class='ocrx_word' id='word_1_677' title='bbox 2025 2439 2108 2471; x_wconf 82' lang='lat' dir='ltr'>focis</span> 
     </span>
     <span class='ocr_line' id='line_1_99' title="bbox 1125 2473 2107 2530; baseline 0.012 -21"><span class='ocrx_word' id='word_1_678' title='bbox 1125 2476 1213 2515; x_wconf 87' lang='lat' dir='ltr'>suis,</span> <span class='ocrx_word' id='word_1_679' title='bbox 1241 2473 1306 2509; x_wconf 88' lang='lat' dir='ltr'>hoc</span> <span class='ocrx_word' id='word_1_680' title='bbox 1321 2483 1388 2517; x_wconf 89' lang='lat' dir='ltr'>est,</span> <span class='ocrx_word' id='word_1_681' title='bbox 1413 2478 1455 2510; x_wconf 92' lang='lat' dir='ltr'>de</span> <span class='ocrx_word' id='word_1_682' title='bbox 1473 2479 1616 2522; x_wconf 90' lang='lat' dir='ltr'>opibus,</span> <span class='ocrx_word' id='word_1_683' title='bbox 1644 2482 1830 2525; x_wconf 79' lang='lat' dir='ltr'>dignitate,</span> <span class='ocrx_word' id='word_1_684' title='bbox 1859 2486 2107 2530; x_wconf 75' lang='lat' dir='ltr'>voluptatibus,</span> 
     </span>
     <span class='ocr_line' id='line_1_100' title="bbox 1125 2532 2107 2571; baseline 0.012 -13"><span class='ocrx_word' id='word_1_685' title='bbox 1125 2537 1272 2571; x_wconf 85' lang='lat' dir='ltr'>quarum</span> <span class='ocrx_word' id='word_1_686' title='bbox 1289 2538 1406 2559; x_wconf 92' lang='lat' dir='ltr'>rerum</span> <span class='ocrx_word' id='word_1_687' title='bbox 1423 2540 1523 2563; x_wconf 89' lang='lat' dir='ltr'>causa</span> <span class='ocrx_word' id='word_1_688' title='bbox 1547 2532 1734 2565; x_wconf 89' lang='lat' dir='ltr'>acerrimae.</span> <span class='ocrx_word' id='word_1_689' title='bbox 1753 2537 1994 2570; x_wconf 86' lang='lat' dir='ltr'>contentiones</span> <span class='ocrx_word' id='word_1_690' title='bbox 2019 2538 2107 2570; x_wconf 86' lang='lat' dir='ltr'>inter</span> 
     </span>
     <span class='ocr_line' id='line_1_101' title="bbox 1126 2575 2105 2628; baseline 0.009 -18"><span class='ocrx_word' id='word_1_691' title='bbox 1126 2575 1284 2610; x_wconf 85' lang='lat' dir='ltr'>homines</span> <span class='ocrx_word' id='word_1_692' title='bbox 1302 2577 1445 2611; x_wconf 88' lang='lat' dir='ltr'>existere</span> <span class='ocrx_word' id='word_1_693' title='bbox 1461 2580 1583 2614; x_wconf 88' lang='lat' dir='ltr'>solent.</span> <span class='ocrx_word' id='word_1_694' title='bbox 1638 2581 1710 2615; x_wconf 73' lang='lat' dir='ltr'>Vos</span> <span class='ocrx_word' id='word_1_695' title='bbox 1726 2591 1844 2617; x_wconf 89' lang='lat' dir='ltr'>contra</span> <span class='ocrx_word' id='word_1_696' title='bbox 1860 2598 1940 2619; x_wconf 74' lang='lat' dir='ltr'>vere</span> <span class='ocrx_word' id='word_1_697' title='bbox 1961 2600 2021 2628; x_wconf 81' lang='lat' dir='ltr'>pro</span> <span class='ocrx_word' id='word_1_698' title='bbox 2038 2588 2105 2619; x_wconf 83' lang='lat' dir='ltr'>aris</span> 
     </span>
     <span class='ocr_line' id='line_1_102' title="bbox 1123 2625 2106 2672; baseline 0.009 -12"><span class='ocrx_word' id='word_1_699' title='bbox 1123 2627 1305 2672; x_wconf 88' lang='lat' dir='ltr'>pugnatis,</span> <span class='ocrx_word' id='word_1_700' title='bbox 1335 2625 1400 2661; x_wconf 89' lang='lat' dir='ltr'>hoc</span> <span class='ocrx_word' id='word_1_701' title='bbox 1417 2636 1486 2667; x_wconf 87' lang='lat' dir='ltr'>est,</span> <span class='ocrx_word' id='word_1_702' title='bbox 1514 2631 1614 2664; x_wconf 86' lang='lat' dir='ltr'>vobis</span> <span class='ocrx_word' id='word_1_703' title='bbox 1630 2636 1870 2668; x_wconf 69' lang='lat' dir='ltr'>commendata</span> <span class='ocrx_word' id='word_1_704' title='bbox 1889 2644 1935 2669; x_wconf 84' lang='lat' dir='ltr'>est</span> <span class='ocrx_word' id='word_1_705' title='bbox 1953 2637 2106 2669; x_wconf 76' lang='lat' dir='ltr'>defensio</span> 
     </span>
    </p>
   </div>
   <div class='ocr_carea' id='block_1_10' title="bbox 1123 2675 2106 2764">
    <p class='ocr_par' dir='ltr' id='par_1_12' title="bbox 1123 2675 2106 2764">
     <span class='ocr_line' id='line_1_103' title="bbox 1123 2675 2106 2764; baseline 0.008 -53"><span class='ocrx_word' id='word_1_706' title='bbox 1123 2677 1284 2722; x_wconf 83' lang='lat' dir='ltr'>puritatis</span> <span class='ocrx_word' id='word_1_707' title='bbox 1308 2675 1546 2764; x_wconf 53' lang='lat' dir='ltr'>Evanggllii*et</span> <span class='ocrx_word' id='word_1_708' title='bbox 1570 2682 1700 2725; x_wconf 83' lang='lat' dir='ltr'>gloriae</span> <span class='ocrx_word' id='word_1_709' title='bbox 1722 2682 1865 2719; x_wconf 86' lang='lat' dir='ltr'>Christi.</span> <span class='ocrx_word' id='word_1_710' title='bbox 1924 2685 2015 2718; x_wconf 84' lang='lat' dir='ltr'>Haec</span> <span class='ocrx_word' id='word_1_711' title='bbox 2042 2688 2106 2719; x_wconf 78' lang='lat' dir='ltr'>mi-</span> 
     </span>
    </p>
   </div>
  </div>
 </body>
</html>
