2338 2958
201 137 274 172 615

629 135 787 171 DECL.
822 134 894 170 DE
929 130 1381 171 CONIUNCTIONE
1414 131 1792 171 SCHOLARUM.

2149 134 2224 172 616

202 229 384 256 coaeterno
402 222 555 256 Domino
581 227 701 253 nostro
720 219 797 252 lesu
812 217 978 263 Christo,
1005 227 1038 253 et
1054 220 1189 263 Spiritu
1212 222 1216 252 Ι
1240 217 1491 251 communitate
1524 218 1659 257 vivere,
1704 231 1768 252 nec
1800 220 2017 255 immanitate
2048 220 2225 267 Cyclopea

204 280 336 306 sancto:
379 273 542 304 miserere
578 270 644 302 mei
677 277 822 313 propter
857 268 970 302 lesum
1005 268 1187 303 Christum

204 323 314 355 filium
341 330 458 360 tuum,
492 332 594 364 quem
620 320 763 352 voluisti
788 331 851 363 pro
874 320 978 352 nohis
999 332 1069 353 esse
1086 319 1188 353 victi-
1212 327 1215 358 ζ

205 385 315 411 mam,
343 382 439 412 rege,
466 370 564 408 iuva,
591 381 720 403 renova
744 382 800 402 me
824 369 960 413 Spiritu
982 377 1100 404 sancto
1118 378 1190 409 tuo,

205 434 284 463 rege
304 429 336 454 et
361 432 458 452 serva
483 417 672 453 Ecclesiam
704 427 817 460 tuam,
851 427 885 453 et
916 421 1073 463 politiaS,
1102 432 1189 465 quae

205 471 370 515 praebent
390 467 539 513 hospitia
557 470 774 503 aerumnosis
786 469 960 503 Ecclesiis.
1002 470 1100 503 Talis
1117 472 1189 507 sor-

205 533 259 553 ma
276 520 442 554 discernit
458 521 693 563 precationem
713 518 947 553 Christianam
964 521 1008 553 ab
1026 519 1190 559 Ethnica,

206 569 346 603 Iudaica
366 577 399 603 et
417 569 578 604 Tunica.
623 570 674 603 Ac
692 581 828 603 necesse
847 577 897 603 est
916 568 982 603 hoc
999 571 1188 603 discrimen

204 620 366 662 intelligi,
392 621 555 663 proponi,
583 627 615 653 et
633 620 771 653 assiduo
788 620 967 653 inculcari.
1017 620 1088 653 Nec
1106 632 1188 653 vero

205 671 280 703 sine
322 670 432 702 literis
473 677 506 703 et
546 670 731 702 collatione
774 670 984 712 opinionum
1025 669 1190 713 explicari

204 727 326 764 potest„
380 720 524 763 Semper
546 720 653 762 igitur
677 720 713 751 in
733 717 888 752 Ecclesia
904 718 1000 752 Deus
1020 720 1088 752 coli
1113 720 1191 752 lite—

205 783 260 803 ras
276 778 307 804 et
325 771 435 802 bonas
459 777 549 802 artes
569 769 696 802 voluit:
725 781 762 802 ac
780 781 823 801 ne
848 781 990 812 prorsus
1010 771 1192 811 extingue-

205 828 328 853 rentur
361 819 493 857 studia,
534 817 670 852 scholas
698 819 852 851 mirabili
888 821 993 853 modo
1022 821 1191 853 defendit.

206 870 293 903 Vult
311 870 403 902 enim
420 880 483 902 nos
501 881 622 902 omnes
644 868 765 902 audire
780 867 971 902 Ecclesiam
990 871 1193 910 doctricem,

204 927 244 954 ut
258 919 499 953 venustissime
517 919 747 961 significatum
765 926 816 953 est
831 920 867 952 in
884 919 1064 953 Samsonis
1081 918 1193 954 histo-

206 971 274 1004 ria:
308 969 388 1002 Non
412 969 653 1010 invenissetis,
686 970 755 1003 nisi
783 970 892 1004 vitula
918 983 994 1004 mea
1024 970 1192 1004 arassetis.

206 1020 236 1054 A
256 1019 386 1064 populo
407 1019 512 1053 lsrael
532 1020 721 1054 didicimus
736 1018 970 1063 Evangelium
995 1021 1087 1055 inter
1108 1033 1194 1063 gen-

207 1078 258 1104 tes
276 1081 433 1114 sparsum
457 1081 518 1112 per
537 1071 737 1114 Apostolos.
798 1070 849 1104 lta
871 1071 1035 1115 deinceps
1058 1082 1194 1114 semper

208 1121 243 1153 in
266 1118 420 1153 Ecclesia
444 1119 538 1153 Deus
557 1121 694 1165 aliquos
718 1121 878 1154 doctores
899 1121 1014 1161 dedit,
1038 1128 1070 1154 et
1096 1121 1194 1154 testi-

207 1171 325 1204 monia
368 1181 449 1203 suae
488 1172 679 1204 sententiae
716 1178 880 1214 perpetua
920 1178 1035 1203 extare
1071 1171 1193 1204 voluit.

209 1221 328 1263 Quare
344 1227 374 1253 ct
394 1220 568 1263 principes
592 1228 626 1253 et
649 1221 884 1263 respublicae,
911 1226 943 1252 et
961 1232 1024 1252 nos
1050 1220 1115 1263 ipsi
1134 1221 1193 1263 qni

207 1282 353 1304 munere
367 1270 516 1302 docendi
532 1270 722 1312 fungimur,
745 1275 936 1302 statuamus
951 1267 1016 1303 hoc
1033 1270 1193 1302 omnium

209 1318 443 1353 humanorum
479 1331 625 1363 operum
659 1331 836 1352 summum
872 1331 962 1359 esse,
995 1320 1194 1353 studiorum

208 1370 508 1404 conservationem
527 1376 561 1403 et
584 1370 889 1413 propagationem:
918 1375 950 1402 et
966 1381 1028 1403 suo
1047 1369 1196 1414 quisque

208 1421 284 1453 loco
311 1420 510 1459 annitatur,
544 1427 582 1453 ut
613 1418 751 1453 scholae
783 1420 931 1452 floreant
956 1426 988 1453 et
1013 1428 1195 1454 ornentur.

208 1471 429 1513 Ingratitudo
445 1469 538 1502 enim
558 1470 706 1502 maxime
724 1467 1013 1513 reprehendenda
1029 1476 1089 1508 est,
1117 1481 1195 1502 cum

207 1520 303 1555 Deus
318 1521 485 1553 immensa
506 1520 719 1563 benignitate
742 1527 775 1553 et
791 1519 1029 1552 misericordia
1046 1531 1080 1552 se
1098 1526 1192 1563 pate-

209 1571 346 1608 fecerit,
373 1578 403 1604 et
421 1582 439 1603 e
455 1570 537 1603 sinu
561 1582 723 1603 arcanam
740 1571 958 1603 voluntatem
976 1580 1074 1602 snam
1094 1569 1196 1602 nobis

209 1622 246 1654 in
275 1619 329 1654 his
362 1620 601 1653 monumentis
634 1619 796 1653 literariis
824 1619 923 1663 quasi
956 1619 1194 1661 consignatam

210 1671 413 1710 tradiderit,
457 1677 495 1703 ut
520 1670 624 1702 nobis
653 1681 714 1712 per
746 1667 836 1702 hanc
868 1669 977 1712 ipsam
1008 1681 1126 1700 vocem
1163 1675 1194 1700 et

210 1719 295 1754 haec
315 1719 512 1753 testimonia
532 1719 706 1763 impertiat
729 1726 868 1752 aeterna
887 1719 996 1757 bona,
1022 1719 1197 1761 negligere

211 1779 244 1805 et
266 1770 444 1814 aspernari
468 1776 599 1803 tantam
618 1767 683 1802 Dei
708 1780 787 1811 erga
811 1779 875 1801 nos
898 1769 1143 1801 liberalitatem
1164 1775 1197 1801 et

211 1828 306 1855 tanta
323 1832 479 1853 munera.
532 1818 687 1861 Agamus
703 1818 778 1852 Deo
794 1819 938 1861 gratias,
963 1819 1057 1862 quod
1075 1829 1196 1851 accen-

212 1873 303 1905 derit
327 1870 555 1904 illustrissimi
579 1869 752 1912 Principis
776 1876 913 1913 pectus,
945 1875 986 1902 ut
1012 1868 1094 1902 velit
1118 1878 1196 1901 suas

211 1921 384 1956 Ecclesias
401 1921 456 1964 pie
470 1920 586 1953 doceri
611 1926 644 1952 et
660 1926 752 1952 recte
769 1919 839 1961 regi
853 1946 862 1957 ,
889 1925 923 1952 et
945 1918 1059 1952 studia
1078 1918 1195 1951 litera-

212 1985 289 2006 rum
313 1971 464 2005 excitari.
516 1968 604 2003 Eius
622 1968 780 2012 exemplo
798 1976 831 2002 et
851 1966 956 2001 huius
973 1968 1071 2001 urbis
1087 1967 1197 2001 Sena-

213 2031 268 2057 tus
284 2022 536 2065 amplissimus,
565 2018 790 2052 Academiam
815 2019 966 2062 benigne
988 2018 1196 2062 complecta—

214 2083 270 2107 tur
303 2081 333 2106 et
363 2073 495 2107 foveat,
534 2081 622 2114 quae
653 2069 786 2102 etiamsi
819 2070 927 2102 multa
958 2066 1062 2102 habet
1092 2081 1197 2101 orna-

216 2130 345 2156 menta:
380 2130 495 2155 tamen
524 2121 549 2152 si
586 2132 664 2152 vere
693 2119 884 2158 iudicetur,
919 2119 1055 2151 nullum
1094 2116 1196 2151 babet

217 2174 326 2206 mains
351 2185 389 2204 ac
407 2171 561 2204 divinius
584 2168 646 2202 liae
665 2169 845 2202 doctrinae
867 2170 1093 2213 possessione.
1147 2167 1198 2201 Ac

217 2235 333 2256 revera
359 2235 395 2254 ea
421 2223 560 2253 ‹letnnm
586 2221 717 2261 integra
742 2220 862 2253 civitas
888 2219 1115 2252 existimanda
1138 2225 1198 2257 est,

218 2276 250 2306 in
277 2286 341 2317 qna
366 2274 407 2304 ad
435 2272 614 2315 politicum
638 2270 797 2303 ordinem
816 2271 944 2303 accedit
967 2268 1032 2303 Dei
1058 2269 1198 2307 noticia,

216 2332 247 2356 et
273 2325 418 2355 aliarum
442 2319 666 2354 honestat-nro
692 2320 820 2353 artium
848 2320 1010 2361 cognitio.
1064 2321 1131 2352 Sed
1161 2325 1196 2351 nt

218 2374 299 2407 lias-e
319 2373 485 2416 possessio
502 2372 542 2404 sit
569 2372 755 2409 diuturna,
783 2371 816 2402 id
835 2371 950 2415 aliqua
977 2383 1015 2402 ex·
1043 2377 1138 2412 parte
1161 2369 1196 2400 in

218 2425 318 2456 nobis
335 2424 435 2455 etiam
454 2423 556 2455 situm
576 2429 636 2454 est.
678 2421 756 2453 Sint
778 2420 984 2453 Academiae
1002 2420 1197 2453 Aristocra-

216 2477 294 2511 ηιμ,
323 2482 355 2505 nt
377 2474 498 2504 alu-oli
519 2485 634 2515 apum„
661 2484 760 2503 smnn
776 2472 924 2515 quisque
939 2471 1091 2502 officium
1111 2476 1198 2502 recte

217 2525 332 2559 fai-iat.
366 2526 548 2555 doc-eamus
573 2523 690 2558 utilia,
724 2522 944 2553 conseramus
969 2532 1091 2563 operas
1116 2533 1197 2552 ran-

216 2576 314 2609 dide,
352 2574 509 2605 iun-mus
544 2573 633 2604 inter
666 2584 747 2609 nos,
782 2580 943 2604 tueamur
976 2583 1196 2603 communem

216 2625 436 2657 concordis-n»
473 2625 620 2666 qumdmo
663 2620 903 2665 philosophica
946 2621 1197 2654 [nodi-ratione.

216 2677 415 2716 Cogitemus
443 2686 504 2704 nos
532 2673 564 2703 in
591 2670 788 2704 Christi-nn
816 2680 872 2705 ant
899 2672 1018 2705 saltem
1047 2669 1196 2703 lnnnana

1240 268 1471 306 delectemur,
1497 267 1533 299 in
1551 280 1640 311 qua,
1667 276 1706 302 ut
1730 269 1846 313 inquit
1860 269 2068 316 Euripides,
2100 267 2225 305 ἀκούει

1241 314 1351 351 οὐδὲν
1367 314 1486 355 οὐδεὶς
1503 314 1662 356 οὐδενός.
1714 318 1795 351 Non
1813 320 1934 354 excitet
1949 322 2095 355 ambitio
2115 327 2226 354 certa-

1240 369 1335 400 mina
1360 367 1452 399 inter
1476 368 1637 408 ordines,
1672 375 1731 401 aut
1755 367 1988 412 Professores,
2014 373 2072 404 sed
2100 372 2226 404 cedant

1240 417 1383 451 utilitati
1400 417 1578 450 communi
1595 418 1750 461 privatae
1765 419 1989 462 cupiditates,
2013 423 2226 454 anteferatur

1240 467 1476 511 tranquillitas
1493 467 1631 510 publica
1649 468 1792 511 privatis
1809 469 2000 504 affectibus,
2027 470 2121 504 Haec
2137 468 2224 503 mihi

1241 517 1407 560 cogitanti
1441 524 1544 561 atque
1569 518 1724 561 optanti,
1757 529 1858 562 saepe
1883 519 1920 551 in
1953 527 2102 554 mentem
2130 520 2226 553 venit

1242 567 1454 600 narrationis
1471 566 1654 600 Plinianae
1671 569 1713 600 de
1731 569 1866 602 duabus
1884 569 2012 613 capris:
2041 582 2130 615 quae
2146 581 2225 603 cum

1241 617 1309 650 sibi
1332 618 1564 652 occurrissent
1589 618 1627 650 in
1652 624 1756 662 ponte
1779 619 1865 651 adeo
1889 626 2054 662 angusto,
2087 626 2125 653 ut
2149 631 2228 662 spa-

1243 667 1336 700 cium
1351 679 1424 700 non
1442 674 1546 708 esset,
1573 680 1642 712 quo
1661 669 1767 700 altera
1785 669 1879 701 iuxta
1898 669 2041 703 alteram
2059 670 2228 714 praeteri-

1244 724 1308 757 ret,
1335 717 1490 750 mirabili
1507 725 1579 751 arte
1594 718 1685 750 viam
1704 718 1769 750 sibi
1788 719 1956 752 fecerunt.
1997 718 2116 753 Altera
2135 719 2228 751 enim

1244 773 1455 810 prostratum
1475 779 1601 811 corpus
1619 769 1655 800 in
1679 775 1783 811 ponte
1805 769 1849 801 ita
1867 769 2033 810 collocat,
2060 776 2099 803 ut
2122 769 2229 801 altera

1244 817 1402 849 insistere
1427 824 1600 860 prostrato
1625 819 1783 861 corpori,
1817 825 1850 851 et
1876 820 2024 852 transire
2054 831 2116 863 per
2140 818 2229 851 illud

1244 873 1369 910 posset.
1423 866 1538 900 Multa
1556 867 1734 907 incidunt,
1760 869 1820 901 ubi
1837 869 1864 901 si
1882 881 1986 902 nemo
2003 869 2103 903 alteri
2121 869 2232 908 cedat,

1245 927 1390 960 magnos
1415 917 1588 950 tumultus
1615 918 1759 951 existere
1783 930 1921 951 necesse
1937 920 1991 953 sit.
2045 919 2139 953 Haec
2151 930 2231 951 mo-

1246 973 1411 999 numenta
1438 966 1474 998 in
1494 965 1688 1010 Republica
1712 968 1905 1011 intelligere
1926 981 2009 1009 nos,
2036 976 2068 1003 et
2093 970 2232 1002 frenare

1246 1017 1396 1060 impetus
1412 1023 1548 1049 nostros
1564 1019 1672 1052 decet.
1713 1016 1784 1050 Alii
1801 1026 1943 1062 propter
1957 1031 2044 1063 opus
2060 1032 2097 1052 ac
2113 1017 2231 1051 liono-

1246 1079 1317 1107 res,
1342 1067 1401 1099 alii
1420 1074 1560 1110 propter
1577 1068 1728 1110 partium
1746 1068 1860 1100 studia
1878 1068 2055 1102 interdum
2077 1069 2233 1101 efferun-

1246 1123 1319 1150 tur:
1354 1117 1417 1150 ubi
1433 1117 1544 1151 multo
1568 1118 1696 1150 rectius
1712 1124 1786 1150 erat
1809 1129 1881 1151 sese
1903 1119 2112 1162 reprimere,
2138 1125 2170 1151 et
2192 1123 2233 1150 ut

1247 1167 1327 1198 illae
1350 1166 1500 1210 capellae
1526 1167 1618 1200 inter
1633 1178 1667 1200 se
1691 1168 1836 1206 cedunt,
1864 1168 2105 1202 moderatione
2122 1167 2232 1201 animi

1247 1227 1369 1248 sanare
1396 1216 1618 1250 offensiones.
1679 1216 1773 1250 Haec
1804 1217 1832 1250 si
1865 1218 2067 1259 fecerimus,
2101 1217 2233 1251 favebit

1248 1266 1342 1299 Deus
1367 1262 1505 1298 scholae
1534 1273 1565 1298 et
1591 1267 1716 1299 studiis
1741 1267 1880 1299 nostris.
1940 1267 2029 1300 Nam
2053 1275 2232 1312 utrunque

1248 1315 1418 1359 postulat,
1450 1315 1613 1348 videlicet
1646 1316 1747 1348 fidem
1779 1316 1815 1348 in
1843 1317 2001 1350 faciendo
2033 1318 2166 1356 officio,
2200 1324 2233 1351 et

1248 1377 1366 1398 curam
1403 1366 1551 1398 tuendae
1586 1367 1802 1399 concordiae.
1857 1365 1908 1399 Ac
1935 1367 2075 1411 utrique
2111 1367 2234 1401 virtuti

1248 1415 1420 1459 promittit
1440 1415 1592 1457 ingentia
1612 1417 1774 1458 praemia.
1831 1415 2044 1450 Meministis
2061 1417 2155 1451 enim
2173 1429 2235 1461 pa·

1249 1465 1403 1498 rabolam
1427 1463 1632 1508 Evangelii,
1667 1466 1728 1499 ubi
1753 1466 1872 1500 laudat
1895 1464 2057 1500 Christus
2085 1479 2235 1507 servum,

1248 1515 1309 1559 qui
1334 1515 1501 1547 talentum
1524 1516 1613 1548 bene
1639 1516 1879 1551 collocaverat.
1937 1515 1983 1550 Et
2009 1516 2167 1551 Psalmus
2191 1518 2234 1550 de

1249 1565 1438 1597 concordia
1477 1565 1611 1609 inquit:
1649 1565 1701 1598 lbi
1738 1565 2019 1600 benedictionem
2054 1567 2235 1601 mandavit

1249 1614 1439 1648 Dominus.
1474 1614 1568 1656 Quid
1585 1616 1678 1659 quod
1695 1613 1857 1650 Christus
1874 1617 1994 1649 lavans
2009 1619 2112 1660 pedes
2128 1617 2236 1650 disci-

1248 1665 1432 1707 pulorum,
1461 1663 1557 1697 iubet
1578 1676 1642 1697 nos
1665 1668 1861 1709 exemplum
1887 1666 2042 1699 imitari?
2081 1667 2159 1700 Non
2185 1674 2235 1700 est

1248 1713 1416 1754 servitus,
1449 1715 1506 1746 sed
1532 1713 1737 1748 virtus.Deo
1767 1723 1880 1757 grata,
1913 1716 2060 1749 tolerare
2081 1717 2235 1761 privatas

1248 1763 1416 1803 iniurias,
1450 1776 1597 1808 quarum
1624 1765 1782 1807 depulsio
1815 1772 1915 1798 nocet
1947 1767 2108 1810 publicae
2138 1774 2235 1800 tran-

1249 1814 1426 1858 quillitati.
1473 1813 1566 1847 llaec
1583 1815 1684 1847 nobis
1703 1815 1767 1858 ipsi
1788 1815 2014 1856 inculcemus,
2039 1824 2071 1850 et
2089 1817 2131 1850 ad
2150 1816 2235 1850 haee

1249 1875 1329 1896 vera
1347 1870 1379 1896 et
1406 1860 1648 1907 philosophica
1671 1865 1781 1897 officia
1807 1877 1871 1898 nos
1886 1867 2036 1911 quadam
2055 1866 2235 1910 diligentia

1249 1914 1536 1953 assuefaciamus,
1561 1914 1595 1946 in
1613 1926 1680 1958 qua
1698 1913 1811 1948 Deum
1829 1916 2046 1956 intueamur,
2073 1917 2133 1962 qni
2153 1929 2235 1961 pro-

1249 1973 1325 2008 pter
1351 1962 1440 1997 bane
1465 1965 1741 1998 moderationem
1766 1966 1876 2008 magis
1901 1967 2031 1999 fovebit
2058 1965 2234 2002 Scholam.

1249 2014 1486 2048 Snbiiciamus
1503 2021 1534 2047 et
1550 2015 1651 2047 nobis
1669 2015 1751 2058 ipsis
1768 2023 1799 2048 et
1817 2017 1894 2048 aliis
1918 2017 2012 2059 (nam
2029 2017 2101 2049 sive
2119 2015 2234 2050 homi-

1249 2077 1310 2097 nes
1328 2072 1546 2100 moveantur.
1573 2065 1718 2098 dicenda
1736 2073 1783 2099 est
1804 2067 1940 2105 veritas,
1968 2075 2003 2100 nt
2021 2067 2235 2111 amplecten—

1250 2121 1298 2147 tes
1320 2112 1430 2153 lianc,
1459 2115 1594 2148 vivant:
1622 2116 1843 2148 mendacium
1866 2117 1960 2148 enim
1988 2129 2080 2149 mors
2107 2125 2175 2157 est,
2202 2124 2235 2151 et

1250 2162 1355 2198 liuius
1378 2172 1474 2208 pater
1499 2177 1635 2208 semper
1661 2164 1834 2198 homicida
1863 2166 1945 2199 fnit:
1982 2179 2040 2199 sen
2066 2179 2136 2199 non
2158 2179 2234 2199 am-

1250 2216 1464 2259 plectantur,
1501 2223 1535 2248 nt
1568 2223 1657 2249 extet
1692 2216 1930 2249 testimoninm
1966 2217 2236 2251 inemendabilis

1251 2264 1505 2310 improbitatis)
1524 2263 1605 2297 haec
1623 2266 1729 2306 igitur
1745 2279 1822 2298 cnm
1841 2267 1942 2298 nobis
1955 2294 1962 2305 ,
1990 2274 2062 2300 tnm
2083 2268 2161 2300 aliis
2179 2268 2235 2300 in-

1250 2317 1444 2356 culcemus,
1473 2313 1608 2349 scholas
1625 2328 1695 2348 esse
1717 2318 1925 2349 necessarias
1942 2318 1983 2349 ad
2004 2317 2158 2360 pietatis,
2180 2329 2234 2350 re-

1251 2367 1410 2407 ligionis,
1437 2373 1546 2399 status
1569 2366 1700 2403 cixilis,
1727 2368 1936 2400 domesticae
1961 2368 2063 2401 etiam
2082 2367 2235 2400 admini-

1250 2417 1428 2450 strationis
1452 2417 1762 2448 eonservationem.
1816 2418 1915 2459 Quae
1933 2425 2003 2450 erat
2022 2419 2113 2450 enim
2132 2418 2234 2450 obse—

1251 2481 1308 2500 cro
1335 2469 1444 2500 forma
1469 2468 1584 2499 futur-n
1619 2479 1823 2507 regnorum.
1853 2475 1908 2500 ant
1933 2468 2130 2503 rix-itanum.
2159 2467 2235 2499 sine

1251 2519 1448 2550 eruditione
1470 2524 1500 2549 et
1527 2518 1686 2549 ‹l·n-n·iu.=
1716 2518 1919 2550 literarum?
1956 2516 2048 2550 Nihil
2075 2530 2161 2561 opus
2184 2526 2233 2552 est

1250 2567 1568 2608 argument-utimur,
1608 2568 1814 2610 aspiri-«unis
1843 2580 1879 2600 ea
1915 2568 2006 2603 lora,
2042 2568 2075 2599 in
2105 2568 2235 2612 quibus

1250 2619 1425 2651 ‹tonuit-ilia
1449 2618 1644 2651 studiorum
1661 2619 1838 2661 qnond.=m
1856 2618 2014 2652 suerunt.
2043 2618 2101 2650 nbi
2126 2619 2233 2651 colle-

1250 2670 1302 2711 gia
1323 2671 1492 2714 quau-dam
1520 2681 1611 2700 nunc
1636 2676 1736 2701 etiam
1765 2669 1841 2699 illos
1868 2665 1961 2699 seluo!
1977 2669 2089 2701 ustisos
2113 2669 2232 2702 titulos
