2338 2958
241 152 292 188 27

803 137 965 174 DECL.
1000 135 1076 173 DE
1107 132 1534 172 MAXIMILIANO
1568 132 1726 170 CAES.

247 236 326 270 niae
348 232 434 266 fata:
461 239 550 273 quae
573 226 602 259 si
627 223 768 270 quando
791 233 950 266 unquam
967 220 1141 254 sensimus
1165 220 1228 253 ad-
1255 223 1258 251 ἔ
1283 217 1350 252 hoc
1367 217 1519 250 salutare
1537 227 1678 249 carmen
1695 215 1733 248 in
1748 215 1829 247 imis
1843 215 2024 250 conditum
2043 215 2187 249 sedibus
2211 227 2274 260 pe-

249 296 368 323 versa,
399 291 495 314 nuuc
517 284 608 311 certe
631 274 781 307 maxime
802 272 984 306 sentimus.
1043 270 1162 315 Atque
1188 276 1228 303 ut

251 331 453 376 intelligatis
467 328 591 362 merito
609 324 801 368 lugendum
821 334 893 357 esse
915 329 948 356 et
965 321 1121 356 Caesaris
1138 321 1232 354 inte-
1258 339 1261 368 κ,

252 388 380 424 ritum,
407 388 440 415 et
456 389 594 424 gravem
610 375 743 420 patriae
761 386 899 415 casum,
927 372 1041 406 obiter
1059 371 1167 405 vitam
1189 371 1234 403 il-
1258 369 1261 389 ἱ

253 438 323 472 lius
337 441 542 468 unversam‚
569 434 602 460 et
619 425 745 460 eximia
762 426 887 458 decora
908 433 1122 468 percurram.

356 483 468 518 Divus
485 474 784 514 Maximilianus
806 474 934 509 Caesar
952 480 1055 506 natus
1072 478 1124 505 est
1138 477 1236 515 patre

255 524 1237 572 FridericoAustrio,Caesare,LeonoraLusitana‚utro-

257 598 324 634 que
349 587 494 629 parente
518 579 648 623 insigni
680 576 865 612 clementia
899 583 932 609 et
962 574 1108 619 pietate:
1149 583 1238 618 quae

258 645 461 683 quanquam
479 632 549 665 sint
567 629 720 664 Austriis
744 640 805 661 ceu
823 625 1023 670 gentiliciae
1041 627 1160 662 dotes,
1187 629 1240 656 ta-

258 699 339 722 men
356 686 442 719 adeo
459 683 496 716 in
514 689 630 726 patre,
656 687 696 713 ut
709 679 750 712 de
760 678 920 711 Leonora
938 675 1080 710 interim
1098 681 1242 713 taceam,

260 737 517 773 excelluerunt,
544 733 804 774 fulseruntque:
834 735 873 761 ut
889 727 952 772 qui
969 738 1048 760 cum
1073 725 1149 769 ipso
1177 721 1243 757 hac

260 789 365 823 laude
382 784 603 829 superiorum
620 787 770 814 aetatum
786 778 962 823 principes
978 782 1244 821 comparaturus

260 840 322 878 sit,
349 837 510 870 videatur
527 833 684 866 invidere
701 830 817 864 seculo
840 836 961 862 nostro
985 827 1161 871 singulare
1178 823 1245 859 hoc

260 888 437 935 specimen
449 913 458 927 ,
481 884 580 918 cuius
594 883 652 916 vix
670 881 832 916 umbram
849 880 1003 925 aliquam
1021 876 1155 912 habent
1171 888 1246 910 ma-

262 942 369 975 iores:
397 943 534 971 tantum
557 935 672 974 abest,
693 939 733 966 ut
757 942 922 976 aequasse
945 936 1125 975 putentur.
1178 926 1247 960 Pa-

263 990 341 1026 triis
368 987 559 1022 virtutibus
591 984 794 1018 adolescens
826 982 1001 1022 imbutm,
1032 991 1095 1024 per
1128 977 1246 1012 omnia

263 1039 464 1085 religionis,
481 1036 583 1076 fidei,
599 1034 728 1074 sancti,
754 1032 858 1077 aequi
879 1031 1034 1076 bonique
1053 1038 1154 1064 tenax
1171 1028 1249 1069 suit,

265 1093 325 1127 sed
349 1090 531 1135 aliquanto
556 1086 688 1130 gloriae
709 1083 873 1117 militaris
898 1082 1089 1126 cupiditate
1114 1086 1247 1125 patrem

265 1144 368 1183 vicit,
394 1152 462 1186 qua
479 1139 609 1172 sactum
630 1143 696 1177 est,
720 1142 758 1168 ut
773 1146 853 1168 cum
870 1134 971 1167 illum
993 1143 1171 1166 summum
1196 1129 1251 1162 vi—

266 1206 345 1228 rum
368 1191 503 1226 artibus
520 1188 614 1233 pacis
631 1186 808 1232 praedicet
823 1183 1036 1227 Germania,
1063 1180 1158 1215 hunc
1177 1192 1250 1214 non

266 1243 377 1289 possit
391 1249 423 1275 et
438 1240 572 1275 bellicis
591 1245 624 1272 et
639 1237 803 1271 civilibus
814 1236 949 1269 decoris
966 1233 1108 1267 maximi
1125 1233 1250 1265 facere.

268 1293 503 1340 Tyrocinium
522 1290 592 1334 egit
613 1287 774 1322 maximis
798 1286 964 1320 confectis
982 1285 1087 1318 rebus
1114 1284 1152 1316 in
1170 1282 1252 1316 Fla-

268 1344 417 1388 mingis,
436 1340 685 1379 Brabantinis,
710 1337 918 1375 Hollandis‚
945 1334 1170 1374 Sucambris,
1197 1333 1253 1367 id-

270 1408 338 1442 que
360 1395 446 1435 tale,
473 1399 512 1426 ut
539 1392 576 1424 in
603 1403 642 1423 eo
667 1396 854 1432 utramque
882 1388 1045 1420 fortunae
1073 1385 1184 1417 vicem
1209 1383 1254 1416 sit

270 1452 448 1491 expertus:
476 1443 524 1476 sic
547 1441 642 1475 enim
667 1439 851 1483 oportebat
878 1437 1135 1470 adulescentem
1159 1445 1256 1467 sum-

269 1498 337 1531 mis
363 1502 486 1530 natum
515 1493 640 1529 rebuS‚
675 1500 883 1533 summoque
917 1486 1067 1531 imperio
1103 1484 1255 1527 gerendo

270 1548 367 1582 velut
381 1546 418 1581 in
435 1544 566 1583 stadio,
592 1542 629 1574 in
650 1551 755 1574 cursu
773 1550 891 1572 rerum
917 1535 1151 1571 humanarum
1177 1546 1257 1567 eru-

271 1598 352 1632 diri.
405 1594 548 1629 Etenim
567 1604 646 1626 cum
666 1590 702 1623 in
728 1590 875 1634 privatis
899 1587 1050 1631 ingeniis
1073 1587 1115 1619 ad
1141 1584 1255 1618 civili-

273 1656 378 1684 tatem
403 1644 704 1687 erudiendamque
723 1641 829 1673 vitam
849 1639 1024 1684 pertinere
1041 1637 1258 1670 arbitrentur

273 1699 458 1743 utriusque
476 1697 638 1729 fortunae
657 1691 873 1737 periculum,
898 1690 992 1735 quod
1017 1685 1101 1720 haec
1126 1693 1258 1720 atroces

274 1751 364 1790 fere,
386 1749 446 1781 illa
469 1747 621 1780 abiectos
637 1743 740 1777 faciat
763 1742 918 1781 animos,
946 1739 1151 1772 vicissitudo
1177 1748 1259 1769 cau-

275 1809 327 1835 tos
345 1807 378 1833 et
397 1807 569 1832 memores
586 1793 761 1828 humanae
780 1792 902 1832 sortis,
927 1791 964 1823 in
980 1789 1076 1833 Rege
1094 1788 1256 1821 imbuen-

276 1853 322 1885 do
340 1851 442 1893 longe
466 1849 618 1893 primum
637 1845 717 1878 duci
741 1844 844 1876 debet
870 1841 1074 1884 ambiguum
1098 1839 1260 1872 fortunae

259 1901 536 1940 suffimentum,
564 1897 658 1942 quod
680 1894 856 1928 neminem
874 1900 943 1926 tam
963 1892 1090 1925 referat
1114 1901 1169 1923 res
1193 1886 1262 1921 lm-

277 1963 397 1986 manas
433 1961 555 1983 omnes
590 1952 804 1990 compertas,
845 1943 1098 1986 meditatasque
1134 1947 1262 1979 tenere,

278 2015 383 2048 quam
409 2001 621 2043 Principem.
678 1996 717 2029 ln
740 1994 805 2029 boc
824 1994 972 2040 Ulyssen
998 1992 1135 2036 sapiens
1156 1989 1262 2025 Poeta

279 2053 456 2087 Homerus
480 2046 713 2094 πολύτροπον
735 2047 834 2086 fecit,
880 2053 983 2090 atque
1008 2045 1095 2077 adeo
1118 2041 1262 2075 unicum

280 2104 364 2138 boni
388 2102 562 2146 Principis
588 2098 774 2142 exemplar.
828 2095 943 2142 Atque
968 2103 1006 2129 ut
1026 2094 1186 2128 videmus
1209 2092 1265 2125 lu-

281 2155 459 2188 xuriantes
483 2153 635 2196 primum
665 2156 794 2193 segetes
815 2160 896 2180 raro
920 2147 1054 2189 frugem
1073 2151 1263 2177 maturare:

281 2205 328 2239 ita
349 2205 478 2250 quilius
500 2202 686 2235 immodica
715 2199 868 2244 primum
891 2210 964 2231 sese
988 2198 1127 2229 fortuna
1146 2194 1265 2228 indul-

281 2256 343 2293 sit.
372 2256 442 2288 fere
466 2254 598 2296 optima
622 2251 712 2285 vitae
735 2258 831 2295 parte
858 2249 971 2282 solent
995 2246 1167 2281 frustrari.
1219 2242 1265 2278 Et

282 2306 351 2340 nisi
373 2318 427 2338 me
452 2304 541 2337 fallit
564 2303 686 2346 opinio
709 2314 801 2339 mea.
839 2300 935 2333 nulla
962 2297 1111 2332 omnino
1135 2307 1189 2330 res
1217 2303 1265 2329 est

282 2358 368 2390 adeo
387 2357 503 2388 efficax
523 2355 565 2387 ad
589 2353 820 2386 muniendum
840 2351 1081 2394 tuendumque
1107 2347 1144 2382 in
1166 2359 1266 2380 exor-

281 2408 349 2441 diis
367 2407 458 2441 vitae
478 2403 632 2438 hominis
655 2403 832 2441 animum,
859 2409 895 2435 ut
916 2401 1059 2445 iniquae
1085 2406 1115 2433 et
1143 2398 1266 2432 incon-

282 2458 420 2492 ciliatae
437 2457 596 2489 fortunae
615 2453 834 2498 praeludium
848 2480 855 2491 ,
883 2465 991 2498 quum
1009 2452 1044 2485 in
1067 2449 1181 2495 primo
1199 2449 1265 2482 sci-

284 2509 363 2543 licet
389 2508 478 2542 vitae
496 2505 685 2545 vestilnulo,
711 2504 870 2547 imperita
889 2501 1131 2537 communium
1151 2512 1267 2533 rerum
1294 2517 1295 2524 κ

282 2558 535 2595 adulescentia,
564 2557 653 2589 male.
680 2567 821 2598 compos
845 2554 916 2592 sui.
951 2554 1087 2597 impura
1114 2559 1145 2585 et
1174 2551 1268 2585 inso-

285 2611 360 2643 lens
383 2609 561 2645 eruditur,
594 2607 729 2649 agitur,
763 2613 793 2638 et
824 2605 932 2638 voluti
958 2611 1075 2648 putata
1101 2603 1137 2637 in
1167 2614 1267 2634 usum

284 2661 374 2695 vitae
403 2660 561 2702 fingitur:
598 2658 786 2701 statimque
812 2653 964 2688 lunnam
991 2654 1121 2692 odisse,
1150 2652 1269 2687 libatis
1295 2657 1298 2668 ¹

1294 2569 1297 2581 ¹
1324 2552 1389 2584 bns
1401 2578 1409 2588 ,

1285 268 1410 308 cteris,
1436 268 1485 300 sic
1508 267 1547 299 in
1571 265 1703 303 oculis,
1738 265 1788 298 sic
1811 265 1848 298 in
1874 278 1936 299 ore
1957 278 2110 310 semper,
2131 273 2171 300 ut
2190 265 2276 300 uni-

1287 330 1406 352 versae
1422 318 1513 351 vitae
1536 316 1783 360 transigendae
1800 327 1944 360 scopum
1968 314 2091 350 habet:
2118 315 2276 351 Domino

1287 369 1420 414 gloria,
1454 365 1544 401 mibi
1577 374 1693 401 autem
1727 366 1901 400 contusio.
1971 365 2153 412 Scythicos
2175 367 2278 401 aiunt

1259 418 1262 451 1
1288 431 1396 465 equos
1412 419 1529 453 statim
1547 425 1585 452 ut
1603 417 1675 451 nati
1694 424 1797 458 sunt,
1822 417 1906 462 quia
1925 417 2070 451 calceari
2091 419 2185 452 ferro
2202 429 2278 452 non

1262 493 1264 523 ἶ
1289 471 1424 510 solent,
1449 469 1486 502 in
1513 469 1665 502 salebras
1682 467 1781 509 duci,
1809 475 1843 501 et
1864 479 1987 511 aspero
2012 469 2109 502 silice
2129 468 2281 512 fatigari,

1291 534 1360 567 quo
1385 521 1613 554 indurescant
1637 519 1818 564 pullorum
1841 516 1957 553 adhuc
1973 521 2094 562 pedes:
2126 518 2175 552 lta
2194 531 2281 553 con-

1292 572 1389 606 ducit
1408 571 1667 605 adulescentem
1689 568 1869 603 hominem
1893 570 2011 603 statim
2035 571 2197 604 fortunae
2223 570 2282 603 lu-

1293 623 1410 657 dibrio
1433 619 1726 668 βασανίζεσθαι,
1752 620 1803 654 uti
1820 620 1947 658 discat,
1971 628 2144 665 quatenus
2158 621 2218 654 illa
2237 619 2283 654 sit

1296 674 1474 707 fidendum
1488 700 1497 713 ,
1524 684 1629 717 quam
1647 671 1718 704 sint
1733 671 1851 705 omnia
1874 671 1911 705 in
1931 668 1998 704 hoe
2014 683 2131 705 rerum
2155 669 2285 704 huma-

1295 737 1422 758 narum
1448 721 1585 757 theatro
1610 722 1764 763 incerta,
1790 721 1905 762 varia,
1931 728 1965 755 et
1986 722 2109 766 plane,
2136 729 2175 756 ut
2197 733 2286 766 pau-

1297 776 1346 809 cis
1362 775 1493 814 dicam,
1519 771 1623 808 nihil.
1675 772 1717 806 In
1733 770 1828 805 hunc
1847 772 2010 806 videlicet
2031 774 2176 807 modum
2195 773 2286 806 adu-

1299 826 1442 860 lescenti
1475 823 1722 858 Maximiliano
1753 823 1901 867 contigit
1926 824 2089 865 fortuna,
2129 823 2286 858 victoriis

1299 877 1434 922 aliquot
1448 875 1589 908 interim
1607 875 1713 914 laeta,
1741 874 1883 907 interim
1901 875 2046 908 adverso
2065 885 2146 908 casu
2163 873 2286 909 tristis.

1300 927 1441 962 Etenim
1463 932 1629 970 occupata
1646 923 1874 966 Burgundiae
1896 925 2161 969 opulentissima
2187 925 2288 963 ditio,

1300 991 1379 1012 cum
1399 976 1608 1022 aliquandiu
1627 976 1791 1009 civilibus
1808 975 1971 1019 flagraret
1987 976 2097 1014 odiis,
2125 976 2289 1010 iuvenem

1302 1028 1503 1072 Principem
1529 1027 1618 1060 sorte
1646 1025 1844 1070 intercipit,
1884 1027 2060 1070 captivum
2087 1027 2125 1059 in
2147 1025 2291 1060 vincula

1303 1079 1459 1113 coniicit:
1484 1078 1591 1123 idque
1615 1088 1687 1110 non
1713 1077 1819 1110 modo
1843 1084 1980 1120 praeter
2003 1077 2209 1120 dignitatem
2235 1088 2292 1110 re-

1304 1131 1416 1174 giam,
1443 1130 1501 1162 sed
1528 1129 1675 1161 omnino
1701 1134 1823 1161 contra
1848 1133 1994 1161 naturae
2022 1139 2184 1168 sensum,
2206 1138 2293 1160 con-

1304 1189 1355 1215 tra
1382 1181 1432 1214 fas
1452 1177 1662 1219 hominum,
1690 1185 1810 1211 contra
1843 1179 1999 1221 gentium
2029 1190 2163 1212 morem
2192 1189 2292 1211 ausa:

1305 1244 1418 1276 neque
1443 1228 1498 1264 his
1525 1236 1710 1267 contenta,
1737 1229 1836 1263 addit
1854 1228 2075 1270 Morionem,
2102 1229 2163 1274 qui
2183 1228 2294 1273 capti-

1305 1294 1368 1317 vus
1393 1281 1551 1325 Regulus
1574 1280 1732 1325 quotidie
1765 1280 1870 1313 ludus
1901 1286 1999 1314 esset.
2063 1278 2099 1314 Ο
2122 1286 2295 1325 quantum

1306 1333 1494 1375 flagitium,
1527 1344 1547 1365 ο
1575 1331 1773 1364 inauditum
1799 1331 1929 1365 nostris
1948 1329 2154 1364 hominibus
2172 1329 2296 1368 scelus,

1308 1384 1564 1417 adulescentem
1588 1380 1720 1424 Regem
1744 1388 1794 1415 tot
1817 1381 1995 1424 imperiis,
2021 1388 2074 1415 tot
2099 1381 2216 1425 reguis
2235 1381 2298 1414 de-

1308 1435 1496 1472 stinatum,
1522 1439 1594 1465 tam
1614 1432 1765 1475 turpiter
1780 1429 1915 1466 haberi.
1954 1431 2021 1466 Sed
2040 1431 2223 1465 voluntate
2238 1442 2298 1465 su-

1308 1496 1431 1529 perum
1446 1481 1542 1516 haud
1561 1483 1672 1515 multo
1692 1490 1769 1526 post
1786 1483 1990 1526 proceribus
2007 1481 2221 1516 Germaniae
2236 1482 2298 1515 de-

1310 1533 1536 1579 poscentibus
1559 1533 1736 1573 redditus,
1769 1545 1917 1577 poenam
1950 1534 1992 1566 de
2022 1532 2299 1567 sceleratissimis

1310 1585 1575 1628 Flamingorum
1593 1583 1733 1627 populis
1751 1583 1916 1627 sumpsit:
1944 1596 2017 1617 non
2037 1590 2207 1629 quantum
2231 1583 2300 1617 tale

1311 1636 1514 1669 merebatur
1537 1635 1690 1673 facinus,
1724 1636 1783 1667 sed
1809 1646 1898 1679 quae
1927 1635 2108 1679 improbos
2137 1631 2300 1669 homines

1312 1686 1435 1730 flagitii
1453 1687 1675 1718 admoneret:
1705 1697 1786 1717 nam
1806 1692 1838 1719 et
1855 1685 1890 1717 iu
1907 1686 2052 1728 gratiam
2072 1692 2190 1730 postea
2204 1696 2302 1719 rece-

1315 1738 1365 1781 pit
1384 1736 1535 1779 perfidos
1546 1759 1555 1772 ‚
1584 1742 1616 1768 et
1632 1748 1722 1779 quae
1740 1736 1822 1768 belli
1843 1737 1975 1780 impetu
1991 1737 2150 1781 perculsa
2166 1743 2199 1770 et
2215 1747 2302 1769 con—

1313 1788 1453 1821 turbata
1490 1785 1672 1825 iacebant,
1705 1786 1887 1828 magnifice
1915 1788 2042 1825 erexit,
2080 1787 2303 1827 instauravit,

1314 1837 1494 1882 auxitque.
1560 1835 1700 1869 Possem
1736 1848 2030 1877 commemorare,
2067 1849 2157 1883 quae
2187 1838 2224 1870 in
2259 1849 2302 1870 eo

1315 1889 1407 1922 bello
1423 1893 1515 1931 gesta
1542 1894 1623 1921 sunt
1641 1887 1807 1932 pleraque
1832 1887 2032 1921 incredibili
2049 1887 2304 1928 moderatione,

1316 1947 1354 1974 ut
1379 1951 1450 1973 non
1474 1945 1544 1972 tam
1564 1938 1658 1983 quod
1677 1936 1880 1981 flamingos
1904 1939 2046 1979 vicerit,
2073 1951 2178 1984 quam
2206 1938 2302 1984 quod

1317 1991 1431 2035 ipsum
1450 2001 1521 2022 sese
1540 1988 1732 2033 superarit,
1762 1988 1898 2022 laudari
1916 1990 2058 2030 debeat,
2084 1989 2121 2022 ni
2147 1990 2230 2023 satis
2247 2000 2305 2023 ea-

1318 2044 1398 2075 dem
1435 2047 1612 2084 perspecta
1648 2045 1761 2073 essent
1793 2039 1914 2080 vobis,
1949 2040 2080 2085 quibus
2117 2040 2192 2073 eius
2219 2039 2305 2073 belli

1318 2091 1408 2130 Dux.
1424 2091 1524 2124 fortis
1540 2090 1682 2136 quidem
1700 2090 1767 2130 vir,
1784 2097 1815 2123 et
1835 2090 1980 2125 minime
1998 2091 2181 2126 barbarus.
2197 2089 2304 2124 Prin-

1319 2155 1397 2187 ceps
1422 2142 1595 2175 saxoniae
1624 2140 1793 2174 Albertus
1817 2154 1889 2174 non
1917 2142 2110 2185 ignoratur.
2166 2140 2238 2175 lam
2268 2141 2305 2174 in

1320 2195 1395 2239 ipso
1413 2193 1560 2226 Caesare
1585 2199 1828 2235 argumentum
1855 2192 2006 2236 ingentis
2029 2199 2061 2226 et
2087 2193 2208 2227 invicti
2229 2192 2308 2226 ani-

1319 2245 1366 2278 mi
1403 2244 1624 2288 perspicuum
1661 2249 1753 2282 erat,
1796 2250 1829 2277 et
1867 2243 2066 2277 immortale
2102 2243 2307 2277 clementiae

1320 2296 1540 2339 exemplum,
1569 2293 1629 2340 qui
1656 2293 1722 2327 sibi
1747 2306 1766 2327 a
1789 2301 1857 2327 tam
1885 2295 2069 2333 insolenti,
2099 2292 2306 2331 inhumano.

1322 2354 1353 2380 et
1391 2346 1525 2379 crudeli
1561 2343 1676 2385 hoste,
1723 2346 1810 2378 adeo
1848 2342 2051 2379 humaniter
2088 2345 2306 2390 temperavit.

1323 2399 1427 2440 Quod
1450 2396 1675 2441 praeconium
1694 2403 1730 2429 ut
1749 2408 1827 2429 cum
1846 2397 1965 2441 paucis
1987 2408 2174 2430 commune
2203 2393 2309 2430 habet

1321 2448 1417 2494 (quis
1442 2456 1491 2482 est
1523 2447 1615 2480 euim
1638 2447 1698 2491 qui
1733 2447 1835 2480 talem
1865 2459 2021 2493 unquam
2057 2447 2101 2481 sit
2125 2457 2310 2492 perpessus

1323 2498 1458 2533 hostem
1469 2498 1500 2540 ?)
1530 2498 1574 2531 ita
1593 2498 1806 2542 praedicari.
1827 2499 1992 2532 omnibus
2015 2499 2190 2532 bonorum
2214 2497 2310 2532 voci-

1446 2549 1612 2583 omnibus
1643 2549 1812 2582 celebrari
1839 2549 1950 2583 literis
1975 2549 2095 2587 debet.
2129 2556 2165 2583 ut
2193 2549 2310 2595 aliqua

1323 2602 1444 2635 saltem
1462 2613 1501 2634 ex
1519 2607 1615 2645 parte
1631 2607 1746 2633 tantae
1764 2600 1884 2634 virtuti
1905 2600 2118 2645 praemium,
2145 2600 2256 2643 gloria
2272 2599 2310 2633 in

1325 2652 1473 2696 posteris
1491 2651 1674 2696 persolvat.
1729 2649 1807 2684 Non
1827 2659 1874 2685 est
1894 2658 1931 2685 ut
1950 2649 2014 2684 linc
2034 2651 2110 2685 luco
2125 2651 2311 2694 dignemur

285 2713 319 2747 id
343 2723 453 2755 genus
475 2711 639 2744 adversae
665 2709 825 2741 fortunae
849 2706 1034 2750 primitiis,
1061 2704 1200 2748 incipit:
1238 2711 1270 2737 et
1295 2695 1300 2746 Ι
1327 2702 1547 2743 Antoninos,
1575 2701 1767 2742 Traianos,
1801 2701 1922 2737 multis
1948 2702 2080 2747 alioqui
2106 2701 2311 2735 nominibus
