<?xml version="1.0" encoding="UTF-8"?>
<!DOCTYPE html PUBLIC "-//W3C//DTD XHTML 1.0 Transitional//EN"
    "http://www.w3.org/TR/xhtml1/DTD/xhtml1-transitional.dtd">
<html xmlns="http://www.w3.org/1999/xhtml" xml:lang="en" lang="en">
 <head>
  <title>
</title>
<meta http-equiv="Content-Type" content="text/html;charset=utf-8" />
  <meta name='ocr-system' content='tesseract 3.04.00' />
  <meta name='ocr-capabilities' content='ocr_page ocr_carea ocr_par ocr_line ocrx_word'/>
</head>
<body>
  <div class='ocr_page' id='page_1' title='image "./operaquaesupersu11melauoft/operaquaesupersu11melauoft_0049.png"; bbox 0 0 2338 2958; ppageno 0'>
   <div class='ocr_carea' id='block_1_1' title="bbox 77 111 2107 152">
    <p class='ocr_par' dir='ltr' id='par_1_1' title="bbox 77 111 2107 152">
     <span class='ocr_line' id='line_1_1' title="bbox 77 111 2107 152; baseline -0 0"><span class='ocrx_word' id='word_1_1' title='bbox 77 117 124 152; x_wconf 86' lang='lat'><strong>81</strong></span> <span class='ocrx_word' id='word_1_2' title='bbox 811 112 971 149; x_wconf 88' lang='lat' dir='ltr'><strong>DECL.</strong></span> <span class='ocrx_word' id='word_1_3' title='bbox 1003 111 1077 149; x_wconf 91' lang='lat' dir='ltr'><strong>DE</strong></span> <span class='ocrx_word' id='word_1_4' title='bbox 1111 113 1380 151; x_wconf 87' lang='lat' dir='ltr'><strong>LEGIBUS.</strong></span> <span class='ocrx_word' id='word_1_5' title='bbox 2061 116 2107 151; x_wconf 78' lang='lat'><strong>82</strong></span> 
     </span>
    </p>
   </div>
   <div class='ocr_carea' id='block_1_2' title="bbox 64 198 1066 2319">
    <p class='ocr_par' dir='ltr' id='par_1_2' title="bbox 64 198 1066 2319">
     <span class='ocr_line' id='line_1_2' title="bbox 78 198 1066 246; baseline -0.004 -10"><span class='ocrx_word' id='word_1_6' title='bbox 78 202 148 236; x_wconf 91' lang='lat' dir='ltr'><strong>nisi</strong></span> <span class='ocrx_word' id='word_1_7' title='bbox 171 199 328 246; x_wconf 82' lang='lat' dir='ltr'>proxime</span> <span class='ocrx_word' id='word_1_8' title='bbox 345 205 604 245; x_wconf 81' lang='lat' dir='ltr'><strong>repraesentent</strong></span> <span class='ocrx_word' id='word_1_9' title='bbox 621 210 709 245; x_wconf 90' lang='lat' dir='ltr'><strong>quos</strong></span> <span class='ocrx_word' id='word_1_10' title='bbox 725 198 856 245; x_wconf 82' lang='lat' dir='ltr'><strong>imitari</strong></span> <span class='ocrx_word' id='word_1_11' title='bbox 872 199 1066 239; x_wconf 84' lang='lat' dir='ltr'><strong>instituere,</strong></span> 
     </span>
     <span class='ocr_line' id='line_1_3' title="bbox 78 250 1066 296; baseline -0.005 -9"><span class='ocrx_word' id='word_1_12' title='bbox 78 253 127 287; x_wconf 88' lang='lat' dir='ltr'><strong>ita</strong></span> <span class='ocrx_word' id='word_1_13' title='bbox 159 259 192 287; x_wconf 87' lang='lat' dir='ltr'><strong>et</strong></span> <span class='ocrx_word' id='word_1_14' title='bbox 214 251 305 294; x_wconf 84' lang='lat' dir='ltr'><strong>leges</strong></span> <span class='ocrx_word' id='word_1_15' title='bbox 328 263 453 296; x_wconf 89' lang='lat' dir='ltr'><strong>parum</strong></span> <span class='ocrx_word' id='word_1_16' title='bbox 476 251 683 294; x_wconf 83' lang='lat' dir='ltr'><strong>probamus,</strong></span> <span class='ocrx_word' id='word_1_17' title='bbox 716 262 735 284; x_wconf 90' lang='lat' dir='ltr'><strong>a</strong></span> <span class='ocrx_word' id='word_1_18' title='bbox 758 250 937 284; x_wconf 91' lang='lat' dir='ltr'><strong>communi</strong></span> <span class='ocrx_word' id='word_1_19' title='bbox 962 256 1066 294; x_wconf 89' lang='lat' dir='ltr'><strong>captu</strong></span> 
     </span>
     <span class='ocr_line' id='line_1_4' title="bbox 77 299 1065 345; baseline -0.004 -9"><span class='ocrx_word' id='word_1_20' title='bbox 77 302 294 337; x_wconf 77' lang='lat' dir='ltr'><strong>remotiores,</strong></span> <span class='ocrx_word' id='word_1_21' title='bbox 347 300 467 344; x_wconf 84' lang='lat' dir='ltr'><strong>Quare</strong></span> <span class='ocrx_word' id='word_1_22' title='bbox 489 299 556 335; x_wconf 93' lang='lat' dir='ltr'><strong>hoc</strong></span> <span class='ocrx_word' id='word_1_23' title='bbox 573 299 659 334; x_wconf 90' lang='lat' dir='ltr'><strong>mihi</strong></span> <span class='ocrx_word' id='word_1_24' title='bbox 676 301 779 345; x_wconf 88' lang='lat' dir='ltr'><strong>plane</strong></span> <span class='ocrx_word' id='word_1_25' title='bbox 795 300 967 344; x_wconf 77' lang='lat' dir='ltr'><strong>persuasi,</strong></span> <span class='ocrx_word' id='word_1_26' title='bbox 994 300 1065 334; x_wconf 91' lang='lat' dir='ltr'><strong>uti-</strong></span> 
     </span>
     <span class='ocr_line' id='line_1_5' title="bbox 76 351 1064 396; baseline -0.003 -10"><span class='ocrx_word' id='word_1_27' title='bbox 76 353 201 386; x_wconf 88' lang='lat' dir='ltr'><strong>liorem</strong></span> <span class='ocrx_word' id='word_1_28' title='bbox 230 364 302 385; x_wconf 92' lang='lat' dir='ltr'><strong>esse</strong></span> <span class='ocrx_word' id='word_1_29' title='bbox 329 351 574 387; x_wconf 86' lang='lat' dir='ltr'><strong>Romanarum</strong></span> <span class='ocrx_word' id='word_1_30' title='bbox 606 352 720 396; x_wconf 87' lang='lat' dir='ltr'><strong>legum</strong></span> <span class='ocrx_word' id='word_1_31' title='bbox 753 351 989 394; x_wconf 84' lang='lat' dir='ltr'><strong>cognitionem</strong></span> <span class='ocrx_word' id='word_1_32' title='bbox 1021 351 1064 383; x_wconf 93' lang='lat' dir='ltr'><strong>iis</strong></span> 
     </span>
     <span class='ocr_line' id='line_1_6' title="bbox 75 399 1063 449; baseline -0.004 -12"><span class='ocrx_word' id='word_1_33' title='bbox 75 403 137 449; x_wconf 88' lang='lat' dir='ltr'><strong>qui</strong></span> <span class='ocrx_word' id='word_1_34' title='bbox 165 402 322 447; x_wconf 88' lang='lat' dir='ltr'><strong>Respub.</strong></span> <span class='ocrx_word' id='word_1_35' title='bbox 355 409 501 446; x_wconf 86' lang='lat' dir='ltr'><strong>gerunt,</strong></span> <span class='ocrx_word' id='word_1_36' title='bbox 537 415 640 448; x_wconf 90' lang='lat' dir='ltr'><strong>quam</strong></span> <span class='ocrx_word' id='word_1_37' title='bbox 665 399 994 446; x_wconf 83' lang='lat' dir='ltr'><strong>philosophicarum</strong></span> <span class='ocrx_word' id='word_1_38' title='bbox 1026 401 1063 434; x_wconf 87' lang='lat' dir='ltr'><strong>in</strong></span> 
     </span>
     <span class='ocr_line' id='line_1_7' title="bbox 76 451 1064 497; baseline -0.003 -10"><span class='ocrx_word' id='word_1_39' title='bbox 76 451 143 488; x_wconf 90' lang='lat' dir='ltr'><strong>hoc</strong></span> <span class='ocrx_word' id='word_1_40' title='bbox 174 465 299 497; x_wconf 88' lang='lat' dir='ltr'><strong>genere</strong></span> <span class='ocrx_word' id='word_1_41' title='bbox 330 454 622 497; x_wconf 80' lang='lat' dir='ltr'><strong>disputationum.</strong></span> <span class='ocrx_word' id='word_1_42' title='bbox 695 451 880 492; x_wconf 80' lang='lat' dir='ltr'><strong>Graviter,</strong></span> <span class='ocrx_word' id='word_1_43' title='bbox 913 452 1064 485; x_wconf 87' lang='lat' dir='ltr'><strong>civiliter</strong></span> 
     </span>
     <span class='ocr_line' id='line_1_8' title="bbox 74 502 1063 546; baseline -0.004 -7"><span class='ocrx_word' id='word_1_44' title='bbox 74 511 108 539; x_wconf 88' lang='lat' dir='ltr'><strong>et</strong></span> <span class='ocrx_word' id='word_1_45' title='bbox 124 502 330 539; x_wconf 89' lang='lat' dir='ltr'><strong>humanitus</strong></span> <span class='ocrx_word' id='word_1_46' title='bbox 345 504 464 537; x_wconf 89' lang='lat' dir='ltr'><strong>omnia</strong></span> <span class='ocrx_word' id='word_1_47' title='bbox 480 504 667 538; x_wconf 87' lang='lat' dir='ltr'><strong>constituta</strong></span> <span class='ocrx_word' id='word_1_48' title='bbox 681 509 764 536; x_wconf 89' lang='lat' dir='ltr'><strong>sunt</strong></span> <span class='ocrx_word' id='word_1_49' title='bbox 777 515 794 536; x_wconf 88' lang='lat' dir='ltr'><strong>a</strong></span> <span class='ocrx_word' id='word_1_50' title='bbox 812 504 927 546; x_wconf 86' lang='lat' dir='ltr'><strong>legum</strong></span> <span class='ocrx_word' id='word_1_51' title='bbox 942 509 1063 536; x_wconf 82' lang='lat' dir='ltr'><strong>aucto-</strong></span> 
     </span>
     <span class='ocr_line' id='line_1_9' title="bbox 73 551 1061 600; baseline -0.003 -11"><span class='ocrx_word' id='word_1_52' title='bbox 73 555 189 596; x_wconf 84' lang='lat' dir='ltr'><strong>ribus,</strong></span> <span class='ocrx_word' id='word_1_53' title='bbox 216 555 322 600; x_wconf 89' lang='lat' dir='ltr'><strong>idque</strong></span> <span class='ocrx_word' id='word_1_54' title='bbox 341 566 395 588; x_wconf 90' lang='lat' dir='ltr'><strong>res</strong></span> <span class='ocrx_word' id='word_1_55' title='bbox 412 555 566 598; x_wconf 85' lang='lat' dir='ltr'><strong>cogebat.</strong></span> <span class='ocrx_word' id='word_1_56' title='bbox 618 551 731 587; x_wconf 81' lang='lat' dir='ltr'><strong>Erant</strong></span> <span class='ocrx_word' id='word_1_57' title='bbox 749 553 843 587; x_wconf 91' lang='lat' dir='ltr'><strong>enim</strong></span> <span class='ocrx_word' id='word_1_58' title='bbox 861 554 903 586; x_wconf 89' lang='lat' dir='ltr'><strong>ad</strong></span> <span class='ocrx_word' id='word_1_59' title='bbox 923 553 1061 586; x_wconf 86' lang='lat' dir='ltr'><strong>civilem</strong></span> 
     </span>
     <span class='ocr_line' id='line_1_10' title="bbox 73 603 1063 647; baseline -0.003 -8"><span class='ocrx_word' id='word_1_60' title='bbox 73 603 263 640; x_wconf 88' lang='lat' dir='ltr'><strong>hominum</strong></span> <span class='ocrx_word' id='word_1_61' title='bbox 295 606 586 640; x_wconf 86' lang='lat' dir='ltr'><strong>consuetudinem</strong></span> <span class='ocrx_word' id='word_1_62' title='bbox 615 604 706 647; x_wconf 88' lang='lat' dir='ltr'><strong>leges</strong></span> <span class='ocrx_word' id='word_1_63' title='bbox 733 604 1063 644; x_wconf 80' lang='lat' dir='ltr'><strong>accommodandae,</strong></span> 
     </span>
     <span class='ocr_line' id='line_1_11' title="bbox 73 654 1062 702; baseline -0.002 -12"><span class='ocrx_word' id='word_1_64' title='bbox 73 669 147 690; x_wconf 91' lang='lat' dir='ltr'><strong>non</strong></span> <span class='ocrx_word' id='word_1_65' title='bbox 174 657 276 690; x_wconf 87' lang='lat' dir='ltr'><strong>aliter</strong></span> <span class='ocrx_word' id='word_1_66' title='bbox 302 663 406 702; x_wconf 90' lang='lat' dir='ltr'><strong>atque</strong></span> <span class='ocrx_word' id='word_1_67' title='bbox 427 654 654 701; x_wconf 79' lang='lat' dir='ltr'><strong>pharmacum</strong></span> <span class='ocrx_word' id='word_1_68' title='bbox 677 655 902 699; x_wconf 84' lang='lat' dir='ltr'><strong>attemperari</strong></span> <span class='ocrx_word' id='word_1_69' title='bbox 924 661 1062 699; x_wconf 80' lang='lat' dir='ltr'><strong>oportet</strong></span> 
     </span>
     <span class='ocr_line' id='line_1_12' title="bbox 71 703 1062 752; baseline -0.004 -11"><span class='ocrx_word' id='word_1_70' title='bbox 71 707 166 752; x_wconf 82' lang='lat' dir='ltr'><strong>aegri</strong></span> <span class='ocrx_word' id='word_1_71' title='bbox 183 708 340 751; x_wconf 91' lang='lat' dir='ltr'><strong>corporis</strong></span> <span class='ocrx_word' id='word_1_72' title='bbox 357 713 502 740; x_wconf 72' lang='lat' dir='ltr'><strong>naturae</strong></span> <span class='ocrx_word' id='word_1_73' title='bbox 517 718 555 739; x_wconf 89' lang='lat' dir='ltr'><strong>ac</strong></span> <span class='ocrx_word' id='word_1_74' title='bbox 572 706 717 740; x_wconf 88' lang='lat' dir='ltr'><strong>viribus.</strong></span> <span class='ocrx_word' id='word_1_75' title='bbox 769 703 980 750; x_wconf 81' lang='lat' dir='ltr'><strong>Philosophi</strong></span> <span class='ocrx_word' id='word_1_76' title='bbox 995 705 1062 738; x_wconf 90' lang='lat' dir='ltr'><strong>sibi</strong></span> 
     </span>
     <span class='ocr_line' id='line_1_13' title="bbox 72 755 1062 803; baseline -0.003 -12"><span class='ocrx_word' id='word_1_77' title='bbox 72 758 111 792; x_wconf 90' lang='lat' dir='ltr'><strong>in</strong></span> <span class='ocrx_word' id='word_1_78' title='bbox 134 755 264 791; x_wconf 90' lang='lat' dir='ltr'><strong>scholis</strong></span> <span class='ocrx_word' id='word_1_79' title='bbox 287 758 457 803; x_wconf 86' lang='lat' dir='ltr'><strong>quaedam</strong></span> <span class='ocrx_word' id='word_1_80' title='bbox 478 757 587 790; x_wconf 90' lang='lat' dir='ltr'><strong>libere</strong></span> <span class='ocrx_word' id='word_1_81' title='bbox 605 756 813 800; x_wconf 88' lang='lat' dir='ltr'><strong>permisere,</strong></span> <span class='ocrx_word' id='word_1_82' title='bbox 839 769 928 801; x_wconf 88' lang='lat' dir='ltr'><strong>quae</strong></span> <span class='ocrx_word' id='word_1_83' title='bbox 948 756 985 789; x_wconf 91' lang='lat' dir='ltr'><strong>in</strong></span> <span class='ocrx_word' id='word_1_84' title='bbox 1003 767 1062 799; x_wconf 87' lang='lat' dir='ltr'><strong>ge-</strong></span> 
     </span>
     <span class='ocr_line' id='line_1_14' title="bbox 71 806 1061 852; baseline -0.003 -10"><span class='ocrx_word' id='word_1_85' title='bbox 71 809 193 843; x_wconf 89' lang='lat' dir='ltr'><strong>rendis</strong></span> <span class='ocrx_word' id='word_1_86' title='bbox 218 809 322 842; x_wconf 89' lang='lat' dir='ltr'><strong>rebus</strong></span> <span class='ocrx_word' id='word_1_87' title='bbox 344 808 495 852; x_wconf 88' lang='lat' dir='ltr'><strong>publicis</strong></span> <span class='ocrx_word' id='word_1_88' title='bbox 520 819 591 841; x_wconf 88' lang='lat' dir='ltr'><strong>non</strong></span> <span class='ocrx_word' id='word_1_89' title='bbox 615 807 719 841; x_wconf 89' lang='lat' dir='ltr'><strong>fuerit</strong></span> <span class='ocrx_word' id='word_1_90' title='bbox 736 808 936 841; x_wconf 89' lang='lat' dir='ltr'><strong>consultum</strong></span> <span class='ocrx_word' id='word_1_91' title='bbox 953 806 1061 851; x_wconf 90' lang='lat' dir='ltr'><strong>sequi.</strong></span> 
     </span>
     <span class='ocr_line' id='line_1_15' title="bbox 72 856 1062 904; baseline -0.004 -10"><span class='ocrx_word' id='word_1_92' title='bbox 72 859 166 894; x_wconf 85' lang='lat' dir='ltr'><strong>Sunt</strong></span> <span class='ocrx_word' id='word_1_93' title='bbox 189 860 358 904; x_wconf 83' lang='lat' dir='ltr'><strong>quaedam</strong></span> <span class='ocrx_word' id='word_1_94' title='bbox 383 859 420 891; x_wconf 90' lang='lat' dir='ltr'><strong>in</strong></span> <span class='ocrx_word' id='word_1_95' title='bbox 436 856 580 902; x_wconf 83' lang='lat' dir='ltr'><strong>Europa</strong></span> <span class='ocrx_word' id='word_1_96' title='bbox 604 865 742 901; x_wconf 81' lang='lat' dir='ltr'><strong>gentes,</strong></span> <span class='ocrx_word' id='word_1_97' title='bbox 771 870 859 903; x_wconf 88' lang='lat' dir='ltr'><strong>quae</strong></span> <span class='ocrx_word' id='word_1_98' title='bbox 879 869 949 891; x_wconf 89' lang='lat' dir='ltr'><strong>non</strong></span> <span class='ocrx_word' id='word_1_99' title='bbox 968 857 1062 890; x_wconf 90' lang='lat' dir='ltr'><strong>iudi-</strong></span> 
     </span>
     <span class='ocr_line' id='line_1_16' title="bbox 72 906 1060 952; baseline -0.002 -9"><span class='ocrx_word' id='word_1_100' title='bbox 72 917 153 944; x_wconf 90' lang='lat' dir='ltr'><strong>cant</strong></span> <span class='ocrx_word' id='word_1_101' title='bbox 177 922 230 943; x_wconf 91' lang='lat' dir='ltr'><strong>res</strong></span> <span class='ocrx_word' id='word_1_102' title='bbox 253 922 293 942; x_wconf 85' lang='lat' dir='ltr'><strong>ex</strong></span> <span class='ocrx_word' id='word_1_103' title='bbox 311 908 482 943; x_wconf 89' lang='lat' dir='ltr'><strong>Romanis</strong></span> <span class='ocrx_word' id='word_1_104' title='bbox 500 909 653 952; x_wconf 87' lang='lat' dir='ltr'><strong>legibus,</strong></span> <span class='ocrx_word' id='word_1_105' title='bbox 680 910 738 942; x_wconf 90' lang='lat' dir='ltr'><strong>sed</strong></span> <span class='ocrx_word' id='word_1_106' title='bbox 756 908 963 942; x_wconf 91' lang='lat' dir='ltr'><strong>vernaculis.</strong></span> <span class='ocrx_word' id='word_1_107' title='bbox 1014 906 1060 941; x_wconf 87' lang='lat' dir='ltr'><strong>Et</strong></span> 
     </span>
     <span class='ocr_line' id='line_1_17' title="bbox 71 958 1060 1006; baseline -0.005 -10"><span class='ocrx_word' id='word_1_108' title='bbox 71 968 188 996; x_wconf 86' lang='lat' dir='ltr'><strong>tamen</strong></span> <span class='ocrx_word' id='word_1_109' title='bbox 204 960 265 1006; x_wconf 91' lang='lat' dir='ltr'><strong>qui</strong></span> <span class='ocrx_word' id='word_1_110' title='bbox 280 960 330 993; x_wconf 92' lang='lat' dir='ltr'><strong>ibi</strong></span> <span class='ocrx_word' id='word_1_111' title='bbox 346 959 502 1004; x_wconf 89' lang='lat' dir='ltr'><strong>Respub.</strong></span> <span class='ocrx_word' id='word_1_112' title='bbox 518 960 647 1003; x_wconf 90' lang='lat' dir='ltr'><strong>gesturi</strong></span> <span class='ocrx_word' id='word_1_113' title='bbox 663 967 764 1000; x_wconf 88' lang='lat' dir='ltr'><strong>sunt,</strong></span> <span class='ocrx_word' id='word_1_114' title='bbox 790 960 861 992; x_wconf 86' lang='lat' dir='ltr'><strong>fere</strong></span> <span class='ocrx_word' id='word_1_115' title='bbox 878 958 1060 993; x_wconf 85' lang='lat' dir='ltr'><strong>Romanas</strong></span> 
     </span>
     <span class='ocr_line' id='line_1_18' title="bbox 70 1009 1059 1056; baseline -0.002 -12"><span class='ocrx_word' id='word_1_116' title='bbox 70 1013 163 1056; x_wconf 88' lang='lat' dir='ltr'><strong>leges</strong></span> <span class='ocrx_word' id='word_1_117' title='bbox 179 1011 272 1055; x_wconf 90' lang='lat' dir='ltr'><strong>apud</strong></span> <span class='ocrx_word' id='word_1_118' title='bbox 289 1017 422 1044; x_wconf 82' lang='lat' dir='ltr'><strong>exteros</strong></span> <span class='ocrx_word' id='word_1_119' title='bbox 435 1011 592 1050; x_wconf 91' lang='lat' dir='ltr'><strong>discunt,</strong></span> <span class='ocrx_word' id='word_1_120' title='bbox 619 1010 698 1055; x_wconf 90' lang='lat' dir='ltr'><strong>qui,</strong></span> <span class='ocrx_word' id='word_1_121' title='bbox 725 1016 764 1043; x_wconf 92' lang='lat' dir='ltr'><strong>ut</strong></span> <span class='ocrx_word' id='word_1_122' title='bbox 777 1010 921 1053; x_wconf 88' lang='lat' dir='ltr'><strong>accipio,</strong></span> <span class='ocrx_word' id='word_1_123' title='bbox 950 1009 1059 1043; x_wconf 92' lang='lat' dir='ltr'><strong>inter-</strong></span> 
     </span>
     <span class='ocr_line' id='line_1_19' title="bbox 71 1059 1058 1107; baseline -0.003 -11"><span class='ocrx_word' id='word_1_124' title='bbox 71 1062 204 1106; x_wconf 85' lang='lat' dir='ltr'><strong>rogati,</strong></span> <span class='ocrx_word' id='word_1_125' title='bbox 230 1062 335 1107; x_wconf 88' lang='lat' dir='ltr'><strong>quid,</strong></span> <span class='ocrx_word' id='word_1_126' title='bbox 361 1073 439 1095; x_wconf 91' lang='lat' dir='ltr'><strong>cum</strong></span> <span class='ocrx_word' id='word_1_127' title='bbox 462 1068 660 1094; x_wconf 85' lang='lat' dir='ltr'><strong>nostrarum</strong></span> <span class='ocrx_word' id='word_1_128' title='bbox 681 1061 796 1103; x_wconf 86' lang='lat' dir='ltr'><strong>legum</strong></span> <span class='ocrx_word' id='word_1_129' title='bbox 815 1072 887 1093; x_wconf 90' lang='lat' dir='ltr'><strong>non</strong></span> <span class='ocrx_word' id='word_1_130' title='bbox 907 1059 950 1094; x_wconf 92' lang='lat' dir='ltr'><strong>sit</strong></span> <span class='ocrx_word' id='word_1_131' title='bbox 966 1061 1058 1104; x_wconf 89' lang='lat' dir='ltr'><strong>apud</strong></span> 
     </span>
     <span class='ocr_line' id='line_1_20' title="bbox 71 1111 1058 1154; baseline -0.003 -8"><span class='ocrx_word' id='word_1_132' title='bbox 71 1125 130 1146; x_wconf 90' lang='lat' dir='ltr'><strong>eos</strong></span> <span class='ocrx_word' id='word_1_133' title='bbox 153 1124 253 1153; x_wconf 89' lang='lat' dir='ltr'><strong>usus,</strong></span> <span class='ocrx_word' id='word_1_134' title='bbox 279 1112 316 1144; x_wconf 90' lang='lat' dir='ltr'><strong>in</strong></span> <span class='ocrx_word' id='word_1_135' title='bbox 339 1112 388 1144; x_wconf 90' lang='lat' dir='ltr'><strong>eis</strong></span> <span class='ocrx_word' id='word_1_136' title='bbox 412 1111 663 1154; x_wconf 87' lang='lat' dir='ltr'><strong>cognoscendis</strong></span> <span class='ocrx_word' id='word_1_137' title='bbox 688 1118 824 1145; x_wconf 88' lang='lat' dir='ltr'><strong>tantum</strong></span> <span class='ocrx_word' id='word_1_138' title='bbox 848 1123 974 1154; x_wconf 85' lang='lat' dir='ltr'><strong>operae</strong></span> <span class='ocrx_word' id='word_1_139' title='bbox 995 1123 1058 1154; x_wconf 94' lang='lat' dir='ltr'><strong>po-</strong></span> 
     </span>
     <span class='ocr_line' id='line_1_21' title="bbox 70 1159 1058 1206; baseline -0.002 -10"><span class='ocrx_word' id='word_1_140' title='bbox 70 1170 176 1204; x_wconf 87' lang='lat' dir='ltr'><strong>nant,</strong></span> <span class='ocrx_word' id='word_1_141' title='bbox 199 1163 411 1205; x_wconf 88' lang='lat' dir='ltr'><strong>respondere</strong></span> <span class='ocrx_word' id='word_1_142' title='bbox 429 1162 559 1196; x_wconf 90' lang='lat' dir='ltr'><strong>solent:</strong></span> <span class='ocrx_word' id='word_1_143' title='bbox 587 1159 753 1195; x_wconf 85' lang='lat' dir='ltr'><strong>Animam</strong></span> <span class='ocrx_word' id='word_1_144' title='bbox 774 1174 809 1195; x_wconf 90' lang='lat' dir='ltr'><strong>se</strong></span> <span class='ocrx_word' id='word_1_145' title='bbox 825 1162 1058 1206; x_wconf 87' lang='lat' dir='ltr'><strong>spiritumque</strong></span> 
     </span>
     <span class='ocr_line' id='line_1_22' title="bbox 69 1210 1057 1258; baseline -0.001 -12"><span class='ocrx_word' id='word_1_146' title='bbox 69 1214 206 1257; x_wconf 89' lang='lat' dir='ltr'><strong>legum,</strong></span> <span class='ocrx_word' id='word_1_147' title='bbox 238 1213 287 1246; x_wconf 87' lang='lat' dir='ltr'><strong>sic</strong></span> <span class='ocrx_word' id='word_1_148' title='bbox 319 1213 413 1246; x_wconf 86' lang='lat' dir='ltr'><strong>enim</strong></span> <span class='ocrx_word' id='word_1_149' title='bbox 444 1213 658 1258; x_wconf 90' lang='lat' dir='ltr'><strong>loquuntur,</strong></span> <span class='ocrx_word' id='word_1_150' title='bbox 692 1213 870 1257; x_wconf 89' lang='lat' dir='ltr'><strong>excipere,</strong></span> <span class='ocrx_word' id='word_1_151' title='bbox 905 1210 971 1245; x_wconf 90' lang='lat' dir='ltr'><strong>hoc</strong></span> <span class='ocrx_word' id='word_1_152' title='bbox 996 1219 1057 1251; x_wconf 90' lang='lat' dir='ltr'><strong>est,</strong></span> 
     </span>
     <span class='ocr_line' id='line_1_23' title="bbox 69 1260 1058 1310; baseline -0.003 -12"><span class='ocrx_word' id='word_1_153' title='bbox 69 1263 254 1310; x_wconf 87' lang='lat' dir='ltr'><strong>aequitatis</strong></span> <span class='ocrx_word' id='word_1_154' title='bbox 280 1262 349 1296; x_wconf 86' lang='lat' dir='ltr'><strong>vim</strong></span> <span class='ocrx_word' id='word_1_155' title='bbox 372 1275 412 1296; x_wconf 88' lang='lat' dir='ltr'><strong>ac</strong></span> <span class='ocrx_word' id='word_1_156' title='bbox 436 1271 598 1297; x_wconf 89' lang='lat' dir='ltr'><strong>naturam</strong></span> <span class='ocrx_word' id='word_1_157' title='bbox 621 1260 706 1296; x_wconf 90' lang='lat' dir='ltr'><strong>hinc</strong></span> <span class='ocrx_word' id='word_1_158' title='bbox 728 1264 934 1307; x_wconf 84' lang='lat' dir='ltr'><strong>decerpere,</strong></span> <span class='ocrx_word' id='word_1_159' title='bbox 961 1269 999 1296; x_wconf 91' lang='lat' dir='ltr'><strong>ut</strong></span> <span class='ocrx_word' id='word_1_160' title='bbox 1015 1264 1058 1296; x_wconf 93' lang='lat' dir='ltr'><strong>de</strong></span> 
     </span>
     <span class='ocr_line' id='line_1_24' title="bbox 68 1313 1056 1360; baseline -0.002 -12"><span class='ocrx_word' id='word_1_161' title='bbox 68 1315 192 1360; x_wconf 85' lang='lat' dir='ltr'><strong>patriis</strong></span> <span class='ocrx_word' id='word_1_162' title='bbox 217 1314 352 1357; x_wconf 87' lang='lat' dir='ltr'><strong>legibus</strong></span> <span class='ocrx_word' id='word_1_163' title='bbox 376 1314 504 1348; x_wconf 88' lang='lat' dir='ltr'><strong>rectius</strong></span> <span class='ocrx_word' id='word_1_164' title='bbox 525 1314 692 1347; x_wconf 89' lang='lat' dir='ltr'><strong>iudicent.</strong></span> <span class='ocrx_word' id='word_1_165' title='bbox 751 1313 875 1348; x_wconf 89' lang='lat' dir='ltr'><strong>Laudo</strong></span> <span class='ocrx_word' id='word_1_166' title='bbox 900 1315 1056 1358; x_wconf 85' lang='lat' dir='ltr'><strong>pruden-</strong></span> 
     </span>
     <span class='ocr_line' id='line_1_25' title="bbox 68 1364 1058 1409; baseline -0.003 -10"><span class='ocrx_word' id='word_1_167' title='bbox 68 1365 239 1400; x_wconf 88' lang='lat' dir='ltr'><strong>tissimam</strong></span> <span class='ocrx_word' id='word_1_168' title='bbox 271 1376 412 1404; x_wconf 20' lang='lat' dir='ltr'><strong>vocene,</strong></span> <span class='ocrx_word' id='word_1_169' title='bbox 453 1377 520 1409; x_wconf 90' lang='lat' dir='ltr'><strong>qua</strong></span> <span class='ocrx_word' id='word_1_170' title='bbox 553 1365 748 1407; x_wconf 85' lang='lat' dir='ltr'><strong>significant</strong></span> <span class='ocrx_word' id='word_1_171' title='bbox 779 1365 897 1397; x_wconf 85' lang='lat' dir='ltr'><strong>omnia</strong></span> <span class='ocrx_word' id='word_1_172' title='bbox 929 1364 1058 1397; x_wconf 90' lang='lat' dir='ltr'><strong>rectius</strong></span> 
     </span>
     <span class='ocr_line' id='line_1_26' title="bbox 68 1414 1056 1460; baseline -0.002 -11"><span class='ocrx_word' id='word_1_173' title='bbox 68 1415 281 1460; x_wconf 86' lang='lat' dir='ltr'><strong>perspexisse</strong></span> <span class='ocrx_word' id='word_1_174' title='bbox 303 1425 458 1447; x_wconf 91' lang='lat' dir='ltr'><strong>summos</strong></span> <span class='ocrx_word' id='word_1_175' title='bbox 483 1414 564 1447; x_wconf 92' lang='lat' dir='ltr'><strong>illos</strong></span> <span class='ocrx_word' id='word_1_176' title='bbox 586 1415 680 1447; x_wconf 90' lang='lat' dir='ltr'><strong>viros</strong></span> <span class='ocrx_word' id='word_1_177' title='bbox 704 1415 813 1447; x_wconf 90' lang='lat' dir='ltr'><strong>nostri</strong></span> <span class='ocrx_word' id='word_1_178' title='bbox 832 1414 919 1447; x_wconf 88' lang='lat' dir='ltr'><strong>iuris</strong></span> <span class='ocrx_word' id='word_1_179' title='bbox 937 1420 1056 1447; x_wconf 88' lang='lat' dir='ltr'><strong>aucto—</strong></span> 
     </span>
     <span class='ocr_line' id='line_1_27' title="bbox 66 1465 1055 1507; baseline -0.004 -7"><span class='ocrx_word' id='word_1_180' title='bbox 66 1479 138 1507; x_wconf 87' lang='lat' dir='ltr'><strong>res,</strong></span> <span class='ocrx_word' id='word_1_181' title='bbox 166 1473 200 1500; x_wconf 89' lang='lat' dir='ltr'><strong>et</strong></span> <span class='ocrx_word' id='word_1_182' title='bbox 216 1465 393 1499; x_wconf 88' lang='lat' dir='ltr'><strong>neminem</strong></span> <span class='ocrx_word' id='word_1_183' title='bbox 410 1465 492 1499; x_wconf 86' lang='lat' dir='ltr'><strong>satis</strong></span> <span class='ocrx_word' id='word_1_184' title='bbox 508 1465 717 1499; x_wconf 89' lang='lat' dir='ltr'><strong>instructum</strong></span> <span class='ocrx_word' id='word_1_185' title='bbox 733 1476 805 1497; x_wconf 91' lang='lat' dir='ltr'><strong>esse</strong></span> <span class='ocrx_word' id='word_1_186' title='bbox 820 1466 864 1497; x_wconf 91' lang='lat' dir='ltr'><strong>ad</strong></span> <span class='ocrx_word' id='word_1_187' title='bbox 880 1465 1055 1497; x_wconf 81' lang='lat' dir='ltr'><strong>civitatem</strong></span> 
     </span>
     <span class='ocr_line' id='line_1_28' title="bbox 67 1513 1056 1561; baseline -0.003 -11"><span class='ocrx_word' id='word_1_188' title='bbox 67 1518 274 1561; x_wconf 77' lang='lat' dir='ltr'><strong>regendam,</strong></span> <span class='ocrx_word' id='word_1_189' title='bbox 308 1516 369 1561; x_wconf 89' lang='lat' dir='ltr'><strong>qui</strong></span> <span class='ocrx_word' id='word_1_190' title='bbox 399 1527 472 1548; x_wconf 93' lang='lat' dir='ltr'><strong>non</strong></span> <span class='ocrx_word' id='word_1_191' title='bbox 502 1515 538 1547; x_wconf 90' lang='lat' dir='ltr'><strong>in</strong></span> <span class='ocrx_word' id='word_1_192' title='bbox 572 1513 626 1547; x_wconf 88' lang='lat' dir='ltr'><strong>his</strong></span> <span class='ocrx_word' id='word_1_193' title='bbox 651 1515 900 1558; x_wconf 86' lang='lat' dir='ltr'><strong>cognoscendis</strong></span> <span class='ocrx_word' id='word_1_194' title='bbox 925 1514 1056 1559; x_wconf 73' lang='lat' dir='ltr'><strong>tyroci-</strong></span> 
     </span>
     <span class='ocr_line' id='line_1_29' title="bbox 67 1563 1054 1610; baseline -0.004 -10"><span class='ocrx_word' id='word_1_195' title='bbox 67 1569 166 1601; x_wconf 85' lang='lat' dir='ltr'><strong>nium</strong></span> <span class='ocrx_word' id='word_1_196' title='bbox 189 1566 317 1600; x_wconf 76' lang='lat' dir='ltr'><strong>fecerit.</strong></span> <span class='ocrx_word' id='word_1_197' title='bbox 373 1564 468 1609; x_wconf 86' lang='lat' dir='ltr'><strong>Quid</strong></span> <span class='ocrx_word' id='word_1_198' title='bbox 493 1566 587 1610; x_wconf 90' lang='lat' dir='ltr'><strong>quod</strong></span> <span class='ocrx_word' id='word_1_199' title='bbox 608 1565 644 1598; x_wconf 93' lang='lat' dir='ltr'><strong>in</strong></span> <span class='ocrx_word' id='word_1_200' title='bbox 664 1563 718 1598; x_wconf 90' lang='lat' dir='ltr'><strong>his</strong></span> <span class='ocrx_word' id='word_1_201' title='bbox 735 1565 1054 1599; x_wconf 89' lang='lat' dir='ltr'><strong>iureconsultorum</strong></span> 
     </span>
     <span class='ocr_line' id='line_1_30' title="bbox 67 1614 1055 1661; baseline -0.005 -9"><span class='ocrx_word' id='word_1_202' title='bbox 67 1619 180 1653; x_wconf 87' lang='lat' dir='ltr'><strong>literis</strong></span> <span class='ocrx_word' id='word_1_203' title='bbox 196 1619 287 1651; x_wconf 87' lang='lat' dir='ltr'><strong>bona</strong></span> <span class='ocrx_word' id='word_1_204' title='bbox 306 1628 385 1661; x_wconf 87' lang='lat' dir='ltr'><strong>pars</strong></span> <span class='ocrx_word' id='word_1_205' title='bbox 404 1616 622 1661; x_wconf 83' lang='lat' dir='ltr'><strong>antiquitatis</strong></span> <span class='ocrx_word' id='word_1_206' title='bbox 639 1616 775 1661; x_wconf 85' lang='lat' dir='ltr'><strong>reliqua</strong></span> <span class='ocrx_word' id='word_1_207' title='bbox 791 1616 866 1650; x_wconf 81' lang='lat' dir='ltr'><strong>est&#39;?</strong></span> <span class='ocrx_word' id='word_1_208' title='bbox 912 1614 1055 1649; x_wconf 87' lang='lat' dir='ltr'><strong>Veteres</strong></span> 
     </span>
     <span class='ocr_line' id='line_1_31' title="bbox 67 1666 1055 1712; baseline -0.005 -9"><span class='ocrx_word' id='word_1_209' title='bbox 67 1681 198 1709; x_wconf 88' lang='lat' dir='ltr'><strong>mores,</strong></span> <span class='ocrx_word' id='word_1_210' title='bbox 225 1668 396 1702; x_wconf 89' lang='lat' dir='ltr'><strong>sermonis</strong></span> <span class='ocrx_word' id='word_1_211' title='bbox 413 1666 568 1701; x_wconf 84' lang='lat' dir='ltr'><strong>Romani</strong></span> <span class='ocrx_word' id='word_1_212' title='bbox 589 1667 774 1712; x_wconf 79' lang='lat' dir='ltr'><strong>pleraeque</strong></span> <span class='ocrx_word' id='word_1_213' title='bbox 791 1668 937 1710; x_wconf 81' lang='lat' dir='ltr'><strong>figurae,</strong></span> <span class='ocrx_word' id='word_1_214' title='bbox 969 1677 1055 1710; x_wconf 87' lang='lat' dir='ltr'><strong>quas</strong></span> 
     </span>
     <span class='ocr_line' id='line_1_32' title="bbox 67 1717 1052 1763; baseline -0.004 -10"><span class='ocrx_word' id='word_1_215' title='bbox 67 1720 136 1753; x_wconf 90' lang='lat' dir='ltr'><strong>nisi</strong></span> <span class='ocrx_word' id='word_1_216' title='bbox 159 1717 196 1752; x_wconf 90' lang='lat' dir='ltr'><strong>hi</strong></span> <span class='ocrx_word' id='word_1_217' title='bbox 223 1719 451 1763; x_wconf 85' lang='lat' dir='ltr'><strong>explicarent,</strong></span> <span class='ocrx_word' id='word_1_218' title='bbox 478 1717 514 1750; x_wconf 90' lang='lat' dir='ltr'><strong>in</strong></span> <span class='ocrx_word' id='word_1_219' title='bbox 539 1718 615 1750; x_wconf 89' lang='lat' dir='ltr'><strong>aliis</strong></span> <span class='ocrx_word' id='word_1_220' title='bbox 635 1718 866 1761; x_wconf 86' lang='lat' dir='ltr'><strong>scriptoribus</strong></span> <span class='ocrx_word' id='word_1_221' title='bbox 885 1728 1052 1750; x_wconf 91' lang='lat' dir='ltr'><strong>nonnun—</strong></span> 
     </span>
     <span class='ocr_line' id='line_1_33' title="bbox 69 1766 1054 1816; baseline -0.004 -13"><span class='ocrx_word' id='word_1_222' title='bbox 69 1782 174 1816; x_wconf 87' lang='lat' dir='ltr'><strong>quam</strong></span> <span class='ocrx_word' id='word_1_223' title='bbox 200 1781 274 1803; x_wconf 89' lang='lat' dir='ltr'><strong>non</strong></span> <span class='ocrx_word' id='word_1_224' title='bbox 298 1769 399 1802; x_wconf 87' lang='lat' dir='ltr'><strong>alite-r</strong></span> <span class='ocrx_word' id='word_1_225' title='bbox 422 1775 525 1813; x_wconf 88' lang='lat' dir='ltr'><strong>atque</strong></span> <span class='ocrx_word' id='word_1_226' title='bbox 549 1768 587 1800; x_wconf 90' lang='lat' dir='ltr'><strong>in</strong></span> <span class='ocrx_word' id='word_1_227' title='bbox 611 1768 684 1801; x_wconf 89' lang='lat' dir='ltr'><strong>luto</strong></span> <span class='ocrx_word' id='word_1_228' title='bbox 712 1766 954 1808; x_wconf 85' lang='lat' dir='ltr'><strong>haereremus,</strong></span> <span class='ocrx_word' id='word_1_229' title='bbox 990 1779 1054 1800; x_wconf 91' lang='lat' dir='ltr'><strong>nec</strong></span> 
     </span>
     <span class='ocr_line' id='line_1_34' title="bbox 66 1818 1053 1863; baseline -0.003 -9"><span class='ocrx_word' id='word_1_230' title='bbox 66 1821 216 1863; x_wconf 86' lang='lat' dir='ltr'><strong>intelligi</strong></span> <span class='ocrx_word' id='word_1_231' title='bbox 245 1820 459 1863; x_wconf 90' lang='lat' dir='ltr'><strong>optimorum</strong></span> <span class='ocrx_word' id='word_1_232' title='bbox 491 1826 672 1852; x_wconf 91' lang='lat' dir='ltr'><strong>auctorum</strong></span> <span class='ocrx_word' id='word_1_233' title='bbox 709 1819 867 1863; x_wconf 88' lang='lat' dir='ltr'><strong>plerique</strong></span> <span class='ocrx_word' id='word_1_234' title='bbox 900 1818 1053 1860; x_wconf 86' lang='lat' dir='ltr'><strong>insignes</strong></span> 
     </span>
     <span class='ocr_line' id='line_1_35' title="bbox 67 1866 1052 1914; baseline -0.004 -10"><span class='ocrx_word' id='word_1_235' title='bbox 67 1871 136 1904; x_wconf 84' lang='lat' dir='ltr'><strong>loci</strong></span> <span class='ocrx_word' id='word_1_236' title='bbox 160 1876 313 1914; x_wconf 89' lang='lat' dir='ltr'><strong>possent.</strong></span> <span class='ocrx_word' id='word_1_237' title='bbox 366 1868 473 1911; x_wconf 89' lang='lat' dir='ltr'><strong>Quod</strong></span> <span class='ocrx_word' id='word_1_238' title='bbox 498 1869 527 1901; x_wconf 92' lang='lat' dir='ltr'><strong>si</strong></span> <span class='ocrx_word' id='word_1_239' title='bbox 551 1866 717 1909; x_wconf 88' lang='lat' dir='ltr'><strong>historia,</strong></span> <span class='ocrx_word' id='word_1_240' title='bbox 745 1869 773 1902; x_wconf 92' lang='lat' dir='ltr'><strong>si</strong></span> <span class='ocrx_word' id='word_1_241' title='bbox 791 1869 879 1902; x_wconf 90' lang='lat' dir='ltr'><strong>aliae</strong></span> <span class='ocrx_word' id='word_1_242' title='bbox 895 1874 1052 1901; x_wconf 86' lang='lat' dir='ltr'><strong>veterum</strong></span> 
     </span>
     <span class='ocr_line' id='line_1_36' title="bbox 66 1916 1053 1963; baseline -0.002 -9"><span class='ocrx_word' id='word_1_243' title='bbox 66 1922 187 1954; x_wconf 89' lang='lat' dir='ltr'><strong>literae</strong></span> <span class='ocrx_word' id='word_1_244' title='bbox 203 1920 323 1960; x_wconf 91' lang='lat' dir='ltr'><strong>nobis,</strong></span> <span class='ocrx_word' id='word_1_245' title='bbox 350 1926 388 1953; x_wconf 89' lang='lat' dir='ltr'><strong>ut</strong></span> <span class='ocrx_word' id='word_1_246' title='bbox 401 1919 547 1959; x_wconf 86' lang='lat' dir='ltr'><strong>debent,</strong></span> <span class='ocrx_word' id='word_1_247' title='bbox 575 1932 677 1952; x_wconf 87' lang='lat' dir='ltr'><strong>curae</strong></span> <span class='ocrx_word' id='word_1_248' title='bbox 693 1926 785 1958; x_wconf 88' lang='lat' dir='ltr'><strong>sunt,</strong></span> <span class='ocrx_word' id='word_1_249' title='bbox 809 1931 886 1952; x_wconf 92' lang='lat' dir='ltr'><strong>cum</strong></span> <span class='ocrx_word' id='word_1_250' title='bbox 904 1916 958 1952; x_wconf 83' lang='lat' dir='ltr'><strong>his</strong></span> <span class='ocrx_word' id='word_1_251' title='bbox 976 1930 1053 1963; x_wconf 90' lang='lat' dir='ltr'><strong>pas-</strong></span> 
     </span>
     <span class='ocr_line' id='line_1_37' title="bbox 66 1968 1052 2010; baseline -0.004 -5"><span class='ocrx_word' id='word_1_252' title='bbox 66 1972 131 2005; x_wconf 87' lang='lat' dir='ltr'><strong>sim</strong></span> <span class='ocrx_word' id='word_1_253' title='bbox 157 1972 269 2004; x_wconf 89' lang='lat' dir='ltr'><strong>lucem</strong></span> <span class='ocrx_word' id='word_1_254' title='bbox 293 1970 452 2003; x_wconf 75' lang='lat' dir='ltr'><strong>adferant</strong></span> <span class='ocrx_word' id='word_1_255' title='bbox 472 1968 723 2010; x_wconf 88' lang='lat' dir='ltr'><strong>Iureconsulti,</strong></span> <span class='ocrx_word' id='word_1_256' title='bbox 748 1970 803 2003; x_wconf 74' lang='lat' dir='ltr'><strong>vel</strong></span> <span class='ocrx_word' id='word_1_257' title='bbox 828 1983 846 2003; x_wconf 88' lang='lat' dir='ltr'><strong>a</strong></span> <span class='ocrx_word' id='word_1_258' title='bbox 866 1968 1052 2003; x_wconf 87' lang='lat' dir='ltr'><strong>Gramma-</strong></span> 
     </span>
     <span class='ocr_line' id='line_1_38' title="bbox 65 2019 1050 2057; baseline -0.004 0"><span class='ocrx_word' id='word_1_259' title='bbox 65 2022 142 2057; x_wconf 85' lang='lat' dir='ltr'><strong>ticis</strong></span> <span class='ocrx_word' id='word_1_260' title='bbox 164 2028 196 2055; x_wconf 88' lang='lat' dir='ltr'><strong>et</strong></span> <span class='ocrx_word' id='word_1_261' title='bbox 212 2019 430 2056; x_wconf 71' lang='lat' dir='ltr'><strong>Rhetoribus</strong></span> <span class='ocrx_word' id='word_1_262' title='bbox 451 2032 571 2053; x_wconf 88' lang='lat' dir='ltr'><strong>eorum</strong></span> <span class='ocrx_word' id='word_1_263' title='bbox 589 2021 858 2054; x_wconf 83' lang='lat' dir='ltr'><strong>commentarios</strong></span> <span class='ocrx_word' id='word_1_264' title='bbox 875 2021 1050 2053; x_wconf 85' lang='lat' dir='ltr'><strong>adservari</strong></span> 
     </span>
     <span class='ocr_line' id='line_1_39' title="bbox 65 2070 1052 2117; baseline -0.002 -11"><span class='ocrx_word' id='word_1_265' title='bbox 65 2079 253 2117; x_wconf 86' lang='lat' dir='ltr'><strong>oporteret.</strong></span> <span class='ocrx_word' id='word_1_266' title='bbox 305 2070 427 2116; x_wconf 88' lang='lat' dir='ltr'><strong>Itaque</strong></span> <span class='ocrx_word' id='word_1_267' title='bbox 455 2071 522 2103; x_wconf 89' lang='lat' dir='ltr'><strong>nisi</strong></span> <span class='ocrx_word' id='word_1_268' title='bbox 545 2071 649 2104; x_wconf 90' lang='lat' dir='ltr'><strong>simul</strong></span> <span class='ocrx_word' id='word_1_269' title='bbox 667 2071 833 2104; x_wconf 90' lang='lat' dir='ltr'><strong>omnibus</strong></span> <span class='ocrx_word' id='word_1_270' title='bbox 850 2071 960 2105; x_wconf 89' lang='lat' dir='ltr'><strong>literis</strong></span> <span class='ocrx_word' id='word_1_271' title='bbox 977 2071 1052 2104; x_wconf 89' lang='lat' dir='ltr'><strong>bel-</strong></span> 
     </span>
     <span class='ocr_line' id='line_1_40' title="bbox 64 2122 1051 2166; baseline -0.002 -9"><span class='ocrx_word' id='word_1_272' title='bbox 64 2125 138 2157; x_wconf 91' lang='lat' dir='ltr'><strong>lum</strong></span> <span class='ocrx_word' id='word_1_273' title='bbox 165 2123 378 2163; x_wconf 90' lang='lat' dir='ltr'><strong>indicemus,</strong></span> <span class='ocrx_word' id='word_1_274' title='bbox 407 2129 440 2156; x_wconf 92' lang='lat' dir='ltr'><strong>et</strong></span> <span class='ocrx_word' id='word_1_275' title='bbox 458 2122 560 2166; x_wconf 87' lang='lat' dir='ltr'><strong>plane</strong></span> <span class='ocrx_word' id='word_1_276' title='bbox 580 2122 617 2154; x_wconf 88' lang='lat' dir='ltr'><strong>in</strong></span> <span class='ocrx_word' id='word_1_277' title='bbox 634 2122 754 2156; x_wconf 90' lang='lat' dir='ltr'><strong>beluas</strong></span> <span class='ocrx_word' id='word_1_278' title='bbox 772 2123 979 2165; x_wconf 85' lang='lat' dir='ltr'><strong>degenerare</strong></span> <span class='ocrx_word' id='word_1_279' title='bbox 998 2122 1051 2155; x_wconf 89' lang='lat' dir='ltr'><strong>iu-</strong></span> 
     </span>
     <span class='ocr_line' id='line_1_41' title="bbox 64 2173 1049 2217; baseline -0.001 -11"><span class='ocrx_word' id='word_1_280' title='bbox 64 2174 181 2215; x_wconf 74' lang='lat' dir='ltr'><strong>vabit,</strong></span> <span class='ocrx_word' id='word_1_281' title='bbox 214 2185 286 2207; x_wconf 91' lang='lat' dir='ltr'><strong>non</strong></span> <span class='ocrx_word' id='word_1_282' title='bbox 317 2173 590 2217; x_wconf 84' lang='lat' dir='ltr'><strong>permittendum</strong></span> <span class='ocrx_word' id='word_1_283' title='bbox 625 2180 691 2213; x_wconf 91' lang='lat' dir='ltr'><strong>est,</strong></span> <span class='ocrx_word' id='word_1_284' title='bbox 728 2180 768 2206; x_wconf 86' lang='lat' dir='ltr'><strong>ut</strong></span> <span class='ocrx_word' id='word_1_285' title='bbox 797 2173 865 2207; x_wconf 87' lang='lat' dir='ltr'><strong>situ</strong></span> <span class='ocrx_word' id='word_1_286' title='bbox 891 2185 928 2206; x_wconf 90' lang='lat' dir='ltr'><strong>ac</strong></span> <span class='ocrx_word' id='word_1_287' title='bbox 953 2173 1049 2206; x_wconf 90' lang='lat' dir='ltr'><strong>senio</strong></span> 
     </span>
     <span class='ocr_line' id='line_1_42' title="bbox 64 2222 1049 2267; baseline -0.004 -7"><span class='ocrx_word' id='word_1_288' title='bbox 64 2224 246 2260; x_wconf 85' lang='lat' dir='ltr'><strong>Romanae</strong></span> <span class='ocrx_word' id='word_1_289' title='bbox 273 2224 364 2267; x_wconf 86' lang='lat' dir='ltr'><strong>leges</strong></span> <span class='ocrx_word' id='word_1_290' title='bbox 389 2224 616 2258; x_wconf 89' lang='lat' dir='ltr'><strong>emoriantur.</strong></span> <span class='ocrx_word' id='word_1_291' title='bbox 670 2222 850 2266; x_wconf 84' lang='lat' dir='ltr'><strong>Quosdam</strong></span> <span class='ocrx_word' id='word_1_292' title='bbox 876 2224 1049 2257; x_wconf 86' lang='lat' dir='ltr'><strong>nobilium</strong></span> 
     </span>
     <span class='ocr_line' id='line_1_43' title="bbox 64 2275 1049 2319; baseline -0.002 -10"><span class='ocrx_word' id='word_1_293' title='bbox 64 2275 207 2309; x_wconf 89' lang='lat' dir='ltr'><strong>urbium</strong></span> <span class='ocrx_word' id='word_1_294' title='bbox 240 2275 414 2318; x_wconf 87' lang='lat' dir='ltr'><strong>picturae,</strong></span> <span class='ocrx_word' id='word_1_295' title='bbox 449 2275 618 2319; x_wconf 88' lang='lat' dir='ltr'><strong>quosdam</strong></span> <span class='ocrx_word' id='word_1_296' title='bbox 650 2286 846 2313; x_wconf 85' lang='lat' dir='ltr'><strong>marmora,</strong></span> <span class='ocrx_word' id='word_1_297' title='bbox 881 2275 1049 2319; x_wconf 90' lang='lat' dir='ltr'><strong>quosdam</strong></span> 
     </span>
    </p>
   </div>
   <div class='ocr_carea' id='block_1_3' title="bbox 1109 200 2106 1762">
    <p class='ocr_par' dir='ltr' id='par_1_3' title="bbox 1115 200 2106 954">
     <span class='ocr_line' id='line_1_44' title="bbox 1119 200 2106 245; baseline 0.003 -11"><span class='ocrx_word' id='word_1_298' title='bbox 1119 200 1214 234; x_wconf 88' lang='lat' dir='ltr'><strong>timis</strong></span> <span class='ocrx_word' id='word_1_299' title='bbox 1242 200 1432 244; x_wconf 79' lang='lat' dir='ltr'><strong>sapientiae</strong></span> <span class='ocrx_word' id='word_1_300' title='bbox 1463 200 1719 245; x_wconf 84' lang='lat' dir='ltr'><strong>penetralibus,</strong></span> <span class='ocrx_word' id='word_1_301' title='bbox 1754 212 1793 234; x_wconf 87' lang='lat' dir='ltr'><strong>ex</strong></span> <span class='ocrx_word' id='word_1_302' title='bbox 1824 201 2106 237; x_wconf 88' lang='lat' dir='ltr'><strong>doctissimorum</strong></span> 
     </span>
     <span class='ocr_line' id='line_1_45' title="bbox 1118 248 2103 296; baseline 0.003 -12"><span class='ocrx_word' id='word_1_303' title='bbox 1118 250 1327 291; x_wconf 66' lang='lat' dir='ltr'><strong>Poetarum,</strong></span> <span class='ocrx_word' id='word_1_304' title='bbox 1365 248 1558 285; x_wconf 73' lang='lat' dir='ltr'><strong>Oratoruin</strong></span> <span class='ocrx_word' id='word_1_305' title='bbox 1590 258 1622 284; x_wconf 92' lang='lat' dir='ltr'><strong>et</strong></span> <span class='ocrx_word' id='word_1_306' title='bbox 1653 249 1950 296; x_wconf 87' lang='lat' dir='ltr'><strong>Philosophorum</strong></span> <span class='ocrx_word' id='word_1_307' title='bbox 1980 266 2103 287; x_wconf 90' lang='lat' dir='ltr'><strong>monu-</strong></span> 
     </span>
     <span class='ocr_line' id='line_1_46' title="bbox 1119 301 2105 342; baseline 0.003 -8"><span class='ocrx_word' id='word_1_308' title='bbox 1119 302 1264 342; x_wconf 83' lang='lat' dir='ltr'><strong>mentis,</strong></span> <span class='ocrx_word' id='word_1_309' title='bbox 1291 308 1324 335; x_wconf 89' lang='lat' dir='ltr'><strong>et</strong></span> <span class='ocrx_word' id='word_1_310' title='bbox 1339 301 1486 334; x_wconf 89' lang='lat' dir='ltr'><strong>recitant</strong></span> <span class='ocrx_word' id='word_1_311' title='bbox 1501 302 1723 336; x_wconf 87' lang='lat' dir='ltr'><strong>doctissimos</strong></span> <span class='ocrx_word' id='word_1_312' title='bbox 1737 314 1854 335; x_wconf 89' lang='lat' dir='ltr'><strong>rerum</strong></span> <span class='ocrx_word' id='word_1_313' title='bbox 1871 301 2105 337; x_wconf 89' lang='lat' dir='ltr'><strong>humanarum</strong></span> 
     </span>
     <span class='ocr_line' id='line_1_47' title="bbox 1118 351 2104 396; baseline 0.004 -11"><span class='ocrx_word' id='word_1_314' title='bbox 1118 352 1278 385; x_wconf 87' lang='lat' dir='ltr'><strong>omnium</strong></span> <span class='ocrx_word' id='word_1_315' title='bbox 1302 352 1529 396; x_wconf 88' lang='lat' dir='ltr'><strong>imperatores</strong></span> <span class='ocrx_word' id='word_1_316' title='bbox 1551 359 1583 385; x_wconf 92' lang='lat' dir='ltr'><strong>et</strong></span> <span class='ocrx_word' id='word_1_317' title='bbox 1609 351 1879 387; x_wconf 88' lang='lat' dir='ltr'><strong>Iurisconsultos</strong></span> <span class='ocrx_word' id='word_1_318' title='bbox 1902 361 2104 389; x_wconf 89' lang='lat' dir='ltr'><strong>nostrorum</strong></span> 
     </span>
     <span class='ocr_line' id='line_1_48' title="bbox 1117 402 2104 447; baseline 0.003 -12"><span class='ocrx_word' id='word_1_319' title='bbox 1117 403 1322 436; x_wconf 91' lang='lat' dir='ltr'><strong>rabularum</strong></span> <span class='ocrx_word' id='word_1_320' title='bbox 1346 402 1610 442; x_wconf 86' lang='lat' dir='ltr'><strong>dissimiliores,</strong></span> <span class='ocrx_word' id='word_1_321' title='bbox 1638 416 1742 447; x_wconf 89' lang='lat' dir='ltr'><strong>quam</strong></span> <span class='ocrx_word' id='word_1_322' title='bbox 1768 411 1849 437; x_wconf 90' lang='lat' dir='ltr'><strong>sunt</strong></span> <span class='ocrx_word' id='word_1_323' title='bbox 1871 402 2043 439; x_wconf 88' lang='lat' dir='ltr'><strong>Chiorum</strong></span> <span class='ocrx_word' id='word_1_324' title='bbox 2068 406 2104 438; x_wconf 89' lang='lat' dir='ltr'><strong>in</strong></span> 
     </span>
     <span class='ocr_line' id='line_1_49' title="bbox 1117 452 2103 499; baseline 0.001 -12"><span class='ocrx_word' id='word_1_325' title='bbox 1117 453 1195 487; x_wconf 90' lang='lat' dir='ltr'><strong>talis</strong></span> <span class='ocrx_word' id='word_1_326' title='bbox 1214 452 1299 494; x_wconf 91' lang='lat' dir='ltr'><strong>Coi,</strong></span> <span class='ocrx_word' id='word_1_327' title='bbox 1323 454 1382 486; x_wconf 91' lang='lat' dir='ltr'><strong>sed</strong></span> <span class='ocrx_word' id='word_1_328' title='bbox 1407 453 1567 486; x_wconf 89' lang='lat' dir='ltr'><strong>instructi</strong></span> <span class='ocrx_word' id='word_1_329' title='bbox 1589 453 1718 495; x_wconf 85' lang='lat' dir='ltr'><strong>literis,</strong></span> <span class='ocrx_word' id='word_1_330' title='bbox 1743 466 1807 488; x_wconf 92' lang='lat' dir='ltr'><strong>usu</strong></span> <span class='ocrx_word' id='word_1_331' title='bbox 1826 453 1979 499; x_wconf 85' lang='lat' dir='ltr'><strong>Reipub.</strong></span> <span class='ocrx_word' id='word_1_332' title='bbox 2006 457 2103 489; x_wconf 87' lang='lat' dir='ltr'><strong>domi</strong></span> 
     </span>
     <span class='ocr_line' id='line_1_50' title="bbox 1116 503 2105 549; baseline 0.004 -13"><span class='ocrx_word' id='word_1_333' title='bbox 1116 504 1272 549; x_wconf 88' lang='lat' dir='ltr'><strong>forisque</strong></span> <span class='ocrx_word' id='word_1_334' title='bbox 1297 504 1468 547; x_wconf 85' lang='lat' dir='ltr'><strong>gerendae</strong></span> <span class='ocrx_word' id='word_1_335' title='bbox 1491 503 1685 537; x_wconf 88' lang='lat' dir='ltr'><strong>exercitati:</strong></span> <span class='ocrx_word' id='word_1_336' title='bbox 1728 505 1782 537; x_wconf 78' lang='lat' dir='ltr'><strong>vel</strong></span> <span class='ocrx_word' id='word_1_337' title='bbox 1806 512 1984 540; x_wconf 89' lang='lat' dir='ltr'><strong>tantorum</strong></span> <span class='ocrx_word' id='word_1_338' title='bbox 2008 507 2105 540; x_wconf 82' lang='lat' dir='ltr'><strong>viro-</strong></span> 
     </span>
     <span class='ocr_line' id='line_1_51' title="bbox 1117 551 2103 602; baseline 0.003 -15"><span class='ocrx_word' id='word_1_339' title='bbox 1117 567 1195 587; x_wconf 92' lang='lat' dir='ltr'><strong>rum</strong></span> <span class='ocrx_word' id='word_1_340' title='bbox 1227 555 1416 588; x_wconf 83' lang='lat' dir='ltr'><strong>memoriae</strong></span> <span class='ocrx_word' id='word_1_341' title='bbox 1449 552 1508 587; x_wconf 82' lang='lat' dir='ltr'><strong>hic</strong></span> <span class='ocrx_word' id='word_1_342' title='bbox 1536 551 1649 587; x_wconf 88' lang='lat' dir='ltr'><strong>honos</strong></span> <span class='ocrx_word' id='word_1_343' title='bbox 1676 555 1838 596; x_wconf 88' lang='lat' dir='ltr'><strong>debetur,</strong></span> <span class='ocrx_word' id='word_1_344' title='bbox 1873 563 1911 590; x_wconf 91' lang='lat' dir='ltr'><strong>ut</strong></span> <span class='ocrx_word' id='word_1_345' title='bbox 1938 564 2103 602; x_wconf 86' lang='lat' dir='ltr'><strong>tanquam</strong></span> 
     </span>
     <span class='ocr_line' id='line_1_52' title="bbox 1117 604 2103 649; baseline 0.004 -12"><span class='ocrx_word' id='word_1_346' title='bbox 1117 606 1274 644; x_wconf 81' lang='lat' dir='ltr'><strong>exuvias,</strong></span> <span class='ocrx_word' id='word_1_347' title='bbox 1300 617 1421 638; x_wconf 85' lang='lat' dir='ltr'><strong>eorum</strong></span> <span class='ocrx_word' id='word_1_348' title='bbox 1445 604 1571 648; x_wconf 89' lang='lat' dir='ltr'><strong>scripta</strong></span> <span class='ocrx_word' id='word_1_349' title='bbox 1590 616 1848 640; x_wconf 82' lang='lat' dir='ltr'><strong>conservemus,</strong></span> <span class='ocrx_word' id='word_1_350' title='bbox 1901 605 2005 649; x_wconf 88' lang='lat' dir='ltr'><strong>Quod</strong></span> <span class='ocrx_word' id='word_1_351' title='bbox 2025 620 2103 641; x_wconf 88' lang='lat' dir='ltr'><strong>cum</strong></span> 
     </span>
     <span class='ocr_line' id='line_1_53' title="bbox 1116 655 2103 703; baseline 0.003 -15"><span class='ocrx_word' id='word_1_352' title='bbox 1116 667 1252 689; x_wconf 88' lang='lat' dir='ltr'><strong>summa</strong></span> <span class='ocrx_word' id='word_1_353' title='bbox 1274 668 1357 689; x_wconf 90' lang='lat' dir='ltr'><strong>cura</strong></span> <span class='ocrx_word' id='word_1_354' title='bbox 1375 655 1529 689; x_wconf 88' lang='lat' dir='ltr'><strong>Maiores</strong></span> <span class='ocrx_word' id='word_1_355' title='bbox 1549 656 1659 688; x_wconf 91' lang='lat' dir='ltr'><strong>nostri</strong></span> <span class='ocrx_word' id='word_1_356' title='bbox 1679 655 1932 699; x_wconf 89' lang='lat' dir='ltr'><strong>praestiterint,</strong></span> <span class='ocrx_word' id='word_1_357' title='bbox 1959 659 2103 703; x_wconf 89' lang='lat' dir='ltr'><strong>aequius</strong></span> 
     </span>
     <span class='ocr_line' id='line_1_54' title="bbox 1117 706 2103 751; baseline 0.003 -12"><span class='ocrx_word' id='word_1_358' title='bbox 1117 714 1165 741; x_wconf 87' lang='lat' dir='ltr'><strong>est</strong></span> <span class='ocrx_word' id='word_1_359' title='bbox 1188 707 1331 740; x_wconf 90' lang='lat' dir='ltr'><strong>illorum</strong></span> <span class='ocrx_word' id='word_1_360' title='bbox 1356 718 1420 739; x_wconf 91' lang='lat' dir='ltr'><strong>nos</strong></span> <span class='ocrx_word' id='word_1_361' title='bbox 1445 707 1641 749; x_wconf 83' lang='lat' dir='ltr'><strong>exemplum</strong></span> <span class='ocrx_word' id='word_1_362' title='bbox 1666 706 1817 747; x_wconf 80' lang='lat' dir='ltr'><strong>imitarI,</strong></span> <span class='ocrx_word' id='word_1_363' title='bbox 1845 718 1949 751; x_wconf 88' lang='lat' dir='ltr'><strong>quam</strong></span> <span class='ocrx_word' id='word_1_364' title='bbox 1974 709 2016 740; x_wconf 86' lang='lat' dir='ltr'><strong>iis</strong></span> <span class='ocrx_word' id='word_1_365' title='bbox 2040 709 2103 742; x_wconf 92' lang='lat' dir='ltr'><strong>ob-</strong></span> 
     </span>
     <span class='ocr_line' id='line_1_55' title="bbox 1116 757 2103 802; baseline 0.002 -12"><span class='ocrx_word' id='word_1_366' title='bbox 1116 758 1234 802; x_wconf 88' lang='lat' dir='ltr'><strong>sequi,</strong></span> <span class='ocrx_word' id='word_1_367' title='bbox 1261 758 1321 802; x_wconf 90' lang='lat' dir='ltr'><strong>qui</strong></span> <span class='ocrx_word' id='word_1_368' title='bbox 1347 769 1420 790; x_wconf 88' lang='lat' dir='ltr'><strong>non</strong></span> <span class='ocrx_word' id='word_1_369' title='bbox 1444 758 1548 790; x_wconf 91' lang='lat' dir='ltr'><strong>modo</strong></span> <span class='ocrx_word' id='word_1_370' title='bbox 1573 757 1707 800; x_wconf 79' lang='lat' dir='ltr'><strong>legibus</strong></span> <span class='ocrx_word' id='word_1_371' title='bbox 1731 757 1821 789; x_wconf 90' lang='lat' dir='ltr'><strong>male</strong></span> <span class='ocrx_word' id='word_1_372' title='bbox 1846 758 1987 801; x_wconf 89' lang='lat' dir='ltr'><strong>propitii</strong></span> <span class='ocrx_word' id='word_1_373' title='bbox 2010 766 2103 800; x_wconf 87' lang='lat' dir='ltr'><strong>sunt,</strong></span> 
     </span>
     <span class='ocr_line' id='line_1_56' title="bbox 1116 808 2098 853; baseline 0.001 -12"><span class='ocrx_word' id='word_1_374' title='bbox 1116 809 1175 841; x_wconf 84' lang='lat' dir='ltr'><strong>sed</strong></span> <span class='ocrx_word' id='word_1_375' title='bbox 1207 820 1349 852; x_wconf 91' lang='lat' dir='ltr'><strong>prorsus</strong></span> <span class='ocrx_word' id='word_1_376' title='bbox 1381 820 1493 853; x_wconf 84' lang='lat' dir='ltr'><strong>neque</strong></span> <span class='ocrx_word' id='word_1_377' title='bbox 1519 808 1590 847; x_wconf 90' lang='lat' dir='ltr'><strong>ius,</strong></span> <span class='ocrx_word' id='word_1_378' title='bbox 1622 819 1735 852; x_wconf 87' lang='lat' dir='ltr'><strong>neque</strong></span> <span class='ocrx_word' id='word_1_379' title='bbox 1761 808 1893 841; x_wconf 87' lang='lat' dir='ltr'><strong>bonum</strong></span> <span class='ocrx_word' id='word_1_380' title='bbox 1919 815 2023 853; x_wconf 83' lang='lat' dir='ltr'><strong>atque</strong></span> <span class='ocrx_word' id='word_1_381' title='bbox 2045 822 2098 842; x_wconf 90' lang='lat' dir='ltr'><strong>ae-</strong></span> 
     </span>
     <span class='ocr_line' id='line_1_57' title="bbox 1115 858 2101 904; baseline 0.001 -13"><span class='ocrx_word' id='word_1_382' title='bbox 1115 871 1223 904; x_wconf 88' lang='lat' dir='ltr'><strong>quum</strong></span> <span class='ocrx_word' id='word_1_383' title='bbox 1250 859 1384 899; x_wconf 89' lang='lat' dir='ltr'><strong>sciunt,</strong></span> <span class='ocrx_word' id='word_1_384' title='bbox 1418 858 1543 891; x_wconf 85' lang='lat' dir='ltr'><strong>melius</strong></span> <span class='ocrx_word' id='word_1_385' title='bbox 1567 858 1685 902; x_wconf 78' lang='lat' dir='ltr'><strong>peiuS‚</strong></span> <span class='ocrx_word' id='word_1_386' title='bbox 1717 858 1847 903; x_wconf 88' lang='lat' dir='ltr'><strong>prosit,</strong></span> <span class='ocrx_word' id='word_1_387' title='bbox 1873 859 1985 900; x_wconf 92' lang='lat' dir='ltr'><strong>obsit,</strong></span> <span class='ocrx_word' id='word_1_388' title='bbox 2013 858 2101 892; x_wconf 82' lang='lat' dir='ltr'><strong>nihil</strong></span> 
     </span>
     <span class='ocr_line' id='line_1_58' title="bbox 1117 909 1579 954; baseline 0.002 -12"><span class='ocrx_word' id='word_1_389' title='bbox 1117 910 1255 950; x_wconf 70' lang='lat' dir='ltr'><strong>vident,</strong></span> <span class='ocrx_word' id='word_1_390' title='bbox 1283 909 1351 942; x_wconf 90' lang='lat' dir='ltr'><strong>nisi</strong></span> <span class='ocrx_word' id='word_1_391' title='bbox 1371 910 1464 954; x_wconf 89' lang='lat' dir='ltr'><strong>quod</strong></span> <span class='ocrx_word' id='word_1_392' title='bbox 1483 909 1579 943; x_wconf 84' lang='lat' dir='ltr'><strong>libet.</strong></span> 
     </span>
    </p>

    <p class='ocr_par' dir='ltr' id='par_1_4' title="bbox 1109 957 2103 1762">
     <span class='ocr_line' id='line_1_59' title="bbox 1215 957 2103 1004; baseline 0.002 -11"><span class='ocrx_word' id='word_1_393' title='bbox 1215 959 1331 993; x_wconf 84' lang='lat' dir='ltr'><strong>Poscit</strong></span> <span class='ocrx_word' id='word_1_394' title='bbox 1355 957 1411 993; x_wconf 83' lang='lat' dir='ltr'><strong>hic</strong></span> <span class='ocrx_word' id='word_1_395' title='bbox 1434 960 1548 999; x_wconf 90' lang='lat' dir='ltr'><strong>locus,</strong></span> <span class='ocrx_word' id='word_1_396' title='bbox 1582 967 1804 1004; x_wconf 83' lang='lat' dir='ltr'><strong>posteaquam</strong></span> <span class='ocrx_word' id='word_1_397' title='bbox 1828 961 2036 994; x_wconf 84' lang='lat' dir='ltr'><strong>sententiam</strong></span> <span class='ocrx_word' id='word_1_398' title='bbox 2061 963 2103 995; x_wconf 88' lang='lat' dir='ltr'><strong>de</strong></span> 
     </span>
     <span class='ocr_line' id='line_1_60' title="bbox 1114 1010 2103 1054; baseline 0.002 -12"><span class='ocrx_word' id='word_1_399' title='bbox 1114 1011 1249 1053; x_wconf 88' lang='lat' dir='ltr'><strong>legibus</strong></span> <span class='ocrx_word' id='word_1_400' title='bbox 1260 1017 1415 1044; x_wconf 87' lang='lat' dir='ltr'><strong>nostram</strong></span> <span class='ocrx_word' id='word_1_401' title='bbox 1427 1010 1662 1054; x_wconf 82' lang='lat' dir='ltr'><strong>exposuimus,</strong></span> <span class='ocrx_word' id='word_1_402' title='bbox 1679 1011 1959 1044; x_wconf 79' lang='lat' dir='ltr'><strong>adversariorum</strong></span> <span class='ocrx_word' id='word_1_403' title='bbox 1970 1012 2103 1044; x_wconf 86' lang='lat' dir='ltr'><strong>calum—</strong></span> 
     </span>
     <span class='ocr_line' id='line_1_61' title="bbox 1114 1060 2102 1106; baseline 0.001 -12"><span class='ocrx_word' id='word_1_404' title='bbox 1114 1062 1190 1094; x_wconf 85' lang='lat' dir='ltr'><strong>nias</strong></span> <span class='ocrx_word' id='word_1_405' title='bbox 1213 1062 1379 1095; x_wconf 82' lang='lat' dir='ltr'><strong>resutare:</strong></span> <span class='ocrx_word' id='word_1_406' title='bbox 1409 1073 1497 1106; x_wconf 91' lang='lat' dir='ltr'><strong>quae</strong></span> <span class='ocrx_word' id='word_1_407' title='bbox 1521 1060 1601 1105; x_wconf 89' lang='lat' dir='ltr'><strong>quia</strong></span> <span class='ocrx_word' id='word_1_408' title='bbox 1626 1060 1838 1094; x_wconf 82' lang='lat' dir='ltr'><strong>leviusculae</strong></span> <span class='ocrx_word' id='word_1_409' title='bbox 1862 1069 1894 1095; x_wconf 89' lang='lat' dir='ltr'><strong>et</strong></span> <span class='ocrx_word' id='word_1_410' title='bbox 1911 1074 1999 1106; x_wconf 86' lang='lat' dir='ltr'><strong>pene</strong></span> <span class='ocrx_word' id='word_1_411' title='bbox 2015 1063 2102 1095; x_wconf 89' lang='lat' dir='ltr'><strong>ridi-</strong></span> 
     </span>
     <span class='ocr_line' id='line_1_62' title="bbox 1113 1111 2101 1156; baseline 0.002 -11"><span class='ocrx_word' id='word_1_412' title='bbox 1113 1113 1210 1145; x_wconf 84' lang='lat' dir='ltr'><strong>culae</strong></span> <span class='ocrx_word' id='word_1_413' title='bbox 1225 1119 1324 1152; x_wconf 88' lang='lat' dir='ltr'><strong>sunt,</strong></span> <span class='ocrx_word' id='word_1_414' title='bbox 1352 1112 1472 1156; x_wconf 88' lang='lat' dir='ltr'><strong>paucis</strong></span> <span class='ocrx_word' id='word_1_415' title='bbox 1489 1124 1506 1144; x_wconf 88' lang='lat' dir='ltr'><strong>a</strong></span> <span class='ocrx_word' id='word_1_416' title='bbox 1523 1123 1578 1144; x_wconf 91' lang='lat' dir='ltr'><strong>me</strong></span> <span class='ocrx_word' id='word_1_417' title='bbox 1595 1111 1886 1155; x_wconf 86' lang='lat' dir='ltr'><strong>perstringentur.</strong></span> <span class='ocrx_word' id='word_1_418' title='bbox 1941 1112 2101 1153; x_wconf 85' lang='lat' dir='ltr'><strong>Mutilae‚</strong></span> 
     </span>
     <span class='ocr_line' id='line_1_63' title="bbox 1114 1159 2100 1208; baseline 0.002 -13"><span class='ocrx_word' id='word_1_419' title='bbox 1114 1163 1300 1208; x_wconf 88' lang='lat' dir='ltr'><strong>inquiunt,</strong></span> <span class='ocrx_word' id='word_1_420' title='bbox 1335 1163 1449 1206; x_wconf 86' lang='lat' dir='ltr'><strong>legum</strong></span> <span class='ocrx_word' id='word_1_421' title='bbox 1474 1159 1700 1206; x_wconf 84' lang='lat' dir='ltr'><strong>Rbapsodiae</strong></span> <span class='ocrx_word' id='word_1_422' title='bbox 1731 1169 1824 1197; x_wconf 86' lang='lat' dir='ltr'><strong>sunt.</strong></span> <span class='ocrx_word' id='word_1_423' title='bbox 1883 1162 2028 1196; x_wconf 84' lang='lat' dir='ltr'><strong>Publica</strong></span> <span class='ocrx_word' id='word_1_424' title='bbox 2062 1177 2100 1197; x_wconf 88' lang='lat' dir='ltr'><strong>ea</strong></span> 
     </span>
     <span class='ocr_line' id='line_1_64' title="bbox 1112 1213 2100 1258; baseline 0.002 -12"><span class='ocrx_word' id='word_1_425' title='bbox 1112 1214 1290 1247; x_wconf 84' lang='lat' dir='ltr'><strong>calamitas</strong></span> <span class='ocrx_word' id='word_1_426' title='bbox 1321 1221 1389 1254; x_wconf 90' lang='lat' dir='ltr'><strong>est,</strong></span> <span class='ocrx_word' id='word_1_427' title='bbox 1422 1225 1526 1258; x_wconf 90' lang='lat' dir='ltr'><strong>quam</strong></span> <span class='ocrx_word' id='word_1_428' title='bbox 1560 1213 1723 1246; x_wconf 89' lang='lat' dir='ltr'><strong>insectari</strong></span> <span class='ocrx_word' id='word_1_429' title='bbox 1752 1213 1897 1246; x_wconf 87' lang='lat' dir='ltr'><strong>minime</strong></span> <span class='ocrx_word' id='word_1_430' title='bbox 1924 1215 2100 1252; x_wconf 74' lang='lat' dir='ltr'><strong>convenit,</strong></span> 
     </span>
     <span class='ocr_line' id='line_1_65' title="bbox 1111 1261 2100 1308; baseline 0 -11"><span class='ocrx_word' id='word_1_431' title='bbox 1111 1265 1332 1298; x_wconf 89' lang='lat' dir='ltr'><strong>miserescere</strong></span> <span class='ocrx_word' id='word_1_432' title='bbox 1349 1271 1421 1298; x_wconf 90' lang='lat' dir='ltr'><strong>erat</strong></span> <span class='ocrx_word' id='word_1_433' title='bbox 1438 1262 1637 1297; x_wconf 82' lang='lat' dir='ltr'><strong>humanius.</strong></span> <span class='ocrx_word' id='word_1_434' title='bbox 1689 1261 1865 1308; x_wconf 86' lang='lat' dir='ltr'><strong>Optarent</strong></span> <span class='ocrx_word' id='word_1_435' title='bbox 1883 1271 1997 1297; x_wconf 91' lang='lat' dir='ltr'><strong>autem</strong></span> <span class='ocrx_word' id='word_1_436' title='bbox 2015 1266 2100 1298; x_wconf 87' lang='lat' dir='ltr'><strong>boni</strong></span> 
     </span>
     <span class='ocr_line' id='line_1_66' title="bbox 1111 1314 2098 1359; baseline 0.001 -12"><span class='ocrx_word' id='word_1_437' title='bbox 1111 1327 1252 1355; x_wconf 90' lang='lat' dir='ltr'><strong>omnes,</strong></span> <span class='ocrx_word' id='word_1_438' title='bbox 1281 1315 1309 1348; x_wconf 92' lang='lat' dir='ltr'><strong>si</strong></span> <span class='ocrx_word' id='word_1_439' title='bbox 1335 1315 1420 1359; x_wconf 88' lang='lat' dir='ltr'><strong>quid</strong></span> <span class='ocrx_word' id='word_1_440' title='bbox 1446 1314 1535 1347; x_wconf 88' lang='lat' dir='ltr'><strong>votis</strong></span> <span class='ocrx_word' id='word_1_441' title='bbox 1560 1314 1758 1358; x_wconf 86' lang='lat' dir='ltr'><strong>proficitur,</strong></span> <span class='ocrx_word' id='word_1_442' title='bbox 1785 1314 1919 1356; x_wconf 90' lang='lat' dir='ltr'><strong>integra</strong></span> <span class='ocrx_word' id='word_1_443' title='bbox 1942 1322 2098 1349; x_wconf 84' lang='lat' dir='ltr'><strong>veterum</strong></span> 
     </span>
     <span class='ocr_line' id='line_1_67' title="bbox 1113 1364 2098 1399; baseline 0.001 -1"><span class='ocrx_word' id='word_1_444' title='bbox 1113 1365 1436 1398; x_wconf 87' lang='lat' dir='ltr'><strong>lureconsultorum</strong></span> <span class='ocrx_word' id='word_1_445' title='bbox 1469 1365 1650 1397; x_wconf 80' lang='lat' dir='ltr'><strong>volumina</strong></span> <span class='ocrx_word' id='word_1_446' title='bbox 1675 1371 1802 1399; x_wconf 81' lang='lat' dir='ltr'><strong>extare.</strong></span> <span class='ocrx_word' id='word_1_447' title='bbox 1863 1364 1995 1398; x_wconf 59' lang='lat' dir='ltr'><strong>Verum</strong></span> <span class='ocrx_word' id='word_1_448' title='bbox 2020 1378 2098 1399; x_wconf 81' lang='lat' dir='ltr'><strong>cum</strong></span> 
     </span>
     <span class='ocr_line' id='line_1_68' title="bbox 1112 1413 2098 1460; baseline 0.003 -13"><span class='ocrx_word' id='word_1_449' title='bbox 1112 1413 1195 1448; x_wconf 88' lang='lat' dir='ltr'><strong>haec</strong></span> <span class='ocrx_word' id='word_1_450' title='bbox 1220 1422 1357 1448; x_wconf 88' lang='lat' dir='ltr'><strong>tantum</strong></span> <span class='ocrx_word' id='word_1_451' title='bbox 1376 1415 1590 1457; x_wconf 85' lang='lat' dir='ltr'><strong>fragmenta,</strong></span> <span class='ocrx_word' id='word_1_452' title='bbox 1617 1415 1757 1447; x_wconf 87' lang='lat' dir='ltr'><strong>fortuna</strong></span> <span class='ocrx_word' id='word_1_453' title='bbox 1777 1415 1880 1448; x_wconf 92' lang='lat' dir='ltr'><strong>nobis</strong></span> <span class='ocrx_word' id='word_1_454' title='bbox 1898 1416 2033 1460; x_wconf 88' lang='lat' dir='ltr'><strong>reliqua</strong></span> <span class='ocrx_word' id='word_1_455' title='bbox 2048 1417 2098 1450; x_wconf 86' lang='lat' dir='ltr'><strong>se-</strong></span> 
     </span>
     <span class='ocr_line' id='line_1_69' title="bbox 1110 1464 2098 1511; baseline 0.002 -13"><span class='ocrx_word' id='word_1_456' title='bbox 1110 1466 1212 1505; x_wconf 89' lang='lat' dir='ltr'><strong>cerit,</strong></span> <span class='ocrx_word' id='word_1_457' title='bbox 1241 1465 1387 1508; x_wconf 91' lang='lat' dir='ltr'><strong>impium</strong></span> <span class='ocrx_word' id='word_1_458' title='bbox 1413 1464 1535 1505; x_wconf 87' lang='lat' dir='ltr'><strong>fuerit,</strong></span> <span class='ocrx_word' id='word_1_459' title='bbox 1563 1465 1659 1497; x_wconf 82' lang='lat' dir='ltr'><strong>velut</strong></span> <span class='ocrx_word' id='word_1_460' title='bbox 1683 1477 1722 1497; x_wconf 88' lang='lat' dir='ltr'><strong>ex</strong></span> <span class='ocrx_word' id='word_1_461' title='bbox 1746 1465 1927 1508; x_wconf 84' lang='lat' dir='ltr'><strong>naufragio</strong></span> <span class='ocrx_word' id='word_1_462' title='bbox 1952 1467 2098 1511; x_wconf 84' lang='lat' dir='ltr'><strong>receptis</strong></span> 
     </span>
     <span class='ocr_line' id='line_1_70' title="bbox 1110 1514 2098 1558; baseline 0.003 -10"><span class='ocrx_word' id='word_1_463' title='bbox 1110 1514 1325 1558; x_wconf 88' lang='lat' dir='ltr'><strong>hospitibus,</strong></span> <span class='ocrx_word' id='word_1_464' title='bbox 1350 1516 1456 1548; x_wconf 88' lang='lat' dir='ltr'><strong>vitam</strong></span> <span class='ocrx_word' id='word_1_465' title='bbox 1474 1515 1650 1555; x_wconf 67' lang='lat' dir='ltr'><strong>invidere,</strong></span> <span class='ocrx_word' id='word_1_466' title='bbox 1678 1516 1879 1558; x_wconf 89' lang='lat' dir='ltr'><strong>praesertim</strong></span> <span class='ocrx_word' id='word_1_467' title='bbox 1897 1529 1969 1549; x_wconf 89' lang='lat' dir='ltr'><strong>non</strong></span> <span class='ocrx_word' id='word_1_468' title='bbox 1986 1518 2098 1551; x_wconf 90' lang='lat' dir='ltr'><strong>malis.</strong></span> 
     </span>
     <span class='ocr_line' id='line_1_71' title="bbox 1110 1563 2096 1611; baseline 0.002 -13"><span class='ocrx_word' id='word_1_469' title='bbox 1110 1565 1197 1599; x_wconf 87' lang='lat' dir='ltr'><strong>Nam</strong></span> <span class='ocrx_word' id='word_1_470' title='bbox 1236 1567 1297 1611; x_wconf 86' lang='lat' dir='ltr'><strong>qui</strong></span> <span class='ocrx_word' id='word_1_471' title='bbox 1332 1563 1417 1598; x_wconf 84' lang='lat' dir='ltr'><strong>haec</strong></span> <span class='ocrx_word' id='word_1_472' title='bbox 1448 1566 1757 1606; x_wconf 85' lang='lat' dir='ltr'><strong>consarcinarunt‚</strong></span> <span class='ocrx_word' id='word_1_473' title='bbox 1799 1566 1951 1609; x_wconf 86' lang='lat' dir='ltr'><strong>integras</strong></span> <span class='ocrx_word' id='word_1_474' title='bbox 1983 1574 2096 1601; x_wconf 86' lang='lat' dir='ltr'><strong>tamen</strong></span> 
     </span>
     <span class='ocr_line' id='line_1_72' title="bbox 1109 1616 2098 1661; baseline 0.003 -12"><span class='ocrx_word' id='word_1_475' title='bbox 1109 1617 1298 1650; x_wconf 87' lang='lat' dir='ltr'><strong>sententias</strong></span> <span class='ocrx_word' id='word_1_476' title='bbox 1324 1616 1445 1655; x_wconf 89' lang='lat' dir='ltr'><strong>nobis,</strong></span> <span class='ocrx_word' id='word_1_477' title='bbox 1471 1622 1505 1649; x_wconf 92' lang='lat' dir='ltr'><strong>et</strong></span> <span class='ocrx_word' id='word_1_478' title='bbox 1528 1616 1642 1659; x_wconf 85' lang='lat' dir='ltr'><strong>legum</strong></span> <span class='ocrx_word' id='word_1_479' title='bbox 1667 1616 1797 1659; x_wconf 88' lang='lat' dir='ltr'><strong>capita,</strong></span> <span class='ocrx_word' id='word_1_480' title='bbox 1823 1624 1993 1661; x_wconf 88' lang='lat' dir='ltr'><strong>quantum</strong></span> <span class='ocrx_word' id='word_1_481' title='bbox 2017 1620 2098 1652; x_wconf 87' lang='lat' dir='ltr'><strong>satis</strong></span> 
     </span>
     <span class='ocr_line' id='line_1_73' title="bbox 1110 1665 2097 1709; baseline 0.002 -9"><span class='ocrx_word' id='word_1_482' title='bbox 1110 1674 1199 1705; x_wconf 89' lang='lat' dir='ltr'><strong>erat,</strong></span> <span class='ocrx_word' id='word_1_483' title='bbox 1226 1667 1460 1701; x_wconf 89' lang='lat' dir='ltr'><strong>tradiderunt.</strong></span> <span class='ocrx_word' id='word_1_484' title='bbox 1514 1665 1566 1699; x_wconf 91' lang='lat' dir='ltr'><strong>De</strong></span> <span class='ocrx_word' id='word_1_485' title='bbox 1590 1667 1736 1709; x_wconf 82' lang='lat' dir='ltr'><strong>singulis</strong></span> <span class='ocrx_word' id='word_1_486' title='bbox 1762 1667 1899 1700; x_wconf 90' lang='lat' dir='ltr'><strong>casibus</strong></span> <span class='ocrx_word' id='word_1_487' title='bbox 1920 1669 2021 1701; x_wconf 84' lang='lat' dir='ltr'><strong>anxie</strong></span> <span class='ocrx_word' id='word_1_488' title='bbox 2039 1682 2097 1702; x_wconf 88' lang='lat' dir='ltr'><strong>su·-</strong></span> 
     </span>
     <span class='ocr_line' id='line_1_74' title="bbox 1110 1715 2095 1762; baseline 0.003 -12"><span class='ocrx_word' id='word_1_489' title='bbox 1110 1717 1376 1762; x_wconf 87' lang='lat' dir='ltr'><strong>perstitioseque</strong></span> <span class='ocrx_word' id='word_1_490' title='bbox 1407 1717 1617 1750; x_wconf 87' lang='lat' dir='ltr'><strong>constituere</strong></span> <span class='ocrx_word' id='word_1_491' title='bbox 1647 1715 1739 1749; x_wconf 89' lang='lat' dir='ltr'><strong>nihil</strong></span> <span class='ocrx_word' id='word_1_492' title='bbox 1771 1718 1895 1758; x_wconf 88' lang='lat' dir='ltr'><strong>refert,</strong></span> <span class='ocrx_word' id='word_1_493' title='bbox 1935 1720 2017 1752; x_wconf 83' lang='lat' dir='ltr'><strong>satis</strong></span> <span class='ocrx_word' id='word_1_494' title='bbox 2048 1728 2095 1753; x_wconf 84' lang='lat' dir='ltr'><strong>est</strong></span> 
     </span>
    </p>
   </div>
   <div class='ocr_carea' id='block_1_4' title="bbox 1081 1769 2096 1812">
    <p class='ocr_par' dir='ltr' id='par_1_5' title="bbox 1081 1769 2096 1812">
     <span class='ocr_line' id='line_1_75' title="bbox 1081 1769 2096 1812; baseline 0.002 -11"><span class='ocrx_word' id='word_1_495' title='bbox 1081 1777 1082 1781; x_wconf 59' lang='lat'>¹</span> <span class='ocrx_word' id='word_1_496' title='bbox 1109 1780 1233 1811; x_wconf 82' lang='lat' dir='ltr'><strong>genera</strong></span> <span class='ocrx_word' id='word_1_497' title='bbox 1265 1780 1383 1801; x_wconf 90' lang='lat' dir='ltr'><strong>rerum</strong></span> <span class='ocrx_word' id='word_1_498' title='bbox 1417 1774 1451 1801; x_wconf 83' lang='lat' dir='ltr'><strong>et</strong></span> <span class='ocrx_word' id='word_1_499' title='bbox 1481 1779 1685 1801; x_wconf 86' lang='lat' dir='ltr'><strong>communes</strong></span> <span class='ocrx_word' id='word_1_500' title='bbox 1717 1769 1885 1812; x_wconf 89' lang='lat' dir='ltr'><strong>quasdam</strong></span> <span class='ocrx_word' id='word_1_501' title='bbox 1914 1769 2096 1811; x_wconf 83' lang='lat' dir='ltr'><strong>formulas,</strong></span> 
     </span>
    </p>
   </div>
   <div class='ocr_carea' id='block_1_5' title="bbox 1106 1819 2095 2318">
    <p class='ocr_par' dir='ltr' id='par_1_6' title="bbox 1107 1819 2095 2121">
     <span class='ocr_line' id='line_1_76' title="bbox 1108 1819 2095 1866; baseline 0.001 -14"><span class='ocrx_word' id='word_1_502' title='bbox 1108 1820 1405 1864; x_wconf 85' lang='lat' dir='ltr'><strong>quemadmodum</strong></span> <span class='ocrx_word' id='word_1_503' title='bbox 1423 1819 1459 1850; x_wconf 93' lang='lat' dir='ltr'><strong>in</strong></span> <span class='ocrx_word' id='word_1_504' title='bbox 1476 1819 1553 1851; x_wconf 91' lang='lat' dir='ltr'><strong>aliis</strong></span> <span class='ocrx_word' id='word_1_505' title='bbox 1568 1819 1604 1852; x_wconf 86' lang='lat' dir='ltr'><strong>fit</strong></span> <span class='ocrx_word' id='word_1_506' title='bbox 1619 1819 1773 1859; x_wconf 88' lang='lat' dir='ltr'><strong>artibus,</strong></span> <span class='ocrx_word' id='word_1_507' title='bbox 1796 1819 1989 1863; x_wconf 87' lang='lat' dir='ltr'><strong>concipere,</strong></span> <span class='ocrx_word' id='word_1_508' title='bbox 2017 1822 2095 1866; x_wconf 93' lang='lat' dir='ltr'><strong>qui-</strong></span> 
     </span>
     <span class='ocr_line' id='line_1_77' title="bbox 1110 1869 2093 1910; baseline 0.003 -9"><span class='ocrx_word' id='word_1_509' title='bbox 1110 1871 1172 1903; x_wconf 81' lang='lat' dir='ltr'><strong>bus</strong></span> <span class='ocrx_word' id='word_1_510' title='bbox 1195 1870 1324 1903; x_wconf 87' lang='lat' dir='ltr'><strong>similia</strong></span> <span class='ocrx_word' id='word_1_511' title='bbox 1347 1870 1440 1902; x_wconf 91' lang='lat' dir='ltr'><strong>inter</strong></span> <span class='ocrx_word' id='word_1_512' title='bbox 1459 1881 1495 1901; x_wconf 90' lang='lat' dir='ltr'><strong>se</strong></span> <span class='ocrx_word' id='word_1_513' title='bbox 1518 1869 1608 1902; x_wconf 87' lang='lat' dir='ltr'><strong>facta</strong></span> <span class='ocrx_word' id='word_1_514' title='bbox 1625 1869 1830 1910; x_wconf 85' lang='lat' dir='ltr'><strong>metiamur,</strong></span> <span class='ocrx_word' id='word_1_515' title='bbox 1858 1882 1920 1910; x_wconf 90' lang='lat' dir='ltr'><strong>ne,</strong></span> <span class='ocrx_word' id='word_1_516' title='bbox 1943 1871 1969 1902; x_wconf 86' lang='lat' dir='ltr'><strong>si</strong></span> <span class='ocrx_word' id='word_1_517' title='bbox 1988 1883 2040 1904; x_wconf 80' lang='lat' dir='ltr'><strong>res</strong></span> <span class='ocrx_word' id='word_1_518' title='bbox 2059 1872 2093 1904; x_wconf 84' lang='lat' dir='ltr'><strong>iu</strong></span> 
     </span>
     <span class='ocr_line' id='line_1_78' title="bbox 1110 1920 2093 1965; baseline 0.002 -12"><span class='ocrx_word' id='word_1_519' title='bbox 1110 1921 1318 1953; x_wconf 87' lang='lat' dir='ltr'><strong>immensum</strong></span> <span class='ocrx_word' id='word_1_520' title='bbox 1345 1926 1492 1960; x_wconf 89' lang='lat' dir='ltr'><strong>crescat,</strong></span> <span class='ocrx_word' id='word_1_521' title='bbox 1522 1932 1626 1953; x_wconf 88' lang='lat' dir='ltr'><strong>nemo</strong></span> <span class='ocrx_word' id='word_1_522' title='bbox 1650 1920 1816 1965; x_wconf 87' lang='lat' dir='ltr'><strong>consequi</strong></span> <span class='ocrx_word' id='word_1_523' title='bbox 1841 1921 1959 1964; x_wconf 86' lang='lat' dir='ltr'><strong>possit.</strong></span> <span class='ocrx_word' id='word_1_524' title='bbox 2022 1921 2093 1956; x_wconf 90' lang='lat' dir='ltr'><strong>De-</strong></span> 
     </span>
     <span class='ocr_line' id='line_1_79' title="bbox 1109 1971 2095 2014; baseline 0.004 -12"><span class='ocrx_word' id='word_1_525' title='bbox 1109 1972 1188 2004; x_wconf 86' lang='lat' dir='ltr'><strong>inde</strong></span> <span class='ocrx_word' id='word_1_526' title='bbox 1213 1972 1249 2004; x_wconf 92' lang='lat' dir='ltr'><strong>in</strong></span> <span class='ocrx_word' id='word_1_527' title='bbox 1274 1971 1409 2014; x_wconf 88' lang='lat' dir='ltr'><strong>legibus</strong></span> <span class='ocrx_word' id='word_1_528' title='bbox 1435 1971 1600 2004; x_wconf 89' lang='lat' dir='ltr'><strong>omnibus</strong></span> <span class='ocrx_word' id='word_1_529' title='bbox 1626 1982 1679 2003; x_wconf 90' lang='lat' dir='ltr'><strong>res</strong></span> <span class='ocrx_word' id='word_1_530' title='bbox 1702 1971 1792 2013; x_wconf 83' lang='lat' dir='ltr'><strong>cogit</strong></span> <span class='ocrx_word' id='word_1_531' title='bbox 1808 1971 2012 2004; x_wconf 66' lang='lat' dir='ltr'><strong>brevitatem</strong></span> <span class='ocrx_word' id='word_1_532' title='bbox 2031 1975 2095 2006; x_wconf 84' lang='lat' dir='ltr'><strong>ad-</strong></span> 
     </span>
     <span class='ocr_line' id='line_1_80' title="bbox 1108 2021 2091 2067; baseline 0.001 -12"><span class='ocrx_word' id='word_1_533' title='bbox 1108 2022 1254 2062; x_wconf 81' lang='lat' dir='ltr'><strong>sectare,</strong></span> <span class='ocrx_word' id='word_1_534' title='bbox 1279 2029 1317 2055; x_wconf 88' lang='lat' dir='ltr'><strong>ut</strong></span> <span class='ocrx_word' id='word_1_535' title='bbox 1338 2021 1465 2054; x_wconf 88' lang='lat' dir='ltr'><strong>animis</strong></span> <span class='ocrx_word' id='word_1_536' title='bbox 1489 2021 1628 2054; x_wconf 85' lang='lat' dir='ltr'><strong>facilius</strong></span> <span class='ocrx_word' id='word_1_537' title='bbox 1653 2021 1749 2064; x_wconf 86' lang='lat' dir='ltr'><strong>infigi</strong></span> <span class='ocrx_word' id='word_1_538' title='bbox 1775 2022 1909 2065; x_wconf 88' lang='lat' dir='ltr'><strong>possint</strong></span> <span class='ocrx_word' id='word_1_539' title='bbox 1927 2029 2091 2067; x_wconf 83' lang='lat' dir='ltr'><strong>tanquam</strong></span> 
     </span>
     <span class='ocr_line' id='line_1_81' title="bbox 1107 2070 1531 2121; baseline -0.005 -15"><span class='ocrx_word' id='word_1_540' title='bbox 1107 2073 1224 2121; x_wconf 71' lang='lat' dir='ltr'><strong>brevia</strong></span> <span class='ocrx_word' id='word_1_541' title='bbox 1242 2070 1531 2119; x_wconf 71' lang='grc' dir='ltr'><strong>ἀποφθέγματα.</strong></span> 
     </span>
    </p>

    <p class='ocr_par' dir='ltr' id='par_1_7' title="bbox 1106 2122 2093 2318">
     <span class='ocr_line' id='line_1_82' title="bbox 1208 2122 2093 2166; baseline 0.001 -10"><span class='ocrx_word' id='word_1_542' title='bbox 1208 2122 1276 2157; x_wconf 91' lang='lat' dir='ltr'><strong>Sed</strong></span> <span class='ocrx_word' id='word_1_543' title='bbox 1294 2123 1513 2166; x_wconf 85' lang='lat' dir='ltr'><strong>ogganniunt</strong></span> <span class='ocrx_word' id='word_1_544' title='bbox 1527 2122 1728 2162; x_wconf 78' lang='lat' dir='ltr'><strong>adversarii,</strong></span> <span class='ocrx_word' id='word_1_545' title='bbox 1751 2122 1875 2156; x_wconf 92' lang='lat' dir='ltr'><strong>obruta</strong></span> <span class='ocrx_word' id='word_1_546' title='bbox 1892 2135 1963 2156; x_wconf 85' lang='lat' dir='ltr'><strong>esse</strong></span> <span class='ocrx_word' id='word_1_547' title='bbox 1974 2126 2093 2158; x_wconf 81' lang='lat' dir='ltr'><strong>omnia</strong></span> 
     </span>
     <span class='ocr_line' id='line_1_83' title="bbox 1107 2173 2092 2218; baseline 0.001 -11"><span class='ocrx_word' id='word_1_548' title='bbox 1107 2181 1138 2207; x_wconf 87' lang='lat' dir='ltr'><strong>et</strong></span> <span class='ocrx_word' id='word_1_549' title='bbox 1162 2181 1390 2218; x_wconf 84' lang='lat' dir='ltr'><strong>conspurcata</strong></span> <span class='ocrx_word' id='word_1_550' title='bbox 1408 2173 1558 2206; x_wconf 86' lang='lat' dir='ltr'><strong>sordidis</strong></span> <span class='ocrx_word' id='word_1_551' title='bbox 1575 2173 1804 2216; x_wconf 89' lang='lat' dir='ltr'><strong>interpretum</strong></span> <span class='ocrx_word' id='word_1_552' title='bbox 1823 2175 2092 2208; x_wconf 85' lang='lat' dir='ltr'><strong>commentariis.</strong></span> 
     </span>
     <span class='ocr_line' id='line_1_84' title="bbox 1106 2223 2092 2267; baseline 0 -10"><span class='ocrx_word' id='word_1_553' title='bbox 1106 2223 1179 2267; x_wconf 79' lang='lat' dir='ltr'><strong>Ego</strong></span> <span class='ocrx_word' id='word_1_554' title='bbox 1203 2237 1285 2258; x_wconf 81' lang='lat' dir='ltr'><strong>vero</strong></span> <span class='ocrx_word' id='word_1_555' title='bbox 1311 2224 1483 2258; x_wconf 84' lang='lat' dir='ltr'><strong>Romanis</strong></span> <span class='ocrx_word' id='word_1_556' title='bbox 1508 2224 1641 2266; x_wconf 78' lang='lat' dir='ltr'><strong>legibus</strong></span> <span class='ocrx_word' id='word_1_557' title='bbox 1666 2224 1882 2267; x_wconf 87' lang='lat' dir='ltr'><strong>patrocinor,</strong></span> <span class='ocrx_word' id='word_1_558' title='bbox 1911 2237 1982 2257; x_wconf 90' lang='lat' dir='ltr'><strong>non</strong></span> <span class='ocrx_word' id='word_1_559' title='bbox 2006 2238 2092 2258; x_wconf 86' lang='lat' dir='ltr'><strong>neo-</strong></span> 
     </span>
     <span class='ocr_line' id='line_1_85' title="bbox 1107 2275 2091 2318; baseline 0.002 -11"><span class='ocrx_word' id='word_1_560' title='bbox 1107 2275 1221 2308; x_wconf 87' lang='lat' dir='ltr'><strong>tericis</strong></span> <span class='ocrx_word' id='word_1_561' title='bbox 1236 2275 1501 2318; x_wconf 82' lang='lat' dir='ltr'><strong>interpretibus:</strong></span> <span class='ocrx_word' id='word_1_562' title='bbox 1528 2286 1692 2318; x_wconf 88' lang='lat' dir='ltr'><strong>quorum,</strong></span> <span class='ocrx_word' id='word_1_563' title='bbox 1720 2275 1746 2306; x_wconf 92' lang='lat' dir='ltr'><strong>si</strong></span> <span class='ocrx_word' id='word_1_564' title='bbox 1760 2276 1922 2318; x_wconf 89' lang='lat' dir='ltr'><strong>prodesse</strong></span> <span class='ocrx_word' id='word_1_565' title='bbox 1938 2276 2091 2317; x_wconf 83' lang='lat' dir='ltr'><strong>voluere,</strong></span> 
     </span>
    </p>
   </div>
   <div class='ocr_carea' id='block_1_6' title="bbox 64 2325 2090 2431">
    <p class='ocr_par' dir='ltr' id='par_1_8' title="bbox 64 2325 2090 2431">
     <span class='ocr_line' id='line_1_86' title="bbox 64 2325 2090 2379; baseline -0 -19"><span class='ocrx_word' id='word_1_566' title='bbox 64 2333 196 2361; x_wconf 86' lang='lat' dir='ltr'><strong>statuae</strong></span> <span class='ocrx_word' id='word_1_567' title='bbox 221 2326 412 2364; x_wconf 81' lang='lat' dir='ltr'><strong>delectant,</strong></span> <span class='ocrx_word' id='word_1_568' title='bbox 440 2337 548 2370; x_wconf 85' lang='lat' dir='ltr'><strong>eaque</strong></span> <span class='ocrx_word' id='word_1_569' title='bbox 572 2336 704 2358; x_wconf 89' lang='lat' dir='ltr'><strong>summa</strong></span> <span class='ocrx_word' id='word_1_570' title='bbox 731 2338 812 2359; x_wconf 89' lang='lat' dir='ltr'><strong>cura</strong></span> <span class='ocrx_word' id='word_1_571' title='bbox 831 2332 1050 2359; x_wconf 76' lang='lat' dir='ltr'><strong>conservant.</strong></span> <span class='ocrx_word' id='word_1_572' title='bbox 1076 2338 1079 2379; x_wconf 70' lang='grc'>1</span> <span class='ocrx_word' id='word_1_573' title='bbox 1105 2327 1304 2358; x_wconf 78' lang='lat' dir='ltr'><strong>laudandus</strong></span> <span class='ocrx_word' id='word_1_574' title='bbox 1322 2333 1369 2357; x_wconf 84' lang='lat' dir='ltr'><strong>est</strong></span> <span class='ocrx_word' id='word_1_575' title='bbox 1387 2331 1550 2361; x_wconf 78' lang='lat' dir='ltr'><strong>conatus,</strong></span> <span class='ocrx_word' id='word_1_576' title='bbox 1579 2332 1611 2358; x_wconf 90' lang='lat' dir='ltr'><strong>et</strong></span> <span class='ocrx_word' id='word_1_577' title='bbox 1627 2332 1742 2357; x_wconf 86' lang='lat' dir='ltr'><strong>tamen</strong></span> <span class='ocrx_word' id='word_1_578' title='bbox 1759 2325 1925 2370; x_wconf 86' lang='lat' dir='ltr'><strong>quicquid</strong></span> <span class='ocrx_word' id='word_1_579' title='bbox 1945 2326 2021 2360; x_wconf 90' lang='lat' dir='ltr'><strong>istic</strong></span> <span class='ocrx_word' id='word_1_580' title='bbox 2038 2328 2090 2359; x_wconf 64' lang='lat' dir='ltr'><strong>vi-</strong></span> 
     </span>
     <span class='ocr_line' id='line_1_87' title="bbox 65 2375 2090 2431; baseline 0 -21"><span class='ocrx_word' id='word_1_581' title='bbox 65 2377 184 2420; x_wconf 81' lang='lat' dir='ltr'><strong>Quae,</strong></span> <span class='ocrx_word' id='word_1_582' title='bbox 220 2376 376 2416; x_wconf 79' lang='lat' dir='ltr'><strong>malum,</strong></span> <span class='ocrx_word' id='word_1_583' title='bbox 411 2377 588 2409; x_wconf 81' lang='lat' dir='ltr'><strong>barbaries</strong></span> <span class='ocrx_word' id='word_1_584' title='bbox 620 2382 688 2414; x_wconf 91' lang='lat' dir='ltr'><strong>est,</strong></span> <span class='ocrx_word' id='word_1_585' title='bbox 726 2377 831 2419; x_wconf 75' lang='lat' dir='ltr'><strong>leges,</strong></span> <span class='ocrx_word' id='word_1_586' title='bbox 864 2376 1050 2421; x_wconf 85' lang='lat' dir='ltr'><strong>plusquam</strong></span> <span class='ocrx_word' id='word_1_587' title='bbox 1076 2380 1080 2431; x_wconf 50' lang='lat' dir='ltr'>j</span> <span class='ocrx_word' id='word_1_588' title='bbox 1106 2377 1143 2410; x_wconf 87' lang='lat' dir='ltr'><strong>tii</strong></span> <span class='ocrx_word' id='word_1_589' title='bbox 1169 2384 1237 2416; x_wconf 79' lang='lat' dir='ltr'><strong>est,</strong></span> <span class='ocrx_word' id='word_1_590' title='bbox 1265 2377 1298 2408; x_wconf 85' lang='lat' dir='ltr'><strong>id</strong></span> <span class='ocrx_word' id='word_1_591' title='bbox 1323 2376 1528 2408; x_wconf 81' lang='lat' dir='ltr'><strong>uuiversum</strong></span> <span class='ocrx_word' id='word_1_592' title='bbox 1552 2375 1657 2407; x_wconf 89' lang='lat' dir='ltr'><strong>semel</strong></span> <span class='ocrx_word' id='word_1_593' title='bbox 1680 2375 1815 2419; x_wconf 90' lang='lat' dir='ltr'><strong>imputo</strong></span> <span class='ocrx_word' id='word_1_594' title='bbox 1839 2376 1996 2409; x_wconf 86' lang='lat' dir='ltr'><strong>inscitiae</strong></span> <span class='ocrx_word' id='word_1_595' title='bbox 2022 2375 2090 2410; x_wconf 90' lang='lat' dir='ltr'><strong>hu-</strong></span> 
     </span>
    </p>
   </div>
   <div class='ocr_carea' id='block_1_7' title="bbox 63 2424 1050 2519">
    <p class='ocr_par' dir='ltr' id='par_1_9' title="bbox 63 2424 1050 2519">
     <span class='ocr_line' id='line_1_88' title="bbox 63 2424 1050 2470; baseline -0.004 -7"><span class='ocrx_word' id='word_1_596' title='bbox 63 2439 208 2462; x_wconf 81' lang='lat' dir='ltr'><strong>aureum</strong></span> <span class='ocrx_word' id='word_1_597' title='bbox 227 2424 483 2470; x_wconf 86' lang='lat' dir='ltr'><strong>pulcherrimae</strong></span> <span class='ocrx_word' id='word_1_598' title='bbox 497 2427 596 2460; x_wconf 89' lang='lat' dir='ltr'><strong>urbis</strong></span> <span class='ocrx_word' id='word_1_599' title='bbox 612 2434 880 2460; x_wconf 84' lang='lat' dir='ltr'><strong>monumentum</strong></span> <span class='ocrx_word' id='word_1_600' title='bbox 891 2453 898 2467; x_wconf 87' lang='lat'><strong>,</strong></span> <span class='ocrx_word' id='word_1_601' title='bbox 926 2434 958 2459; x_wconf 89' lang='lat' dir='ltr'><strong>et</strong></span> <span class='ocrx_word' id='word_1_602' title='bbox 973 2439 1050 2469; x_wconf 88' lang='lat' dir='ltr'><strong>ger-</strong></span> 
     </span>
     <span class='ocr_line' id='line_1_89' title="bbox 64 2474 1050 2519; baseline -0.002 -7"><span class='ocrx_word' id='word_1_603' title='bbox 64 2491 203 2512; x_wconf 87' lang='lat' dir='ltr'><strong>manam</strong></span> <span class='ocrx_word' id='word_1_604' title='bbox 223 2474 346 2512; x_wconf 66' lang='grc' dir='ltr'><em>εἰκόνα</em></span> <span class='ocrx_word' id='word_1_605' title='bbox 365 2477 578 2510; x_wconf 74' lang='lat' dir='ltr'><strong>obliterare?</strong></span> <span class='ocrx_word' id='word_1_606' title='bbox 618 2476 773 2519; x_wconf 86' lang='lat' dir='ltr'><strong>Quidam</strong></span> <span class='ocrx_word' id='word_1_607' title='bbox 793 2478 967 2510; x_wconf 85' lang='lat' dir='ltr'><strong>clarorum</strong></span> <span class='ocrx_word' id='word_1_608' title='bbox 985 2475 1050 2510; x_wconf 86' lang='lat' dir='ltr'><strong>ho-</strong></span> 
     </span>
    </p>
   </div>
   <div class='ocr_carea' id='block_1_8' title="bbox 1105 2426 2089 2522">
    <p class='ocr_par' dir='ltr' id='par_1_10' title="bbox 1105 2426 2089 2522">
     <span class='ocr_line' id='line_1_90' title="bbox 1106 2426 2089 2472; baseline 0.001 -13"><span class='ocrx_word' id='word_1_609' title='bbox 1106 2427 1285 2461; x_wconf 82' lang='lat' dir='ltr'><strong>manitatis</strong></span> <span class='ocrx_word' id='word_1_610' title='bbox 1302 2434 1333 2460; x_wconf 93' lang='lat' dir='ltr'><strong>et</strong></span> <span class='ocrx_word' id='word_1_611' title='bbox 1350 2426 1560 2468; x_wconf 80' lang='lat' dir='ltr'><strong>elegantium</strong></span> <span class='ocrx_word' id='word_1_612' title='bbox 1577 2426 1773 2460; x_wconf 86' lang='lat' dir='ltr'><strong>literarum:</strong></span> <span class='ocrx_word' id='word_1_613' title='bbox 1799 2427 1926 2471; x_wconf 89' lang='lat' dir='ltr'><strong>quibus</strong></span> <span class='ocrx_word' id='word_1_614' title='bbox 1940 2428 1998 2472; x_wconf 87' lang='lat' dir='ltr'><strong>qui</strong></span> <span class='ocrx_word' id='word_1_615' title='bbox 2018 2440 2089 2460; x_wconf 83' lang='lat' dir='ltr'><strong>non</strong></span> 
     </span>
     <span class='ocr_line' id='line_1_91' title="bbox 1105 2474 2089 2522; baseline 0 -11"><span class='ocrx_word' id='word_1_616' title='bbox 1105 2485 1185 2511; x_wconf 92' lang='lat' dir='ltr'><strong>sunt</strong></span> <span class='ocrx_word' id='word_1_617' title='bbox 1209 2477 1393 2522; x_wconf 80' lang='lat' dir='ltr'><strong>perpoliti,</strong></span> <span class='ocrx_word' id='word_1_618' title='bbox 1420 2474 1454 2509; x_wconf 80' lang='lat' dir='ltr'><strong>lii</strong></span> <span class='ocrx_word' id='word_1_619' title='bbox 1482 2474 1595 2509; x_wconf 85' lang='lat' dir='ltr'><strong>nihilo</strong></span> <span class='ocrx_word' id='word_1_620' title='bbox 1622 2478 1662 2509; x_wconf 92' lang='lat' dir='ltr'><strong>ad</strong></span> <span class='ocrx_word' id='word_1_621' title='bbox 1691 2478 1888 2509; x_wconf 84' lang='lat' dir='ltr'><strong>tractandas</strong></span> <span class='ocrx_word' id='word_1_622' title='bbox 1912 2478 2089 2519; x_wconf 71' lang='lat' dir='ltr'><strong>graviores</strong></span> 
     </span>
    </p>
   </div>
   <div class='ocr_carea' id='block_1_9' title="bbox 65 2527 2086 2586">
    <p class='ocr_par' dir='ltr' id='par_1_11' title="bbox 65 2527 2086 2586">
     <span class='ocr_line' id='line_1_92' title="bbox 65 2527 2086 2586; baseline -0.001 -24"><span class='ocrx_word' id='word_1_623' title='bbox 65 2530 201 2562; x_wconf 90' lang='lat' dir='ltr'><strong>minum</strong></span> <span class='ocrx_word' id='word_1_624' title='bbox 226 2529 408 2562; x_wconf 84' lang='lat' dir='ltr'><strong>sententiis</strong></span> <span class='ocrx_word' id='word_1_625' title='bbox 426 2528 530 2561; x_wconf 88' lang='lat' dir='ltr'><strong>unice</strong></span> <span class='ocrx_word' id='word_1_626' title='bbox 550 2528 755 2571; x_wconf 88' lang='lat' dir='ltr'><strong>capiuntur,</strong></span> <span class='ocrx_word' id='word_1_627' title='bbox 786 2528 976 2572; x_wconf 83' lang='lat' dir='ltr'><strong>parietibus</strong></span> <span class='ocrx_word' id='word_1_628' title='bbox 994 2528 1049 2560; x_wconf 90' lang='lat' dir='ltr'><strong>in-</strong></span> <span class='ocrx_word' id='word_1_629' title='bbox 1075 2535 1078 2586; x_wconf 53' lang='grc'><strong>4</strong></span> <span class='ocrx_word' id='word_1_630' title='bbox 1105 2529 1322 2572; x_wconf 81' lang='lat' dir='ltr'><strong>disciplinas,</strong></span> <span class='ocrx_word' id='word_1_631' title='bbox 1365 2527 1474 2570; x_wconf 86' lang='lat' dir='ltr'><strong>magis</strong></span> <span class='ocrx_word' id='word_1_632' title='bbox 1499 2527 1649 2571; x_wconf 85' lang='lat' dir='ltr'><strong>adpositi</strong></span> <span class='ocrx_word' id='word_1_633' title='bbox 1673 2535 1753 2560; x_wconf 90' lang='lat' dir='ltr'><strong>sunt</strong></span> <span class='ocrx_word' id='word_1_634' title='bbox 1775 2539 1880 2572; x_wconf 90' lang='lat' dir='ltr'><strong>quam</strong></span> <span class='ocrx_word' id='word_1_635' title='bbox 1907 2529 1948 2561; x_wconf 90' lang='lat' dir='ltr'><strong>ad</strong></span> <span class='ocrx_word' id='word_1_636' title='bbox 1978 2529 2086 2573; x_wconf 69' lang='lat' dir='ltr'><strong>lyram</strong></span> 
     </span>
    </p>
   </div>
   <div class='ocr_carea' id='block_1_10' title="bbox 64 2579 1077 2621">
    <p class='ocr_par' dir='ltr' id='par_1_12' title="bbox 64 2579 1077 2621">
     <span class='ocr_line' id='line_1_93' title="bbox 64 2579 1077 2621; baseline -0.002 -8"><span class='ocrx_word' id='word_1_637' title='bbox 64 2580 242 2618; x_wconf 85' lang='lat' dir='ltr'><strong>scribunt,</strong></span> <span class='ocrx_word' id='word_1_638' title='bbox 280 2579 421 2612; x_wconf 88' lang='lat' dir='ltr'><strong>annulis</strong></span> <span class='ocrx_word' id='word_1_639' title='bbox 451 2579 672 2621; x_wconf 89' lang='lat' dir='ltr'><strong>insculpunt,</strong></span> <span class='ocrx_word' id='word_1_640' title='bbox 709 2579 855 2612; x_wconf 84' lang='lat' dir='ltr'><strong>illinunt</strong></span> <span class='ocrx_word' id='word_1_641' title='bbox 885 2579 1050 2612; x_wconf 84' lang='lat' dir='ltr'><strong>omnihus</strong></span> <span class='ocrx_word' id='word_1_642' title='bbox 1075 2598 1077 2604; x_wconf 47' lang='grc' dir='ltr'><strong>ν</strong></span> 
     </span>
    </p>
   </div>
   <div class='ocr_carea' id='block_1_11' title="bbox 63 2628 1050 2766">
    <p class='ocr_par' dir='ltr' id='par_1_13' title="bbox 63 2628 1050 2766">
     <span class='ocr_line' id='line_1_94' title="bbox 64 2628 1050 2675; baseline -0.002 -12"><span class='ocrx_word' id='word_1_643' title='bbox 64 2628 210 2670; x_wconf 82' lang='lat' dir='ltr'><strong>chartis,</strong></span> <span class='ocrx_word' id='word_1_644' title='bbox 237 2630 335 2675; x_wconf 84' lang='lat' dir='ltr'><strong>siqua</strong></span> <span class='ocrx_word' id='word_1_645' title='bbox 360 2630 545 2673; x_wconf 85' lang='lat' dir='ltr'><strong>insigniter</strong></span> <span class='ocrx_word' id='word_1_646' title='bbox 567 2629 708 2673; x_wconf 88' lang='lat' dir='ltr'><strong>placuit.</strong></span> <span class='ocrx_word' id='word_1_647' title='bbox 762 2629 801 2663; x_wconf 92' lang='lat' dir='ltr'><strong>In</strong></span> <span class='ocrx_word' id='word_1_648' title='bbox 827 2628 880 2663; x_wconf 89' lang='lat' dir='ltr'><strong>his</strong></span> <span class='ocrx_word' id='word_1_649' title='bbox 897 2630 1050 2663; x_wconf 74' lang='lat' dir='ltr'><strong>volumi-</strong></span> 
     </span>
     <span class='ocr_line' id='line_1_95' title="bbox 63 2680 1047 2725; baseline -0.001 -11"><span class='ocrx_word' id='word_1_650' title='bbox 63 2681 170 2715; x_wconf 90' lang='lat' dir='ltr'><strong>nibus</strong></span> <span class='ocrx_word' id='word_1_651' title='bbox 192 2687 244 2714; x_wconf 89' lang='lat' dir='ltr'><strong>tot</strong></span> <span class='ocrx_word' id='word_1_652' title='bbox 267 2687 384 2715; x_wconf 84' lang='lat' dir='ltr'><strong>extant</strong></span> <span class='ocrx_word' id='word_1_653' title='bbox 402 2692 568 2725; x_wconf 88' lang='lat' dir='ltr'><strong>gnomae,</strong></span> <span class='ocrx_word' id='word_1_654' title='bbox 595 2687 679 2725; x_wconf 87' lang='lat' dir='ltr'><strong>quot</strong></span> <span class='ocrx_word' id='word_1_655' title='bbox 699 2681 789 2725; x_wconf 86' lang='lat' dir='ltr'><strong>leges</strong></span> <span class='ocrx_word' id='word_1_656' title='bbox 806 2687 923 2715; x_wconf 88' lang='lat' dir='ltr'><strong>erutae</strong></span> <span class='ocrx_word' id='word_1_657' title='bbox 939 2693 978 2714; x_wconf 85' lang='lat' dir='ltr'><strong>ex</strong></span> <span class='ocrx_word' id='word_1_658' title='bbox 994 2680 1047 2713; x_wconf 78' lang='lat' dir='ltr'><strong>in-</strong></span> 
     </span>
     <span class='ocr_line' id='line_1_96' title="bbox 117 2732 590 2766; baseline 0 -1"><span class='ocrx_word' id='word_1_659' title='bbox 117 2734 292 2766; x_wconf 72' lang='lat' dir='ltr'><strong>MtLAxTu.</strong></span> <span class='ocrx_word' id='word_1_660' title='bbox 312 2734 415 2765; x_wconf 71' lang='lat' dir='ltr'><strong>Orza.</strong></span> <span class='ocrx_word' id='word_1_661' title='bbox 432 2733 512 2765; x_wconf 64' lang='lat' dir='ltr'><strong>Vol..</strong></span> <span class='ocrx_word' id='word_1_662' title='bbox 530 2732 590 2765; x_wconf 86' lang='grc' dir='ltr'><strong>ΧῙ.</strong></span> 
     </span>
    </p>
   </div>
   <div class='ocr_carea' id='block_1_12' title="bbox 1103 2577 2088 2613">
    <p class='ocr_par' dir='ltr' id='par_1_14' title="bbox 1103 2577 2088 2613">
     <span class='ocr_line' id='line_1_97' title="bbox 1103 2577 2088 2613; baseline -0.002 -1"><span class='ocrx_word' id='word_1_663' title='bbox 1103 2580 1232 2613; x_wconf 80' lang='lat' dir='ltr'><strong>asinus.</strong></span> <span class='ocrx_word' id='word_1_664' title='bbox 1277 2579 1434 2612; x_wconf 88' lang='lat' dir='ltr'><strong>Primum</strong></span> <span class='ocrx_word' id='word_1_665' title='bbox 1452 2578 1544 2610; x_wconf 87' lang='lat' dir='ltr'><strong>enim</strong></span> <span class='ocrx_word' id='word_1_666' title='bbox 1562 2590 1638 2610; x_wconf 78' lang='lat' dir='ltr'><strong>cuin</strong></span> <span class='ocrx_word' id='word_1_667' title='bbox 1650 2577 1811 2612; x_wconf 82' lang='lat' dir='ltr'><strong>Romano</strong></span> <span class='ocrx_word' id='word_1_668' title='bbox 1829 2589 1988 2611; x_wconf 82' lang='lat' dir='ltr'><strong>sermone</strong></span> <span class='ocrx_word' id='word_1_669' title='bbox 2005 2592 2088 2611; x_wconf 78' lang='lat' dir='ltr'><strong>cou-</strong></span> 
     </span>
    </p>
   </div>
   <div class='ocr_carea' id='block_1_13' title="bbox 1103 2629 2087 2674">
    <p class='ocr_par' dir='ltr' id='par_1_15' title="bbox 1103 2629 2087 2674">
     <span class='ocr_line' id='line_1_98' title="bbox 1103 2629 2087 2674; baseline -0.001 -12"><span class='ocrx_word' id='word_1_670' title='bbox 1103 2630 1251 2674; x_wconf 87' lang='lat' dir='ltr'><strong>scriptae</strong></span> <span class='ocrx_word' id='word_1_671' title='bbox 1267 2630 1337 2663; x_wconf 88' lang='lat' dir='ltr'><strong>sint</strong></span> <span class='ocrx_word' id='word_1_672' title='bbox 1354 2629 1459 2671; x_wconf 76' lang='lat' dir='ltr'><strong>leges,</strong></span> <span class='ocrx_word' id='word_1_673' title='bbox 1487 2629 1663 2673; x_wconf 89' lang='lat' dir='ltr'><strong>quomodo</strong></span> <span class='ocrx_word' id='word_1_674' title='bbox 1680 2629 1716 2661; x_wconf 90' lang='lat' dir='ltr'><strong>in</strong></span> <span class='ocrx_word' id='word_1_675' title='bbox 1732 2629 1780 2661; x_wconf 91' lang='lat' dir='ltr'><strong>eis</strong></span> <span class='ocrx_word' id='word_1_676' title='bbox 1796 2629 2002 2664; x_wconf 78' lang='lat' dir='ltr'><strong>versabitur,</strong></span> <span class='ocrx_word' id='word_1_677' title='bbox 2027 2631 2087 2673; x_wconf 81' lang='lat' dir='ltr'><strong>qui</strong></span> 
     </span>
    </p>
   </div>
   <div class='ocr_carea' id='block_1_14' title="bbox 1073 2661 2087 2724">
    <p class='ocr_par' dir='ltr' id='par_1_16' title="bbox 1073 2661 2087 2724">
     <span class='ocr_line' id='line_1_99' title="bbox 1073 2661 2087 2724; baseline -0.002 -11"><span class='ocrx_word' id='word_1_678' title='bbox 1073 2661 1076 2719; x_wconf 59' lang='lat' dir='ltr'><strong>i</strong></span> <span class='ocrx_word' id='word_1_679' title='bbox 1102 2681 1242 2724; x_wconf 84' lang='lat' dir='ltr'><strong>linguae</strong></span> <span class='ocrx_word' id='word_1_680' title='bbox 1270 2681 1396 2724; x_wconf 80' lang='lat' dir='ltr'><strong>figuras</strong></span> <span class='ocrx_word' id='word_1_681' title='bbox 1420 2692 1458 2713; x_wconf 90' lang='lat' dir='ltr'><strong>ac</strong></span> <span class='ocrx_word' id='word_1_682' title='bbox 1476 2680 1546 2712; x_wconf 75' lang='lat' dir='ltr'><strong>vim</strong></span> <span class='ocrx_word' id='word_1_683' title='bbox 1565 2691 1637 2711; x_wconf 91' lang='lat' dir='ltr'><strong>non</strong></span> <span class='ocrx_word' id='word_1_684' title='bbox 1660 2680 1777 2713; x_wconf 73' lang='lat' dir='ltr'><strong>tenet?</strong></span> <span class='ocrx_word' id='word_1_685' title='bbox 1830 2679 1918 2714; x_wconf 80' lang='lat' dir='ltr'><strong>Iam.</strong></span> <span class='ocrx_word' id='word_1_686' title='bbox 1952 2680 2087 2712; x_wconf 81' lang='lat' dir='ltr'><strong>etiamsi</strong></span> 
     </span>
    </p>
   </div>
   <div class='ocr_carea' id='block_1_15' title="bbox 1602 2729 1624 2762">
    <p class='ocr_par' dir='ltr' id='par_1_17' title="bbox 1602 2729 1624 2762">
     <span class='ocr_line' id='line_1_100' title="bbox 1602 2729 1624 2762; baseline 0 0"><span class='ocrx_word' id='word_1_687' title='bbox 1602 2729 1624 2762; x_wconf 88' lang='grc'>6</span> 
     </span>
    </p>
   </div>
  </div>
 </body>
</html>
