2338 2958
181 137 257 172 745

286 221 376 257 Cum
400 228 515 255 autem
541 219 610 252 iam
634 217 877 251 testimonium
907 216 1088 251 doctrinae
1111 217 1176 251 tri—

185 275 367 309 buendum
385 273 427 305 sit
444 269 526 304 huic
545 270 647 302 docto
665 275 698 302 et
713 265 861 302 honesto
881 268 978 309 viro,
1003 267 1176 312 Magistro

187 324 452 361 maximiliano,
480 321 592 353 dicam
610 319 728 364 aliqua
743 321 786 353 de
803 319 1001 353 ministerio
1015 317 1178 362 Evange-

187 377 247 416 lii,
275 381 313 408 ut
331 374 493 406 iuventus
505 371 613 414 magis
629 377 722 404 amet
733 370 847 404 studia
864 370 1065 411 literarum,
1091 382 1178 415 quae

188 424 380 459 necessaria
397 429 480 456 sunt
505 422 547 455 ad
566 421 751 454 ministerii
774 420 967 464 evangelici
992 432 1180 454 conserva—

189 477 332 510 tionem.
394 472 441 507 Et
465 473 604 517 prodest
628 473 671 505 de
694 479 791 506 tanto
809 483 974 511 munere,
1002 471 1037 504 in
1058 484 1128 517 quo
1146 483 1180 504 se

187 527 283 561 Deus
311 524 489 569 patefecit,
521 530 555 557 et
579 535 640 567 per
667 524 761 568 quod
787 529 963 556 aeternam
988 520 1181 556 Ecclesiam

190 577 256 610 sibi
275 575 426 618 colligit,
453 586 553 618 saepe
573 573 793 618 multumque
812 574 975 616 cogitare.

293 625 480 659 Humanae
512 631 644 657 mentes
667 624 744 657 sine
766 624 842 656 luce
868 624 989 657 divina
1020 621 1182 667 petulan-

191 684 245 710 ter
268 683 439 720 vagantur
470 675 505 709 in
530 675 759 720 inquisitione
783 674 872 714 Dei,
907 681 947 708 ut
971 674 1064 707 idola
1088 673 1185 706 varia

192 728 353 762 omnium
376 727 533 771 gentium
557 732 588 759 et
615 725 753 758 diversa
778 723 1078 769 Philosophorum
1096 724 1186 757 deli-

192 785 352 813 ramenta
368 778 568 811 ostendunt.
621 775 691 810 Sed
709 774 806 808 Deus
831 776 999 808 immensa
1016 775 1186 815 bonitate,

192 837 362 874 tanquam
387 841 426 861 ex
454 839 577 860 arcana
604 827 683 859 sede
707 826 891 870 prodiens,
924 826 1027 860 certis
1049 832 1081 859 et
1104 826 1188 859 illu-

192 880 324 914 stribus
341 877 552 913 testimoniis
568 889 639 910 sese
650 877 825 920 patefecit:
850 883 882 910 et
897 876 1121 911 familiariter
1133 877 1187 909 lo-

195 943 306 976 quens
324 929 527 969 nobiscum,
555 927 701 961 tradidit
718 927 821 961 nobis
833 927 1053 970 doctrinam,
1082 939 1186 973 quam

195 982 271 1014 vult
291 987 458 1025 perpetuo
476 991 600 1012 sonare
621 985 653 1012 et
669 978 876 1023 propagari,
898 985 932 1012 et
948 985 1112 1017 testatur,
1140 978 1187 1011 si-

195 1044 240 1065 ne
262 1032 322 1064 illa
347 1043 382 1064 se
408 1043 480 1063 non
503 1030 663 1072 agnosci,
698 1041 803 1074 seque
833 1027 897 1062 hac
923 1029 995 1073 ipsa
1024 1036 1056 1064 et
1082 1027 1188 1062 huius

195 1082 378 1116 doctrinae
394 1081 625 1124 cogitatione,
652 1087 684 1114 et
704 1091 776 1112 non
796 1080 914 1120 aliter,
941 1080 1105 1123 colligere
1121 1080 1189 1112 sibi

195 1132 407 1171 Ecclesiam,
436 1133 623 1165 accendere
640 1131 676 1163 in
695 1128 900 1163 hominibus
917 1142 1045 1163 novam
1065 1132 1190 1171 lucem,

197 1190 229 1217 et
261 1181 426 1216 inchoare
449 1182 485 1214 in
513 1183 561 1214 eis
585 1181 731 1214 salutem
757 1188 945 1214 aeternam.
1016 1179 1191 1214 Adfirmat

199 1235 302 1268 etiam
327 1245 362 1266 se
380 1233 558 1266 custodem
584 1232 658 1264 sore
674 1229 780 1264 huius
803 1231 1001 1270 doctrinae,
1028 1243 1092 1264 nec
1110 1243 1190 1275 per-

198 1285 387 1318 missurum
405 1295 496 1323 esse,
519 1289 557 1316 ut
569 1283 668 1315 furor
679 1282 813 1315 diaboli
829 1289 862 1316 et
879 1289 1112 1327 tyrannorum
1130 1283 1192 1315 de—

200 1336 322 1369 leatur.
375 1333 515 1367 Excitat
540 1333 647 1377 igitur
666 1333 836 1366 salutares
852 1333 1032 1373 doctores,
1060 1340 1094 1366 et
1112 1332 1193 1378 qui-

199 1388 280 1420 dem
307 1383 370 1418 hos
397 1385 504 1419 sumit
530 1396 569 1417 ex
595 1380 650 1416 his
668 1381 884 1417 scholasticis
906 1383 1126 1427 agminibus,
1153 1396 1192 1417 ex

201 1437 244 1470 iis
258 1437 317 1483 qui
328 1433 585 1479 Prophetarum
604 1441 636 1468 et
645 1432 900 1479 Apostolorum
915 1434 1041 1478 scripta
1059 1435 1194 1478 legunt,

201 1489 362 1526 discunt,
397 1486 633 1527 meditantur,
669 1492 703 1519 et
735 1483 800 1518 hos
830 1486 989 1519 doctores
1011 1492 1112 1519 ornat
1137 1486 1192 1518 in-

201 1539 295 1582 genti
327 1536 480 1578 honore,
519 1549 596 1570 curn
633 1543 733 1570 vocat
765 1548 823 1569 eos
854 1534 1061 1584 συνεργοὺς
1087 1536 1192 1577 θεοῦ,

202 1590 284 1636 quia
305 1590 461 1632 ipsorum
480 1599 564 1621 voce
581 1587 674 1621 Deus
691 1598 763 1620 sese
780 1587 936 1631 impertit
954 1587 1068 1621 nobis.

304 1639 368 1673 Est
398 1639 505 1681 igitur
532 1636 716 1680 Evangelii
748 1637 984 1670 ministerium
1017 1648 1126 1669 unum
1154 1648 1194 1669 ex

204 1690 350 1724 summis
367 1689 431 1723 Dei
453 1688 650 1728 beneficiis,
676 1700 763 1733 qnae
780 1687 896 1731 generi
916 1685 1070 1720 humano
1087 1686 1194 1729 largi-

204 1749 282 1782 tur,
308 1741 402 1786 quod
430 1752 508 1773 cum
534 1739 579 1772 ita
603 1739 666 1775 sit,
693 1738 953 1781 agnoscendum
973 1745 1004 1771 et
1024 1750 1195 1770 veneran-

205 1793 289 1825 dum
310 1798 377 1832 est,
405 1797 439 1823 et
455 1789 573 1823 omnia
593 1789 705 1822 officia
722 1801 847 1833 parva,
875 1789 1065 1833 omniaque
1083 1788 1196 1821 officia

204 1854 348 1886 magna,
382 1853 471 1886 quae
494 1841 699 1873 conducunt
722 1840 762 1872 ad
790 1838 865 1873 eius
892 1839 1079 1873 ministerii
1111 1851 1197 1872 con-

205 1893 458 1932 servationem,
492 1891 647 1924 studiose
672 1891 878 1934 praestanda
904 1897 998 1924 sunt.
1053 1888 1106 1924 De
1132 1887 1198 1923 hac

205 1957 242 1978 re
265 1944 395 1977 multae
410 1949 491 1976 sunt
507 1942 542 1974 in
559 1939 744 1986 Prophetis
761 1949 793 1975 et
804 1939 984 1985 Apostolis
1001 1941 1198 1975 luculentae

207 1995 406 2029 conciones:
448 2000 600 2038 suntque
631 1992 783 2036 prolixae
807 1992 1061 2036 descriptiones
1091 1989 1198 2024 huius

208 2046 293 2080 tanti
313 2044 468 2078 muneris
488 2044 522 2076 in
542 2043 734 2087 posteriore
761 2043 906 2087 epistola
932 2044 973 2076 ad
994 2040 1199 2076 Corinthios

207 2097 316 2141 capite
335 2096 437 2129 tertio
450 2122 457 2134 ,
487 2095 546 2127 ubi
575 2106 693 2127 vocem
714 2091 898 2137 Evangelii
916 2094 1075 2128 nominat
1092 2093 1198 2126 mini-

209 2148 351 2181 sterium
381 2146 541 2191 spiritus,
583 2146 677 2189 quod
704 2143 799 2178 Deus
824 2156 903 2178 vere
925 2145 1044 2178 efficax
1067 2145 1110 2178 sit
1135 2142 1198 2177 hac

209 2211 306 2231 voce:
351 2205 382 2231 et
413 2197 447 2229 in
483 2196 626 2239 epistola
662 2197 703 2228 ad
733 2192 926 2240 Ephesios,
968 2196 1029 2228 ubi
1067 2195 1200 2241 inquit,

209 2249 318 2282 filium
348 2247 413 2282 Dei
447 2248 566 2279 sedere
600 2246 642 2279 ad
668 2247 825 2279 dextram
850 2247 982 2279 aeterni
1009 2247 1133 2290 patris,
1167 2252 1199 2279 et

208 2301 289 2332 dare
313 2301 404 2333 dona
430 2295 654 2337 hominibus,
686 2297 849 2330 videlicet
864 2295 1073 2341 Prophetas,
1102 2296 1198 2341 Apo-

210 2351 335 2388 stolos,
363 2356 514 2394 pastores
533 2357 563 2383 et
576 2350 745 2381 doctores.
792 2347 867 2382 Hae
883 2349 1070 2381 conciones
1087 2361 1126 2381 eo
1144 2348 1198 2381 di-

210 2401 375 2442 ligentius
392 2400 595 2440 cogitandae
614 2407 693 2432 snnt
705 2427 713 2439 ,
746 2397 828 2444 quia
845 2397 1050 2444 prophanae
1066 2405 1198 2432 mentes

211 2452 358 2495 superbe
381 2451 540 2483 derident
567 2458 598 2483 et
623 2451 838 2490 doctrinam,
870 2457 902 2483 et
926 2447 986 2483 has
1017 2450 1137 2483 laudes
1166 2457 1195 2482 et

211 2503 422 2547 professores
486 2501 617 2542 Negant
634 2513 670 2534 se
684 2501 802 2534 videre
822 2501 925 2535 aliam
943 2508 1000 2535 aut
1019 2501 1196 2535 utiliorem

210 2553 414 2598 sapientiam
455 2552 487 2583 in
526 2552 624 2584 litu-is
658 2549 871 2595 propheticis
913 2559 946 2585 ct
979 2551 1198 2596 apostolicis,

208 2617 311 2650 qnam
331 2602 444 2648 qualis
462 2609 509 2634 est
536 2601 797 2646 philosophica.
824 2610 882 2636 aut
908 2603 1021 2646 legum
1039 2603 1195 2636 civilium

206 2654 389 2699 sapientia:
420 2665 481 2685 nec
503 2653 611 2685 videri
630 2651 743 2685 Deum
761 2653 932 2687 efficacem
954 2666 1025 2687 esse
1043 2666 1102 2698 per
1121 2653 1196 2687 illas

206 2706 382 2751 squalidas
399 2704 549 2749 pagellas
568 2701 763 2745 Evangelii.

752 129 911 167 DECL.
946 128 1020 166 DE
1054 128 1328 166 MAXILLA
1363 126 1656 165 SIMSONIS.

2151 129 2225 166 744

1331 213 1533 256 Postremo,
1566 211 1659 247 nihil
1681 213 1801 248 minus
1823 221 2099 250 consentaneum
2125 216 2226 249 vide-

1229 275 1306 305 tur,
1335 277 1440 310 quam
1458 263 1522 298 hos
1538 265 1684 298 miseros
1701 262 1863 299 homines
1879 273 2043 300 sonantes
2061 264 2226 309 Evange-

1231 318 1270 351 lii
1294 328 1435 354 vocem,
1469 315 1539 350 Dei
1559 327 1727 361 synergos
1750 326 1840 355 esse,
1875 328 1962 361 quos
1988 318 2131 362 quidem
2159 316 2227 361 ipsi

1233 368 1391 402 iudicant
1415 363 1647 412 καθάρματα
1669 364 1732 400 καὶ
1757 364 1964 411 ἀλάστορας
1987 362 2061 401 esse
2088 367 2227 412 generis

1233 417 1381 452 humani
1392 443 1402 458 ,
1427 424 1466 451 ut
1481 429 1577 451 nunc
1593 417 1807 462 experientia
1822 429 1886 450 nos
1902 418 2021 459 docet,
2047 431 2152 464 quam
2171 419 2228 451 in-

1234 469 1320 510 visi,
1348 475 1481 513 quanto
1500 468 1538 502 in
1557 468 1640 501 odio
1658 467 1768 501 simus
1784 474 1980 512 potentum·

1339 526 1519 561 Adversus
1528 524 1614 560 haec
1624 523 1808 571 prophana
1822 527 1962 565 iudicia,
1987 526 2117 560 divinis
2131 528 2230 561 testi-

1238 578 1366 612 moniis
1391 590 1455 611 uos
1478 578 1681 611 muniamus
1709 585 1742 611 et
1766 577 2024 613 confirmemus.
2082 576 2171 611 Nam
2197 585 2230 612 et

1236 629 1333 664 Deus
1358 630 1576 663 voluntatem
1600 625 1665 661 hac
1691 629 1735 661 de
1764 639 1801 661 re
1825 639 1922 661 suam
1945 627 2025 661 ideo
2052 628 2154 663 toties
2170 640 2230 662 ex-

1237 680 1381 725 pressit,
1409 692 1453 713 ne
1470 677 1665 724 prophanis
1689 679 1829 712 iudiciis
1849 678 1970 719 fracti,
1996 678 2231 722 Evangelium

1240 730 1457 765 abiiciamus
1516 729 1564 764 Et
1587 729 1735 774 passim,
1762 737 1801 763 ut
1818 729 1909 769 dixi,
1936 736 2053 763 extant
2069 729 2232 763 luculen-

1240 789 1294 815 tae
1320 789 1351 814 et
1375 781 1576 825 perspicuae
1602 782 1645 814 de
1670 778 1735 814 hac
1757 793 1794 814 re
1825 779 2019 814 conciones.
2073 780 2141 814 Sed
2159 780 2233 826 typi

1242 832 1344 865 multi
1372 832 1464 865 idem
1488 831 1722 875 significantes
1746 831 1848 865 etiarn
1875 831 2046 876 propositi
2063 837 2162 873 sunt,
2190 832 2234 865 de

1241 883 1370 928 quibus
1386 883 1552 916 omnihus
1569 894 1641 916 uno
1657 888 1814 926 tempore
1830 882 1900 915 dici
1917 894 1990 916 non
2008 888 2132 927 potest.

1344 941 1447 975 Nunc
1469 948 1584 975 autem
1612 941 1723 984 delegi
1748 940 1929 975 samsonis
1959 939 2162 983 historiam,
2197 940 2235 974 in

1243 1006 1309 1039 qna
1326 993 1397 1026 favi
1415 993 1450 1025 in
1468 993 1628 1026 faucibus
1644 992 1775 1026 mortui
1794 992 1905 1026 leonis
1923 992 2013 1032 nati,
2038 992 2236 1036 significant

1242 1043 1427 1087 Evangelii
1444 1044 1567 1084 mella,
1594 1055 1683 1088 quae
1701 1055 1884 1087 conspersa
1903 1043 2074 1086 sanguine
2090 1041 2238 1082 Christi,

1243 1095 1408 1128 alimenta
1432 1102 1515 1129 sunt
1537 1094 1628 1127 vitae
1655 1101 1826 1129 aeternae.
1885 1094 1954 1128 Sed
1981 1091 2065 1127 haec
2089 1091 2237 1128 historia

1244 1146 1328 1179 alias
1346 1145 1513 1188 explicata
1532 1151 1592 1178 est.

1346 1194 1470 1228 Dicam
1490 1195 1597 1237 igitur
1614 1195 1656 1227 de
1671 1194 1779 1227 altera
1791 1221 1800 1234 ,
1826 1194 1862 1226 in
1880 1206 1948 1239 qua
1964 1201 2128 1228 narratur
2144 1205 2238 1228 unus

1246 1245 1395 1280 Samson
1412 1245 1508 1278 mille
1524 1244 1741 1278 Palaestinos
1764 1244 1978 1278 interfecisse
2003 1245 2144 1278 maxilla
2169 1245 2239 1278 asi-

1246 1308 1330 1335 nae,
1374 1308 1412 1329 ac
1446 1302 1564 1340 postea
1602 1295 1733 1328 sitienti
1772 1294 1954 1335 Samsoni,
1996 1302 2029 1329 et
2057 1295 2237 1329 invocanti

1247 1348 1383 1388 Deum,
1417 1346 1665 1380 scaturientem
1691 1357 1801 1391 aquae
1826 1346 1957 1379 fontem
1983 1358 2023 1379 ex
2044 1358 2080 1379 ea
2100 1346 2239 1378 mandi-

1247 1399 1330 1432 bula
1355 1398 1523 1442 erupisse.

1348 1455 1505 1490 Historia
1526 1456 1625 1489 vobis
1641 1455 1808 1489 omnibus
1823 1461 1905 1489 nota
1925 1461 1993 1496 est,
2019 1453 2054 1488 in
2075 1466 2142 1500 qua
2160 1466 2239 1488 curu

1247 1508 1313 1541 alia
1332 1508 1441 1542 multa
1466 1507 1618 1550 insignia
1638 1513 1670 1540 et
1694 1506 1937 1539 memorabilia
1963 1505 2138 1550 exempla,
2165 1512 2239 1539 tum

1248 1571 1330 1592 vero
1355 1559 1458 1592 etiam
1483 1557 1690 1601 significatio
1709 1558 1751 1590 de
1769 1555 1911 1591 Christo
1931 1563 1964 1591 et
1991 1556 2066 1591 eius
2084 1556 2242 1590 victoriis

1248 1616 1281 1643 et
1294 1607 1471 1642 Ecclesiae
1487 1610 1586 1642 fonte
1602 1608 1824 1652 proponitur.

1350 1665 1509 1699 Historia
1540 1665 1655 1709 palam
1683 1673 1821 1705 monet,
1851 1672 1890 1699 nt
1913 1665 2097 1699 credamus
2119 1663 2241 1699 Eccle-

1249 1717 1337 1750 siam
1353 1728 1490 1761 semper
1507 1716 1678 1749 divinitus
1690 1716 1849 1756 defendi,
1875 1723 1910 1750 ut
1925 1723 2007 1749 tunc
2023 1715 2163 1749 defensa
2180 1723 2242 1750 est.

1251 1765 1421 1801 Ostendit
1445 1768 1528 1801 item
1557 1766 1816 1800 invocationem
1835 1774 1991 1801 nostram
2011 1779 2084 1800 non
2101 1778 2173 1800 esse
2194 1767 2243 1800 ir·
2293 1783 2298 1786 ·

1250 1819 1364 1851 ritam.

1354 1875 1441 1911 Erat
1463 1876 1563 1910 miles
1587 1875 1652 1911 Dei
1679 1875 1848 1916 Samson,
1886 1882 1926 1909 ut
1958 1887 2022 1909 nos
2045 1872 2243 1911 scholastici

1252 1940 1371 1962 sumus
1386 1927 1452 1962 Dei
1467 1928 1611 1962 milites:
1635 1938 1784 1971 cumque
1801 1926 2044 1970 magnitudine
2061 1927 2191 1961 laboris
2206 1927 2243 1961 in

1253 1980 1312 2013 illa
1329 1980 1518 2024 asperrima
1538 1978 1663 2013 militia
1688 1977 1913 2020 defatigatus,
1940 1985 2036 2012 aestu
2054 1984 2087 2012 et
2109 1977 2166 2012 siti
2184 1989 2245 2023 pe-

1253 2032 1385 2064 riturns
1409 2031 1607 2070 videretur,
1641 2041 1659 2062 a
1679 2029 1756 2062 Deo
1775 2029 1906 2062 sontem
1927 2029 2059 2073 petivit.
2114 2027 2162 2063 Ut
2180 2041 2244 2063 au-

1253 2089 1320 2116 tem
1347 2079 1453 2115 huius
1479 2081 1655 2114 invocatio
1680 2092 1752 2113 nun
1780 2079 1847 2113 suit
1874 2078 1990 2121 irrita,
2024 2079 2070 2114 ita
2095 2079 2245 2114 sciamus

1253 2145 1332 2165 vere
1347 2140 1379 2166 et
1405 2144 1469 2166 nos
1485 2131 1664 2173 exaudiri,
1691 2130 1894 2175 praesertim
1919 2130 1955 2163 in
1975 2128 2081 2165 huius
2095 2130 2245 2167 militiae

1253 2191 1392 2217 nostrae
1410 2184 1584 2228 periculis.

1356 2244 1424 2277 Sed
1450 2243 1484 2276 in
1508 2241 1572 2276 hac
1596 2239 1764 2284 historia,
1797 2247 1834 2274 ut
1861 2241 1896 2273 in
1923 2240 2127 2279 involucro,
2154 2240 2244 2274 aliae

1253 2296 1478 2329 dulcissimae
1500 2292 1770 2336 significationes
1795 2292 2031 2326 continentur.
2092 2291 2243 2326 Samson

1253 2347 1387 2391 pictura
1407 2353 1458 2380 est
1482 2345 1543 2378 filii
1561 2343 1643 2384 Dei,
1670 2343 1849 2377 fortissimi
1876 2343 1996 2384 ducis,
2021 2350 2052 2377 et
2070 2355 2150 2377 cum
2168 2349 2243 2377 toto

1253 2398 1383 2431 dialioli
1404 2409 1509 2439 regno
1526 2395 1776 2438 belligeranti-s,
1830 2393 1896 2426 Hir,
1912 2395 1983 2427 dux
2000 2407 2072 2427 non
2090 2393 2169 2427 aliis
2185 2403 2242 2426 ar-

1253 2450 1336 2488 mis,
1378 2448 1443 2481 nisi
1481 2447 1620 2480 maxilla
1657 2446 1788 2485 utitur,
1830 2445 1863 2477 id
1893 2452 1961 2483 est,
2001 2456 2062 2478 ore
2094 2452 2242 2478 sonante

1252 2498 1497 2542 Evangeliuin.
1559 2495 1601 2530 Et
1628 2495 1710 2530 haec
1735 2503 1784 2529 est
1807 2495 1924 2529 asinae
1948 2496 2172 2533 mandibula,
2206 2495 2242 2527 id

1252 2559 1321 2589 est,
1348 2550 1470 2595 populi
1493 2548 1690 2582 lsraelitici:
1719 2558 1822 2593 quem
1845 2554 1882 2579 ut
1903 2546 2040 2579 asinum
2059 2545 2151 2579 Deus
2170 2546 2243 2589 lege

1251 2609 1281 2635 et
1298 2602 1484 2645 disciplina
1507 2599 1684 2637 oneravit,
1711 2606 1742 2632 et
1763 2597 1942 2631 laboribus
1963 2598 2120 2631 culturae
2140 2609 2241 2640 agro-

1252 2665 1349 2691 rum.
1378 2654 1410 2686 id
1435 2659 1502 2689 cst.
1535 2651 1716 2685 docendae
1739 2647 1915 2683 Ecclesiae
1942 2655 1973 2682 ct
1997 2649 2242 2693 propagandae

1250 2704 1442 2739 doctrinae.
