2338 2958
87 113 160 151 105
536 111 699 149 DECL.
739 111 798 147 IN
839 110 1084 148 LAUDEM

87 212 209 238 causae
221 200 291 234 sint
308 205 531 242 argumenta,
558 211 647 244 quae
664 205 870 233 ornamenta
888 197 1001 232 obiter
1016 209 1074 231 ac-

86 255 228 291 cedant,
255 250 434 295 quomodo
458 249 495 282 in
516 249 612 283 locos
636 262 837 283 communes
861 261 879 281 a
896 261 996 282 causa
1015 260 1073 281 ex-

85 303 282 349 patientur,
315 312 385 345 quo
411 311 537 343 genere
560 301 748 334 affectuum
773 312 812 334 ac
838 300 1008 332 sermonis
1035 299 1071 331 in

85 352 232 396 singulis
263 362 386 385 causae
411 351 569 394 partibus
601 358 756 386 utantur.
825 350 925 392 Quae
951 350 1071 383 omnia

84 404 146 450 qui
167 402 355 445 diligenter
381 402 563 445 spectarit,
598 414 664 435 nae
684 402 742 434 ille
767 401 927 434 omnium
944 398 1069 433 huma-

80 466 211 488 norum
246 464 392 496 operum
419 449 511 485 nihil
538 452 782 485 admirabilius
805 451 965 484 oratione
999 463 1070 484 esse

83 511 220 540 statuet.
281 503 400 546 Quare
427 514 489 535 vos
514 500 684 536 adhortor
713 502 839 545 optimi
868 501 1070 542 Auditores,

81 563 120 590 ut
149 555 336 598 diligenter
375 551 437 586 has
469 554 645 587 orationes
683 552 920 596 cognoscatiS,
967 559 1070 597 atque

81 605 311 642 intueamini,
353 604 455 637 faciet
481 616 518 637 ea
546 615 600 637 res
629 605 730 637 et‘ad
755 603 864 636 animi
898 603 1068 636 iudicium

79 657 327 696 formandum,
359 661 392 688 et
419 655 462 687 ad
484 654 767 698 locupletandam
789 653 989 687 facultatem
1013 654 1069 687 di-

82 707 196 742 cendi.

183 757 276 791 Toto
300 755 396 789 coelo
423 761 560 793 errant,
595 752 655 799 q'ui
679 752 744 787 hos
761 751 950 795 Oratores,
977 752 1068 787 nihil

81 809 150 842 uisi
176 819 324 851 nugaces
346 806 487 839 rabulas
511 805 617 838 fuisse
641 806 814 838 sentiunt:
847 805 992 838 summis
1013 806 1069 837 in-

81 859 191 904 geniis
216 857 382 902 praediti,
415 858 566 889 maximo
591 867 707 889 rerum
730 868 814 897 usu,
844 857 879 888 in
904 856 1069 899 gravissi-

78 910 146 944 mis
169 908 282 942 causis
305 907 431 940 versati
458 907 734 951 perdidicerant,
768 913 913 940 naturas
937 907 1068 940 multa-

77 973 157 994 rum
176 971 292 992 rerum
305 985 314 998 ,
349 965 382 991 et
399 958 511 990 varias
535 958 706 1000 gerendae
723 956 825 1001 Reip.
845 958 998 990 rationes
1017 965 1068 990 te-

78 1012 221 1045 nebant.
280 1008 358 1042 Hoc
379 1008 432 1040 illi
456 1008 748 1048 instrumentum,
776 1007 866 1040 hanc
884 1008 1065 1041 scientiam

79 1061 314 1106 plurimarum
348 1071 465 1091 rerum
496 1058 700 1091 adserebant
732 1059 774 1091 ad
804 1059 1066 1102 perpoliendam

79 1112 289 1146 orationem.
348 1108 437 1142 Nam
470 1120 558 1153 quae
586 1109 629 1141 de
650 1108 790 1141 fortuna
818 1107 1067 1142 Demosthenis

79 1162 164 1196 dicit
186 1157 395 1199 Aeschines,
429 1171 501 1191 non
525 1166 606 1192 sunt
627 1171 644 1191 a
662 1159 800 1203 plebeio
819 1160 960 1201 ingenio
984 1172 1066 1204 pro-

77 1214 176 1246 secta.
229 1209 416 1254 Postquam
435 1210 528 1242 enim
545 1221 685 1242 ornnem
701 1211 843 1243 virtutis
855 1211 995 1243 laudem
1013 1211 1063 1243 illi

78 1261 248 1302 detraxit,
282 1273 361 1293 vere
382 1272 445 1300 ne,
471 1258 563 1292 nihil
587 1261 629 1292 ad
648 1272 731 1300 nos,
758 1261 870 1304 pergit
888 1262 1065 1294 fortunam

77 1312 260 1349 insectari,
295 1318 328 1345 et
353 1317 444 1344 vetat
468 1309 645 1354 Rempub.
674 1311 725 1343 illi
751 1312 988 1352 committere,
1022 1324 1066 1344 ne

76 1365 212 1409 privata
241 1362 316 1395 eius
339 1362 482 1394 fortuna
514 1361 618 1394 exitio
647 1361 691 1394 sit
717 1362 814 1394 urbi:
850 1362 939 1394 vidit
972 1363 1065 1394 enim

76 1414 232 1460 profecto
255 1412 364 1449 vidit,
405 1423 478 1443 non
507 1422 579 1443 esse
610 1423 854 1452 communem,
893 1418 932 1444 ut
960 1413 1064 1455 vulgo

76 1471 222 1510 putant,
264 1463 462 1499 fortunam,
505 1473 568 1494 nec
601 1461 739 1494 ratione
773 1469 833 1494 aut
868 1463 1065 1505 prudentia,

75 1513 375 1561 quemadmodum
405 1509 613 1555 Philosophi
645 1513 815 1550 docuere,
849 1512 922 1554 regi
953 1524 1064 1556 posse,

76 1567 193 1610 Quam
211 1563 400 1597 crudeliter
417 1569 532 1595 autem
549 1562 658 1595 saevit
677 1561 713 1594 in
725 1563 966 1595 adversarium
985 1575 1063 1595 cum

75 1615 269 1651 industriae
287 1614 389 1646 laude
410 1613 556 1656 spoliat,
581 1613 761 1645 fortunam
779 1613 882 1645 etiam
904 1613 941 1645 in
960 1625 1064 1646 omen

75 1667 200 1707 vertit,
225 1671 265 1698 ut
280 1664 325 1698 ab
340 1676 380 1697 eo
396 1670 564 1708 tanquam
581 1675 599 1696 a
615 1669 778 1707 portento
798 1663 917 1708 aliquo
936 1664 1065 1697 volun-

73 1725 162 1752 tates
179 1714 367 1749 hominum
384 1714 523 1749 alienet.
576 1713 673 1756 Quid
685 1711 957 1755 Demosthenes,
984 1727 1063 1748 cum

73 1767 203 1814 Cyrsili
227 1765 421 1809 exemplum
445 1764 720 1798 commemorat?
755 1776 828 1797 non
851 1765 979 1798 vidisse
996 1778 1063 1809 pu-

75 1819 176 1858 tatis,
209 1822 339 1861 quanta
372 1815 425 1847 vis
457 1822 543 1847 esset
576 1812 787 1853 honestatis,
822 1823 1064 1860 quantumque

74 1866 305 1914 pulcherrimi
337 1865 418 1898 facti
454 1865 606 1905 mentio,
642 1865 880 1899 multitudinis
915 1866 1064 1907 animos,

75 1920 179 1953 etiam
205 1917 240 1949 in
258 1918 399 1949 adversa
417 1915 558 1949 fortuna
582 1915 793 1949 delectaret?
847 1915 966 1961 ltaque
984 1930 1061 1950 cum

73 1969 241 2004 altissime
274 1966 566 2010 introspexerunt,
604 1973 633 1999 et
669 1973 829 1999 naturam
856 1979 993 2005 rerum,
1030 1975 1063 2002 et

72 2021 144 2053 vim
161 2017 317 2057 virtutis,
345 2023 378 2050 et
393 2017 629 2061 praeviderint
647 2017 766 2049 omnia
784 2017 911 2050 dicturi
925 2019 1062 2062 sapien-

72 2071 224 2110 tissime,
257 2067 410 2101 ‹lubitari
433 2079 504 2100 non
529 2069 650 2105 debet,
685 2068 770 2111 quin
788 2069 828 2099 ad
851 2069 1062 2102 erudiendos

71 2122 226 2158 animos,
253 2131 375 2152 eornm
390 2119 548 2152 tractatio
567 2119 758 2162 plurimum
773 2120 954 2153 conducat.
993 2120 1062 2152 Ye-

71 2185 153 2207 rum
175 2178 274 2210 sunt,
307 2169 436 2214 quibus
461 2181 583 2212 parum
613 2169 772 2212 religiose
797 2169 918 2203 videor
938 2171 1062 2211 facere,

74 2223 167 2268 quod
193 2228 328 2254 tantum
356 2220 472 2253 tribuo
506 2217 672 2257 ethnicis,
715 2221 772 2252 scd
804 2232 882 2252 cum
913 2219 966 2254 his
989 2234 1060 2254 non

72 2274 158 2307 libet
173 2271 238 2305 hoc
257 2279 413 2315 tempore
430 2270 556 2311 rixari,
584 2269 740 2303 Tantum
765 2277 865 2313 opto,
893 2279 930 2305 ut
952 2273 1061 2316 pieta-

71 2331 160 2364 tem,
194 2323 292 2356 cuius
317 2334 352 2354 se
377 2328 555 2364 praetextu
581 2322 782 2361 venditant,
810 2328 841 2354 et
859 2323 900 2354 ad
921 2323 1059 2366 religio-

71 2376 126 2408 nis
149 2386 278 2407 nomen
297 2372 523 2415 confugiunt,
554 2379 719 2417 tanquam
741 2373 774 2404 in
792 2373 918 2417 templa
937 2374 1060 2417 capitis

71 2427 142 2467 rei,
177 2438 214 2459 re
238 2430 412 2468 praestare
433 2423 622 2467 aliquando
647 2423 827 2467 incipiant.

882 2422 957 2466 Ego
975 2426 1057 2457 reli·
1084 2427 1085 2453 ἰ
1112 2425 1215 2457 11111;ιο
1241 2425 1284 2456 ab
1311 2425 1393 2467 ipsis
1417 2426 1588 2467 agendae,
1615 2426 1780 2470 prologus
1796 2427 1924 2461 fierem.

1125 111 1327 149 NOVAE
1370 113 1653 151 SCHOLAE.

1125 204 1262 242 temptu
1290 199 1447 232 civilium
1478 213 1615 235 morum
1649 201 1830 236 collocare.
1897 202 1992 243 Quid
2018 205 2111 247 quod

1126 249 1200 282 sine
1230 249 1374 282 scientia
1406 251 1625 294 linguarum,
1664 259 1768 296 atque
1800 253 1939 285 dicendi
1970 253 2109 291 artium,

1126 312 1198 332 non
1217 307 1364 344 possunt
1385 304 1567 335 commode
1586 303 1765 345 religionis
1783 304 1942 345 dogmata
1962 304 2110 338 tractari.

1126 350 1268 393 Quanto
1289 351 1416 384 rectius
1433 360 1504 386 erat
1525 354 1702 386 beneficiis
1719 354 1927 387 coelestibus
1949 354 2110 397 religiose

1125 401 1175 434 uti
1187 426 1195 439 ,
1225 408 1328 446 atque
1345 402 1532 444 diligenter
1550 404 1716 438 excolere.

1225 451 1346 496 Neque
1371 453 1463 485 enirn
1488 454 1635 486 dubium
1658 462 1724 495 est,
1753 455 1838 499 quin
1858 455 2028 488 (livinitus
2043 453 2109 488 hoc

1124 509 1280 546 tempore,
1305 504 1483 537 restitutae
1508 505 1578 537 sint
1602 505 1738 542 literae,
1774 513 1811 538 ut
1830 505 1866 538 in
1890 507 2108 550 repurganda

1123 554 1349 586 ecclesiastica
1375 556 1535 588 doctrina
1561 563 1650 588 recte
1667 556 1743 599 pios
1765 557 1981 590 adiuvarent.
2039 556 2109 589 lta-

1123 616 1189 648 que
1209 601 1299 637 haud
1318 605 1408 644 scio,
1435 618 1480 638 an
1499 606 1561 639 ulli
1580 606 1785 649 religionem
1805 607 1944 649 gravius
1962 608 2110 647 laedant,

1123 667 1228 698 quam
1253 656 1312 699 qui
1340 656 1374 688 111
1402 656 1518 690 literas
1543 658 1668 700 passim
1696 657 1788 690 inter
1811 657 2010 700 imperitos,
2036 670 2109 690 non

1122 705 1226 737 aliam
1245 706 1291 739 ob
1308 707 1464 751 culpam,
1493 720 1597 753 quam
1619 709 1698 752 quia
1717 720 1787 740 non
1807 708 2024 746 didicerunt,
2049 710 2109 741 (le-

1122 753 1347 790 bacchantur.
1410 757 1518 803 ldque
1543 755 1610 791 hoc
1628 759 1808 791 molestius
1829 766 1878 791 est
1895 760 1995 790 lionis
2013 759 2109 797 viris,

1122 807 1202 851 quia
1220 808 1476 841 sanctissimum
1497 821 1625 842 nomen
1641 807 1772 842 Christi
1799 822 1860 842 suo
1882 810 1992 842 furori
2011 821 2110 853 prae-

1121 864 1253 893 texunt.
1325 858 1472 892 Valeant
1503 860 1578 899 isti,
1622 861 1763 904 quando
1789 861 1998 893 morosiores
2017 867 2110 899 sunt,

1122 920 1225 952 quarn
1245 915 1283 942 ut
1301 909 1478 953 patiantur
1492 923 1527 943 se
1544 909 1763 954 reprehendi.
1819 911 1891 944 Vos
1907 911 2036 944 interea
2057 912 2110 943 os-

1121 959 1237 991 ficium
1263 966 1417 993 vestrum
1441 961 1557 1002 facite,
1593 969 1623 994 et
1645 963 1774 1004 pergite
1795 963 1903 994 bonas
1923 962 2038 994 literas
2057 973 2109 993 se-

1121 1010 1206 1042 dulo
1230 1010 1382 1050 discere,
1411 1024 1499 1056 quae
1517 1025 1592 1045 cum
1610 1014 1650 1044 ad
1677 1013 1880 1056 religionem
1899 1024 2109 1045 conservan-

1120 1061 1219 1100 dam,
1247 1059 1413 1095 nonnihil
1435 1063 1604 1104 momenti
1627 1061 1797 1102 habeant,
1824 1062 1966 1097 Christo
1985 1063 2109 1105 gratis-

1120 1111 1247 1144 simum
1264 1113 1418 1146 officium
1436 1114 1584 1155 facietis,
1610 1114 1638 1147 si
1656 1122 1820 1148 strennue
1838 1127 1892 1147 eas
1909 1125 2108 1158 propugna-

1121 1163 1252 1196 veritis.
1305 1163 1397 1199 Dixi.

2040 118 2110 153 106

1120 1375 1185 1410 No.
1211 1377 1269 1411 12.
1918 1393 1965 1412 an.
1990 1382 2080 1412 1526.

1889 1427 2100 1443 Μ

1285 1476 1344 1517 In
1369 1477 1555 1519 laudem
1582 1492 1722 1519 novae
1752 1480 1941 1520 scholae.

1188 1554 1218 1581 ln
1237 1557 1286 1581 sel.
1307 1556 1458 1583 Declamat.
1478 1557 1509 1584 T.
1530 1558 1549 1583 1.
1568 1567 1594 1592 p.
1610 1559 1685 1591 457„
1709 1559 1734 1584 in
1756 1560 1797 1585 ed.
1818 1559 1897 1585 Serv.
1916 1559 1948 1585 T.
1967 1560 1986 1585 Ι.
2007 1568 2032 1593 p.
2045 1559 2106 1585 397.

1219 1591 1264 1616 ed.
1283 1590 1409 1617 Richard.
1430 1591 1461 1618 Τ.
1478 1595 1499 1618 1.
1521 1603 1545 1626 p.
1562 1594 1618 1617 100.
1663 1595 1704 1618 De
1725 1594 1822 1619 itinere
1845 1594 2028 1619 Melantbonis
2048 1593 2107 1618 No-

1220 1625 1375 1658 rinbergam
1395 1626 1467 1651 facto
1487 1626 1519 1651 ad
1545 1635 1645 1652 novam
1676 1628 1710 1653 ibi
1731 1629 1867 1653 conditam
1889 1629 2006 1653 scholam
2026 1627 2106 1653 inau-

1221 1661 1385 1693 gmzmdam.
1410 1660 1466 1686 vid.
1487 1661 1554 1696 Epp.
1575 1663 1606 1687 ad
1625 1671 1668 1688 an.
1688 1663 1762 1689 1526.
1782 1664 1954 1698 pertinentes.

1118 1741 1246 1773 Oratio
1279 1739 1390 1774 Phil.
1417 1741 1516 1775 Mel.
1546 1742 1583 1775 in
1611 1741 1764 1776 laudem
1798 1753 1913 1776 novae
1941 1741 2105 1783 scholae,

1117 1789 1247 1825 habita
1269 1790 1502 1837 Noriberyae
1526 1795 1563 1827 in
1588 1803 1722 1827 corona
1747 1793 1894 1828 doctiss.
1926 1796 2105 1834 virorum,

1183 1846 1219 1876 et
1247 1843 1363 1876 totius
1387 1840 1515 1886 ferme
1541 1845 1718 1878 Senatus.
1771 1847 1821 1879 M.
1838 1846 1885 1878 Ι).
1901 1846 2041 1878 XXVI.

1118 1909 1227 1960 Quod
1253 1917 1352 1950 vobis
1381 1924 1413 1950 et
1437 1917 1556 1950 liberis
1582 1919 1725 1959 vestris,
1760 1926 1792 1952 et
1811 1919 1994 1951 universae
2014 1917 2105 1952 I‘tei-

1118 1969 1201 2011 pub.
1234 1968 1386 2001 faustum
1425 1968 1602 2014 soelixque
1635 1970 1697 2002 sit!
1759 1970 1979 2013 Amplissimi
2020 1969 2105 2009 viri,

1116 2019 1413 2063 quemadmodum
1436 2020 1627 2062 optabatis,
1664 2021 1786 2053 ludum
1805 2020 1998 2053 literarium
2023 2032 2106 2064 ape-

1115 2070 1211 2102 riunt
1235 2066 1290 2107 hi,
1324 2082 1412 2114 quos
1436 2067 1504 2103 huc
1529 2071 1671 2114 publico
1698 2071 1843 2104 consilio
1863 2073 1906 2103 ad
1929 2071 2104 2103 docendas

1115 2118 1279 2153 honestas
1295 2121 1518 2164 disciplinas,
1545 2121 1753 2162 accersistis,
1781 2122 1886 2167 idque
1911 2123 2010 2155 vobis
2028 2134 2102 2154 ntea

1115 2183 1198 2203 voce
1221 2171 1359 2214 publice
1376 2171 1589 2204 denunciare
1606 2172 1806 2205 voluerunt.
1859 2172 1946 2206 Nam
1966 2185 2043 2205 cum
2066 2173 2100 2204 111

1114 2233 1214 2254 scena
1244 2219 1309 2255 hoc
1333 2230 1510 2262 servetur,
1539 2230 1578 2256 ut
1601 2231 1680 2257 ante
1707 2224 1878 2256 actionem
1905 2224 1948 2255 de
1975 2223 2101 2256 Poetae

1115 2272 1312 2310 voluntate,
1347 2285 1405 2305 seu
1425 2274 1468 2305 de
1494 2273 1632 2306 fabulae
1645 2282 1850 2315 argumento
1872 2275 1965 2308 dicat
1984 2274 2102 2317 prolo-

1086 2323 1087 2373 {
1113 2334 1196 2365 gus,
1230 2323 1497 2367 postulaverunt
1521 2335 1538 2355 a
1561 2336 1616 2357 me
1639 2325 1716 2365 isti,
1743 2337 1806 2369 pro
1825 2325 1899 2358 iure
1917 2325 2101 2363 amicitiae,

1113 2386 1201 2419 quae
1223 2371 1310 2406 mihi
1332 2387 1409 2407 cum
1433 2374 1517 2418 ipsis
1534 2382 1697 2418 pervetus
1716 2382 1784 2415 est,
1810 2383 1846 2409 ut
1863 2388 1925 2419 ego
1941 2376 2035 2408 velut
2052 2376 2100 2408 sa-

1978 2426 2098 2471 *Ncqlle

73 2477 168 2520 gioni
191 2488 262 2509 non
293 2475 397 2507 modo
428 2486 499 2506 non
527 2474 661 2507 osfi··cse
693 2472 753 2507 has
776 2482 864 2506 artes
889 2476 1058 2515 existimo,
1083 2468 1085 2507 l
1111 2473 1198 2507 mihi
1217 2476 1282 2508 suit
1304 2476 1477 2516 integrum
1503 2487 1623 2509 eorum
1644 2478 1816 2510 voluntati
1843 2479 1978 2515 deesse,
2010 2486 2065 2510 tau
2082 2498 2100 2503 -

72 2529 130 2559 sed
149 2528 250 2561 etiam
270 2531 474 2559 ornamenta
495 2536 576 2557 esse.

630 2524 716 2557 Nam
736 2525 1057 2571 r‹·ligio.-m).1rzm]v
1082 2556 1083 2575 ἶ

1110 2526 1170 2559 etsi
1188 2526 1404 2569 impudentia
1423 2532 1492 2559 erat
1512 2529 1747 2568 committere,
1776 2536 1813 2561 ut
1838 2529 1966 2572 primas
1990 2529 2025 2560 in
2045 2529 2098 2560 di-

72 2577 312 2621 disciplinam,
348 2583 381 2609 et
405 2575 518 2607 civilia
545 2575 675 2613 officia,
711 2588 798 2621 quae
817 2576 960 2609 scientia
988 2574 1055 2610 hu-
1080 2577 1083 2614 Ι
1109 2578 1219 2609 cendo
1246 2586 1358 2619 partes
1382 2578 1639 2611 facundissimis
1663 2580 1917 2622 propemodum
1943 2577 2097 2611 homini-

68 2640 251 2660 manarum
286 2628 466 2660 literarum
498 2626 743 2667 continentur,

70 2679 229 2723 religiose
264 2678 330 2711 coli
364 2678 472 2712 iubet.

786 2628 978 2669 adprobat,

1022 2635 1055 2661 et
1080 2638 1081 2660 1
1108 2629 1172 2661 bus
1196 2628 1391 2671 praeripere
1411 2629 1560 2663 viderer.

542 2676 706 2720 Impietas
736 2684 785 2710 est
812 2678 845 2710 in
869 2678 944 2710 solo
969 2691 1054 2712 con-
1077 2698 1080 2716 1
1107 2678 1263 2722 periculo
1286 2679 1581 2713 coniunctissimis
1610 2677 1814 2713 hominibus
1837 2681 1902 2713 suit
1923 2682 2096 2712 obsecun-

1622 2629 1691 2662 Sed
1710 2630 1762 2661 vel
1786 2642 1863 2662 cum
1884 2630 2001 2674 aliquo
2020 2642 2096 2661 nie«)
