2338 2958
187 128 263 164 859

191 211 368 247 Ecclesiae
389 211 444 245 vel
469 209 675 255 praecipua?
729 208 889 243 Primum
907 209 1004 243 enim
1027 209 1184 253 ingentia

192 263 404 303 certamina,
432 262 604 306 pericula,
640 261 882 306 difficultates,
918 261 1058 305 publice
1080 261 1186 295 susti—

194 321 280 348 nent
295 315 379 348 boui
399 313 585 352 Doctores,
613 313 859 357 propagandae
877 319 988 346 rectae
1005 312 1185 346 doctrinae

195 378 316 406 causa,
345 365 472 397 deinde
495 363 677 407 privatim,
704 371 743 397 ut
759 363 912 397 nutrices
933 364 1053 397 fovent
1068 364 1185 397 infan-

196 417 299 453 tulos,
326 415 369 448 ita
390 426 523 448 summa
539 426 635 455 cura,
656 415 850 458 diligentia,
879 415 1076 456 sedulitate,
1103 427 1186 459 pro-
1213 453 1215 463 ι

196 465 329 500 vehunt
354 466 494 509 ingenia
522 462 746 501 discentium.
799 464 847 500 Et
872 472 988 500 tamen
1013 478 1115 510 saepe
1139 465 1187 506 fit,

196 525 235 551 ut
259 519 427 550 educatus
456 524 561 562 atque
587 517 771 551 institutus
793 528 916 560 magna
948 517 1033 556 fide,
1068 524 1186 561 postea
1213 523 1215 535 ³

194 569 326 601 oblitus
352 568 512 601 omnium
536 569 804 607 beneficiorum,
830 575 861 602 et
885 568 1049 601 incitatus
1074 567 1188 601 ambi-

195 620 311 658 tione,
338 625 399 653 aut
416 626 561 653 naturae
578 619 844 656 malevolentia,
873 626 931 652 aut
948 619 1094 659 invidia,
1121 618 1188 650 irn-

196 678 315 715 petum
341 670 446 704 faciat
475 671 510 703 in
534 677 792 714 praeceptores,
819 681 882 702 nec
902 682 1028 703 nocere
1051 677 1187 703 tantum

195 721 300 766 ipsis,
327 722 386 755 sed
409 722 492 755 odio
514 722 670 765 ipsorum
696 721 806 754 bonas
825 727 915 754 artes
938 721 1137 765 opprimere
1157 726 1189 753 et
1215 763 1217 772 ‹

197 773 314 806 delere
347 779 505 807 conetur.
567 772 624 805 An
654 769 719 805 hoc
745 772 951 805 cuculorum
977 783 1087 815 genus
1115 783 1188 805 non

196 823 338 857 videtur
366 823 448 857 odio
481 823 654 866 dignum?
700 821 781 856 Non
807 823 900 856 euim
931 822 1000 856 iam
1028 823 1189 866 vitupero

197 872 359 908 homines
376 872 536 915 hebetes,
564 881 624 908 aut
638 874 773 915 tardos,
800 875 858 907 sed
878 874 1046 917 ingratos,
1075 881 1104 906 et
1124 886 1190 906 no-

195 926 299 959 cendi
318 926 475 969 cupidos.
517 925 622 958 Tales
640 925 782 958 cuculos
798 925 924 963 odisse,
952 937 1074 958 omnes
1089 937 1106 958 a
1126 937 1191 957 na-

197 984 274 1010 tura
299 977 388 1010 bene
415 976 568 1010 instituti
593 977 734 1011 debent.
787 974 832 1009 Et
857 976 944 1010 tales
968 974 1025 1009 hic
1048 977 1191 1020 pingere

197 1027 314 1068 volui,
346 1035 384 1061 ut
409 1027 582 1061 admoniti
608 1028 865 1067 adolescentes,
900 1028 1023 1071 procul
1052 1039 1110 1060 eos
1135 1027 1190 1060 fu-

195 1079 293 1123 giant
312 1085 344 1112 et
364 1085 579 1112 execrentur.
632 1078 785 1112 Student
806 1078 900 1111 enim
921 1076 957 1111 hi
974 1079 1088 1112 cuculi
1113 1078 1192 1110 aliis

196 1130 357 1164 affricare
381 1141 478 1162 suam
511 1129 686 1170 scabiem,
725 1136 758 1162 et
789 1129 979 1163 inveniunt
1012 1130 1066 1162 vel
1092 1129 1191 1162 stoli-

197 1182 282 1224 dos,
306 1181 360 1213 vel
384 1181 512 1221 malos,
539 1180 599 1225 qui
622 1181 684 1213 illo
707 1177 854 1213 horrido
869 1187 974 1214 cantu
993 1187 1191 1214 teneantur.

198 1231 370 1275 Magnum
394 1244 455 1276 per
479 1243 551 1264 sese
575 1231 687 1265 scelus
709 1238 760 1264 est
781 1231 999 1274 ingratitudo
1023 1232 1059 1264 in
1077 1231 1192 1276 quali-

196 1284 255 1317 bet
272 1295 328 1324 re,
355 1284 414 1316 sed
433 1289 506 1316 tum
526 1289 577 1316 est
595 1295 674 1316 vere
697 1282 812 1316 cuculi
833 1283 963 1321 scelus,
993 1290 1025 1316 et
1044 1282 1191 1326 parrici-

196 1334 317 1372 dium,
344 1335 488 1378 quando
505 1334 548 1366 ad
573 1346 647 1366 eam
669 1334 801 1366 accedit
819 1334 940 1366 odium
965 1334 1041 1377 piae
1060 1333 1190 1366 doctri-

197 1397 282 1425 nae,
309 1391 368 1418 ant
391 1385 540 1418 aliarum
564 1384 713 1424 artium,
740 1385 884 1429 quando
901 1384 1050 1427 ingrati,
1078 1382 1191 1417 homi-

198 1449 284 1470 num
308 1437 410 1474 odio,
444 1443 478 1469 et
501 1435 613 1468 animi
644 1436 789 1474 morbo,
820 1442 938 1480 postea
961 1436 1067 1469 rebus
1090 1435 1192 1469 bonis

197 1488 331 1522 bellum
351 1487 528 1527 inserunt,
555 1486 770 1520 labefaciunt
791 1487 972 1529 dogmata,
1001 1484 1192 1520 detrahunt

197 1541 240 1572 de
258 1539 387 1573 artium
405 1539 586 1582 dignitate.
638 1536 711 1570 Nec
729 1550 806 1570 rara
826 1544 907 1571 sunt
925 1538 1093 1582 exempla.
1148 1536 1193 1571 Et

196 1603 298 1634 saepe
315 1590 460 1629 accidit,
486 1595 526 1623 ut
542 1600 622 1622 cum
638 1589 745 1621 semel
762 1589 799 1621 in
815 1596 1055 1633 praeceptores
1072 1589 1183 1621 incur-

198 1642 326 1681 rerint,
354 1647 471 1685 postea
498 1640 614 1673 rabies
637 1646 826 1683 augeatur,
856 1646 888 1673 et
911 1647 1041 1673 crescat
1059 1641 1193 1673 discor-

195 1693 274 1731 dia,
311 1693 407 1726 velut
439 1691 665 1732 incendium;
707 1691 835 1725 deinde
862 1690 1019 1735 Respub.
1051 1697 1194 1735 propter

196 1742 325 1778 horum
351 1743 462 1776 scelus
487 1749 519 1776 et
545 1741 837 1785 ingratitudinem
864 1742 1040 1786 plectitur.
1101 1742 1191 1784 Qui-

197 1797 278 1828 dam
307 1791 536 1828 Atheniensis
562 1791 714 1833 Orator,
748 1805 827 1826 cum
853 1793 1050 1836 significare
1076 1793 1191 1833 vellet,

197 1847 326 1891 quibus
343 1845 458 1889 modis
478 1844 620 1878 factiosa
639 1850 672 1877 et
697 1845 878 1889 tyrannica
900 1845 1042 1887 ingenia
1068 1851 1192 1888 poten-

196 1899 281 1932 tiam
304 1904 583 1941 consequantur,
611 1895 744 1940 inquit:
779 1896 932 1940 Serpens
957 1896 1024 1928 nisi
1049 1897 1188 1929 devoret

195 1955 391 1993 serpentes,
423 1960 494 1980 non
519 1947 555 1981 fit
579 1949 695 1981 drac0.
752 1945 800 1980 lta
828 1947 953 1989 ingrati
981 1947 1031 1979 illi
1057 1947 1189 1980 incensi

195 2001 299 2039 odio,
327 2006 386 2033 aut
411 1998 622 2038 ambitione,
653 1999 867 2041 persuadent
891 1998 977 2037 sibi,
1007 1996 1096 2031 banc
1119 2009 1191 2031 esse

196 2051 289 2084 viam
308 2051 350 2083 ad
377 2050 545 2093 gloriam,
573 2049 834 2083 formidabilem
853 2050 925 2082 fieri
945 2050 1042 2089 aliis,
1070 2049 1191 2094 oppri—

196 2115 290 2135 mere
308 2101 565 2140 dissentientes,
594 2096 703 2135 vi’ant
721 2107 805 2134 arte.
841 2101 1055 2145 Quanquam
1074 2101 1191 2133 minus

197 2153 368 2195 flagitium
386 2160 455 2192 est,
482 2154 518 2185 in
538 2163 652 2195 pares,
680 2165 785 2197 quam
803 2152 837 2184 in
857 2152 1101 2185 benemeritos
1117 2163 1189 2185 sae-

197 2204 289 2247 vire,
328 2211 366 2238 ut
400 2205 479 2237 facit
506 2204 662 2236 cuculus.
723 2202 813 2236 Cum
839 2203 948 2245 igitur
975 2203 1190 2244 ingratitudo

197 2268 269 2288 non
295 2255 408 2287 solum
435 2254 598 2299 privatim
616 2255 659 2287 sit
682 2255 794 2297 turpis
818 2262 850 2287 et
872 2254 1016 2297 indigna
1037 2252 1191 2294 homine,

197 2308 255 2339 sed
275 2307 377 2339 etiam
397 2318 496 2350 saepe
508 2305 660 2349 l’teipub.
678 2313 813 2345 noceat,
830 2303 1002 2339 adhortor
1020 2318 1079 2338 vos
1093 2305 1189 2339 Ado-

199 2358 382 2395 lescenti-s„
417 2364 454 2390 ut
481 2357 618 2390 animos
636 2365 768 2391 vestros
792 2358 833 2390 ad
863 2357 1117 2399 gratitudinem
1136 2369 1189 2390 as—

195 2409 411 2447 suefaciatis,
436 2410 478 2440 ad
503 2421 606 2453 quam
633 2420 694 2440 vos
719 2421 791 2441 non
819 2409 924 2441 modo
949 2409 1103 2442 invitant
1127 2420 1188 2441 na-

196 2467 271 2493 tura
285 2488 292 2498 ,
320 2467 350 2492 et
368 2457 528 2492 homines
547 2459 759 2498 (fortissimi,
784 2460 842 2504 qui
862 2460 960 2505 quasi
978 2460 1190 2502 explicantes

196 2519 340 2544 naturae
387 2511 576 2549 indicium,
619 2511 661 2543 de
696 2511 910 2552 gratitudine
950 2511 1189 2554 copiosissime

195 2562 434 2606 praecipiunt,
477 2564 533 2594 sed
562 2562 665 2594 etiam
695 2562 856 2595 coelestia
887 2563 1027 2596 oracula
1053 2569 1189 2601 vocant.

194 2626 282 2658 quae
314 2614 456 2658 quidem
489 2611 684 2645 horrendas
716 2613 820 2647 etiam
849 2627 978 2657 poenas
1006 2614 1189 2647 minantur

195 2665 353 2705 ingratis.
408 2665 465 2698 Sic
484 2664 577 2697 enim
596 2664 766 2708 scriptura
788 2664 918 2710 inquit:
954 2665 1032 2698 Non
1052 2666 1185 2698 recedet

194 2717 326 2750 malum
345 2729 362 2750 a
379 2717 485 2750 domo
506 2715 644 2758 ingrati.

681 121 845 158 DECL.
879 120 953 158 DE
984 119 1474 159 INGRATITUDINE
1505 120 1731 160 cneum.

2155 104 2231 162 '³40

1210 212 1214 253 Ι
1238 209 1308 253 gite
1325 207 1464 249 animis,
1489 208 1737 253 etexpendite‚
1762 221 1868 255 quam
1885 221 2019 254 graves,
2041 222 2148 257 quam
2165 211 2234 245 du-

1212 259 1215 311 }
1240 260 1369 294 rabiles
1400 271 1529 303 poenas
1556 259 1714 294 minetur
1739 258 1858 302 Deus,
1891 274 1973 296 cum
1998 262 2070 303 ait,
2097 273 2236 307 semper

1212 309 1388 355 {haesura
1423 311 1516 344 mala
1550 310 1589 343 in
1624 312 1747 352 domo,
1782 311 1821 344 in
1847 311 1970 346 liberis
2001 313 2235 357 ingratorum.

1212 363 1215 400 ἲ
1241 362 1338 404 Quid
1355 361 1425 394 dici
1443 361 1578 396 tristius
1593 362 1755 407 poterat?
1789 361 1863 395 lam
1881 364 2048 406 cogitate,
2069 364 2173 410 quale
2190 364 2236 399 sit

1242 424 1352 456 genus
1375 413 1649 454 beneficiorum,
1675 414 1772 458 quod
1795 413 1832 446 in
1854 411 1973 448 schola
1992 415 2083 449 bene
2101 416 2235 450 consti-

1212 468 1216 496 .'
1242 471 1317 498 tuta
1344 464 1514 508 accipitis.

1212 497 1215 517 1
1574 461 1676 498 Nihil
1711 462 1851 498 homini
1878 465 2083 509 contingere
2109 466 2236 500 melius

1242 522 1376 560 potest,
1401 527 1507 560 quam
1531 523 1624 548 recta
1642 516 1824 555 doctrina,
1851 516 2006 560 primum
2026 517 2070 550 de
2092 517 2236 560 religio-

1213 571 1216 592 ἲ
1243 579 1298 608 ne,
1326 567 1454 600 deinde
1471 567 1514 599 de
1532 564 1690 600 honestis
1706 567 1796 600 vitae
1813 567 1948 607 officiis,
1976 568 2020 600 de
2037 579 2154 601 rerum
2171 579 2236 602 ua-

1242 625 1332 659 tura,
1358 618 1511 663 denique
1526 618 1569 650 de
1584 617 1752 652 omnibus
1769 618 1916 657 artibus,
1943 630 2032 664 quae
2048 625 2130 652 sunt
2147 618 2238 652 vitae

1214 679 1217 696 ¹
1242 669 1357 703 utiles.
1409 668 1582 703 Traditur
1601 675 1718 702 autem
1733 669 1846 710 vobis,
1872 669 1943 703 Dei
1955 670 2147 710 beneficio,
2173 669 2238 703 do‘-

1242 720 1355 753 ctrina
1371 717 1587 759 Christiana,
1615 732 1702 764 pure
1719 728 1751 754 et
1766 720 1984 764 simpliciter.
2021 720 2239 766 Proponun-

1243 779 1301 805 tur
1317 778 1348 804 et
1366 777 1522 804 caeterae
1544 769 1711 805 honestae
1726 771 1954 815 disciplinae,
1981 784 2046 805 nec
2061 772 2134 806 ulla
2156 783 2239 817 pars

1244 819 1495 865 Philosophiae
1518 823 1720 865 negligitur.
1779 821 2005 857 Enarrantur
2027 823 2153 868 optimi
2174 834 2239 857 au-

1215 883 1218 904 ι
1244 880 1337 906 tores
1361 871 1491 906 Graeci
1522 879 1556 906 et
1577 873 1715 912 Latini,
1755 874 1815 919 qui
1845 880 1905 908 aut
1935 875 2051 908 fontes
2074 871 2239 908 Philoso-

1245 921 1347 968 phiae
1371 924 1576 963 continent,
1602 932 1663 958 aut
1686 932 1836 968 prosunt
1851 926 1894 958 ad
1914 926 2138 959 formandam
2157 937 2240 971 oga-

1244 975 1388 1009 tionem.
1443 973 1495 1008 De
1515 975 1798 1019 praeceptoribus
1821 976 1905 1020 ipsis
1924 989 1996 1010 non
2019 977 2151 1017 dicam,
2176 976 2238 1010 sed

1244 1033 1362 1060 tamen
1382 1026 1570 1059 dexteritas
1595 1033 1628 1059 et
1654 1027 1840 1070 prudentia
1868 1027 1904 1059 in
1921 1029 2064 1061 doctore
2080 1027 2239 1071 duplicat

1244 1077 1463 1112 beneficium.
1521 1076 1608 1110 Nam
1639 1077 1699 1123 qui
1731 1078 1769 1111 in
1798 1079 1958 1112 docendo
1992 1090 2066 1111 non
2096 1075 2242 1112 adhibet

1216 1144 1220 1179 ἰ
1243 1140 1362 1162 rerum
1379 1128 1552 1161 delectum
1569 1135 1630 1162 aut
1647 1141 1721 1162 non
1738 1129 1844 1170 videt,
1867 1129 1953 1174 quid
1972 1129 2117 1163 cuilibet
2134 1129 2239 1164 aetati

1216 1182 1220 1238 ἶ
1244 1179 1452 1222 conveniat,
1481 1178 1510 1211 is
1532 1191 1634 1223 saepe
1661 1180 1708 1213 ita
1731 1180 1915 1214 distribuit
1945 1192 1984 1214 ea
2008 1191 2097 1225 quae
2119 1180 2240 1222 tradit,

1217 1239 1220 1309 ἱ
1243 1237 1284 1264 ut
1300 1230 1329 1263 si
1347 1230 1425 1263 cani
1443 1229 1569 1274 paleas,
1595 1231 1695 1264 asino
1711 1232 1810 1265 daret
1823 1243 1912 1269 ossa,
1940 1239 1978 1265 ut
1996 1231 2033 1264 in
2049 1231 2240 1276 proverbio

1216 1313 1220 1328 ⁸
1244 1281 1385 1317 dicitur.
1425 1280 1537 1325 Spero
1557 1288 1672 1315 autem
1690 1282 1790 1315 vobis
1805 1282 1980 1325 cognitam
1997 1293 2070 1315 esse
2086 1282 2190 1316 fidem
2205 1289 2240 1317 et

1217 1329 1219 1354 ⁴
1245 1332 1469 1376 prudentiam
1494 1332 1531 1364 in
1556 1332 1598 1365 iis
1624 1333 1684 1378 qui
1711 1334 1850 1367 docent.
1900 1332 1990 1367 Cum
2014 1333 2122 1377 igitur
2142 1340 2239 1368 tanta

1245 1384 1290 1417 sit
1318 1383 1525 1426 magnitudo
1554 1383 1825 1424 beneficiorum,
1858 1396 1932 1416 non
1965 1390 2012 1418 est
2048 1385 2239 1418 obscurum

1244 1435 1339 1480 quod
1356 1434 1400 1468 sit
1418 1440 1575 1468 vestrum
1593 1434 1761 1470 officium.
1800 1433 1904 1468 Certe
1921 1433 1995 1468 Deo
2014 1435 2161 1478 gratiam
2179 1436 2242 1470 de·

1244 1485 1352 1524 betis,
1379 1485 1442 1530 qui
1466 1482 1521 1518 his
1547 1483 1795 1529 pulcherrimis
1819 1486 2026 1519 muneribus
2041 1486 2148 1519 vitam
2171 1483 2240 1520 hu-

1244 1549 1386 1570 manam
1410 1536 1562 1571 ornavit.
1619 1536 1652 1570 Is
1669 1537 1743 1570 vult
1765 1538 1859 1571 dona
1884 1549 1945 1570 sua
1969 1537 2141 1580 intelligi,
2162 1537 2240 1572 vult

1245 1600 1282 1621 ea
1305 1587 1533 1630 magnipendi
1566 1599 1586 1621 a
1611 1588 1733 1628 nobis,
1767 1588 1841 1622 vult
1868 1589 2015 1631 gratiam
2043 1588 2143 1622 reddi
2172 1586 2240 1631 bis,

1245 1650 1306 1682 per
1329 1650 1417 1683 quos
1439 1639 1595 1682 impertit
1619 1651 1656 1671 ca
1675 1637 1832 1672 humano
1852 1639 1982 1682 generi.
2039 1639 2160 1683 Quare
2180 1651 2240 1674 co-

1244 1690 1348 1733 gitate
1370 1689 1456 1735 quid
1483 1688 1558 1723 Deo
1585 1690 1760 1730 debeatis,
1788 1697 1822 1724 et
1842 1697 2055 1724 mementote
2083 1691 2240 1734 ingratos

1244 1753 1376 1785 poenas
1395 1741 1473 1775 Deo
1491 1742 1636 1774 daturos
1660 1753 1743 1774 esse.
1796 1739 1984 1786 Philippus
2002 1740 2150 1775 Macedo
2175 1739 2241 1776 ha·

1244 1793 1347 1826 bebat
1369 1792 1538 1830 militem,
1574 1792 1635 1837 qui
1654 1793 1684 1826 ei
1702 1798 1844 1837 propter
1861 1792 2105 1826 fortitudinem
2125 1793 2240 1838 inpri-

1245 1843 1311 1876 mis
1334 1840 1461 1876 charus
1486 1852 1576 1881 erat,
1611 1841 1669 1877 bic
1694 1844 1884 1887 naufragus
1908 1844 1951 1876 ad
1975 1843 2096 1876 villam
2120 1844 2239 1878 cuius-

1244 1895 1323 1927 dam
1349 1894 1522 1937 agricolae
1544 1906 1645 1937 aegre
1667 1894 1830 1929 enatavit.
1885 1894 2048 1938 Agricola
2071 1907 2150 1928 eum
2174 1907 2239 1930 au-

1243 1946 1351 1979 disset
1367 1946 1490 1979 militis
1508 1945 1716 1984 clamorem,
1744 1945 1916 1986 accurrit,
1943 1958 2094 1991 eumque
2119 1946 2239 1991 rigen-

1244 2003 1312 2030 tem
1333 1997 1461 2039 frigore
1481 2004 1514 2030 et
1538 2009 1625 2041 pene
1649 1998 1844 2030 exanimem
1863 1997 1960 2031 ducit
1979 1997 2015 2029 in
2035 1997 2177 2039 villam,
2203 2004 2238 2033 et

1243 2049 1372 2093 quibus
1401 2055 1512 2091 potest
1542 2048 1668 2082 officiis
1697 2054 1852 2090 recreat,
1889 2055 1966 2092 post
1993 2048 2149 2082 triduum
2175 2061 2235 2083 cu-

1243 2099 1396 2143 pientem
1424 2099 1522 2132 abire
1547 2100 1650 2133 etiam
1677 2100 1804 2133 viatico
1830 2099 1983 2132 instruit.
2045 2099 2238 2136 Discedens

1244 2151 1343 2183 miles
1362 2151 1495 2194 prolixe
1516 2151 1702 2194 pollicetur
1719 2162 1755 2184 se
1772 2150 1918 2194 gratiam
1938 2150 2132 2186 relaturum
2153 2163 2236 2187 esse.

1245 2201 1332 2235 Vide.
1348 2203 1434 2247 quid
1455 2203 1632 2237 acciderit.
1685 2201 1772 2235 Nam
1792 2209 1822 2235 et
1841 2199 1897 2233 bic
1915 2201 2015 2234 miles
2031 2201 2146 2235 cuculi
2162 2214 2237 2237 see-

1244 2253 1296 2286 lus
1332 2253 1488 2288 imitatus
1521 2262 1581 2287 est.
1634 2252 1760 2287 Narrat
1796 2250 1962 2296 Philippo
1998 2253 2236 2297 naufragium,

1244 2304 1452 2337 beneficium
1470 2301 1618 2349 hospitis
1637 2311 1735 2341 tacet.
1762 2311 1792 2337 et
1815 2304 1898 2348 petit
1915 2304 1980 2336 sibi
2001 2304 2126 2337 donari
2146 2304 2235 2340 illud

1213 2337 1217 2390 Ι
1243 2357 1445 2399 praedium,
1475 2356 1576 2389 facile
1599 2355 1761 2400 impetrat
1786 2369 1803 2388 a
1830 2354 1924 2399 Rege
1949 2355 2105 2393 liberali.
2133 2368 2236 2400 prae·

1213 2396 1216 2446 Ι
1241 2408 1359 2440 sertim
1378 2420 1456 2440 cum
1472 2406 1548 2441 ltex
1567 2408 1655 2440 bene
1671 2407 1836 2440 meritum
1860 2418 1934 2439 esse
1959 2406 2144 2447 indicarem
2179 2407 2235 2441 iu·

1213 2447 1216 2504 Ι
1242 2459 1297 2491 bet
1324 2459 1431 2500 igitur
1456 2458 1574 2492 induci
1603 2471 1682 2491 eum
1709 2458 1744 2491 in
1767 2458 1859 2491 bona
1877 2470 1965 2503 quae
1981 2456 2150 2501 petiverat
2166 2458 2234 2492 mi-

1214 2511 1215 2551 }
1242 2511 1300 2543 les.
1355 2510 1432 2543 Non
1458 2510 1536 2543 tulit
1564 2510 1729 2543 iniuriam
1755 2509 1906 2551 agricola
1933 2507 2099 2551 expulsus
2118 2508 2234 2550 honis,

1213 2567 1215 2606 ί
1241 2562 1284 2594 ab
1304 2575 1344 2593 eo
1366 2574 1469 2606 quem
1487 2568 1697 2599 servaverat,
1725 2562 1782 2593 sed
1803 2560 1897 2593 venit
1916 2560 1957 2592 ad
1978 2556 2184 2604 Philippum
2200 2569 2234 2597 et

1240 2619 1492 2646 coiiunemorat
1510 2625 1611 2645 suum
1632 2612 1839 2645 beneficium
1857 2622 1935 2654 erga
1953 2610 2116 2646 militem.
2165 2611 2233 2647 Hic

1239 2666 1326 2697 adeo
1344 2664 1468 2697 exarsit
1488 2664 1537 2697 ira
1554 2661 1754 2708 Philippus,
1774 2669 1811 2696 ut
1828 2661 2020 2695 Pausaniae
2038 2663 2233 2705 mandaret.

703 2714 778 2749 lloc
804 2717 935 2750 dictum
956 2728 1086 2762 quaeso
1111 2717 1187 2750 affi-
1211 2716 1216 2757 Ι
1239 2722 1276 2749 ut
1294 2715 1403 2760 priori
1419 2715 1565 2749 domino
1587 2715 1767 2760 praedium
1788 2713 2000 2754 restitueret,
2027 2713 2133 2749 militi
2149 2726 2232 2749 vero

2313 1884 2323 1914 ἔ)
