2338 2958
99 104 174 141 117

96 188 335 225 imbecillibus
364 186 479 226 nasci,
515 197 662 232 eamque
686 186 820 230 legem,
854 186 1001 230 opinor,
1034 185 1082 219 ita

96 240 212 276 sanxit
237 245 383 280 natura,
416 244 456 272 ut
476 238 678 272 educandae
702 238 922 283 tuendaeque
950 236 1083 271 sobolis

96 303 215 327 curam
236 290 274 323 in
298 289 504 334 parentibus
526 295 679 333 augeret.
730 286 783 322 Os
805 288 960 333 primum
986 288 1083 321 iner-

95 354 152 377 me
168 349 201 376 et
216 340 422 375 edentulum
438 347 506 381 est,
529 351 606 374 sero
631 340 824 374 admodum
843 339 981 382 lingua,
1007 350 1083 372 ma-

95 404 182 434 nus,
208 393 314 437 pedes
328 391 484 425 officium
501 403 604 425 suum
621 392 734 424 facere
756 390 945 435 incipiunt.
997 388 1080 423 Est-

96 455 164 490 que
173 449 270 478 tanta
284 443 321 477 in
339 449 460 476 tenero
471 442 679 487 corpusculo
689 441 910 475 imbecillitas
920 441 1081 474 omnium

95 495 359 534 membrorum,
393 500 433 527 ut
460 493 497 526 ni
522 494 654 537 vagiret
678 492 814 533 infans,
849 493 968 525 vivere
991 503 1080 536 pene

94 546 302 581 nesciretur.
327 543 375 579 Et
391 542 474 579 huic
491 543 647 589 corporis
662 543 769 576 modo
786 543 956 587 singulari
973 543 1082 576 hene-

95 596 174 631 ficio
191 603 316 630 natura
335 595 602 629 convenientem
628 594 834 627 alimoniam
858 594 896 627 in
913 594 1081 628 maternis

95 647 267 683 uberibus
298 647 478 687 condidit,
511 646 606 691 quod
635 645 866 679 solidioribus
893 645 980 679 cibis
1007 657 1079 678 non

95 698 216 734 statim
242 710 281 732 os
305 698 445 731 firmum
465 697 522 732 sit.
577 696 697 741 ltaque
723 703 884 730 materno
910 696 999 729 lacte
1023 696 1081 729 in-

95 750 174 784 fans
193 749 364 793 tantisper
383 748 507 789 alitur,
543 754 618 782 tum
644 746 813 780 viriculae
836 747 1008 780 firmiores
1029 747 1082 780 fa-

96 807 190 842 ctae,
217 800 421 834 solidiorem
438 799 556 832 cibum
572 798 777 838 admittant,
803 805 955 843 suntque
979 804 1081 831 auto—

96 863 152 885 res
166 851 310 890 medici,
337 850 398 895 qui
422 850 560 893 integro
580 849 724 883 biennio
741 849 816 882 solo
832 849 920 882 lacte
935 850 1081 882 alendos

97 907 258 942 censent,
285 901 455 946 paulatim
471 907 588 945 postea
607 900 755 934 solidior
772 900 871 934 cibus
886 902 1001 941 datur,
1017 912 1081 933 nec

96 953 158 987 ille
174 959 292 987 tamen
316 952 542 997 aliquandiu,
566 951 635 984 nisi
660 962 897 995 praemansus.
952 951 1026 984 lam
1049 957 1082 984 et

97 1004 262 1038 alumnae
287 1015 394 1036 manu
419 1002 564 1036 infantis
588 1014 648 1035 ore
665 1002 848 1042 interitur,
874 1003 1080 1046 priusquam

97 1052 206 1089 huius
235 1065 361 1087 manus
395 1053 511 1087 officio
545 1065 607 1086 suo
635 1053 735 1096 fungi
763 1059 887 1097 potest.
941 1051 1081 1086 Omitto

98 1112 230 1150 quanta
248 1104 440 1144 industria,
467 1110 667 1149 quantaque
685 1115 766 1136 cura
782 1103 945 1136 collocari
966 1104 1003 1136 in
1020 1115 1082 1137 cu-

97 1167 162 1189 nas
183 1155 220 1187 in
243 1154 446 1199 crepundiis
468 1154 594 1198 gestari
617 1154 745 1195 soleat,
771 1161 811 1188 ut
833 1155 1001 1188 membris
1018 1152 1082 1187 ha-

95 1206 192 1240 bitus
212 1217 313 1246 suus,
339 1205 632 1250 lineamentisque
653 1205 758 1238 decor
777 1205 904 1250 aliquis
929 1212 1082 1250 paretur.

96 1254 214 1302 Atque
239 1253 304 1289 hac
330 1255 487 1300 corporis
512 1256 735 1297 conditione,
765 1256 871 1289 fallor
898 1268 978 1300 ego,
1009 1256 1078 1289 nisi

96 1314 223 1342 natura
238 1307 335 1341 velut
359 1307 556 1351 spectaculo
579 1308 731 1352 quodam
749 1307 950 1341 animorum
970 1308 1082 1340 imbe-

96 1358 279 1392 cillitatem
310 1358 555 1398 adumbravit,
593 1358 804 1402 monuitque
833 1364 964 1402 quanta
998 1369 1080 1390 cura

98 1408 260 1449 excitari,
290 1407 427 1441 institui
450 1420 490 1440 ac
506 1408 637 1441 erudiri
655 1409 760 1441 rudes
776 1419 964 1451 puerorum
980 1419 1082 1440 men-

97 1466 148 1494 tes
176 1459 273 1493 velit.
334 1456 400 1492 Est
428 1458 524 1491 enim
547 1469 608 1492 sua
633 1455 689 1491 his
710 1458 874 1493 infantia:
922 1459 1081 1491 videmus

99 1522 204 1556 quam
237 1521 314 1543 sero
349 1515 520 1552 agnosant
546 1509 757 1542 domesticos
788 1509 912 1546 etiam,
950 1520 1081 1553 speque

97 1568 264 1606 metuque
289 1567 432 1598 vacant,
467 1559 567 1592 nullo
602 1570 719 1592 rerum
750 1559 949 1592 absentium
977 1570 1081 1593 sensu

98 1618 304 1655 tanguntur.
371 1609 527 1644 Proinde
549 1610 723 1654 sapientes
746 1609 814 1643 viri
838 1616 985 1644 naturae
1007 1609 1079 1642 vim

98 1662 246 1708 propius
271 1661 517 1706 contemplati,
552 1658 645 1694 haud
674 1661 837 1706 equidem
865 1661 940 1694 sine
962 1666 1081 1693 mente

98 1726 196 1755 reor,
230 1713 305 1747 sine
330 1712 477 1746 numine
501 1711 640 1752 divum,
672 1711 840 1746 viderunt
863 1711 991 1745 animis
1018 1723 1080 1744 suo

99 1765 254 1811 quodam
269 1764 358 1797 lacte
374 1774 462 1807 opus
479 1774 560 1797 esse.
614 1762 753 1805 Quaeso
778 1770 828 1803 te,
855 1774 975 1796 nonne
994 1762 1082 1795 ridi-

100 1816 199 1849 culus
217 1815 340 1855 suerit,
367 1814 395 1847 si
415 1814 494 1859 quis
519 1814 689 1847 infantem
711 1814 918 1846 anniculum
937 1825 999 1857 per
1021 1825 1082 1846 ur-

99 1867 163 1899 bes
193 1865 329 1909 aliquot
360 1864 582 1897 circumferat
615 1864 894 1909 praecipiatque,
936 1871 975 1897 ut
1003 1864 1082 1897 illa—

101 1928 181 1950 rum
206 1915 311 1954 situs,
347 1912 637 1959 item¹liospitum
658 1915 802 1947 nomina
833 1922 992 1950 accurate
1017 1915 1082 1948 ob-

101 1972 234 2007 servet,
249 1965 537 2010 memineritque,
557 1971 595 1998 ut
609 1965 754 1998 domum
771 1965 927 2007 rediens,
954 1977 1083 2011 aequa-

102 2018 196 2051 libus
220 2017 390 2050 recenseri
417 2016 550 2060 possit'?
602 2016 656 2050 Ad
681 2028 759 2049 eum
795 2017 900 2049 modo
934 2016 1083 2061 ineptire

102 2069 238 2109 iudico,
265 2068 330 2112 qui
351 2067 432 2100 talia
460 2067 578 2111 pueris
601 2074 826 2111 proponunt,
851 2080 939 2112 quae
963 2074 1083 2112 captus

102 2119 246 2153 illorum
266 2119 426 2151 nondum
442 2118 649 2162 assequitur.
694 2116 757 2152 Est
772 2119 919 2152 omnino
938 2119 1084 2152 veritate

103 2167 197 2203 nihil
221 2169 420 2210 venustius,
454 2167 545 2201 nihil
569 2169 772 2209 amabilius,
807 2170 867 2202 sed
897 2170 1037 2213 longius
1064 2182 1082 2203 a

104 2227 292 2265 conspectu
317 2227 351 2254 et
372 2221 416 2253 ab
439 2220 549 2253 oculis
571 2217 756 2253 hominum
782 2221 941 2262 recessit,
976 2233 1080 2266 quam

104 2279 144 2306 ut
178 2271 272 2304 cerni
319 2277 448 2305 temere
488 2271 699 2316 agnoscique
741 2271 859 2315 possit.
922 2271 1083 2317 Suntque

105 2322 257 2367 pueriles
279 2322 387 2354 animi
414 2322 455 2354 ad
485 2334 558 2354 eam
575 2329 740 2367 tanquam
756 2335 816 2366 per
832 2323 959 2365 gradus
978 2334 1085 2368 quos-

105 2374 186 2407 dam
218 2373 369 2405 ducendi
406 2373 652 2418 invitandique
678 2374 784 2406 variis
819 2374 1012 2414 illecebris,
1045 2381 1083 2408 ut

105 2424 257 2458 subinde
287 2423 432 2467 propius
463 2423 684 2457 considerare
715 2425 815 2458 liceat
842 2437 914 2458 rem
942 2425 1083 2470 quidem

106 2475 265 2509 omnium
290 2472 584 2518 pulcherrimam,
611 2476 670 2508 sed
694 2473 763 2508 heu
788 2475 938 2508 nimium
958 2477 1083 2509 obscu-

106 2538 182 2559 ram
205 2526 430 2570 ignotamque
454 2526 670 2559 mortalibus.
727 2525 774 2560 Et
806 2527 952 2571 perinde
983 2534 1087 2572 atque

108 2576 169 2621 qui
186 2588 221 2609 se
238 2576 434 2610 infantibus
451 2577 560 2609 amari
579 2577 722 2617 volunt,
749 2576 893 2611 sacliaro
912 2585 971 2612 aut
986 2579 1087 2611 simi-

107 2627 202 2660 libus
229 2627 333 2660 rebus
366 2628 539 2668 invitant,
579 2627 625 2660 ita
661 2628 846 2662 lenociniis
876 2629 1087 2674 quibusdam

109 2678 388 2712 commendanda
412 2679 538 2712 veritas
558 2685 626 2719 cst,
654 2686 685 2713 et
708 2680 856 2713 rudibus
883 2680 1010 2713 animis
1032 2681 1088 2713 in-

565 98 727 138 DECL.
781 98 854 136 DE
889 98 1223 136 UTILITATE
1258 99 1651 159 FABULARUM4

2054 110 2124 146 118

1133 186 1317 220 sinuanda.
1369 185 1625 232 Excogitarunt
1640 188 1756 235 itaque
1771 192 2037 235 prudentissimi
2054 193 2120 230 ho-

1131 237 1246 270 mines
1260 237 1426 279 fabellas,
1449 251 1538 284 quae
1554 240 1709 283 primum
1733 241 1966 279 admiratione
1990 247 2119 281 excita-

1132 295 1222 329 rent,
1238 300 1301 322 ceu
1311 296 1495 322 veternum
1511 292 1687 334 quendam
1697 292 1911 328 dormientes
1926 308 2117 340 puerorum

1132 339 1283 373 animos.
1335 339 1432 383 Quid
1450 341 1544 373 enim
1561 342 1671 385 magis
1691 355 1824 377 novum
1843 346 1948 381 nobis
1965 348 2118 390 videtur,

1132 402 1238 435 quam
1264 390 1387 435 lupum
1411 403 1489 424 cum
1523 403 1632 436 equo,
1659 394 1797 427 leonem
1822 407 1902 429 cum
1920 398 2118 442 vulpecula,

1132 453 1300 486 quercum
1320 454 1399 475 cum
1418 442 1599 475 cucurbita
1621 440 1806 478 hominum
1822 459 1920 481 more
1937 450 2118 495 colloqui?

1132 490 1250 526 Taciti
1265 493 1358 536 apud
1377 504 1442 526 nos
1462 493 1651 535 miramur,
1676 495 1737 539 qui
1754 508 1893 538 sensus,
1922 500 1982 545 qui
2003 513 2116 534 sermo

1131 543 1324 577 bestiarum
1350 544 1471 577 suerit:
1508 544 1670 590 paritque
1695 543 1779 579 haec
1802 550 1990 584 admiratio
2014 552 2117 586 volu-

1132 600 1262 638 ptatem
1288 596 1465 639 quandam
1493 595 1639 639 propius
1664 600 1924 639 cognoscendae
1951 602 2020 643 rei,
2062 603 2118 636 iu-

1133 652 1259 690 vatque
1288 646 1439 685 discere,
1479 658 1584 691 quam
1619 647 1665 680 ob
1693 659 1830 681 causam
1862 647 1946 684 haec
1971 653 2116 687 conficta

1132 695 1217 730 sint.
1271 695 1324 729 Ibi
1341 697 1511 740 paulatim
1527 697 1666 731 animus
1685 699 1870 742 excitatus,
1897 702 1998 745 erigit
2026 716 2061 737 se
2079 704 2116 736 in

1133 748 1467 791 contemplationem
1498 760 1617 781 rerum
1653 746 1908 792 humanarum,
1941 760 1974 787 et
2007 766 2117 797 agno-

1133 810 1226 831 scere
1266 798 1438 832 virtutum
1473 799 1712 845 vitiorumque
1745 802 1949 836 discrimina
1981 804 2116 849 incipit.

1132 848 1271 883 Deinde
1288 850 1392 883 altius
1412 850 1585 889 insidunt,
1613 863 1691 884 cum
1706 853 1812 886 verba
1833 859 1906 887 tum
1924 857 2117 889 sententiae

1133 913 1255 934 eorum
1273 908 1577 944 argumentorum,
1604 913 1692 946 quae
1707 915 1785 936 cum
1802 905 2039 939 admiratione
2058 919 2116 940 ex-

1134 952 1308 996 cepimus,
1344 958 1376 984 et
1402 953 1497 986 velut
1521 953 1659 986 aculeos
1681 954 1888 1000 relinquunt
1912 956 1949 988 in
1978 958 2116 998 animis,

1133 1003 1262 1047 quibus
1284 1003 1510 1036 accendimur
1539 1015 1620 1037 cura
1646 1006 1797 1049 quadam
1828 1007 2116 1050 pervestiganda-

1133 1065 1212 1087 rum
1230 1065 1349 1086 earum
1373 1066 1508 1093 rerum,
1537 1066 1625 1100 quae
1648 1067 1741 1088 novo
1765 1065 1962 1091 commento
1989 1059 2115 1092 tradita

1134 1111 1227 1138 sunt.
1289 1103 1367 1137 Hoc
1400 1105 1529 1149 opinor
1558 1106 1723 1147 consilio,
1762 1107 1918 1150 primum
1952 1110 2115 1143 confictas

1134 1156 1285 1196 fabulas,
1318 1156 1412 1200 quod
1435 1156 1534 1189 nulla
1556 1157 1698 1190 dicendi
1724 1159 1860 1191 ratione
1887 1160 2029 1194 excitari
2057 1172 2115 1194 su—

1133 1206 1236 1250 pinae
1261 1218 1453 1250 puerorum
1474 1214 1608 1240 mentes
1642 1208 1745 1242 citius
1766 1221 1867 1253 posse
1896 1211 2114 1246 viderentur.

1134 1256 1297 1290 Fortasse
1331 1255 1397 1290 hoc
1422 1258 1527 1291 etiam
1552 1259 1701 1302 agebant
1729 1260 1930 1294 fabularum
1963 1270 2116 1303 autore5‚

1132 1315 1171 1341 ut
1185 1308 1342 1341 amoenis
1364 1309 1579 1351 argumentis
1602 1310 1742 1353 ingenia
1760 1323 1951 1355 puerorum
1975 1313 2116 1347 mitiora

1132 1359 1330 1393 redderent.
1374 1358 1467 1392 Inest
1492 1360 1585 1392 enirn
1609 1360 1646 1392 in
1671 1373 1708 1393 ea
1724 1368 1852 1402 aetate,
1882 1363 1971 1396 sicut
1997 1364 2032 1396 in
2060 1376 2116 1397 re-

1133 1408 1294 1442 centibus
1334 1409 1466 1452 pomis,
1513 1411 1679 1443 acerbum
1715 1412 1885 1456 quiddam
1925 1420 1958 1447 et
1990 1414 2116 1453 serum,

1133 1459 1227 1504 quod
1251 1458 1318 1491 nisi
1344 1456 1555 1493 humaniore
1584 1461 1807 1496 institutione
1834 1464 2048 1507 corrigatur,
2078 1466 2114 1498 in

1132 1509 1332 1542 barbariem
1355 1511 1533 1554 quandam
1559 1517 1591 1544 et
1614 1511 1795 1545 beluinam
1820 1515 1999 1548 saevitiam
2028 1516 2116 1550 abit.

1131 1559 1304 1592 Videmus
1321 1560 1415 1593 enim
1430 1558 1496 1594 hoc
1515 1561 1664 1595 docendi
1682 1574 1808 1606 genere
1824 1576 1904 1598 usos
1921 1577 1992 1600 esse
2002 1579 2117 1612 quon—

1132 1611 1212 1644 dam
1230 1611 1454 1654 gravissimos
1471 1619 1504 1646 et
1521 1613 1796 1657 sapientissimos
1810 1612 1991 1655 homines,
2021 1619 2114 1662 quod

1132 1674 1228 1695 nuuc
1251 1669 1383 1706 quanto
1404 1663 1497 1696 malo
1523 1664 1665 1707 publico
1687 1677 1705 1698 e
1728 1663 1858 1699 scholis
1885 1668 2017 1709 exulet,
2045 1681 2115 1701 non

1133 1713 1234 1745 facile
1259 1713 1421 1749 dixerim.
1470 1713 1619 1748 Homeri
1640 1715 1768 1749 Poetae
1792 1718 2015 1760 prudentiam
2040 1726 2118 1752 tan-

1134 1770 1254 1807 topere
1286 1763 1463 1798 mirantur
1498 1765 1645 1808 eruditi,
1684 1773 1723 1801 ut
1756 1779 1860 1812 supra
1896 1781 2118 1803 communem

1135 1814 1337 1847 mortalium
1355 1822 1484 1849 sortem
1500 1814 1643 1857 vehant,
1670 1818 1845 1864 planeque
1862 1820 2035 1861 sentiant,
2063 1822 2119 1854 di-

1134 1866 1216 1898 vina
1247 1867 1397 1910 quadam
1432 1867 1467 1899 vi
1500 1874 1653 1901 mentem
1684 1869 1780 1903 illius
1802 1871 1968 1914 percitam
1997 1872 2117 1906 fuisse.

1134 1915 1182 1950 At
1207 1916 1236 1949 is
1260 1916 1395 1960 pueriS,
1430 1930 1518 1963 quos
1549 1918 1585 1951 in
1611 1917 1758 1953 Graecia
1795 1922 1922 1964 passim
1957 1923 2115 1964 docebat,

1135 1967 1266 2001 bellum
1285 1979 1451 2002 ranarum
1468 1976 1499 2002 et
1514 1969 1669 2003 murium
1694 1971 1850 2015 scripsit,
1875 1979 1913 2006 ut
1937 1972 2042 2006 simul
2066 1981 2117 2007 te-

1134 2030 1238 2052 neros
1255 2018 1391 2052 animos
1407 2019 1620 2064 lepidissima
1646 2021 1763 2054 fabula
1781 2023 1984 2064 delectaret,
2011 2024 2116 2058 simul

1135 2071 1272 2103 doceret
1290 2077 1460 2115 quantum
1478 2072 1898 2115 praestaretdissimulare
1908 2086 2011 2119 quam
2029 2076 2119 2109 ulci-

1135 2121 1183 2154 sci
1208 2121 1393 2162 iniuriam,
1421 2134 1525 2167 quam
1542 2123 1612 2155 sint
1638 2123 1761 2156 incerti
1786 2125 1968 2158 turbarum
1986 2138 2024 2158 ac
2045 2127 2119 2159 bel-

1136 2172 1251 2205 lorum
1277 2172 1435 2206 omnium
1463 2173 1590 2214 exitus,
1618 2186 1681 2207 nec
1704 2186 1784 2207 raro
1804 2176 1979 2217 accidere,
2007 2184 2045 2210 ut
2073 2178 2117 2211 ab

1137 2222 1365 2255 inferioribus
1390 2224 1605 2267 potentiores
1630 2225 1836 2267 vincantur,
1863 2237 1963 2271 saepe
1987 2228 2115 2261 malum

1136 2285 1240 2307 omne
1257 2273 1293 2306 in
1311 2274 1442 2307 autoris
1458 2281 1561 2318 caput
1578 2287 1730 2319 vergere.
1784 2276 1873 2310 Nam
1899 2290 1977 2310 cum
2000 2290 2117 2312 mures

1137 2324 1311 2357 nonnulla
1333 2336 1414 2357 sane
1431 2325 1558 2358 iniuria
1577 2327 1773 2369 provocati,
1800 2327 1906 2361 armis
1924 2328 2019 2361 illam
2039 2330 2118 2362 vin-

1137 2373 1252 2409 dicare
1271 2387 1373 2420 quam
1395 2376 1615 2409 dissimulare
1631 2378 1791 2418 mallent,
1809 2379 2029 2424 nimiumque
2049 2381 2119 2414 suis

1138 2426 1272 2459 viribus
1288 2428 1454 2460 adversus
1471 2427 1630 2460 imbelles
1645 2441 1746 2462 ranas
1761 2430 1924 2469 fiderent,
1941 2431 2120 2465 donarunt

1139 2477 1256 2521 superi
1280 2478 1460 2511 victori-‘un
1484 2478 1760 2520 imbellioribus,
1794 2487 1827 2514 et
1862 2481 1943 2513 belli
1980 2489 2118 2515 autores

1140 2529 1349 2572 pertinaciae
1392 2540 1473 2561 suae
1515 2529 1721 2563 iustissimas
1762 2543 1891 2575 poenas
1933 2533 2116 2567 dederunt.

1140 2579 1278 2621 Quaeso
1302 2579 1384 2624 quid
1417 2591 1526 2625 aeque
1548 2581 1667 2615 retulit
1690 2583 1884 2625 puerilibus
1906 2584 2033 2615 animis
2062 2584 2116 2615 in-

1141 2631 1225 2670 seri,
1262 2637 1365 2675 atque
1387 2632 1507 2665 odium
1534 2633 1706 2665 bellorum
1732 2645 1770 2666 ac
1791 2635 1994 2674 turbarum,
2028 2634 2116 2667 tole-

1140 2682 1276 2715 rantiae
1297 2682 1472 2724 studium,
1500 2690 1533 2717 et
1560 2680 1626 2717 hoc
1649 2695 1758 2727 genus
1781 2685 1866 2718 alias
1891 2682 2118 2718 humanitatis

1235 2732 1283 2765 3*
