2338 2958
62 101 138 143 ‚269
623 97 656 133 D
665 97 779 136 ECL.

65 188 197 233 gallum
220 184 468 230 gallinaceum:
500 184 590 218 alius
614 185 704 220 sedit
722 185 760 218 in
778 197 887 219 vacuo
907 183 1057 226 theatro,

64 238 244 274 somnians
258 247 294 268 se
308 235 428 268 videre
445 235 652 279 spectacula.
705 235 772 270 His
787 237 982 280 persimiles
1004 236 1057 269 vi-

64 291 194 324 dentur
208 285 354 331 plurimi
372 283 589 327 hebetiores,
614 286 676 332 qui
693 287 764 320 levi
780 287 896 334 aliqua
912 287 1057 321 cavilla-

64 340 161 374 tione
177 336 333 381 decepti,
360 342 479 370 amant
496 337 665 370 absurdas
682 337 887 382 opiniones,
911 346 943 372 et
961 339 1055 384 quod

61 396 114 424 est
135 388 396 428 miserandum,
428 385 483 420 his
510 387 559 421 ita
579 388 763 422 blanditur
787 400 903 430 error,
931 391 970 423 ut
987 389 1055 422 sibi

61 440 299 485 applaudant,
325 449 360 471 se
376 439 494 471 beatos
504 439 706 472 ducantilla
724 439 873 474 insania.
926 438 1055 473 Exem-

59 491 116 537 pla
131 497 213 524 sunt
235 490 272 522 in
289 486 418 522 scholis
435 496 468 523 et
485 489 522 522 in
540 487 706 522 Ecclesiis
725 490 888 533 plurima.
942 490 1053 524 Stoici

59 548 204 588 propter
229 540 322 573 leves
347 540 588 573 cavillationes
613 540 850 574 discesserunt
871 554 888 573 a
915 548 1053 579 natura,

59 599 95 627 et
116 603 214 626 suam
239 591 337 623 illam
366 587 555 625 ἀπάθειαν
580 590 728 624 ridicule
761 591 829 624 sibi
865 592 1053 626 finxerunt.

58 643 217 686 Longius
241 641 346 675 etiam
383 653 402 675 a
430 648 555 675 natura
586 641 732 675 discedit
756 640 949 685 Epicurus,
992 643 1051 687 qui

58 705 204 739 prorsus
219 693 345 727 evertit
360 690 526 737 Physica,
553 692 646 725 tollit
670 692 856 726 efficientes
883 700 914 726 et
934 693 1053 727 finales

58 756 198 784 causas,
227 750 261 778 et
277 743 419 788 quidem
439 744 481 776 de
498 739 552 775 his
570 741 724 776 inventis
741 743 882 788 utrique
898 744 965 777 sibi
984 744 1052 777 mi-

57 807 138 830 rum
161 795 199 828 in
223 795 368 827 modum
392 793 542 837 placent.
605 792 701 836 Quid
733 805 829 827 nunc
853 793 1051 838 Anabapti-

57 852 150 886 stae,
177 857 281 891 quam
299 850 382 878 sunt
403 844 508 887 plane
525 842 779 889 τετυφωμένοι
800 857 839 878 ac
860 847 1050 880 dementati

58 894 286 941 sophistica?
338 894 407 929 Sed
427 892 490 928 hos
510 892 708 928 hebetiores
725 896 862 931 omitto.
1033 898 1037 902 Χ

159 945 234 980 Alii
257 946 401 991 quidam
421 946 605 978 abundant
627 946 797 988 ingeniis,
831 947 891 991 qui
915 946 950 979 in
976 953 1050 980 stu-

57 998 125 1032 diis
142 997 214 1031 suis
232 1009 306 1030 non
325 1003 530 1041 proponunt
549 997 614 1029 sibi
635 994 729 1030 hunc
752 997 875 1037 finem,
901 1004 940 1031 ut
958 997 1051 1030 veri-

55 1056 163 1084 tatem
188 1054 314 1081 eruant
335 1060 373 1081 ac
401 1047 632 1093 patefaciant,
667 1048 725 1080 sed
750 1054 789 1081 ut
820 1049 862 1081 de
885 1049 1050 1081 omnibus

55 1100 160 1134 rebus
177 1098 378 1144 prodigiosa
396 1097 563 1131 varietate
580 1098 771 1142 disputent.
811 1097 858 1132 Et
875 1097 936 1132 has
950 1111 1050 1144 prae-

55 1151 175 1194 stigias
190 1161 365 1183 summam
384 1148 517 1192 ingenii
534 1149 672 1182 laudem
690 1161 763 1182 esse
778 1150 923 1185 ducunt.
977 1149 1049 1183 Ta-

54 1202 104 1235 les
130 1201 275 1235 fuerunt
300 1201 386 1234 olim
405 1190 608 1233 Academici
630 1211 691 1233 seu
712 1198 905 1246 Pyrrhonii
924 1201 1049 1245 potius²

40 1252 116 1298 0qui
144 1252 263 1285 omnia
289 1251 421 1295 pariter
445 1251 577 1283 incerta
605 1262 678 1283 esse
699 1252 980 1291 contendebant,
1017 1258 1049 1285 et

52 1315 99 1337 ne
123 1302 343 1348 probabilius
368 1301 512 1347 quidem
535 1301 603 1334 alio
627 1302 744 1341 aliud,
768 1314 806 1335 ac
826 1301 1046 1336 Geometrica

54 1353 232 1399 principia
255 1353 360 1386 etiam
382 1358 537 1385 evertere
561 1353 801 1391 conabantur,
835 1353 984 1393 scilicet,
1010 1360 1048 1386 ut

54 1404 166 1443 acuti,
197 1409 237 1436 ut
267 1402 401 1446 copiosi
430 1402 644 1448 viderentur.
705 1402 811 1435 Tales
842 1410 924 1437 sunt
955 1405 1045 1447 apud

55 1453 242 1488 Platonem
254 1450 441 1497 Sophistae
457 1451 627 1495 Gorgias,
652 1449 957 1498 Thrasymachus,
984 1465 1048 1486 nec

54 1505 130 1550 ipse
146 1516 227 1538 raro
243 1504 286 1536 ad
305 1504 454 1536 eundem
469 1503 614 1535 modurn
632 1502 733 1536 ludit.
775 1502 870 1536 Haec
887 1504 1047 1545 ingenio-

54 1567 136 1590 rum
159 1554 301 1588 licentia
326 1553 519 1594 plurimum
547 1550 649 1586 habet
676 1553 836 1597 periculi.
889 1552 939 1586 Ea
959 1566 1046 1599 quae

54 1612 193 1646 amant,
237 1605 452 1649 amplificant
487 1603 523 1636 in
560 1603 789 1644 immensum3
843 1617 932 1648 quae
974 1617 1044 1637 non

55 1664 194 1697 amant,
227 1662 378 1689 extreme
401 1654 590 1694 abiiciunt;
624 1654 747 1688 dicunt
763 1655 878 1688 vicina
903 1667 966 1699 pro
987 1668 1047 1689 ve-

54 1708 122 1749 ris,
155 1707 303 1740 miscent
320 1718 394 1739 non
410 1703 652 1744 cohaerentia,
680 1703 883 1739 distrahunt
899 1719 936 1739 ea
959 1719 1047 1751 quae

54 1758 224 1801 coniungi
245 1757 421 1801 oportuit,
456 1756 604 1800 perinde
626 1768 664 1789 ac
691 1756 720 1789 si
753 1764 937 1790 centauros
961 1754 1046 1802 πῆ

55 1807 228 1844 chimeras
250 1809 452 1853 pingerent:
486 1805 576 1839 nihil
600 1807 769 1850 proprie,·
799 1805 891 1840 nihil
918 1808 1045 1840 diserte

54 1860 197 1900 dicunt,
236 1859 368 1892 ludunt
392 1858 518 1891 ironiis
545 1864 578 1890 et
605 1857 682 1890 aliis
707 1857 854 1892 deliciis.
922 1857 1046 1891 Videte

54 1912 184 1957 quibus
204 1910 384 1943 coloribus
407 1920 501 1941 nunc
526 1907 700 1950 ingeniosi
716 1905 878 1941 homines
899 1908 1046 1952 pingant

21 1990 23 1992 -
53 1962 184 1996 abusus
216 1960 483 1997 ecclesiasticos,
516 1959 644 2003 quibus
676 1956 812 1991 technis
843 1971 940 1992 veras
965 1972 1045 1993 sen-

53 2013 180 2047 tentias
211 2012 375 2045 obruant.
434 2009 551 2052 Quam
576 2009 686 2042 multa
724 2009 912 2043 inveniunt
945 2009 1045 2056 σοφὰ

7 2049 16 2056 .
54 2059 254 2110 φάρμακα,
295 2068 336 2095 ut
369 2061 577 2094 medeantur
609 2060 771 2092 absurdis
803 2060 1044 2104 opinionibus,

55 2097 192 2160 quoiies
208 2113 245 2146 in
261 2125 340 2146 eum
358 2112 473 2145 locum
490 2117 634 2144 ventum
658 2117 727 2149 est,
751 2110 812 2143 ubi
832 2118 967 2154 oportet
984 2124 1044 2145 seu

55 2175 194 2198 versare
211 2164 333 2203 dolos,
359 2174 419 2195 seu
439 2168 552 2195 certae
568 2162 774 2194 occumbere
792 2162 909 2196 morti.

157 2212 248 2248 Cum
271 2211 336 2246 hac
357 2210 554 2256 Sophistica
579 2212 710 2244 bellum
735 2209 925 2246 ἄσπονδον
942 2213 1042 2245 debet

56 2276 128 2300 esse
151 2264 336 2304 omnibus,
370 2263 430 2307 qui
457 2270 490 2297 et
514 2262 600 2296 boni
623 2262 691 2294 viri
714 2260 891 2305 perhiberi
909 2264 1044 2303 volunt,

55 2323 90 2350 et
113 2316 227 2350 studia
253 2326 313 2347 sua
341 2314 498 2347 referunt
521 2315 564 2346 ad
596 2325 819 2346 communem
844 2314 1043 2348 utilitatem.

834 98 910 135 DE
951 97 1161 135 AMORE
1202 99 1542 139 VERITATIS.

2025 108 2100 142 270

1112 197 1216 230 quam
1234 186 1494 230 simplicissime
1510 201 1547 222 ac
1564 189 1767 233 planissime
1781 192 2028 236 patefaciamus
2044 206 2103 228 ve-

1111 236 1259 269 ritatem.
1327 236 1421 271 Haec
1458 240 1550 272 enim
1586 248 1619 275 et
1645 240 1720 275 Deo
1754 254 1820 276 nos
1846 244 2028 284 conciliat,
2069 253 2101 279 et

1110 287 1260 320 maxime
1289 289 1453 321 convenit
1480 298 1643 331 naturae,
1677 300 1708 325 et
1734 293 1879 327 salutem
1908 295 2008 328 affert
2032 294 2103 330 Re-

1110 337 1261 381 buspub.
1277 345 1309 371 et
1327 336 1505 372 Ecclesiis.
1559 341 1630 375 Nec
1647 343 1718 375 ulla
1736 345 1973 379 existimemus
1989 346 2101 379 officia

1110 388 1187 421 Deo
1218 389 1370 431 gratiora
1397 401 1489 430 esse,
1524 389 1615 424 nihil
1639 392 1792 436 I-teipnb.
1821 396 1961 434 utilius,
1997 409 2100 441 quam

1109 436 1175 471 hoc
1209 440 1364 472 studium
1402 441 1627 483 explicandae
1663 445 1828 478 veritatis.
1894 445 2102 480 Rectissime

1108 489 1202 522 enim
1218 490 1350 524 dictum
1368 497 1418 524 est
1436 491 1524 524 illud
1541 493 1578 524 in
1594 493 1913 535 legibusl‘latouis:
1943 494 2101 542 ἀλήθεια

1107 537 1261 574 πάντων
1286 537 1356 585 μὲν
1384 540 1547 588 ἀγαθῶν
1568 543 1670 581 θεοῖς
1693 542 1852 591 ἡγεῖται,
1888 546 2041 583 πάντων
2059 546 2099 583 δέ

1107 588 1334 635 ἀνθρώποις.
1396 592 1535 626 Veritas
1557 595 1717 627 omnium
1739 596 1914 629 bonorum
1933 611 2033 632 causa
2050 607 2099 633 est

1106 642 1174 674 diis
1198 648 1231 674 et
1253 640 1468 676 hominibus.
1525 643 1640 686 Quam
1668 647 1789 679 crebro
1809 649 1977 693 praecipit
1994 648 2100 683 Chri-

1105 699 1177 725 stus
1201 694 1244 725 de
1271 694 1416 726 colenda
1439 701 1472 727 et
1494 696 1623 728 tuenda
1642 696 1814 731 veritate?
1857 711 1960 743 quam
1983 707 2100 734 sancte

1105 745 1328 778 commendat
1343 745 1446 777 nobis
1466 745 1539 778 eius
1558 746 1740 780 studium?
1779 760 1882 793 quam
1911 747 2100 784 horribiles

1105 806 1234 837 poenas
1257 795 1361 828 etiam
1389 797 1557 839 proponit
1581 794 1635 829 his
1661 799 1720 842 qui
1741 800 1922 833 veritatem
1939 801 2100 835 violant?

1104 844 1216 878 Porro
1233 846 1293 890 qui
1316 854 1436 879 amant
1452 845 1674 890 Sophisticen
1699 856 1732 882 et
1748 850 1784 882 in
1803 851 1945 884 caeteris
1962 852 2097 893 artibus

1106 896 1227 928 ludere
1252 904 1529 938 consueverunt,
1562 899 1604 930 ad
1630 900 1779 932 eundem
1801 902 1948 934 modum
1970 903 2099 936 ludunt

1105 946 1142 978 in
1160 947 1319 980 doctrina
1337 948 1487 982 coelesti.
1550 947 1620 981 lam
1639 947 1696 982 hic
1722 952 1875 984 remedia
1898 955 2097 997 quaerenda

1104 1004 1219 1037 erant,
1245 998 1373 1042 quibus
1388 999 1697 1042 praemunirentur
1714 1001 1820 1033 animi
1835 1010 1954 1036 contra
1967 1002 2098 1047 Sophi-

1103 1048 1222 1083 sticen.
1276 1048 1343 1082 Sed
1359 1061 1412 1082 me
1431 1056 1529 1082 vetus
1544 1051 1736 1084 versiculus
1754 1054 2008 1095 perterrefacit,
2036 1055 2096 1100 qui

1103 1105 1207 1142 negat
1225 1100 1420 1133 remedium
1438 1112 1510 1133 esse
1528 1108 1648 1134 contra
1665 1100 1910 1147 Sycophantae
1926 1117 2095 1139 morsum.

1102 1148 1149 1183 Et
1167 1150 1215 1183 ita
1234 1150 1301 1183 late
1327 1158 1502 1193 grassatur
1525 1149 1609 1185 haec
1634 1153 1758 1195 pestis,
1791 1166 1895 1197 quam
1913 1156 1968 1188 vel
1986 1155 2096 1201 Syco-

1102 1198 1321 1244 phanticam,
1359 1203 1412 1234 vel
1439 1200 1672 1245 Sophisticam
1708 1211 1804 1246 potes
1829 1206 2022 1249 appellare,
2056 1213 2095 1240 ut

1102 1252 1301 1294 contagium
1320 1252 1378 1285 vix
1394 1264 1542 1297 usquam
1563 1255 1673 1297 possis
1691 1255 1857 1297 effugere:
1894 1268 2095 1300 repugnan-

1102 1303 1184 1335 dum
1204 1309 1253 1335 est
1267 1310 1382 1336 tamen
1394 1310 1467 1336 arte
1482 1304 1610 1348 aliqua.
1654 1304 1812 1338 Primum
1831 1307 1956 1350 ingens
1971 1308 2094 1341 odium

1101 1350 1317 1396 Sophistices
1344 1354 1614 1397 concipiendum
1631 1361 1692 1388 est.
1745 1354 1883 1389 Deinde
1900 1358 2094 1391 videndum

1102 1404 1138 1435 in
1154 1400 1301 1442 scholis,
1329 1404 1366 1436 in
1381 1402 1567 1445 Ecclesiis‚
1595 1406 1631 1438 in
1656 1406 1828 1448 conciliis,
1864 1408 2009 1453 quinam
2038 1409 2094 1441 in-

1102 1453 1243 1497 quirant
1280 1456 1480 1493 veritatem,
1523 1456 1583 1499 qui
1623 1457 1747 1490 ludant
1779 1459 1931 1502 quadam
1959 1460 2094 1503 ingenii

1102 1503 1328 1547 procacitate,
1363 1505 1423 1548 qui
1451 1506 1643 1539 defendant
1667 1507 1820 1549 privatas
1838 1509 1974 1554 aliquas
1995 1511 2094 1554 cupi-

1102 1554 1237 1587 ditates.
1290 1552 1407 1599 Atque
1423 1553 1480 1587 hic
1490 1558 1738 1590 assumendum
1751 1565 1799 1591 est
1818 1559 1905 1592 illud
1920 1558 2094 1604 Epichar-

1100 1604 1167 1643 mi,
1192 1604 1228 1637 in
1241 1617 1309 1649 quo
1329 1606 1427 1638 nervi
1442 1613 1546 1651 atque
1563 1614 1659 1640 artus
1676 1619 1748 1641 esse
1763 1609 1952 1652 sapientiae
1967 1611 2093 1644 dicun-

1100 1662 1174 1695 tur,
1215 1654 1382 1700 μέμνησο
1407 1654 1584 1691 ἀπιστεῖν.
1642 1657 1724 1691 Non
1751 1660 1869 1693 statim
1901 1662 2094 1696 assentien-

1100 1708 1185 1739 dum
1203 1713 1272 1744 est,
1301 1707 1503 1750 praesertim
1522 1709 1727 1742 monstrosis
1745 1716 1777 1742 et
1793 1711 1998 1754 irreligiosis
2015 1713 2093 1757 opi-

1099 1756 1285 1796 nionibus,
1313 1769 1384 1790 non
1403 1765 1454 1791 est
1470 1759 1728 1803 praecipitanda
1747 1763 1929 1795 sententia.
1984 1763 2091 1796 Tem—

1101 1819 1165 1851 pus
1182 1806 1424 1841 adhibendum
1453 1816 1504 1843 est
1529 1810 1565 1842 in
1589 1811 1796 1851 consilium,
1829 1814 1923 1857 quod
1943 1825 2023 1846 vere
2043 1821 2092 1848 est

1099 1865 1138 1891 ut
1166 1858 1226 1891 ille
1254 1859 1387 1904 inquit,
1423 1860 1700 1903 sapientissimus
1729 1863 1894 1896 monitor.
1954 1863 2092 1898 Deinde

1099 1909 1142 1942 sit
1161 1909 1289 1942 directa
1315 1922 1413 1942 mens
1433 1911 1473 1943 ad
1501 1911 1766 1956 inquisitionem
1786 1914 1960 1955 veritatis,
1987 1913 2091 1948 adhi-

1099 1961 1178 1992 beat
1202 1958 1425 2000 methodum,
1455 1974 1543 2006 quae
1566 1969 1604 1995 ut
1632 1961 1730 1996 Plato
1759 1963 1889 2008 inquit:
1927 1966 2016 2008 ignis
2042 1973 2092 1999 est

1100 2011 1197 2043 coelo
1223 2011 1369 2049 allatus,
1405 2013 1463 2056 qui
1490 2013 1652 2055 praebeat
1684 2014 1802 2046 lumen
1831 2016 1874 2048 ad
1908 2017 2090 2050 veritatem

1098 2062 1322 2094 cernendam.
1375 2060 1567 2096 Coherceat
1585 2074 1620 2095 se
1635 2064 1783 2108 quisque
1799 2065 1888 2099 intra
1905 2074 1999 2111 septa
2017 2079 2091 2100 mc-

1098 2109 1217 2151 tbmti,
1244 2124 1306 2145 nec
1323 2119 1452 2145 temere
1464 2120 1625 2147 excurrat
1642 2114 1676 2146 in
1694 2115 1826 2148 alienos
1839 2117 1943 2153 locos.
1986 2117 2090 2151 Amet

1070 2192 1072 2200 ,
1098 2163 1346 2206 proprietatem
1365 2163 1400 2195 in
1420 2154 1572 2202 artibus,
1599 2171 1630 2197 et
1648 2165 1712 2197 sibi
1727 2166 1876 2200 subinde
1890 2168 1976 2201 illud
1990 2181 2091 2211 prae—

1098 2220 1235 2256 ceptum
1254 2214 1339 2247 utile
1362 2214 1561 2248 Stoicorum
1578 2215 1744 2249 inculcet:
1778 2214 1796 2250 ὁ
1821 2216 1935 2263 σοᾳὸς
1952 2218 2090 2263 εὐθυῤ-

1097 2261 1224 2308 ῥὴμων
1248 2263 1330 2308 ἴση,
1364 2265 1501 2307 sapiens
1529 2266 1669 2309 proprie
1690 2267 1866 2311 loquatur.
1920 2269 2087 2313 Magnam

1098 2315 1167 2347 vim
1187 2321 1219 2347 et
1235 2312 1302 2347 hoc
1327 2312 1428 2348 habet
1442 2340 1450 2352 ‚
1485 2317 1637 2348 multum
1657 2329 1783 2360 operae
1801 2319 1973 2353 collocare
1990 2321 2026 2353 in
2047 2321 2089 2353 iis

54 2365 156 2401 Plato
187 2365 390 2409 gravissime
420 2364 523 2402 dicit,
559 2365 710 2397 dandam
737 2375 808 2396 esse
840 2376 981 2408 operam
1006 2365 1042 2397 in
1068 2360 1072 2396 ,ἶ
1097 2365 1249 2403 artibus,
1277 2378 1364 2410 quae
1381 2366 1574 2409 plurimum
1592 2364 2088 2405 habentdemonstrationum.

55 2418 225 2455 dicendo,
252 2427 324 2449 non
342 2421 380 2447 ut
396 2411 582 2447 hominum
600 2415 742 2458 plausus
759 2422 954 2458 captemus,
983 2416 1042 2448 sed

501 2464 619 2507 Quare
651 2472 722 2498 tota
755 2472 871 2498 mente
901 2472 1042 2511 totoque
1068 2469 1071 2506 Ι
1096 2464 1306 2500 rhoniorum
1334 2468 1513 2510 delapsum
1537 2479 1627 2508 esse,
1666 2470 1732 2501 nisi
1751 2470 1787 2502 in
1807 2469 2008 2506 Geometria
2035 2473 2087 2504 xi-

55 2519 174 2552 animo
196 2519 234 2551 in
252 2515 346 2550 hunc
363 2528 505 2560 scopum
524 2527 636 2549 unum
657 2515 876 2555 intueamur,
902 2514 969 2550 huc
988 2517 1042 2549 di-
1068 2514 1071 2567 J
1097 2518 1202 2551 disset
1220 2524 1351 2551 tantam
1371 2529 1444 2551 esse
1459 2518 1530 2551 vim
1550 2519 1904 2556 demonstrationum.

56 2576 150 2603 recta
169 2569 213 2604 sit
235 2580 378 2608 manus,
405 2567 517 2607 oculi,
551 2577 651 2605 cura,
685 2573 725 2600 ut
742 2573 774 2601 et
795 2579 976 2608 eruamuS,
1011 2575 1043 2601 et
1068 2574 1070 2579 ‘
1096 2566 1161 2601 hoc
1186 2580 1226 2601 eo
1252 2568 1347 2607 dico,
1381 2570 1475 2614 quod
1500 2576 1617 2613 putem
1643 2571 1678 2603 in
1703 2572 1832 2604 divinis
1856 2574 2006 2606 oraculis
2029 2580 2084 2606 aut

396 2617 401 2622 ’
1068 2617 1228 2663 *ubique
1266 2620 1494 2663 requirendas
1537 2632 1608 2653 esse
1644 2622 1977 2663 ‹lemonstratimics;

1067 2665 1072 2712 Ι
1097 2671 1314 2704 consuetudo
1338 2670 1495 2704 methodi
1524 2673 1666 2716 prodest
1691 2673 1876 2711 studiosis,
1910 2681 1940 2706 et
1960 2674 2084 2707 format

54 2466 130 2502 Deo
151 2474 247 2512 grata
271 2467 441 2500 dicamus.

90 2684 120 2717 ¹¹)
140 2686 186 2715 οε]
205 2681 378 2717 Archetjpon
397 2686 457 2707 oue.

1095 2415 1183 2449 Nam
1203 2422 1236 2449 et
1254 2414 1411 2449 Galenus
1429 2417 1555 2449 fatetur
1572 2429 1606 2450 se
1630 2430 1717 2461 pene
1735 2419 1770 2451 in
1796 2422 1982 2454 amentiam
2000 2421 2088 2467 Pyr-

1968 2523 2087 2567 Neque

2026 2624 2083 2655 sed
