2338 2958
189 136 256 171 311

186 227 278 255 teras
305 217 454 252 iniurias
485 213 645 260 persequi
676 212 803 247 noluit.
855 212 923 247 Sed
954 211 1038 246 belli
1069 218 1172 246 autor

186 270 350 304 Pontifex
363 268 562 303 Alexander
579 277 595 297 e
612 263 740 298 Galliis
756 263 846 306 redit
864 263 901 296 in
919 262 1066 303 ltaliam,
1091 275 1171 295 cum

186 322 255 355 iam
273 319 498 364 tranquillam
517 328 588 348 esse
607 315 751 347 videret.
795 313 990 347 inflammat
1007 313 1174 353 Venetos,
1196 330 1197 342 l

186 378 225 405 nt
248 371 378 403 bellum
411 369 618 400 instaurent.
679 364 857 398 Deficiunt
884 365 926 397 ad
958 375 1017 397 eos
1044 364 1174 397 multae
1196 383 1199 432 q

187 422 274 455 aliae
298 420 462 452 civitates.
516 416 611 450 Haec
636 415 832 449 coniuratio
858 415 1034 448 revocavit
1059 413 1173 458 Impe-

188 479 337 505 ratorem
364 470 398 501 in
427 468 581 507 ltaliam,
607 466 666 499 ubi
695 478 815 499 rursus
840 472 1040 509 recuperata
1065 464 1174 505 Italia,

188 534 265 555 cum
294 519 454 552 Pontifex
481 519 613 551 videret
637 529 672 550 se
697 516 832 557 Romae
860 529 932 549 non
953 516 1034 550 satis
1059 523 1174 549 tutum

189 583 278 611 esse,
308 568 430 602 habitu
453 569 592 603 nautico
615 568 703 610 fugit
720 580 758 600 ac
775 578 810 599 se
834 566 996 600 venetias
1014 566 1174 599 contulit.

188 621 242 655 Ad
265 628 457 653 extremum
477 632 554 652 cum
575 618 662 651 alter
680 617 902 661 imperatoris
927 617 1019 649 filius
1045 617 1079 648 in
1104 616 1176 648 acie

188 672 366 706 cecidisset
384 673 424 703 ad
444 669 656 709 Bononiam,
678 669 765 702 alter
783 675 868 701 natu
887 667 1054 700 minimus
1071 679 1088 699 a
1106 665 1177 698 Ve-

188 730 266 756 neta
292 723 399 755 classe
426 722 638 763 interceptus
666 726 771 759 esset,
799 718 932 751 oblitus
955 717 1178 757 iniuriarum,

188 775 230 807 de
249 773 426 805 communi
453 783 534 815 pace
554 770 605 813 agi
635 781 752 814 passus
771 775 838 810 est,
866 769 962 814 qnod
986 775 1025 801 ut
1040 769 1178 805 faceret,

189 831 374 856 mox-erunt
396 835 472 855 eum
498 820 682 865 praecipue
700 831 820 852 caus-‘ie
846 819 1018 863 publicae.
1071 817 1177 851 Tanti

189 874 281 907 enim
301 881 384 906 tuuc
402 873 553 905 erantin
568 871 649 905 Asia
666 871 823 905 Saladini
842 869 1056 903 soelicissimi
1074 868 1180 902 Prin-

189 925 275 968 cipis
307 935 500 962 successus,
537 929 575 955 ut
601 922 668 954 nisi
696 921 890 965 Imperator
915 921 945 954 ei
971 925 1181 960 occurreret,

188 975 395 1008 viderentur
413 974 508 1006 brevi
527 985 598 1005 non
619 973 654 1005 in
673 972 774 1018 Syria
793 978 950 1012 tantum,
972 972 1030 1004 sed
1052 971 1090 1003 in
1108 976 1179 1003 tota

189 1025 273 1059 Asia
297 1025 472 1067 regnaturi
495 1021 784 1063 §loliametistae3
813 1030 846 1055 et
865 1021 964 1055 ltalia
987 1023 1075 1055 sessa
1100 1021 1179 1054 ubi—

190 1089 257 1121 que
277 1088 394 1119 pacem
422 1076 569 1118 petebat.
625 1073 805 1108 Credibile
829 1080 878 1107 est
902 1080 1018 1106 autem
1045 1078 1182 1117 praeter

190 1125 252 1160 has
279 1127 437 1170 publicas
461 1137 579 1159 causas
601 1125 752 1158 multum
774 1125 922 1157 valuisse
941 1125 1046 1157 etiam
1067 1129 1180 1166 pater-

192 1189 277 1210 num
299 1178 467 1211 dolorem,
510 1176 597 1209 Nam
618 1188 696 1208 cnm
714 1175 904 1208 domestica
923 1175 994 1207 vita
1010 1173 1180 1207 Friderici

190 1229 294 1272 plena
319 1228 424 1261 fuerit
448 1225 677 1259 humanitatis
701 1238 739 1259 ac
763 1226 921 1270 pietatis,
956 1223 1048 1258 baud
1075 1224 1182 1257 dubie

192 1280 296 1312 etiam
320 1279 420 1310 valde
443 1278 507 1311 fuit
529 1273 789 1324 (μλόστοργος,
819 1284 856 1309 ut
875 1288 969 1309 nnnc
987 1287 1128 1320 quoque
1146 1275 1183 1306 in

192 1328 382 1363 Germanis
400 1327 697 1361 vehementiorem
716 1328 875 1359 videmus
893 1338 965 1359 esse
989 1327 1183 1358 liberorum

191 1392 366 1417 amorem,
395 1392 499 1424 quam
524 1380 560 1412 in
579 1385 794 1411 caeterarum
815 1377 998 1409 nationum
1027 1374 1183 1408 homini-

194 1431 272 1464 bus.
334 1429 450 1463 Movit
485 1429 590 1471 igitur
624 1428 863 1467 Fridericnm,
895 1427 1047 1460 extincto
1074 1426 1183 1459 altero

193 1482 283 1521 filio,
312 1488 409 1524 capto
438 1481 567 1519 altero,
595 1487 740 1524 patruus
757 1479 876 1518 dolor,
902 1485 942 1512 ut
963 1477 1121 1510 animum
1141 1477 1183 1509 ad

193 1544 312 1577 pacem
347 1531 629 1564 constituendam
663 1529 848 1569 adiiceret,
881 1527 1083 1572 praesertim
1106 1539 1184 1560 cum

194 1583 266 1627 ipse
285 1594 421 1626 semper
438 1594 455 1614 a
475 1582 568 1614 bello
585 1578 837 1619 abhorruisset,
854 1586 886 1612 et
901 1585 1041 1612 coactus
1057 1578 1185 1610 scelere

193 1633 376 1667 Pontificis
401 1631 604 1675 sumpsisset
631 1643 739 1664 arma.
795 1629 915 1674 ltaque
938 1630 1078 1662 tandem
1100 1640 1186 1661 con-

194 1684 291 1717 venit
309 1683 353 1716 ita
367 1710 375 1722 ,
401 1690 439 1716 nt
460 1682 658 1715 fridericus
678 1680 842 1713 Venetias
860 1680 1007 1721 veniret,
1033 1685 1066 1712 et
1086 1679 1134 1711 ibi
1152 1690 1186 1713 se

196 1736 238 1767 az}
261 1735 364 1778 pedes
375 1732 555 1766 pontilicis
574 1733 749 1771 abiiceret‚
767 1738 799 1765 et
818 1731 1075 1764 absolutionem
1093 1737 1186 1774 pete-

196 1792 266 1825 τοῖ’,
296 1785 423 1817 ‹leiu·l‹¹
442 1784 629 1816 constituta
648 1794 729 1827 pace
748 1782 783 1814 in
803 1781 913 1819 ltalia,
933 1783 1074 1814 duceret
1091 1792 1187 1813 exer-

197 1836 304 1869 citum
327 1835 361 1867 in
382 1833 510 1868 ,ts-iam.
566 1832 638 1866 llas
657 1833 878 1866 conditiones
895 1831 1107 1871 Fridericus,
1125 1831 1186 1865 etsi

197 1887 303 1919 armis
329 1883 443 1918 adbuc
468 1885 577 1917 suerat
601 1884 780 1928 superior,
807 1884 954 1927 accepit,
981 1890 1098 1916 tamen
1121 1881 1189 1915 Ve-

198 1937 301 1970 netiis
318 1936 441 1968 abiecit
459 1947 494 1968 se
511 1937 552 1967 ad
569 1934 749 1968 pontificis
766 1936 882 1978 pedes,
898 1934 1021 1978 petivit
1038 1933 1188 1968 veniam.

196 1987 267 2021 Nec
295 1987 359 2020 suit
384 1993 569 2019 contentus
587 1985 748 2019 Pontifex
774 1983 837 2018 liae
865 1984 1088 2029 lmperatoris
1112 1996 1188 2017 mo-

200 2039 328 2075 destia,
357 2038 415 2082 qui
437 2045 507 2070 erat
526 2038 634 2070 sactus
649 2036 806 2080 supplex,
833 2037 890 2069 sed
910 2035 1045 2068 addidit
1063 2042 1189 2068 contu-

201 2090 320 2121 melias
346 2089 515 2129 insigues:r
553 2089 675 2132 pedem
707 2087 798 2119 collo
826 2086 1050 2130 Imperatoris
1076 2086 1187 2128 impo-

201 2140 280 2176 suit,
306 2146 336 2171 et
366 2139 460 2170 iussit
479 2139 675 2171 acclamari:
703 2138 817 2181 Super
833 2137 987 2181 aspi-leui
1013 2144 1046 2170 et
1071 2137 1189 2169 basili-

201 2202 278 2222 cnm
298 2190 504 2222 ambulabis,
541 2188 574 2219 ()
591 2189 784 2221 inauditam
804 2188 1002 2232 snperbiam
1022 2195 1053 2221 et
1070 2195 1188 2233 tyran-
1212 2203 1215 2224 ι

201 2240 338 2272 nidem!
397 2237 536 2272 liutwini
559 2239 667 2280 t'wgvs
691 2252 728 2271 ac
754 2238 868 2272 Duces
889 2239 1082 2272 reverentia
1105 2239 1188 2280 regii
1213 2258 1216 2297 Ι

203 2290 355 2322 nominis
386 2291 487 2323 etiam
519 2291 550 2322 vi
584 2297 702 2334 captos
730 2289 840 2331 {teges
864 2302 964 2334 saepe
998 2288 1189 2323 honorilice

204 2347 406 2375 tract-urunt.
450 2339 551 2374 Certe
571 2342 675 2374 simili
694 2341 856 2384 superbia
874 2342 1040 2374 adversus
1057 2340 1187 2383 Regem

204 2392 239 2423 in
265 2392 500 2435 pacificatione
529 2405 630 2424 nemo
654 2404 811 2437 unquam
836 2403 918 2425 usus
943 2399 1004 2426 est.
1068 2392 1188 2437 ltaque

203 2454 389 2485 generosus
413 2444 551 2475 animus
577 2444 610 2475 in
639 2441 703 2476 lioc
730 2443 804 2487 ipso
823 2443 1018 2487 spectaculo
1037 2442 1188 2477 ostendit

204 2505 238 2525 se
255 2493 462 2532 indiguimtc-
483 2494 528 2525 rei
549 2494 692 2528 nnoveri.
744 2493 943 2526 Fridericns
960 2494 1052 2526 euim
1076 2494 1187 2537 palam

205 2543 434 2586 inter-petiuit
456 2543 676 2577 t’cnuifivmu:
713 2543 790 2577 Non
809 2545 891 2584 tibi,
920 2545 1102 2589 inquiens,
1128 2546 1185 2577 sed

203 2593 318 2627 Petro.
357 2595 579 2634 significabat
597 2596 688 2627 enim
707 2607 742 2628 se
762 2596 888 2628 sartum
907 2607 978 2627 esse
994 2596 1184 2639 supplicem

203 2657 272 2677 non
307 2642 386 2677 boic
417 2645 604 2689 Tyr-inno,
647 2647 703 2678 sed
739 2646 962 2689 Apostolicae
995 2646 1184 2680 autoritati.

203 2694 381 2729 Reclumat
403 2695 493 2741 Papa
515 2697 710 2741 tyrannice:
748 2695 790 2730 Et
807 2695 893 2730 milii
912 2705 942 2731 et
963 2696 1075 2731 Petro-
1126 2697 1183 2731 Sic

1210 2572 1214 2599 l

665 126 826 164 DECL.
855 124 931 162 DE
963 124 1292 162 FRIDERICO
1328 124 1734 162 BARBAROSSA.

1210 2602 1212 2628 t
1239 2597 1397 2631 salntem.

2131 127 2206 164 312

1222 212 1404 256 impetrata
1420 210 1660 250 absolutione,
1687 210 1888 246 Fridericns
1905 212 2111 257 priusquam
2136 219 2207 246 tra-

1221 263 1297 297 iicit
1320 261 1508 295 exercitum
1531 261 1568 294 in
1587 260 1725 303 Asiam,
1751 263 1899 306 sumpsit
1915 263 1983 297 sibi
2004 263 2210 309 aliquantu-

1223 314 1294 347 lum
1314 312 1481 356 temporis
1498 312 1539 344 ad
1559 324 1677 356 pacem
1702 312 1838 356 legibus
1857 313 2107 355 muniendam,
2134 312 2213 347 Me-

1223 365 1404 397 diolanum
1424 363 1611 395 instaurari
1628 369 1736 404 curat,
1763 369 1796 396 et
1819 363 1886 396 fert
1908 363 2020 407 leges,
2047 376 2132 409 quas
2151 375 2214 398 vo-

1224 421 1301 447 cant
1321 415 1363 447 de
1387 425 1469 457 pace
1492 414 1721 451 constantiae,
1750 425 1898 459 quarum
1923 415 2090 448 beneficio
2107 412 2215 447 bodie

1224 477 1363 510 quoque
1382 464 1507 497 melius
1524 471 1694 507 reguntur
1709 463 1961 508 Respublicae3
1988 471 2104 499 extant
2120 466 2214 498 enim

1224 516 1262 548 in
1282 515 1357 548 iure
1373 523 1405 549 et
1420 527 1536 548 earnm
1556 515 1724 549 autoritas
1743 515 1778 548 in
1808 515 1929 558 primis
1947 515 2047 548 valet.
2100 513 2216 549 Multa

1225 573 1307 600 sunt
1334 566 1372 598 in
1406 563 1472 598 bac
1505 563 1651 598 historia
1681 573 1876 598 memoratu
1905 565 2010 609 digna
2043 565 2218 610 exempla;

1226 623 1347 650 monet
1365 617 1478 656 enim,
1506 623 1635 661 quanta
1654 616 1697 649 sit
1714 617 1818 660 pestis
1837 614 2057 660 Rernmpub.
2071 615 2219 649 ambitio

1227 667 1264 700 in
1293 667 1518 710 Principibus
1552 667 1809 702 ecclesiasticis:
1859 673 1990 711 quanta
2018 666 2063 700 sit
2089 666 2221 706 virtus,

1228 718 1387 751 oblivisci
1409 717 1556 751 iniurias
1583 725 1615 751 et
1639 719 1841 750 condonare
1864 729 1920 750 eas
1937 716 2092 763 Reipub.
2118 728 2222 761 prae-

1229 777 1321 802 terea
1331 769 1495 813 qualibus
1511 768 1677 810 exemplis
1688 768 1868 801 l‘ontificia
1884 768 2044 813 tyrannis
2055 767 2221 801 creverit:

1230 820 1287 852 sed
1307 819 1389 852 nolo
1407 816 1490 852 baec
1507 819 1626 851 omnia
1644 819 1816 864 persequi.
1873 818 1964 851 tttud
1989 818 2138 852 miretur
2157 818 2223 850 ali-

1230 869 1326 914 quis,
1352 870 1530 913 quomodo
1549 869 1594 902 ita
1613 870 1726 913 frangi
1749 870 1871 912 ingens
1895 869 2034 902 animus
2050 868 2224 902 Friderici

1231 921 1402 964 potuerit,
1437 927 1475 952 ut
1495 929 1526 952 ct
1544 920 1689 963 supplex
1709 921 1807 954 fieret
1825 921 1862 953 in
1881 931 1982 953 causa
1998 919 2164 960 meliore,
2192 925 2226 953 et

1231 972 1374 1015 insuper
1396 970 1589 1014 supplicem
1616 982 1651 1003 se
1671 971 1761 1003 affici
1785 978 1878 1004 tanta
1897 970 2109 1004 contumelia
2130 970 2225 1003 sine-

1231 1029 1294 1057 ret.
1341 1021 1444 1055 Certe
1461 1033 1532 1054 non
1550 1021 1676 1054 abiecit
1691 1021 1849 1055 animum
1870 1028 1966 1054 metu
1985 1028 2045 1054 aut
2061 1022 2224 1065 despera·

1234 1073 1328 1106 tione
1346 1072 1524 1107 victoriae.
1560 1071 1700 1105 Vicerat
1715 1072 1810 1105 enim
1831 1069 2010 1110 hactenus,
2037 1078 2069 1105 et
2091 1070 2227 1115 praeci-

1234 1135 1336 1167 puam
1356 1121 1476 1156 ltaliae
1493 1129 1625 1167 partem
1643 1123 1794 1158 tenebat.
1847 1121 1918 1155 Nec
1936 1129 2053 1156 tantae
2073 1121 2228 1155 Veneto-

1234 1186 1311 1207 rum
1335 1185 1418 1218 0pes
1440 1180 1523 1207 tunc
1548 1181 1663 1213 erant,
1690 1181 1729 1207 ut
1752 1181 1834 1207 sunt
1858 1170 1981 1214 bodie3
2009 1179 2044 1207 at
2067 1185 2110 1205 ne
2133 1183 2227 1205 nunc

1234 1224 1375 1270 quidem
1399 1236 1498 1268 pares
1523 1231 1605 1257 sunt
1628 1225 1758 1258 nostris
1781 1223 2068 1268 lmperatoribus.
2099 1244 2102 1245 ν
2121 1223 2228 1257 Prae-

1234 1283 1325 1309 terea
1344 1274 1545 1308 Fridericus
1564 1275 1627 1308 etsi
1649 1287 1722 1308 uno
1742 1282 1846 1319 atque
1864 1275 1973 1307 altero
1999 1274 2132 1318 praelio
2154 1273 2228 1307 eius

1236 1326 1340 1368 legati
1356 1326 1438 1358 victi
1458 1331 1574 1365 erant,
1600 1332 1717 1358 tamen
1743 1326 1815 1368 ipse
1832 1337 1910 1358 cum
1931 1332 2015 1358 esset
2034 1323 2229 1369 Imperator

1237 1389 1301 1410 usu
1333 1377 1465 1420 peritus
1491 1383 1523 1409 et
1550 1375 1657 1408 foelix
1680 1383 1712 1409 et
1734 1375 1928 1408 dimicandi
1953 1375 2122 1419 cupidos,
2156 1387 2229 1407 non

1238 1433 1419 1471 propterea
1447 1427 1489 1459 de
1512 1438 1648 1459 summa
1668 1438 1785 1459 rerum
1809 1425 2018 1469 desperavit.
2073 1425 2155 1459 Meu
2176 1425 2230 1458 in-

1236 1478 1328 1511 dicio
1345 1489 1424 1511 cum
1443 1477 1604 1521 publicae
1621 1489 1743 1509 causae
1768 1474 1993 1510 hortarentur
2010 1488 2089 1509 enm
2107 1477 2149 1509 ad
2169 1488 2230 1520 pa-

1237 1540 1330 1568 cem,
1358 1535 1390 1561 et
1409 1528 1513 1561 vellet
1529 1528 1753 1560 concordiam
1772 1527 1808 1560 iu
1829 1525 1966 1571 Europa
1986 1527 2120 1560 firmam
2145 1539 2230 1560 con-

1237 1579 1353 1619 stitui,
1378 1578 1575 1612 reverentia
1598 1578 1667 1611 loci
1689 1577 1883 1622 Apostolici
1908 1585 1941 1611 et
1961 1578 2132 1621 religione
2155 1590 2232 1611 mo-

1238 1636 1292 1663 tus
1309 1635 1378 1669 est,
1403 1635 1442 1662 ut
1458 1641 1530 1662 non
1548 1629 1759 1663 recusaverit
1776 1629 1849 1661 fieri
1866 1629 2022 1673 supplex.
2060 1628 2232 1662 Audierat

1238 1688 1270 1713 et
1290 1677 1534 1714 Theodosium
1556 1686 1656 1712 antea
1681 1680 1725 1712 ab
1750 1678 1940 1713 Ambrosio
1964 1679 2102 1713 veniam
2126 1679 2232 1713 errati

1240 1731 1390 1775 petiisse.
1446 1730 1577 1773 Magna
1595 1737 1711 1764 autem
1728 1730 1779 1763 vis
1796 1738 1845 1764 est
1867 1731 2068 1774 religionis,
2095 1743 2174 1764 cnm
2194 1731 2231 1763 in

1240 1782 1405 1815 omnibus
1439 1781 1542 1814 lionis
1571 1781 1657 1814 viris
1684 1781 1836 1826 ubique,
1877 1788 1950 1816 tum
1982 1782 2167 1825 praecipue
2195 1782 2230 1814 in

1241 1832 1447 1873 Germanis,
1474 1844 1561 1877 quos
1581 1832 1689 1872 multa
1714 1832 1869 1874 exempla
1893 1839 2079 1871 testantur,
2107 1843 2231 1874 magna

1240 1883 1434 1917 constantia
1454 1882 1658 1925 religionem
1678 1894 1749 1915 non
1769 1883 1882 1915 solum
1903 1883 1992 1915 vitae
2014 1896 2051 1915 ac
2071 1883 2234 1921 fortunis,

1239 1935 1298 1967 sed
1317 1935 1418 1967 etiam
1435 1933 1597 1975 dignitati
1620 1940 1834 1977 anteponere
1853 1934 1974 1967 solere.
2031 1933 2141 1967 (jessit
2166 1933 2232 1977 igi-

1241 1991 1298 2018 tur
1314 1986 1355 2017 de
1372 1997 1434 2018 sno
1452 1985 1527 2017 iure
1547 1997 1617 2017 non
1638 1991 1749 2021 metu,
1778 1996 1848 2016 non
1869 1984 2106 2017 imbecillitate
2122 1985 2230 2017 autimi

1241 2037 1388 2075 fractus,
1416 2037 1474 2068 sed
1495 2036 1646 2080 quadam
1665 2035 1845 2077 religionis
1866 2035 2055 2078 opinione,
2083 2047 2171 2079 qnae
2197 2035 2231 2068 in

1241 2087 1367 2119 :utimis
1386 2087 1472 2119 bene
1498 2085 1666 2119 institutis
1682 2085 1796 2119 valere
1817 2085 2010 2128 plurimum
2029 2086 2142 2125 delmi,
2171 2087 2232 2118 ad-

1241 2140 1376 2171 ‹luctus.
1416 2135 1458 2171 Et
1476 2137 1574 2170 cessit
1594 2136 1756 2170 utilitatis
1773 2136 1932 2179 publica·-
1951 2149 2066 2175 cansa,
2095 2143 2129 2169 ut
2147 2149 2233 2169 eon-

1240 2189 1359 2221 stituta
1395 2189 1492 2220 firma
1522 2187 1708 2221 concordia
1745 2187 1779 2218 in
1810 2184 1969 2229 [Cui-upa,
2008 2187 2233 2221 latrocinium

1244 2237 1519 2272 Maliometicnm
1549 2239 1585 2271 in
1610 2237 1691 2271 Asia
1717 2237 1859 2281 reprimi
1887 2245 2011 2282 posset.
2074 2239 2178 2281 Quod
2205 2238 2233 2271 si

1244 2288 1447 2323 Ennianum
1481 2290 1568 2322 ittud
1603 2289 1678 2321 iure
1709 2288 1889 2326 laudatur,
1925 2289 2019 2333 qnod
2049 2290 2092 2322 de
2124 2288 2234 2322 Fabio

1241 2342 1374 2375 dictum
1397 2347 1462 2374 est:
1885 2346 1891 2352 '

1367 2420 1435 2450 Non
1454 2421 1580 2460 ponebat
1597 2421 1676 2448 enim
1695 2431 1828 2448 rumores
1845 2426 1910 2448 nuto
1928 2421 2063 2448 salntem.

1212 2526 1213 2533 ,
1243 2494 1376 2533 [tignus
1397 2494 1500 2528 etiam
1519 2493 1622 2526 t.·n‹l‹·
1640 2492 1841 2527 Fridericus
1861 2493 1945 2530 erit,
1973 2493 2031 2537 qui
2050 2492 2231 2534 dignitatis

1240 2545 1407 2579 iacturam
1438 2558 1549 2589 aequo
1576 2545 1694 2578 auium
1725 2545 1804 2578 tulit
1841 2550 1983 2588 propter
2009 2557 2232 2577 rovnmnnem

1452 2595 1633 2629 Praeterea
1653 2595 1806 2629 arbitror
1823 2607 1902 2627 eun·
1919 2622 1926 2632 ,
1954 2595 2090 2627 etiamsi
2110 2603 2233 2638 peto-n-

1239 2648 1300 2679 dae
1319 2647 1550 2681 absolutionis
1567 2659 1686 2685 cansa,
1716 2658 1786 2679 non
1809 2645 1983 2678 dubitaxit
2005 2657 2038 2678 se
2058 2648 2098 2679 ad
2125 2647 2231 2690 pedes

1239 2697 1418 2732 Pontisoeis
1440 2698 1607 2739 abiicere,
1633 2705 1750 2731 tamen
1771 2697 1922 2742 reliquas
1948 2697 1979 2729 ei
1999 2697 2229 2731 contumelias

2309 2640 2312 2650 -
2302 2624 2303 2629 Α
2302 2341 2318 2612 &atoma-,oe
2305 2320 2308 2331 -
