2338 2958
221 128 291 165 291
689 118 846 156 DECL.
881 114 955 152 DE
989 113 1194 152 PRAEF.
1225 115 1283 151 IN
1318 113 1798 154 ARITHMETICEN.
2184 117 2259 154 292

229 214 374 253 delicet,
405 216 660 247 numerantem.
720 205 819 240 Haec
858 216 961 239 causa
996 211 1065 247 est,
1099 215 1163 238 cur
1190 210 1223 238 et
1276 213 1481 237 communes
1505 201 1712 246 disciplinas
1730 202 1827 236 illam
1849 209 1982 248 partem
2005 203 2048 237 de
2065 203 2221 238 motibus
2235 210 2270 238 et

231 273 364 300 veteres
382 263 509 299 Graeci
529 267 606 307 post
623 257 891 292 Grammaticen
910 269 990 290 mox
1012 255 1226 290 tradiderint
1277 254 1460 288 effectibus
1475 253 1684 286 coelestibus
1700 254 1905 297 adiungant.
1933 253 2038 288 Hunc
2056 255 2184 295 virum,
2207 254 2270 300 qui

233 315 510 354 Arithmeticen‚
547 310 677 345 deinde
721 307 827 342 tertio
862 308 941 342 loco
978 308 1227 352 proponebant
1249 296 1252 315 ⁸
1276 305 1478 339 universam
1494 301 1763 348 Philosophiam
1786 305 1906 338 animo
1924 306 2143 350 complexus,
2171 316 2269 339 arca-

231 367 465 404 Dialecticen,
494 369 619 409 quarto
638 359 890 395 Geometriam.
936 358 1114 393 videbant
1131 358 1225 391 enim
1277 368 1339 389 nas
1357 366 1476 389 causas
1494 355 1730 399 plurimarum
1749 355 1986 389 mutationum
2008 357 2045 389 in
2065 364 2208 397 natura,
2235 362 2270 390 et

232 418 446 454 Dialecticen
466 415 566 448 initia
583 423 720 446 sumere
735 411 780 445 ab
796 407 1030 445 Arithmetica
1043 438 1051 451 ‚
1078 417 1111 443 et
1126 421 1225 443 exer·
1277 405 1465 441 hominurn
1492 407 1582 447 vita,
1607 412 1642 439 et
1664 406 1778 440 fontes
1802 407 1962 448 virtutis,
1987 413 2020 441 et
2036 405 2268 442 honestorum

235 470 353 503 citatio
371 463 680 510 multiplicationis
697 469 731 496 et
748 462 952 501 divisionis,
973 461 1106 506 optime
1124 472 1225 505 prae-
1278 458 1474 492 officiorum
1495 457 1680 500 intelligit,
1707 464 1800 491 recte
1817 458 1958 492 beatum
1976 457 2186 500 dixerimus,
2202 458 2269 492 sie-

237 526 335 565 parat
361 517 500 561 ingenia
526 517 568 549 ad
593 514 835 561 SyllogismoS.
894 511 981 546 Item
1003 512 1055 545 vis
1078 513 1225 544 demon-
1279 516 1367 543 utet
1387 508 1566 551 Vergilius
1584 508 1840 553 sapientissime
1858 509 1961 542 dixit:

236 569 416 604 strationis
447 568 573 601 melius
595 565 744 608 intelligi
772 570 903 609 potest,
938 563 1075 607 cognita
1102 560 1226 596 Arith-
1387 563 1495 593 Foelix
1514 566 1566 604 qni
1581 566 1680 603 potuit
1694 574 1792 592 rerum
1808 574 1986 603 cognoscere
2001 572 2116 592 causas.

236 622 380 655 metica:
409 620 490 665 qnia
516 616 601 652 haec
619 615 724 650 habet
741 615 891 648 maxime
910 614 1064 647 illustres
1079 614 1226 646 demon·
1718 610 1813 647 Dixi,

236 672 434 706 strationeS.
486 669 668 703 Praeterea
685 666 788 700 multi
807 665 875 699 loci
902 665 936 697 in
961 664 1145 698 autoribus
1169 676 1226 696 oc-

236 730 403 763 currunt,
436 721 497 767 qni
522 721 596 753 sine
621 717 684 751 hac
707 724 780 750 arte
803 729 876 749 non
898 722 1045 761 possunt
1066 715 1228 757 intelligi.
1294 732 1830 738 m-——ssh-r—ffl—
1860 728 2194 738 -st-c-——ffi
2209 734 2270 737 ,-

236 773 464 821 Pythagorici
486 772 630 815 figurate
655 769 707 802 usi
735 775 817 802 sunt
833 767 1013 800 vocabulis
1030 763 1228 800 arithmeti-

238 827 305 867 cis,
332 836 442 871 eaque
467 821 727 857 transtulerunt
752 819 794 852 ad
819 816 1006 863 Physicam
1033 825 1066 851 et
1090 819 1227 851 admo·
1280 815 1343 852 Nr.
1361 815 1420 850 40.
2056 819 2120 859 (au.
2139 819 2221 850 1536
2241 818 2276 858 Ρ)

238 878 346 911 ralem
364 871 644 918 Philosophiam.
698 870 757 905 Sic
770 869 864 903 enirn
879 866 1098 915 Pythagoras
1113 867 1227 901 Deum
1281 865 1409 876 Μ

240 927 414 961 definivit:
459 925 554 958 Deus
577 930 628 956 est
651 933 808 955 excessus
830 921 973 953 maximi
996 931 1226 953 numerorum
1377 919 1453 959 De
1478 919 1762 960 astronomia
1789 923 1834 959 et
1860 917 2168 973 geographia·

239 992 343 1024 supra
359 977 558 1023 proximum
575 985 774 1007 numerum.
830 971 880 1005 Ita
897 971 1010 1005 voluit
1023 971 1229 1014 significare,

239 1031 353 1065 Deum
376 1040 448 1062 esse
472 1038 602 1066 unum,
629 1032 663 1058 et
691 1024 834 1070 quidem
857 1035 1030 1056 summam
1055 1029 1230 1057 naturam.
1353 1017 1382 1043 ¹¹¹
1399 1015 1523 1043 Dechm.
1543 1016 1578 1042 T·
1594 1014 1614 1042 ¹·
1635 1023 1662 1049 Ρ·
1677 1015 1728 1042 364
1740 1025 1814 1051 sqq„
1845 1015 1962 1042 Servest.
1981 1015 2015 1042 Τ·
2031 1016 2049 1043 Ι·
2068 1015 2166 1050 Ρ-315·
2184 1020 2207 1042 ²¹
2226 1014 2276 1041 Ri-

238 1081 328 1115 Nam
347 1079 530 1113 denarium
548 1076 715 1119 intelligit
731 1074 920 1109 maximum
934 1086 1134 1113 numerum,
1148 1071 1230 1106 huic
1386 1052 1477 1078 chard.
1496 1051 1528 1077 T’
1544 1051 1565 1078 L
1584 1060 1610 1085 μ’
1624 1050 1684 1078 403'

241 1132 422 1178 proximus
444 1136 493 1163 est
519 1127 743 1163 novenarius,
795 1123 965 1159 Excessus
991 1136 1096 1169 supra
1123 1136 1231 1157 nove-

240 1183 381 1217 narium
405 1189 455 1215 est
479 1180 615 1214 unitas:
645 1176 710 1212 hoc
734 1177 841 1210 modo
860 1177 1088 1209 involverunt
1104 1188 1230 1209 nume—

239 1235 288 1268 ris
311 1241 418 1267 totam
451 1227 731 1275 Philosophiam.
790 1226 866 1261 Etsi
890 1234 1005 1261 autern
1030 1227 1155 1260 melius
1182 1232 1232 1260 est

239 1293 330 1319 artes
350 1283 490 1330 proprie
508 1282 663 1322 tradere,
688 1287 722 1314 et
745 1291 817 1313 non
839 1279 1020 1312 involvere
1038 1285 1126 1311 totas
1145 1278 1232 1320 figu—
1283 1270 1402 1311 Vetus
1418 1276 1547 1320 legitur
1563 1275 1720 1322 Sibyllae
1735 1276 1915 1310 oraculum
1935 1277 1978 1310 de
1996 1274 2164 1317 Athenis,
2190 1278 2278 1311 duas

240 1337 288 1371 ris
311 1343 344 1369 et
366 1334 641 1378 aenigmatibus,
674 1338 791 1366 tamen
825 1330 1003 1363 interdum
1036 1330 1139 1363 etiam
1172 1329 1230 1361 alii
1284 1329 1314 1361 ei
1341 1335 1452 1372 pestes
1477 1328 1583 1361 exitio
1610 1328 1745 1361 suturas
1770 1339 1861 1367 esse,
1897 1328 2053 1367 fraudes,
2084 1335 2114 1361 et
2134 1329 2276 1362 Ducum

240 1383 468 1431 Philosophi,
502 1384 562 1430 qui
593 1382 775 1427 perspicue
798 1378 1066 1423 Philosophiam
1096 1380 1232 1413 tradere
1284 1380 1343 1423 ign
1357 1378 1472 1413 iriam.
1525 1378 1594 1411 Sed
1617 1378 1646 1410 si
1672 1390 1894 1411 communem
1915 1375 2101 1412 hominum
2121 1379 2226 1413 vitam
2247 1385 2280 1413 et

242 1439 452 1475 voluerunt,
480 1433 649 1469 adhibent
666 1432 840 1477 exempla,
868 1429 1119 1471 Arithmetica‚
1143 1442 1232 1476 qnae
1286 1430 1450 1463 interitus
1467 1428 1671 1472 Regnorum
1689 1429 1966 1467 consideramus,
1995 1442 2067 1463 non
2084 1437 2153 1464 tam
2167 1427 2279 1463 Athe-

242 1502 314 1523 non
339 1488 536 1531 intelligere
561 1493 662 1530 turpe
687 1491 748 1517 est.
799 1482 899 1516 Plato
922 1494 1001 1515 cnm
1023 1482 1126 1521 dicit,
1154 1494 1233 1513 inn-
1286 1481 1363 1521 nis,
1396 1492 1501 1525 qnam
1533 1480 1701 1513 omnibus
1724 1480 1874 1513 urbibus
1895 1493 1933 1513 ac
1959 1480 2119 1525 imperiis
2141 1481 2278 1516 Situ-lta

242 1541 306 1574 tari
336 1539 442 1583 Resp.
473 1545 616 1583 propter
643 1535 808 1569 coelestes
830 1545 969 1573 causas,
1001 1545 1091 1578 qnae
1123 1539 1233 1565 certas
1258 1530 1260 1572 ἶ
1288 1531 1474 1565 1111ῐεί111113
1501 1538 1561 1566 est.
1630 1529 1729 1564 Olim
1756 1529 1948 1564 Germania
1975 1540 2009 1566 et
2035 1521 2280 1576 magnitudine

242 1591 502 1625 vicissitudines
520 1599 636 1622 rernm
654 1586 811 1619 efficiunt
829 1585 866 1617 in
889 1584 1089 1618 civitatibus
1113 1590 1145 1616 et
1169 1584 1233 1615 im-
1258 1584 1261 1622 l
1286 1583 1486 1615 animorum
1505 1582 1715 1623 excellebat,
1741 1582 1826 1616 etin
1843 1583 2000 1616 consiliis
2013 1583 2170 1624 veritate,
2196 1596 2280 1617 cau-

243 1643 368 1688 periis,
412 1641 543 1686 inquit:
604 1636 914 1681 Quemadmodum
947 1635 1075 1668 resistit
1108 1641 1232 1666 natura
1259 1640 1261 1650 ¹
1286 1635 1372 1666 dore
1395 1645 1433 1666 ac
1457 1633 1536 1668 fide.
1588 1632 1690 1666 Nunc
1718 1631 1853 1666 technis
1879 1640 2049 1674 certatur,
2083 1635 2280 1669 eluduntur

245 1695 280 1727 in
317 1693 480 1731 vocibus,
518 1702 596 1723 cum
633 1687 874 1733 sesquitertius
909 1687 1041 1719 fundus
1076 1685 1234 1728 iungitur
1258 1672 1263 1725 l
1287 1691 1377 1718 recta
1400 1685 1566 1723 consilia,
1591 1691 1690 1718 vetus
1715 1684 1774 1717 illa
1798 1685 1930 1727 gloriae
1955 1686 2119 1719 militaris
2140 1685 2279 1731 cupidi-

244 1744 429 1791 qninario,
458 1743 490 1775 id
513 1747 580 1782 est,
606 1752 684 1774 cum
709 1735 772 1773 διὰ
796 1736 989 1783 τεσσάρων
1012 1737 1155 1770 additur
1171 1733 1233 1769 διὰ
1259 1769 1261 1792 ι
1287 1744 1337 1771 tas
1368 1742 1400 1769 et
1429 1735 1599 1770 fortitudo
1623 1735 1773 1770 extincta
1798 1743 1859 1769 est.
1931 1735 2011 1769 ldco
2036 1737 2162 1771 videtis
2187 1734 2279 1772 nihil

245 1795 369 1836 πίνη,
399 1793 466 1828 hoc
483 1800 552 1833 est,
580 1804 658 1825 cum
684 1789 855 1834 complcta
883 1796 933 1822 est
957 1786 1142 1821 harmonia
1171 1785 1233 1821 διὰ
1259 1797 1261 1827 l
1287 1798 1360 1820 esse
1386 1787 1641 1831 praesidiorum
1667 1787 1702 1819 in
1721 1793 1818 1821 tanto
1837 1787 1994 1830 periculo
2012 1789 2174 1832 publico,
2207 1801 2278 1822 non

244 1849 385 1882 namuh».
441 1844 491 1879 lta
512 1856 590 1877 cum
609 1842 818 1875 circumacta
839 1847 888 1874 est
914 1840 1143 1884 imperiorum
1174 1851 1235 1882 pe·
1260 1842 1261 1849 ¹
1287 1839 1400 1871 solum
1426 1836 1658 1876 Germaniae,
1686 1838 1744 1870 sed
1772 1838 1957 1871 universae
1984 1840 2140 1885 reliquae
2162 1837 2279 1873 Euro-

244 1899 386 1938 riodus,
421 1902 530 1929 ruunt
553 1902 585 1928 et
607 1899 791 1926 mutantur
815 1890 973 1935 Respub.
1034 1889 1174 1924 Adiecit.
1202 1896 1234 1922 et
1299 1902 1364 1923 iat'.
1422 1887 1470 1921 De
1494 1902 1565 1934 qno
1589 1889 1765 1931 cogitans,
1791 1889 1942 1922 maxime
1965 1903 2075 1933 angor
2098 1891 2217 1924 animo
2235 1891 2279 1925 de

243 1961 382 1983 cansam
400 1945 510 1988 hanc,
537 1945 618 1992 quia
640 1957 718 1978 cnm
736 1943 831 1988 plani
854 1943 933 1975 cubi
951 1942 1174 1986 complentur
1191 1941 1232 1973 ad
1293 1939 1443 1974 Ecclesia
1476 1947 1508 1973 et
1538 1941 1580 1973 de
1612 1940 1742 1973 nostris
1765 1941 1909 1979 studiis,
1940 1941 2070 1986 quibus
2095 1942 2279 1986 praecipue

245 2001 377 2035 solidos
400 2011 531 2044 usque,
560 2009 622 2030 nec
645 1995 739 2029 enim
765 2001 890 2027 natura
916 1993 1065 2027 ulterius
1089 2004 1232 2037 progre-
1259 1966 1262 2017 l
1288 1991 1438 2024 'l'urcica
1469 1991 1649 2024 barbaries
1679 1991 1875 2024 vastitatem
1901 2000 1931 2025 et
1957 1993 2138 2027 interitum
2164 1993 2278 2026 mina-

245 2053 361 2091 ditur‚
394 2049 494 2083 multi
527 2047 715 2082 dissimiles
739 2045 877 2078 numeri
903 2051 1150 2088 procreantur:
1188 2043 1233 2076 ita
1289 2050 1354 2076 tur.
1409 2042 1623 2087 Quanquam
1647 2042 1753 2085 igitur
1777 2042 1981 2085 impendent
1998 2043 2118 2076 fatales
2137 2055 2280 2087 poenae,

246 2105 433 2145 degeneres
456 2101 568 2140 cives,
597 2099 657 2144 qui
685 2105 799 2132 tamen
827 2096 1012 2139 potiuntur
1037 2094 1176 2139 l‘wpub.
1195 2106 1234 2126 ex
1259 2097 1262 2129 Ι
1287 2102 1324 2127 ut
1349 2093 1458 2126 multa
1482 2100 1564 2127 sunt
1590 2106 1660 2126 non
1683 2093 1797 2126 solum
1825 2093 1861 2126 in
1887 2093 2005 2132 astris,
2034 2095 2093 2128 sed
2115 2095 2221 2128 etiam
2241 2095 2278 2129 in

246 2152 559 2199 pr.··estantioril›us
581 2151 668 2189 orti,
695 2154 857 2181 evertunt
881 2146 1037 2190 liespul».
1066 2145 1233 2190 paulatim
1259 2134 1262 2173 f
1288 2145 1446 2177 moribus
1464 2142 1668 2181 bominum.
1695 2144 1812 2187 signa,
1840 2151 1956 2178 tamen
1974 2143 2038 2178 hac
2056 2158 2111 2179 ine
2127 2158 2186 2190 spe
2202 2158 2279 2180 sns-

247 2218 356 2250 mque
375 2205 416 2237 ad
438 2203 633 2247 periodum.
689 2199 754 2233 llic
771 2211 814 2231 ne
831 2198 999 2231 vocabula
1017 2198 1159 2242 quidem
1180 2196 1235 2228 in-
1258 2175 1263 2334 Ι
1289 2203 1404 2236 teuto,
1431 2194 1605 2229 Ecclesias
1623 2194 1697 2228 Deo
1722 2207 1825 2227 curae
1841 2195 1976 2228 suturas
1993 2207 2082 2236 esse,
2114 2204 2145 2230 et
2166 2197 2278 2232 fitium

1309 1142 1438 1175 Oratio
1462 1139 1509 1175 de
1525 1141 1761 1174 Asin-onumen
1786 1143 1822 1173 et
1845 1138 2098 1187 Geoyraphia,
2125 1138 2253 1174 habita

1649 1192 1693 1225 W
1692 1194 1703 1226 ἑ
1709 1190 1915 1238 tetthen-yae.

248 2257 454 2295 to-llignntnr
479 2254 554 2286 sine
585 2249 827 2286 Arithmetica.
885 2250 953 2282 Sed
980 2247 1044 2281 hae
1068 2249 1235 2282 utilitates
1289 2247 1352 2280 Dei
1386 2254 1691 2291 propugnaturuun
1724 2254 1861 2279 nostros
1894 2254 2030 2286 ctu-tus,
2081 2255 2118 2282 ut
2151 2246 2279 2283 Daniel

250 2308 397 2340 {mhffffi
416 2313 515 2343 sm...
543 2305 622 2337 mm·
639 2310 719 2336 sunt
746 2313 911 2343 magnae,
939 2312 1025 2346 quas
1050 2312 1153 2345 supra
1179 2311 1232 2332 re·
1289 2299 1472 2342 praedixit.
1527 2298 1646 2341 Quare
1669 2294 1753 2330 haec
1777 2298 1891 2331 studia
1916 2299 2040 2334 nobis.
2074 2300 2278 2333 adolescen-

248 2359 387 2396 rammi,
422 2357 514 2402 qnod
541 2368 619 2388 cuin
652 2355 685 2386 in
721 2353 841 2385 multis
863 2352 940 2385 aliis
965 2353 1056 2385 vitae
1082 2350 1235 2395 negociis
1288 2357 1355 2386 tes,
1385 2362 1455 2382 non
1472 2357 1551 2383 sunt
1571 2347 1788 2387 abiicienda,
1815 2349 2078 2393 desperatione,
2106 2351 2159 2384 vel
2178 2363 2278 2395 prae-

249 2408 310 2441 lms
329 2416 400 2441 arte
418 2420 504 2451 opus
522 2407 583 2445 sit,
609 2413 681 2439 tum
701 2417 782 2437 vero
803 2403 878 2436 sine.
896 2416 932 2436 ea
953 2404 994 2435 ad
1018 2403 1113 2436 illam
1133 2413 1233 2447 prae·
1288 2401 1461 2441 inim-nm,
1489 2401 1543 2433 vel
1562 2399 1692 2433 salutis.
1748 2399 1822 2433 lino
1841 2412 1880 2433 eo
1900 2401 2080 2434 ardentius
2096 2401 2278 2437 excitanda

250 2460 496 2493 >lautissimam
524 2454 774 2500 Philosophiae,
801 2462 932 2499 partem
960 2455 1003 2487 de.
1029 2455 1132 2487 rebus
1154 2464 1231 2487 coe·
1287 2460 1386 2491 sunt,
1413 2460 1450 2486 nt
1476 2452 1579 2485 etiam
1607 2451 1698 2484 inter
1719 2451 1855 2484 medios
1880 2448 1995 2485 hostes
2013 2460 2279 2494 conserventur,

249 2512 393 2544 lestilsus
411 2511 528 2542 nullus
543 2515 652 2553 pateat
672 2508 797 2541 aditus.
852 2505 946 2538 llaec
962 2518 1086 2547 magna
1105 2513 1135 2539 et
1155 2516 1235 2547 gra·
1258 2489 1261 2520 1
1286 2504 1312 2535 si
1343 2504 1387 2537 ita
1414 2504 1523 2537 ferent
1551 2503 1630 2536 sata.
1700 2500 1743 2536 Et
1770 2502 1938 2547 quoniam
1966 2501 2001 2536 hi
2025 2503 2135 2537 nostri
2160 2512 2279 2539 coetus

250 2563 299 2595 xis
324 2574 423 2594 musi
451 2568 519 2599 est,
554 2572 642 2604 qnar-
669 2559 857 2591 accendere
883 2569 1066 2598 generosas
1092 2564 1234 2590 naturas
1258 2562 1260 2566 ⁴
1288 2567 1365 2597 pars
1386 2563 1463 2589 snut
1484 2552 1681 2590 Ecclesiae.
1709 2554 1846 2599 quoties
1862 2554 2112 2591 convenimus.
2141 2555 2279 2599 quoties

247 2616 287 2647 ad
316 2613 403 2646 haur
428 2619 536 2645 artu-m
561 2611 682 2647 debet,
710 2609 790 2654 quia
816 2609 875 2653 qni
896 2615 1059 2652 expetunt
1086 2608 1233 2641 solidam
1258 2598 1260 2628 ?
1286 2607 1328 2638 de
1346 2607 1471 2640 studiis
1486 2605 1690 2649 cogitamus,
1716 2606 1878 2638 accedant
1900 2605 1954 2649 pia
1974 2613 2065 2646 vota,
2088 2613 2117 2639 et
2138 2619 2278 2641 oremus

247 2665 462 2701 doctrinam,
488 2670 518 2695 1-1
543 2662 675 2699 magni<
701 2661 785 2693 viris
806 2660 966 2700 dignam,
992 2660 1158 2692 omnibns
1180 2657 1234 2690 in-
1258 2643 1260 2714 :
1287 2655 1420 2697 Deum,
1450 2657 1589 2691 Patrem
1616 2656 1813 2689 liberatoris
1837 2656 1946 2689 nostri
1970 2655 2044 2690 lesu
2064 2654 2216 2698 t'liristi,
2240 2664 2277 2691 ut

247 2718 355 2758 geniis
382 2715 514 2747 viribus
538 2714 748 2744 c‹›n=··u‹t«·r‹=
773 2712 920 2750 «telmai,
954 2718 988 2745 nt
1015 2713 1055 2744 ad
1082 2718 1234 2745 caeteras
1257 2739 1261 2748 ,
1288 2707 1479 2742 Ecclesiam
1507 2715 1538 2742 et
1564 2706 1708 2742 honesta
1736 2707 1848 2740 studia
1874 2708 2058 2749 defendat,
2085 2720 2149 2743 nos
2165 2715 2278 2743 servet
