2338 2958
95 119 171 154 369
443 114 600 152 DECL.

94 216 167 239 non
203 200 468 244 intelliguntur,
514 201 582 235 nisi
618 202 764 236 consilia
808 215 847 237 ac
886 202 1085 237 voluntates

95 266 215 289 eorum
237 253 284 286 ita
307 251 587 294 consideremus,
623 254 722 298 quasi
748 265 817 287 una
845 266 922 287 cum
944 254 1015 286 illis
1031 253 1085 285 vi—

95 311 230 344 ventes,
256 303 380 336 iisdem
402 303 606 337 intersimus
623 304 939 338 deliberationibus
962 317 1001 338 ac
1022 316 1084 337 ne-

91 355 216 400 gociis,
246 353 281 386 in
298 353 428 398 quibus
445 354 510 399 ipsi
529 355 768 390 versabantur.
819 355 910 389 Tota
926 354 1084 400 Respub.

91 413 190 440 vetus
215 405 334 437 animo
358 405 530 439 intuenda
562 414 596 441 et
619 407 660 439 ad
687 414 904 450 praesentem
933 408 1082 439 formam

89 508 245 541 dentiam
269 507 490 549 conducunt,
522 520 561 541 ac
587 509 630 542 de
661 508 782 541 multis
811 509 946 551 magnis
978 509 1083 541 rebus

72 569 153 602 ‚nos
172 559 376 599 admonent,
403 559 446 591 de
462 559 641 600 moribus,
666 560 710 592 de
728 559 815 599 iure,
840 560 883 591 de
900 559 1080 592 actionum

88 622 127 643 ac
144 608 358 642 iudiciorum
375 609 553 650 varietate,
581 611 624 643 de
639 617 762 643 natura
780 622 909 645 rerum.
950 608 1082 643 Demo·
1108 605 1109 610 ¹

89 657 228 693 sthenes
250 659 381 693 dicitur
404 661 510 694 octies
527 660 748 705 descripsisse
765 658 1020 705 Thucydiden,
1043 668 1082 694 ut

88 711 156 744 sibi
189 717 347 745 autorem
381 711 604 756 eloquentem
631 723 736 757 quam
768 712 1081 745 familiarissimum

86 762 225 796 faceret.

88 819 150 846 aut
173 823 283 856 genus
306 813 489 846 sermonis.

652 115 728 151 DE
762 115 1094 152 L'TtLtTATE
1131 114 1410 151 STL‘DIOR.
1447 115 1781 163 ELOQUENT.

2057 126 2132 160 370

1141 199 1222 233 mia.
1277 200 1348 234 Nec
1370 202 1487 236 minor
1509 212 1558 238 est
1579 218 1661 239 cura
1687 208 1881 252 perspicere
1901 211 1986 254 quid
2005 213 2133 253 deceat,

1142 250 1228 295 quid
1266 251 1352 284 locis
1384 265 1423 286 ac
1456 257 1674 299 temporibus
1709 266 1889 302 congruat.
1950 260 2131 296 Postremo

1138 301 1347 345 compositio
1370 310 1403 337 et
1427 316 1507 337 cura
1532 307 1740 342 elocutionis
1765 322 1836 343 non
1862 311 1985 345 leviter
1999 321 2132 347 exercet

1109 368 1112 397 ᾗ
1137 353 1361 388 scribentem.
1414 353 1530 389 Huius
1548 359 1700 392 exercitii
1719 363 1936 395 consuetudo
1958 364 2046 406 parit
2064 365 2131 397 im-

1109 415 1273 450 gmensas
1307 405 1493 446 utilitates,
1538 406 1702 450 prohihet
1736 413 2058 456 praecipitantium,
2099 422 2130 448 et

14 459 17 511 ζ
52 491 54 494 ,
93 456 307 491 conferenda
330 463 391 492 est.
436 455 512 490 Hae
536 457 765 501 cogitationes
787 457 921 502 aliquid
938 458 979 491 ad
999 470 1084 501 pru·
1108 457 1111 488 J

1136 454 1235 498 quasi
1255 454 1393 488 frenum
1418 456 1569 500 ingeniis
1592 458 1724 499 iniicit,
1751 474 1795 495 ne
1823 470 1951 497 temere
1974 465 2050 498 sine
2066 467 2128 499 de-

1137 505 1246 545 lectu,
1288 506 1365 539 siue
1394 508 1537 548 ordine,
1578 510 1652 542 sine
1680 523 1761 544 cura
1789 514 1972 549 effundant
2001 517 2130 557 omnia,

1137 568 1226 600 quae
1245 568 1317 589 sese
1335 557 1501 599 offerunt,
1528 560 1640 594 adfert
1659 561 1878 605 diligentiam
1891 593 1898 605 ,
1926 574 1963 600 ut
1983 580 2019 600 ea
2038 580 2127 612 quac

1135 607 1321 649 gignimus,
1345 609 1537 643 formemus
1554 611 1670 652 etiam,
1699 620 1731 646 et
1748 621 1820 648 arte
1836 616 1979 650 meliora
1998 619 2126 651 efficia-

1134 670 1225 691 mus.
1254 657 1294 691 ld
1311 659 1339 691 si
1356 660 1510 694 facerent
1528 662 1715 706 scriptores
1732 665 1786 697 vel
1804 676 1980 701 sacrarum
1998 682 2126 709 rerum,

1107 741 1109 745 ,
1135 709 1188 741 vel
1206 709 1288 750 alii,
1316 717 1448 755 quanto
1476 712 1637 746 foelicior
1652 726 1724 747 esse
1741 722 1849 749 status
1867 730 1982 751 rerum
2000 717 2126 753 huma-

277 760 350 795 Nec
373 773 456 795 vero
479 769 673 806 aucupatus
695 769 744 796 est
769 763 956 807 praecipue
974 763 1080 796 verba
1106 760 1108 770 '

541 812 630 846 Nam
648 811 871 859 Thucydidis
889 814 1001 847 oratio
1017 815 1079 847 ad-
1106 819 1107 844 ἶ

87 864 234 897 modum
251 862 432 896 dissimilis
452 869 501 896 est
517 864 661 898 sorensi.
707 863 777 898 Sed
796 865 908 898 varias
927 865 1080 909 Reipub.
1106 883 1107 886 ¹

86 914 301 948 mutationes
325 926 364 946 ac
390 922 568 948 momenta
593 915 837 949 considerabat
861 916 898 948 in
923 914 1081 957 historia,
1105 921 1108 954 j

86 966 291 1009 excerpebat
314 963 521 1010 Principum
554 967 719 1007 consilia,
747 979 900 1012 quorum
926 967 1080 1011 cognitio

86 1015 155 1060 ipsi
179 1027 320 1061 quoque
340 1015 377 1048 in
402 1017 552 1060 publicis
569 1017 884 1051 deliberationibus
902 1020 1080 1062 proderat.

85 1067 236 1112 Aliquid
255 1067 361 1100 etiam
377 1068 557 1110 gravitatis
575 1069 709 1102 addidit
730 1066 983 1102 Demosthenis
1002 1082 1081 1103 ora—
1133 1093 1226 1126 dicta
1241 1092 1423 1134 afferrent,
1449 1095 1572 1128 somus
1590 1102 1641 1129 est
1656 1098 1790 1140 precari
1810 1110 1827 1130 a
1845 1097 1939 1140 Diis,
1968 1114 2010 1135 ne
2028 1104 2123 1148 qnod

86 1117 264 1156 tionibus,
300 1118 449 1151 imitatio
477 1117 716 1164 Thucydidis:
757 1120 887 1153 multas
911 1121 1005 1154 enim
1025 1133 1079 1153 re—

86 1169 154 1202 fert
177 1166 433 1202 Demosthenes
457 1171 648 1203 sententias
673 1168 908 1216 Thucydidis.
961 1170 1081 1205 Citant

86 1219 178 1263 leges
192 1220 313 1253 multis
330 1219 367 1253 in
390 1220 475 1253 locis
493 1219 708 1261 Homerum,
735 1221 844 1255 citant
862 1219 1081 1263 Ciceronem,

86 1282 159 1304 non
185 1271 375 1304 verborum
403 1283 522 1316 causa,
551 1274 608 1305 sed
638 1279 805 1318 tanquam
830 1274 1020 1307 sententias
1043 1273 1080 1305 in

86 1322 164 1355 foro
182 1321 310 1362 dictas,
337 1334 486 1366 quarum
510 1323 733 1356 autoritatem
752 1323 789 1356 in
808 1323 949 1357 iudiciis
965 1325 1080 1357 valere

87 1373 224 1405 volunt.

88 1435 208 1456 rerum
225 1422 473 1456 discribenda'?

88 1474 144 1507 vel
159 1473 346 1518 praecipue
363 1471 429 1507 hoc
445 1476 640 1516 studuisse,
668 1483 708 1509 ut
726 1476 910 1522 plerasque
936 1484 1081 1510 naturae

88 1532 203 1569 partes
225 1524 468 1558 illustrarent?
514 1525 633 1572 ltaque
656 1527 827 1571 complexi
847 1535 930 1561 sunt
946 1539 1080 1561 summa
1106 1558 1109 1561 .

89 1588 169 1609 cum
185 1582 366 1609 venustate
381 1582 480 1609 ortus
499 1584 532 1610 et
553 1589 694 1611 occasus
711 1579 888 1622 syderum,
915 1591 954 1611 ac
972 1585 1080 1612 totam

89 1626 284 1660 doctrinam
308 1638 397 1671 quae
422 1627 457 1659 in
486 1628 689 1671 vulgaribus
714 1629 844 1661 libellis
864 1630 906 1661 de
933 1627 1081 1673 sphaera

88 1677 259 1720 traditur,
287 1678 539 1722 descriptiones
557 1679 770 1720 fulminum,
797 1680 918 1721 iridis,
945 1687 977 1713 et
998 1681 1082 1713 reli-

90 1741 157 1775 qua
173 1735 343 1769 memora,
370 1726 558 1763 herbarum
584 1731 818 1774 plurimarum
837 1738 869 1764 et
887 1732 1081 1765 multorum

89 1779 327 1813 remediorum
363 1788 517 1816 naturas.
569 1779 693 1815 Cicero
725 1794 808 1814 vero
844 1789 876 1815 et
911 1783 1082 1815 moralem

89 1828 357 1874 Philosophiam
383 1837 491 1865 totam
518 1833 720 1875 complexus
745 1841 812 1870 est,
855 1839 887 1866 et
911 1834 1080 1877 quosdam

90 1882 186 1915 locos
208 1881 267 1926 qui
301 1883 343 1913 ad
375 1879 641 1925 Philosophiam
670 1884 865 1916 naturalem
894 1884 1082 1927 pertinent,
1110 1908 1111 1911 ,

89 1944 243 1979 quorum
271 1932 373 1965 lectio
401 1944 474 1965 non
502 1934 608 1966 modo
632 1934 769 1977 copiam
795 1935 986 1975 sermonis,
1024 1936 1080 1967 sed
1110 1964 1111 1969 ,

89 1983 193 2018 etiam
211 1995 329 2017 rerum
345 1982 528 2017 scientiam
546 1984 639 2017 alere
653 1991 778 2028 potest.
809 1985 905 2027 Quid
923 1993 973 2018 est
989 1986 1081 2019 enim
1110 2002 1112 2006 ·

90 2035 151 2068 illa
169 2034 419 2078 disputatione,
447 2035 489 2068 de
506 2035 767 2069 immortalitate
783 2036 930 2076 animae,
958 2037 993 2069 in
1011 2037 1084 2080 pri-

91 2098 148 2119 ma
174 2082 403 2118 Thusculana
435 2086 610 2119 eruditius
635 2099 673 2119 ac
702 2087 914 2120 iucundius?
967 2087 1084 2121 Multo

91 2137 197 2171 etiarn
212 2136 386 2170 eruditior
405 2144 454 2170 est
475 2137 615 2172 libellus
634 2138 676 2170 de
696 2145 820 2171 natura
839 2136 1012 2171 Deorum:
1047 2151 1084 2172 ac

92 2188 131 2221 in
152 2193 304 2232 utroque
328 2188 437 2221 multa
462 2195 650 2221 sumuntur
674 2196 878 2231 argumenta
905 2201 942 2222 ex
965 2202 1003 2222 ea
1020 2191 1084 2223 do—
1111 2205 1113 2208 ·

93 2239 224 2278 ctrina,
251 2250 356 2283 quam
375 2239 583 2283 profitentur
599 2237 634 2272 hi
647 2267 654 2278 ,
682 2240 742 2284 qui
761 2240 902 2284 proprie
918 2240 1086 2274 dicuutur

92 2287 248 2335 Physici.
301 2288 489 2323 Fateamur
513 2303 593 2333 ergo
615 2291 856 2335 eloquentium
875 2291 1083 2335 scriptorum

94 2341 304 2379 lectionem,
344 2352 417 2372 non
447 2342 554 2375 modo
586 2343 628 2374 ad
660 2341 796 2386 copiam
823 2343 1016 2383 sermonis,
1054 2350 1085 2376 et

94 2389 240 2437 phrasin
258 2393 529 2434 comparandam
555 2394 735 2436 prodesse,
763 2394 820 2425 sed
841 2393 945 2425 etiam
964 2396 1005 2426 ad
1023 2406 1086 2427 au-

94 2443 243 2486 gendam
272 2454 390 2475 rerum
415 2443 669 2486 cognitionem,
697 2451 729 2476 et
755 2444 883 2476 iudicia
903 2444 1084 2478 formanda

94 2495 138 2527 de
161 2493 281 2526 multis
313 2493 476 2526 maximis
511 2494 625 2527 rebus.
680 2493 816 2527 Deinde
842 2494 1025 2537 diligentia
1049 2497 1085 2529 in

96 2544 259 2578 exercitio
286 2545 386 2590 styli,
424 2544 484 2578 illa
510 2557 592 2577 vero
615 2545 650 2577 in
679 2546 800 2589 primis
817 2545 910 2579 acuit
936 2546 1086 2589 ingenia.

94 2593 184 2628 Nam
204 2595 240 2627 in
257 2595 473 2629 inveniendo
494 2608 547 2629 res
565 2607 654 2641 quae
677 2597 721 2629 ad
737 2608 876 2630 causam
899 2598 1089 2640 pertinent,

95 2646 289 2690 prudenter
303 2658 424 2680 omnes
444 2647 708 2691 investigandae
725 2654 757 2681 et
775 2647 980 2689 cogitandae
996 2657 1088 2684 sunt.

95 2696 150 2730 Ad
170 2694 255 2729 haec
270 2697 540 2732 deliberandum
556 2700 599 2731 de
616 2710 734 2731 rerum
749 2699 875 2732 ordine
891 2705 923 2732 et
939 2712 1090 2734 oecono-

154 2747 338 2781 Blctutxrn.
367 2751 471 2782 Orzr..
500 2752 582 2782 Vor.
612 2751 671 2781 XI.

277 1371 427 1414 Quoties
450 1372 582 1407 Medici
610 1374 718 1407 citant
743 1373 869 1407 Poe'tas
894 1375 931 1407 in
956 1382 1081 1408 natura
1106 1398 1108 1410 2

525 1424 615 1467 Quis
636 1425 727 1457 enim
751 1437 822 1458 non
844 1426 939 1459 videt
957 1425 1082 1460 Poetas
1106 1430 1108 1444 ’-

1134 771 1272 795 narum.
1320 762 1482 803 Quorum
1498 763 1658 810 plerique
1675 766 1703 798 si
1721 769 1763 799 ad
1784 779 1902 800 curam
1920 769 1956 801 in
1976 770 2125 804 dicendo

1136 811 1317 844 assuefacti
1335 820 1467 854 esseut,
1495 815 1608 848 multo
1630 825 1744 851 essent
1763 817 1799 850 in
1817 819 2010 862 deligendis
2027 822 2126 855 utili-

1133 862 1199 895 bus
1216 865 1453 905 argumentis,
1481 871 1514 898 et
1534 865 1569 898 in
1589 868 1754 901 cavendis
1773 870 1924 912 publicis
1947 872 2125 915 periculis,

1133 913 1383 956 diligentiores

1235 989 1388 1024 Pericles
1412 1004 1616 1026 ascensurus
1642 994 1680 1026 in
1706 995 1930 1038 concionem,
1963 1011 2002 1032 ac
2028 1013 2126 1044 prae-

1133 1041 1280 1075 metiens
1314 1042 1454 1084 animo,
1488 1051 1659 1088 quantum
1695 1046 1840 1089 periculi
1866 1049 2125 1085 inconsiderate

1133 1143 1201 1176 sibi
1215 1144 1361 1177 verbum
1377 1145 1568 1187 excideret,
1597 1148 1690 1191 quod
1709 1148 1861 1183 officeret
1877 1149 2030 1196 Reipub.
2076 1152 2124 1188 Et

1133 1192 1401 1235 Demosthenes,
1429 1209 1507 1229 cum
1524 1197 1555 1230 ei
1572 1198 1799 1240 obiiceretur,
1823 1202 1918 1245 quod
1937 1205 2125 1238 meditatus

1133 1247 1176 1279 ad
1197 1246 1386 1279 dicendum
1411 1248 1565 1289 veniret,
1592 1251 1793 1293 respondit,
1827 1252 1894 1285 sibi
1921 1265 1993 1287 non
2016 1257 2122 1290 modo

1134 1297 1396 1340 impudentem,
1436 1300 1496 1331 sed
1524 1300 1627 1332 etiam
1653 1300 1855 1344 improbum
1881 1303 1990 1337 civem
2014 1307 2125 1340 videri

1134 1347 1258 1388 illum,
1293 1349 1354 1392 qui
1382 1349 1424 1380 de
1447 1350 1552 1383 rebus
1584 1352 1748 1392 summis,
1780 1353 1966 1388 universae
1991 1357 2125 1392 civitati

1134 1398 1322 1431 consilium
1347 1399 1514 1444 daturus,
1544 1402 1687 1435 auderet
1713 1403 1848 1445 dicere,
1881 1416 1918 1438 re
1942 1419 2016 1440 non
2044 1416 2124 1443 ante

1106 1458 1109 1483 ἱ
1135 1449 1196 1482 diu
1211 1449 1438 1494 multumque·
1454 1452 1619 1494 cogitata,
1655 1465 1761 1497 quare
1778 1454 1806 1487 si
1826 1457 1951 1498 possit,
1979 1471 2050 1491 non
2069 1471 2126 1493 so-

1106 1511 1109 1515 ·
1134 1500 1208 1533 lum
1233 1500 1379 1543 scripta,
1415 1503 1473 1534 sed
1504 1503 1638 1546 sculpta
1661 1515 1696 1536 se
1721 1505 1897 1539 dicturum
1928 1509 2125 1545 affirmavit.

1136 1549 1262 1583 Adfert
1298 1562 1378 1593 ergo
1414 1551 1507 1586 inter
1539 1560 1690 1586 caeteras
1713 1555 1882 1590 utilitates
1909 1563 2126 1595 consuetudo

1135 1601 1319 1634 exercendi
1350 1602 1451 1648 styli,
1487 1604 1718 1648 multiplicem
1753 1607 1989 1651 diligentiam,
2026 1623 2127 1646 causa

1135 1658 1207 1685 tota
1234 1653 1367 1685 maiore
1392 1666 1474 1687 cura
1498 1656 1725 1699 expendenda
1753 1665 1785 1691 et
1809 1660 2013 1703 cogitanda,
2048 1676 2127 1697 cum

1136 1703 1202 1748 ipsi
1221 1704 1404 1736 nobiscum
1422 1705 1676 1748 deliberamus,
1709 1712 1886 1753 quomodo
1905 1724 1978 1744 eam
1997 1714 2127 1748 dicturi

1136 1761 1195 1787 aut
1213 1754 1324 1787 acturi
1339 1755 1465 1797 simus3
1485 1757 1697 1801 prospicitur
1713 1759 1816 1792 etiam
1836 1762 1919 1806 quid
1939 1763 1972 1795 iu
1992 1766 2127 1798 actione

1136 1805 1285 1849 periculi
1317 1805 1380 1846 sit,
1420 1808 1654 1848 deliberatur,
1692 1813 1871 1853 quomodo
1904 1814 2057 1856 pericula
2091 1817 2126 1848 in

1137 1856 1271 1899 agendo
1296 1858 1448 1890 cavenda
1474 1858 1554 1893 sint.
1608 1859 1769 1906 Denique
1793 1862 1823 1894 si
1847 1861 1937 1897 nihil
1964 1872 2015 1899 est
2034 1867 2128 1900 futili

1137 1906 1342 1951 garrulitate
1366 1909 1504 1952 turpius
1529 1917 1562 1943 et
1590 1912 1838 1954 perniciosius,
1872 1915 2063 1958 plurimum
2084 1919 2127 1951 ad

1139 1958 1304 1991 virtutem
1329 1958 1366 1990 in
1385 1972 1600 2006 unoquoque
1625 1963 1713 1994 etad
1734 1964 1909 2006 publicam
1926 1969 2129 2012 tranquilli-

1139 2015 1242 2043 tatem
1278 2010 1418 2053 prodest
1453 2008 1537 2044 haec
1575 2013 1778 2047 assuefactio
1815 2016 1859 2048 ad
1896 2021 2127 2053 exercendum

1138 2060 1287 2105 stylum,
1323 2061 1365 2093 ad
1388 2061 1608 2095 formandam
1636 2071 1667 2096 et
1695 2069 1975 2109 componendam
1997 2071 2128 2104 oratio-

1139 2123 1237 2151 nem,
1264 2123 1308 2143 ne
1325 2113 1444 2145 omnia
1469 2113 1543 2146 sine
1562 2114 1697 2148 delectu
1717 2116 1956 2154 effundantur.
2010 2120 2125 2156 Multa

1139 2162 1242 2195 ctiam
1268 2162 1400 2205 ingenii
1419 2164 1502 2196 vitia
1528 2165 1672 2208 corrigit
1698 2167 1826 2211 stylus,
1855 2176 1887 2202 et
1914 2168 2051 2206 cohibet
2077 2174 2129 2206 as—

1139 2213 1266 2253 fectus,
1293 2225 1337 2246 ne
1353 2221 1472 2247 contra
1493 2216 1659 2249 decorum
1677 2217 1885 2253 concitatius
1900 2221 2070 2259 ferantur.

1240 2289 1325 2325 Dixi
1351 2286 1536 2328 hactenus,
1570 2303 1674 2336 quam
1702 2293 1747 2326 sit
1770 2294 1857 2327 utile
1887 2293 1952 2330 hoc
1973 2300 2128 2333 studium

1139 2347 1230 2374 recte
1245 2340 1419 2373 scribendi
1438 2338 1502 2381 his,
1522 2342 1581 2386 qui
1597 2343 1638 2375 ad
1656 2341 1833 2388 Rempub.
1851 2350 2019 2382 accessuri
2037 2359 2130 2386 sunt.

1139 2392 1273 2434 Togata
1307 2391 1566 2426 administratio
1591 2394 1776 2437 praecipue
1809 2397 2026 2439 gubernatur
2058 2403 2131 2435 elo—

1141 2441 1295 2488 quentia,
1318 2449 1350 2475 et
1365 2443 1474 2475 multa
1491 2442 1618 2477 Latine
1634 2447 1765 2487 agenda
1784 2455 1897 2484 eruut.
1952 2451 2071 2492 Quare
2086 2455 2127 2486 ad

1143 2492 1231 2526 hanc
1257 2499 1390 2526 tautam
1414 2506 1504 2534 rem,
1539 2501 1577 2528 ut
1603 2507 1638 2528 se
1656 2496 1820 2530 iuventus
1843 2510 2042 2544 praeparet,
2069 2506 2130 2536 ad-

1114 2582 1115 2585 *
1143 2542 1313 2577 hortanda
1333 2550 1436 2588 atque
1455 2545 1633 2579 incitanda
1651 2553 1699 2579 est
1719 2549 1856 2584 acriter.
1902 2550 1975 2584 lam
1995 2554 2028 2585 in
2046 2567 2129 2587 cou-

1143 2594 1322 2629 troversiis
1351 2595 1532 2639 religionis
1563 2597 1798 2641 explicandis,
1834 2601 1911 2645 quis
1943 2616 2013 2636 non
2038 2605 2130 2637 videt

1142 2657 1268 2689 magna
1287 2646 1469 2686 doctrina,
1497 2655 1530 2681 et
1555 2659 1680 2692 magna
1700 2650 1858 2684 ubertate
1882 2655 2071 2695 sermonis,
2098 2663 2129 2688 et

1144 2697 1285 2731 dicendi
1312 2697 1475 2732 facultate
1499 2709 1587 2743 opus
1609 2701 1704 2733 esse'?
1756 2701 1848 2735 Sunt
1873 2703 1964 2735 enim
1990 2716 2043 2737 res
2068 2707 2131 2739 ob-

1549 2748 1598 2783 24
