2338 2958
105 108 128 142 9
624 96 786 134 DECL.
818 96 892 133 DE
926 95 1187 136 ARTIBUS
1221 99 1634 138 LIBERALIBUs.
2106 103 2150 135 10

109 194 190 228 illos
208 189 339 225 eminet
353 185 594 232 Augustinus,
621 185 684 232 qui
701 184 831 219 dialexi
846 196 910 218 ceu
927 183 1100 218 Mercurii

108 244 186 284 alis,
209 242 258 276 ita
272 239 448 274 Platonici
465 238 538 271 vim
554 237 665 271 animi
680 236 848 270 excelsam
865 242 1003 274 vocant,
1032 233 1100 269 hu-

107 305 212 328 mana
242 302 429 336 superans,
463 289 584 323 divina
617 288 798 333 proximus
830 287 958 330 attigit.
1017 285 1099 320 Non

108 345 215 380 audio
240 343 411 389 quosdam
435 341 526 374 male
550 341 694 374 feriatos
717 336 899 379 homines,
933 337 993 383 qui
1018 350 1098 371 cum

108 391 349 444 ἀγράμματοι
379 390 442 428 καὶ
473 391 633 437 ἄμουσοι
656 391 773 424 literas
798 389 903 432 vulgo
932 388 1100 430 iactitent,

109 446 175 482 hoc
193 444 323 480 habent
340 445 490 489 primum
503 471 512 485 ,
538 450 578 477 ut
593 455 612 476 a
627 440 826 475 Dialecticis
844 452 949 485 quam
966 440 1099 483 longis-

109 499 195 532 sime
227 497 353 531 absint.
406 495 481 539 Age
512 494 601 528 belle
633 493 769 526 ridetur
798 489 883 524 haec
907 498 980 525 tota
1000 491 1055 524 fex
1080 503 1099 524 a

109 549 274 589 Socrate,
306 559 380 581 non
413 547 450 580 in
483 544 614 588 Gorgia
646 549 784 577 tantum
815 549 847 576 et
871 540 1005 582 Lache,
1039 543 1098 575 sed

109 600 277 635 omnibus
310 611 397 644 pene
429 594 735 631 dissertationibus
759 593 929 627 Platonis.
984 593 1100 627 Habet

109 650 350 686 Grammatica
377 657 416 684 ut
438 650 537 682 docte
560 646 736 691 loquaris,
762 642 847 678 haec
871 651 910 678 ut
934 657 1034 686 vere,
1060 651 1099 678 ut

109 701 400 738 discriminatim,
426 705 465 732 ut
487 704 639 738 certum,
665 703 705 730 ut
727 696 898 737 solidum,
924 697 1019 742 quod
1037 708 1098 729 en-

108 752 343 800 thymemata,
374 749 587 796 syllogismi,
622 745 758 787 theses,
790 747 922 789 finitio,
956 747 1098 792 partitio

109 804 334 839 commodum
358 799 535 836 exhibent.
588 799 634 834 Et
659 810 802 845 syncera
825 806 908 832 sunt
932 805 965 832 et
989 799 1099 839 firma,

108 867 198 901 quae
224 854 261 887 in
285 851 376 886 hanc
398 853 508 886 aleam
531 851 767 891 conveniunt,
801 850 1019 895 minimeque
1043 850 1098 883 fu-

107 913 194 940 cata.
245 903 394 938 Daedali
418 911 548 938 statuas
573 903 752 949 quondam
771 902 925 945 suspexit
942 901 1099 947 antiqui-

107 965 177 996 tas,
210 968 284 989 non
313 956 357 989 de
387 955 566 989 adscitieia
597 953 728 999 specie,
761 961 801 987 ut
824 952 1016 986 Pausanias
1038 953 1098 992 ait,

107 1009 168 1042 sed
202 1008 355 1051 ingenua
381 1007 533 1052 quadam
559 1007 692 1045 forma,
732 1004 789 1038 cui
816 1005 918 1048 plane
944 1000 1099 1051 γνήσιον

107 1058 176 1093 hoc
199 1065 292 1099 erat,
318 1058 564 1092 admirandam
588 1057 717 1090 referre
742 1055 817 1099 ipso
843 1056 969 1088 decore
990 1055 1098 1088 maie-

107 1117 242 1151 statem,
269 1116 302 1143 et
315 1109 570 1154 propemodum
583 1108 673 1141 illud
686 1106 843 1140 melioris
856 1107 962 1140 seculi
980 1106 1099 1142 θεῖον.

105 1161 281 1195 Fortassis
305 1167 340 1194 et
358 1161 402 1194 de
421 1160 550 1194 nostris
567 1157 769 1193 Dialecticis
784 1158 852 1191 tale
869 1158 1038 1203 quiddam
1054 1158 1099 1191 li-

106 1213 218 1254 cebit,
252 1211 390 1246 Stoicos
413 1212 512 1252 dico,
546 1210 638 1244 aridi
662 1217 745 1243 sunt
767 1222 807 1243 ac
832 1209 943 1243 ieiuni
966 1221 1099 1242 sermo—

106 1276 207 1304 nem,
235 1263 401 1296 foecundi
423 1273 539 1296 sensa:
573 1274 694 1295 verum
713 1259 799 1294 haec
816 1261 915 1294 alias.
968 1259 1100 1295 Omni-

105 1328 153 1349 no
178 1316 220 1348 de
246 1315 322 1359 ipso
348 1314 483 1348 sciendi
509 1325 628 1347 amore
646 1312 836 1347 Dialectica
855 1312 948 1346 inter
966 1312 1099 1357 primo-

105 1379 160 1400 res
177 1366 306 1399 artium
323 1365 497 1399 recenseri
516 1377 588 1397 non
604 1372 733 1398 temere
749 1364 848 1399 solet.
901 1363 1021 1405 Quare
1039 1375 1099 1395 va-

106 1418 203 1450 leant
234 1413 441 1460 ἆντίτεχνοι
468 1415 540 1449 suis
573 1414 821 1458 complicibus,
861 1416 1033 1447 τοιοῦτον
1057 1411 1099 1447 τὸ

104 1464 306 1513 βαρβαρὸν
320 1465 437 1514 γένος,
462 1472 501 1499 ut
517 1477 595 1498 cum
605 1463 777 1508 Euripide
793 1464 922 1497 dicam:
948 1465 1098 1498 liberum

106 1526 157 1552 est
181 1518 276 1550 enim
294 1517 420 1562 cuique
437 1523 497 1550 aut
512 1517 646 1549 bonum
664 1526 736 1548 esse
753 1522 812 1549 aut
831 1515 973 1547 malum.
1026 1514 1099 1547 Vos

105 1569 166 1615 qui
182 1565 434 1613 Philosophiae
450 1579 581 1600 nomen
597 1566 742 1600 dedistis
759 1566 1011 1607 adolescentes,
1039 1567 1098 1612 qui

105 1620 189 1654 boni
209 1631 300 1660 esse,
328 1619 390 1665 qui
408 1631 528 1664 sapere
544 1619 685 1652 dextrae
702 1617 830 1658 menti,
858 1618 918 1663 qui
935 1618 1099 1662 prodesse

106 1671 191 1705 olim
209 1670 363 1715 Reipub.
384 1670 615 1710 contenditis,
641 1669 676 1702 in
697 1669 868 1703 elementa
888 1668 1099 1702 Dialecticae

106 1722 314 1757 incumbite.
366 1720 476 1755 Nullo
502 1719 691 1765 pharmaco
716 1721 826 1764 magis
852 1727 911 1754 aut
937 1727 1097 1763 vegetum

106 1781 166 1808 aut
190 1786 285 1814 acre,
320 1773 418 1806 nulla
444 1770 629 1806 harmonia
654 1772 754 1805 reddi
780 1779 892 1817 potest
916 1771 1096 1815 ingenium

107 1826 314 1868 elegantius.
368 1823 451 1857 Bias
468 1830 629 1867 rogatus,
657 1823 741 1868 quid
762 1830 849 1856 esset
865 1823 991 1868 cuique
1007 1823 1100 1857 inter

107 1877 218 1921 prima
249 1875 371 1913 dulce,
414 1875 617 1919 respondit,
662 1874 747 1919 quid
778 1874 977 1919 proprium.
1035 1872 1099 1908 Est

107 1934 222 1960 autem
255 1926 310 1959 vel
332 1926 494 1969 ‘maxime
524 1925 666 1970 propria
701 1923 839 1958 homiui
866 1926 1099 1966 ratiocinatio,

105 1974 271 2018 διάλεξις,
286 1977 536 2022 contemplatio
547 1977 717 2022 cuiusque
728 1974 995 2024 [rei]diligens.
1026 1976 1096 2010 lam

107 2040 235 2075 quaeso
267 2028 351 2073 quid
385 2040 426 2062 eo
457 2028 625 2062 suavius?
678 2027 828 2063 Varium
859 2027 986 2063 Poetae
1009 2027 1099 2062 Pro—

107 2089 200 2114 teum
227 2080 382 2123 fiugunt,
411 2080 570 2113 omnium
593 2079 661 2112 sibi
679 2091 796 2113 rerum
814 2079 933 2113 vultus
950 2080 1099 2113 formas-

107 2144 174 2178 que
199 2138 388 2175 aptantem.
442 2130 526 2174 Quo
550 2130 720 2164 nimirum
747 2138 945 2165 commento
966 2131 1099 2165 intelli-

107 2182 243 2226 gentiae
275 2189 415 2215 nostrae
444 2179 746 2226 metamorphosin
774 2182 811 2214 in
834 2194 956 2216 omnes
979 2195 1097 2216 rerum

107 2234 236 2278 species
252 2233 462 2275 significant.
508 2233 685 2267 Discernit
701 2240 817 2267 autem
834 2234 964 2278 species
979 2246 1097 2268 rerum

108 2285 210 2319 unica
222 2282 424 2324 Dialectica,
447 2292 615 2330 perpetua
630 2292 662 2319 et
679 2285 885 2318 inconcussa
900 2286 972 2318 veri
985 2285 1098 2319 scien-

106 2337 167 2371 tia.
222 2334 337 2377 Quam
361 2336 486 2369 vellem
505 2334 590 2370 haec
606 2336 768 2380 pluribus
784 2347 885 2376 agere
902 2336 1020 2370 liceret
1037 2349 1099 2381 per

86 2394 92 2399 ¹
109 2385 232 2421 horam
244 2413 251 2425 ,
279 2398 349 2431 quo
372 2387 480 2429 magis
496 2388 677 2431 perspicue
693 2387 794 2421 volvis
809 2386 998 2421 Dialectica
1017 2400 1099 2432 pro-

109 2440 262 2472 baretur.

108 2490 154 2524 tis
182 2488 294 2521 literis
317 2500 473 2534 unquam
499 2489 573 2522 ullo
596 2490 795 2534 sapientum
819 2489 973 2531 iudicio,
1008 2490 1100 2524 inter

109 2540 315 2573 candidatos
343 2539 543 2573 studiorum
576 2541 745 2586 cuiusque
778 2541 914 2585 generis
945 2553 1100 2581 censum,

109 2589 214 2624 huius
232 2597 418 2634 expertem.
469 2590 537 2626 Sed
554 2603 673 2625 aurem
685 2591 860 2638 Cynthius
877 2592 974 2625 vellit
993 2605 1099 2626 oran·
1123 2629 1125 2641 ⁴
1151 2606 1239 2640 quae
1273 2604 1400 2627 usurae
1434 2591 1581 2624 veniunt
1614 2603 1632 2623 e
1664 2587 1878 2622 numeraria.

902 2643 997 2686 Quid
1017 2656 1098 2676 vero
1124 2643 1125 2672 ἶ

108 2642 154 2683 ti,
181 2648 215 2675 et
232 2642 396 2675 admonet
413 2653 590 2687 superesse
608 2641 848 2678 Rhetoricam.

107 2694 191 2727 illa?
244 2691 329 2725 Pars
350 2691 581 2734 Diale-eticae,
614 2696 784 2739 quosdam
810 2701 1097 2736 argumentorum

316 2436 377 2470 Sat
400 2437 506 2471 suerit
529 2439 711 2477 adiecisse,
739 2438 923 2472 Neminem
941 2451 958 2471 a
974 2439 1099 2472 condi·
1122 2434 1125 2468 Ι

1150 188 1245 222 locos
1271 188 1490 232 populariter
1512 188 1702 224 instruens.
1755 185 1802 222 Et
1825 188 1868 221 de
1894 186 2144 229 Grammatica,

1149 238 1360 279 Dialectica,
1400 238 1609 280 Rhetorica,
1649 238 1789 283 Logicis
1822 239 1956 273 artibus
1991 246 2141 274 tantum.

1149 288 1313 324 Chordae
1338 290 1419 322 illae
1442 297 1510 323 tres
1527 291 1561 323 in
1579 289 1679 336 chely
1695 288 1929 337 symphonae,
1956 290 2140 323 Musarum

1149 341 1257 375 trium
1276 341 1398 374 ludus:
1427 340 1632 386 Polymneia
1646 369 1654 382 ,
1680 342 1735 375 cui
1754 353 1883 374 nomen
1903 347 1951 374 est
1969 353 1986 374 a
2006 353 2141 373 memo—

1149 393 1218 433 ria,
1252 392 1371 425 literas
1403 389 1518 425 habet.
1576 391 1732 436 Euterpe
1765 392 2013 432 Dialecticam,
2045 393 2140 437 quod

1149 444 1239 476 mira
1263 443 1395 476 sciendi
1420 443 1586 487 cupidine
1608 444 1810 487 rapiantur,
1838 444 1897 489 qui
1922 443 1960 476 in
1985 450 2142 476 contem-

1149 494 1305 539 platione
1331 495 1474 538 degunt.
1535 493 1760 537 Melpomene
1785 495 1902 528 sorum
1927 494 2140 533 demulcens,

1149 543 1388 580 Rhetoricam.
1443 544 1544 588 Quae
1576 557 1694 577 rerum
1725 552 1775 579 est
1806 546 1978 588 cognitio,
2010 545 2139 589 pendet

1150 597 1265 631 omnis
1291 609 1308 629 e
1334 596 1553 635 numeraria,
1581 608 1685 641 quam
1709 602 1837 629 vocant
1861 593 2142 630 Arithmeticam.

1150 648 1187 683 Si
1212 648 1325 688 enim,
1353 655 1392 682 ut
1417 647 1530 681 visum
1558 646 1717 688 Platoni,
1744 647 1861 692 aliqua
1885 659 2001 679 rerum
2026 647 2140 691 prima

1149 700 1247 734 notio
1272 699 1402 733 inserta
1426 705 1474 732 est
1501 705 1626 732 natura
1643 698 1822 732 mentibus
1840 695 2046 738 hominum,
2073 710 2141 742 qua

1149 752 1253 784 liceat
1276 751 1348 792 uti,
1375 750 1430 784 vel
1454 750 1498 783 ad
1522 749 1778 783 universalium
1801 749 2139 792 contemplationum

1149 802 1323 848 principia
1349 801 1570 845 agnoscenda
1592 797 1687 835 κατὰ
1713 796 1916 847 πρόληψιν,
1954 806 1993 833 ut
2017 800 2140 832 doctus

1150 854 1204 887 vir
1231 852 1409 897 Epicurus
1433 859 1553 891 vocat,
1594 852 1647 885 vel
1676 852 1719 885 ad
1741 852 1962 895 vestigandas
1987 850 2142 894 singula-

1150 905 1243 939 rium
1267 912 1399 949 partes,
1425 915 1554 949 quaeso
1581 915 1669 948 quae
1688 909 1738 936 est
1756 903 1844 944 alia,
1870 914 1975 947 quam
1994 901 2142 938 ordinis,

1150 968 1254 1002 quam
1282 955 1420 989 numeri
1438 954 1583 998 regula?
1618 966 1686 999 qua
1703 954 1844 987 videtur
1862 953 1898 986 in
1916 964 2144 998 unoquoque,

1150 1008 1234 1054 quid
1254 1007 1428 1051 primum,
1450 1006 1534 1052 quid
1554 1013 1766 1044 extremum,
1795 1005 1881 1050 quid
1897 1015 2026 1044 unum,
2054 1014 2143 1048 quae

1150 1059 1270 1094 multa.
1332 1057 1432 1101 Quae
1447 1065 1487 1091 ut
1509 1069 1582 1090 non
1607 1063 1738 1090 temere
1765 1056 1878 1089 solent
1904 1055 2067 1098 magistra
2091 1054 2141 1087 fe-

1150 1111 1229 1144 rula
1256 1109 1403 1150 discier‚
1444 1108 1491 1142 ita
1515 1115 1640 1142 natura
1664 1107 1763 1152 prius
1787 1113 1948 1151 percepta
1974 1113 2143 1139 tenemus.

1151 1162 1304 1196 Laratan
1326 1161 1444 1201 aiunt,
1470 1159 1629 1205 quisquis
1643 1159 1703 1192 ille
1721 1159 1807 1199 fuit,
1834 1155 2054 1204 Pythagorae
2070 1156 2141 1190 Do-

1151 1221 1245 1254 ctor,
1269 1212 1397 1246 dixisse
1421 1211 1576 1244 animam
1593 1222 1741 1244 numero
1763 1216 1911 1243 matrem
1929 1219 2019 1247 esse,
2044 1208 2144 1240 vide-

1151 1265 1250 1305 licet,
1301 1276 1371 1310 quo
1412 1262 1624 1306 significaret
1663 1261 1884 1305 congenitam
1930 1258 2142 1293 numerandi

1151 1315 1330 1350 scientiam
1355 1314 1483 1347 animis
1508 1313 1726 1347 mortalium.
1779 1310 1825 1345 Et
1851 1311 1932 1344 licet
1955 1311 1997 1343 de
2015 1322 2142 1354 puero-

1150 1379 1230 1400 rum
1262 1366 1411 1399 rudibus
1438 1365 1589 1407 ingeniis
1614 1364 1809 1408 periculum
1833 1363 1963 1401 facere,
1997 1372 2042 1394 an
2070 1373 2142 1393 non

1151 1417 1305 1462 primum
1331 1423 1399 1456 est,
1431 1416 1524 1460 quod
1548 1415 1636 1448 scire
1662 1414 1825 1447 videntur
1848 1423 2035 1452 numerus,
2069 1423 2143 1455 par,

1151 1469 1264 1511 impar
1286 1466 1443 1505 luditur,
1476 1466 1559 1499 item
1585 1465 1695 1498 cubus
1719 1465 1855 1509 primus
1879 1469 1912 1496 et
1935 1470 2144 1507 postremus.

1152 1518 1396 1562 Quamobrem
1429 1517 1465 1549 in
1493 1515 1696 1549 erudiendis
1720 1515 1838 1560 pueris
1861 1525 1879 1547 a
1906 1525 2054 1547 numero
2081 1525 2143 1546 au-

1150 1569 1360 1615 spicandum
1379 1575 1496 1602 censet
1513 1566 1613 1601 Plato
1625 1595 1634 1608 ,
1662 1579 1731 1612 quo
1749 1565 1894 1599 excultis
1912 1564 1956 1597 iis
1973 1576 2061 1609 quae
2079 1576 2142 1596 na-

1150 1629 1229 1655 tura
1255 1620 1377 1654 insunt
1402 1619 1619 1659 seminariis,
1651 1617 1759 1662 recipi
1787 1623 1918 1650 caetera
1944 1615 2142 1660 promptius

1151 1678 1291 1718 queant.
1359 1669 1406 1705 Et
1441 1668 1657 1716 Pythagoras
1691 1680 1831 1702 omnem
1868 1663 2143 1711 philosophandi

1150 1724 1325 1758 rationem
1357 1735 1375 1755 e
1411 1729 1536 1755 natura
1566 1721 1694 1754 mentis
1724 1718 1900 1753 humanae
1925 1724 2142 1762 cognatoque

1150 1775 1268 1809 studio
1294 1774 1477 1813 derivans,
1503 1772 1680 1818 principia
1703 1767 1954 1814 Philosophiae
1978 1779 2143 1802 numeros

1151 1826 1278 1871 posuit.
1335 1824 1429 1859 Tum
1456 1824 1516 1870 qui
1543 1823 1747 1868 praestitere
1772 1821 1951 1867 quondam
1972 1819 2143 1863 sapientia

1149 1877 1267 1920 magni
1302 1877 1389 1917 viri,
1423 1873 1465 1910 τὸ
1491 1873 1670 1922 ἀριθμεῖν
1693 1884 1901 1912 numerare,
1935 1883 1998 1915 pro
2027 1868 2144 1915 philo-

1151 1926 1294 1973 sophari
1321 1929 1499 1962 dixerunt.
1552 1926 1739 1960 Alwnzoar
1759 1935 1861 1957 nosse
1879 1922 1995 1968 inquit
2011 1921 2144 1960 omnia,

1151 1980 1211 2026 qui
1237 1980 1322 2013 sciat
1349 1990 1546 2013 numerare.
1607 1975 1653 2010 Et
1676 1975 1798 2010 Neocli
1823 1974 1923 2008 Plato
1949 1972 2144 2018 quaerenti,

1150 2044 1212 2065 cur
1228 2029 1334 2064 homo
1352 2029 1649 2074 sapientissimum
1665 2027 1807 2066 animal,
1834 2024 2026 2070 respondit,
2055 2036 2143 2068 quo-

1150 2083 1245 2116 niam
1271 2093 1439 2115 numeros
1465 2081 1598 2115 calleat.
1670 2077 1740 2111 lam
1766 2089 1855 2122 quae
1877 2088 2000 2109 arcana
2026 2074 2142 2107 venati

1150 2134 1300 2167 maiores
1326 2145 1343 2165 e
1369 2132 1443 2176 pari
1469 2144 1507 2164 ac
1533 2130 1682 2175 impari,
1710 2141 1798 2174 quae
1817 2127 1981 2161 sublimia
2001 2138 2040 2159 ex
2057 2138 2142 2163 uno,

1151 2186 1311 2225 duobus,
1339 2184 1471 2223 tribus,
1498 2190 1668 2228 quatuor,
1695 2180 1872 2225 quinque,
1897 2191 1973 2217 sex,
2001 2183 2144 2219 septem,

1150 2243 1183 2270 et
1207 2247 1346 2269 rursum
1371 2247 1411 2268 ex
1434 2232 1561 2267 horum
1585 2231 1847 2275 congressibus,
1881 2230 1956 2262 dies
1980 2227 2144 2261 defecerit

1150 2287 1325 2332 explicare
1349 2292 1548 2320 conantem.
1604 2282 1786 2318 Accedunt
1807 2283 1848 2314 ad
1874 2290 2040 2313 numeros
2064 2279 2142 2311 tiu·-

1151 2351 1228 2379 rae‚
1263 2344 1391 2376 sortes,
1425 2337 1640 2379 aenigmata,
1668 2333 1896 2373 nomismata,
1924 2338 1955 2364 et
1980 2328 2143 2363 huiusce-

1150 2389 1246 2422 modi
1272 2400 1345 2422 non
1371 2399 1501 2432 paucae
1523 2385 1813 2419 commerciorum
1836 2390 1951 2416 notae.
2005 2380 2075 2414 Noc
2094 2387 2143 2412 est

1150 2448 1187 2474 ut
1209 2440 1318 2477 Syros
1343 2446 1402 2472 aut
1421 2436 1615 2471 Phoenicas
1638 2447 1827 2469 memorem
1853 2433 1954 2466 vohis
1979 2429 2144 2465 authores

1152 2481 1302 2525 num-eri.
1356 2488 1489 2523 Eadem
1510 2488 1628 2531 generi
1650 2485 1835 2520 hominum
1855 2485 1944 2518 ratio
1965 2483 2057 2516 idem
2077 2479 2143 2515 hoc

1151 2543 1284 2588 ubique
1314 2547 1484 2586 praestat,
1521 2547 1560 2573 ut
1592 2539 1726 2582 signet,
1768 2537 1959 2573 discernat,
2001 2534 2141 2567 iudicet,

1936 2587 2142 2630 Sequuntur

1153 2658 1228 2678 eam
1255 2645 1451 2690 ponderum
1475 2654 1513 2675 ac
1534 2640 1818 2685 magnitudinum
1838 2648 2040 2675 mensurae,
2070 2634 2143 2678 pla-

1152 2708 1234 2737 nae,
1271 2695 1474 2740 solidaeque
1498 2693 1647 2737 figurae,
1681 2703 1811 2736 aequa,
1846 2689 1965 2733 iniqua
1995 2697 2142 2730 propor-
