2338 2958
0 675 7 687 -

103 119 177 154 709

672 111 830 151 DECL.
865 111 939 149 DE
973 111 1197 150 LINGUA
1233 112 1550 152 IIEBRAICA.

2044 120 2117 156 710

102 212 229 239 etcum
254 199 411 235 doctrina
438 198 578 234 coelesti
602 198 792 233 circunsert
812 199 929 234 literas
955 206 989 233 et
1014 199 1085 231 lin·
1135 200 1200 233 bus
1223 200 1463 233 facultatibus:
1508 200 1554 234 ita
1580 199 1694 235 sciunt
1711 199 1740 246 ⁸)
1764 214 1903 243 omnes,
1937 205 1997 249 qui
2018 206 2114 240 suro-

104 265 203 298 guas,
232 262 372 295 agamus
391 251 420 284 ei
441 250 587 294 gratias,
621 251 714 295 quod
732 250 890 295 undique
907 257 1083 283 aeternam

102 303 290 338 Ecclesiam
306 302 457 345 colligit,
481 307 513 334 et
532 313 707 345 quanqam
726 301 870 334 miserae
886 307 967 334 sunt
983 311 1084 344 pere-

99 353 334 397 grinationes,
362 359 478 386 tamen
496 351 531 384 in
549 349 612 384 hac
629 351 754 384 militia
774 351 805 384 ei
821 352 1023 390 serviamus,
1049 355 1082 383 et

99 415 219 436 vocem
237 401 423 446 Evangelii
438 409 470 436 et
488 400 551 434 has
567 401 744 442 merulas,
770 413 859 447 quae
876 407 1023 445 prosunt
1040 400 1083 433 ad

98 454 344 487 illustrandam
361 453 556 487 doctrinam
572 452 767 491 coelestem,
794 452 886 485 bona
903 452 971 485 fide
984 457 1082 485 tuea-

100 515 180 537 mur
209 511 241 536 et
269 515 509 547 propagemus.
569 502 658 537 Cum
682 502 790 545 igitur
813 500 903 535 banc
928 508 1082 535 nostram

99 554 261 587 militiam
280 563 410 597 gratam
438 566 509 587 esse
528 552 602 587 Deo
626 553 835 591 existimem,
869 552 1021 595 primum
1045 550 1083 583 in

99 602 165 638 hoc
183 605 326 637 exordio
346 606 411 637 mei
434 605 604 637 muueris:
638 604 764 635 invoco
783 600 812 647 ²)
831 601 944 635 Deum
970 609 1083 635 aeter-

99 667 185 688 num
214 663 343 699 patrem
362 655 508 688 Domini
532 653 641 686 nostri
666 651 742 686 lesu
765 652 916 691 Christi,
949 665 986 685 ac
1010 664 1084 692 oro,

98 713 136 739 ut
156 718 249 738 meos
266 706 404 739 labores
422 712 515 748 regat
531 711 563 737 et
580 704 733 738 adiuvet.
764 701 902 736 Deinde
919 703 1085 736 illustris-

98 756 187 789 simo
199 756 355 800 Principi
373 756 500 799 gratias
515 765 596 798 ago,
624 754 717 799 quod
736 764 814 786 suas
829 761 948 796 gentes
964 755 1006 786 ad
1025 764 1085 785 ve-

99 819 173 839 ram
189 806 264 840 Deo
282 806 496 851 agnitionem
514 805 658 845 invitat,
685 811 717 837 et
732 804 770 836 in
786 801 840 837 his
859 804 961 838 terris
978 803 1085 836 mini-

99 857 244 891 sterium
266 855 447 899 Evangelii
465 862 498 888 et
515 853 651 888 scholas
670 855 867 888 constituit:
896 866 985 900 quae
1004 866 1085 888 cum

97 908 169 941 sint
185 908 368 952 praecipua
385 906 471 940 honi
488 905 732 950 gubernatoris
747 917 863 949 opera,
889 903 1086 939 hortandus

98 965 166 997 est,
211 965 268 998 ut,
311 959 404 1003 quod
439 958 542 997 facit,
589 954 674 990 haec
707 963 803 990 tauta
835 956 929 989 hona
960 967 1086 989 ornare

95 1015 226 1052 pergat.

201 1058 303 1092 'Nunc
321 1070 404 1090 vero
430 1057 712 1090 adolescentibus
737 1056 870 1101 aliquid
896 1057 1085 1089 dicendum

98 1115 148 1142 est
165 1110 208 1142 de
222 1109 353 1148 causis,
386 1119 448 1141 cur
470 1108 589 1151 lingua
616 1105 820 1151 prophetica
845 1107 1086 1150 cognoscenda

97 1160 159 1200 sit,
186 1166 226 1193 ut
251 1171 392 1202 operam
422 1165 455 1191 et
480 1164 616 1202 tempus
640 1157 775 1190 utiliter
797 1157 1030 1191 collocaturos
1052 1168 1087 1189 se

98 1222 170 1243 esse
190 1210 399 1252 intelligant.
440 1207 528 1242 Nam
546 1208 583 1240 in
602 1214 696 1241 tauta
716 1208 806 1241 vitae
826 1208 1012 1251 fugacitate
1030 1219 1086 1240 ca—

98 1262 251 1294 vendnm
272 1267 340 1300 est,
367 1271 409 1291 ne
426 1259 530 1292 rebus
547 1258 735 1291 inutilibus
752 1258 998 1298 immoremur,
1025 1258 1083 1290 sed

98 1319 137 1345 ut
154 1321 362 1355 quaeramus
381 1316 414 1342 et
430 1320 591 1352 paremus
615 1320 653 1341 ea
670 1306 718 1353 ³),
752 1320 840 1353 quae
863 1308 996 1341 aditum
1021 1320 1086 1341 no-

98 1362 153 1394 bis
179 1361 390 1404 patefaciunt
414 1360 455 1392 ad
488 1367 664 1393 aeternam
687 1358 753 1392 Dei
784 1359 1086 1392 consuetudinem.

99 1411 154 1445 Sit
175 1418 288 1444 autem
315 1410 475 1442 omniurn
504 1410 573 1443 vita
596 1410 727 1442 directa
755 1410 798 1442 ad
822 1406 886 1442 hos
910 1409 1015 1448 flues,
1047 1415 1087 1442 ut

97 1461 192 1495 Deus
213 1467 301 1494 recte
319 1460 523 1500 celebretur,
547 1468 579 1494 et
589 1457 742 1493 Ecclesia
761 1467 918 1493 ornetur.
947 1459 1087 1492 Postre-

97 1525 156 1545 mo
185 1519 224 1545 ut
253 1523 316 1554 nos
347 1511 413 1555 ipsi
443 1511 480 1543 in
504 1509 660 1544 Ecclesia
682 1510 757 1544 Deo
790 1510 1000 1548 serviamus,
1049 1521 1087 1542 ac

98 1569 238 1596 aeterna
269 1562 422 1605 praemia
451 1568 678 1604 expectemuS.
739 1560 887 1604 Propter
917 1558 980 1593 hos
1002 1560 1087 1592 fines

97 1611 194 1647 Deus
220 1624 384 1646 arcanum
411 1612 588 1644 decretum
615 1613 660 1644 de
684 1611 756 1643 filio
786 1611 944 1655 patefecit
968 1610 1087 1653 generi

98 1661 273 1703 humano,
308 1662 403 1694 misit
419 1661 551 1701 filium,
584 1668 619 1695 et
645 1661 881 1694 ministerium
900 1659 1085 1703 Evangelii

98 1713 251 1747 instituit
266 1737 274 1751 ,
302 1714 344 1745 ad
364 1713 458 1757 quod
477 1712 701 1745 retinendum
720 1723 808 1756 opus
823 1718 873 1744 est
896 1711 1083 1754 multiplici

99 1764 316 1804 eruditione,
343 1765 402 1796 sed
422 1771 538 1796 tamen
555 1762 739 1806 praecipue
766 1762 966 1805 linguarum
992 1761 1086 1793 noti-

99 1815 163 1848 cia.
217 1815 299 1846 ldeo
324 1824 460 1856 semper
475 1812 571 1845 Deus
595 1819 709 1846 servat
733 1819 767 1846 et
790 1812 941 1845 subinde
964 1811 1087 1844 excitat

99 1866 259 1898 doctores
281 1870 313 1896 et
328 1863 443 1897 studia
461 1863 674 1906 linguarum.

202 1913 254 1948 Ac
271 1914 314 1947 de
334 1913 477 1947 caeteris
492 1913 626 1947 artibus
643 1919 676 1945 et
692 1912 821 1956 linguis
836 1911 895 1944 alii
914 1911 1087 1955 professo-

98 1977 153 1999 res
170 1976 232 1998 suo
254 1965 331 1998 loco
350 1965 483 1999 dicunt.
533 1963 669 1997 Multae
687 1974 832 2005 maguae
849 1974 970 1995 causae
994 1969 1087 2002 sunt,

99 2016 296 2050 curLatine
314 2021 346 2048 et
357 2014 490 2048 Graece
509 2014 714 2047 discendum
733 2015 787 2054 sit,
804 2013 884 2058 quia
897 2013 940 2045 iis
957 2013 1086 2056 linguis

100 2079 172 2100 non
201 2073 338 2100 tantum
363 2072 506 2110 propter
529 2071 757 2098 monumenta
790 2064 969 2097 doctrinae
1001 2076 1087 2107 apo-

99 2118 260 2158 stolicae,
286 2117 345 2149 sed
365 2123 396 2149 et
419 2122 562 2160 propter
586 2115 758 2159 reliquam
784 2115 890 2148 vitam
915 2121 947 2147 et
964 2111 1088 2147 Philo-

100 2165 259 2212 sophiam
294 2178 383 2211 opus
417 2173 478 2202 est.
560 2165 662 2198 Hanc
697 2172 809 2198 autem
847 2162 1086 2209 propheticam

100 2225 242 2263 propter
258 2229 363 2250 unam
385 2229 522 2250 causam
546 2217 646 2249 vobis
665 2217 893 2256 commendo,
926 2215 1089 2248 videlicet

101 2276 139 2303 ut
163 2268 279 2301 nativa
306 2268 479 2302 sententia
496 2265 753 2311 Prophetarum
778 2273 811 2300 et
835 2264 1087 2309 Apostolorum

99 2320 305 2354 retineatur.

202 2368 304 2403 Hanc
320 2379 456 2402 causam
478 2379 599 2401 omnes
615 2368 675 2412 qui
692 2367 873 2401 coelestem
890 2367 1085 2401 doctrinam

100 2427 240 2461 amant,
277 2427 408 2453 tantam
434 2429 505 2451 esse
531 2418 753 2462 intelligunt,
793 2424 831 2452 ut
855 2417 922 2451 alia
945 2430 1016 2452 non
1044 2418 1088 2452 sit

101 2471 311 2516 quaerenda.
365 2467 411 2503 Ut
428 2468 522 2502 enim
544 2469 638 2503 filius
656 2469 725 2503 Dei
743 2468 860 2513 inquit
885 2469 926 2502 de
953 2480 1088 2512 marga-

102 2522 180 2562 rito,
200 2522 294 2566 quod
311 2522 498 2554 emendum
516 2519 561 2553 sit
572 2519 723 2553 venditis
735 2519 918 2564 praesidiis
929 2526 962 2553 et
972 2520 1087 2553 omni-

137 2641 165 2671 2)
185 2640 251 2668 cod.
270 2641 383 2669 Monac.
398 2642 439 2667 88.
458 2642 598 2667 invocabo.

137 2683 164 2716 3)
182 2682 250 2710 cod.
270 2683 381 2712 Monac.
397 2685 438 2712 88.
459 2694 493 2711 ea
511 2685 595 2710 bona.

1134 263 1188 284 res
1199 249 1391 294 Epicureos
1408 253 1639 285 detestantur:
1665 265 1738 285 eam
1756 254 1964 295 doctrinam,
1993 256 2029 288 in
2048 269 2115 301 qua

1134 313 1168 334 se
1185 300 1280 334 Deus
1298 301 1479 344 patefecit,
1506 314 1588 346 prae
1604 304 1768 337 omnibus
1787 305 1865 338 aliis
1886 307 1991 339 rebus
2015 319 2116 351 expe-

1135 353 1273 385 tendam
1294 363 1377 386 esse.

1234 401 1302 434 Sed
1319 401 1439 434 dicunt
1456 401 1585 446 aliqui,
1611 406 1782 437 transfusa
1801 417 1872 439 esse
1890 414 2118 441 monumenta

1134 449 1393 495 Prophetarum
1426 451 1462 483 in
1485 450 1647 485 Latinam
1682 454 1856 497 linguam,
1895 463 1928 490 et
1955 469 2049 491 nunc
2079 459 2118 491 in

1135 501 1395 541 Germanicam,
1422 513 1527 546 quare
1543 514 1613 535 nou
1631 504 1792 538 videatur
1808 518 1894 550 opus
1911 519 1982 541 esse
1998 509 2118 551 lingua

1134 551 1270 585 Ebraea
1294 551 1330 596 ).
1383 551 1478 585 Haec
1495 553 1607 586 oratio
1628 565 1646 586 a
1665 566 1719 586 me
1737 568 1807 589 non
1827 558 1948 591 acerbe
1965 560 2119 602 exagita-

1136 603 1242 642 bitur‚
1270 615 1349 635 nam
1366 609 1397 635 et
1414 614 1475 645 ego
1492 603 1840 647 interpretationibus
1857 607 2004 642 libenter
2022 617 2116 643 utor:

1135 660 1167 687 et
1177 652 1251 686 Deo
1267 653 1392 696 gratias
1407 665 1468 695 ago
1482 680 1490 693 ‚
1517 656 1609 698 quod
1630 655 1789 689 excitavit
1806 656 2004 701 aliquorum
2022 673 2122 693 men—-

1136 711 1186 737 tes
1199 731 1206 742 ,
1233 712 1270 737 nt
1288 704 1592 746 interpretationes
1611 705 1805 739 luculentas
1823 708 1974 742 ederent.
2033 709 2118 743 Exi-

1135 755 1238 787 stimo
1256 755 1368 794 enim,
1391 753 1506 788 Deum
1522 756 1599 788 ideo
1620 756 1771 789 voluisse
1787 757 1842 790 edi
1859 758 2120 802 interpretatio-

1136 817 1215 837 nem
1234 817 1250 838 a
1269 806 1500 848 septuaginta,
1520 813 1674 849 tempore
1684 806 2122 854 Ptolemaeiniladelphi‚

1137 863 1196 889 aut
1219 856 1400 900 aliquanto
1427 863 1521 899 post,
1555 863 1591 889 ut
1618 854 1779 890 homines
1805 859 1853 902 pii
1879 859 1972 893 inter
1992 869 2120 904 gente5‚

1137 907 1196 951 qui
1223 907 1418 939 doctrinam
1447 907 1489 938 de
1512 919 1590 939 vera
1617 907 1838 941 invocatione
1855 908 1920 942 Dei
1946 923 1964 943 a
1984 911 2120 946 ludaeis

1138 957 1264 1001 passim
1280 957 1406 1000 sparsis
1429 963 1502 989 toto
1525 958 1608 989 orbe
1634 964 1804 991 terrarum
1828 959 2043 1002 didicerant,
2078 963 2122 995 li-

1138 1008 1220 1040 bros
1235 1005 1458 1050 propheticos
1474 1005 1502 1052 ⁶)
1518 1018 1637 1049 graece
1654 1009 1766 1051 legere
1782 1018 1942 1053 possent,
1969 1014 2060 1056 quod
2082 1025 2122 1047 ea

1138 1058 1256 1099 lingua
1276 1065 1358 1091 tnnc
1374 1058 1522 1089 maxime
1546 1060 1742 1091 communis
1765 1067 1846 1095 erat.
1906 1059 1982 1095 Etsi
2007 1070 2122 1096 autem

1138 1120 1174 1140 ea
1194 1108 1435 1152 interpretatio
1453 1119 1571 1151 saepe,
1599 1116 1637 1142 ut
1654 1110 1689 1142 in
1708 1111 1841 1154 pictura
1868 1124 1956 1156 quae
1979 1114 2122 1148 umbras

1138 1165 1275 1192 tanturn
1294 1159 1453 1191 imitatur
1471 1171 1678 1202 corporum,
1708 1161 1891 1195 obscurius
1910 1164 2024 1197 reddit
2042 1176 2122 1198 sen-

1139 1209 1283 1247 tentias,
1311 1215 1427 1241 tamen
1447 1209 1547 1242 lectio
1567 1217 1637 1243 tota
1659 1211 1845 1244 mediocris
1862 1219 1932 1253 est,
1960 1227 2068 1258 quare
2090 1222 2122 1249 et

1138 1259 1298 1303 Apostoli
1320 1271 1356 1291 ea
1375 1259 1428 1291 usi
1447 1267 1540 1294 sunt.
1600 1259 1722 1294 Postea
1740 1260 1949 1308 Hieronymi
1974 1265 2125 1307 diligen-

1138 1310 1204 1349 tia,
1244 1307 1440 1353 Prophetae
1466 1311 1549 1343 satis
1577 1311 1758 1355 perspicue
1788 1313 1883 1358 loqui
1921 1324 2122 1358 coeperunt.

1140 1360 1351 1393 Germanice
1378 1372 1459 1393 vero
1488 1373 1582 1393 nunc
1606 1373 1623 1394 a
1641 1359 1799 1396 Luthero
1827 1365 1938 1397 multo
1962 1365 2123 1400 foelicius

1139 1411 1265 1444 redditi
1283 1411 1364 1444 sint.
1417 1409 1490 1443 Has
1507 1412 1810 1455 interpretationes
1830 1422 1861 1447 et
1879 1415 1950 1459 ipse
1966 1415 2041 1459 lego
2055 1444 2064 1457 ,
2091 1424 2124 1451 et

1139 1469 1175 1494 ut
1194 1462 1332 1495 assidue
1349 1461 1438 1503 legat
1456 1463 1622 1506 populus,
1651 1470 1745 1506 opto.
1802 1463 1936 1498 Interea
1953 1472 2068 1500 tamen
2086 1468 2123 1501 in

1140 1510 1268 1545 scholis
1285 1513 1398 1544 sontes
1416 1513 1491 1545 noti
1510 1520 1602 1546 sunt.
1655 1512 1800 1547 Necesse
1817 1523 1868 1549 est
1883 1516 1987 1559 igitur
2003 1519 2124 1551 erudi-

1141 1562 1256 1599 tiores,
1285 1569 1317 1594 et
1335 1573 1423 1606 quos
1432 1561 1587 1595 Ecclesia
1604 1564 1680 1596 vult
1697 1567 1857 1598 custodes
1875 1578 1946 1599 esse
1961 1579 1998 1599 ac
2015 1569 2126 1602 inter-

1140 1619 1251 1656 pretes
1265 1624 1443 1644 sacrorum
1462 1613 1633 1654 codicum,
1658 1626 1758 1647 nosse
1776 1616 1931 1658 linguam
1944 1616 2128 1661 Elimeam,

1139 1670 1177 1696 ut
1193 1669 1325 1696 certum
1344 1661 1386 1695 sit
1405 1662 1710 1706 interpretationes
1728 1677 1918 1709 congruere
1944 1680 2021 1701 cnm
2045 1671 2126 1703 son-

1139 1713 1242 1747 tibus.
1299 1712 1434 1745 Deinde
1454 1714 1550 1747 nulla
1573 1721 1642 1747 tam
1667 1715 1770 1748 foelix
1796 1717 2036 1760 interpretatio
2061 1721 2127 1756 erit

1139 1775 1313 1807 unquam,
1340 1770 1465 1795 utnon
1485 1764 1599 1809 aliqua
1625 1774 1810 1800 occurrant
1837 1766 2058 1813 σφάλλεαι-τα,
2092 1778 2126 1805 et

1140 1814 1175 1845 in
1193 1813 1277 1845 locis
1297 1820 1387 1845 recte
1408 1815 1585 1848 conversis
1605 1823 1718 1849 tamen
1739 1817 1890 1850 multum
1911 1819 1998 1852 lucis
2014 1822 2126 1855 adfert

1139 1863 1295 1898 collatio.

1241 1913 1381 1947 Possem
1402 1914 1558 1958 exempla
1575 1915 1718 1948 recitare
1735 1916 2019 1954 innumerabilia.
2056 1921 2125 1955 Sed

1139 1977 1216 1998 cum
1234 1977 1344 1997 unum
1363 1971 1466 2009 atque
1481 1965 1628 1998 alterum
1649 1966 1856 2007 recitavero,
1885 1981 1938 2003 res
1958 1973 2125 2013 ostendet,

1139 2027 1243 2060 quam
1269 2015 1354 2048 utile
1379 2015 1420 2048 sit
1449 2027 1550 2048 nosse
1575 2016 1698 2049 sontes.
1755 2017 1792 2050 In
1814 2019 1871 2051 illa
1894 2022 2125 2056 vetustissima

1139 2066 1310 2099 concione
1337 2067 1379 2098 ad
1405 2065 1510 2106 Cain,
1553 2065 1588 2098 in
1617 2079 1683 2111 qua
1712 2070 1921 2112 proponitur
1945 2073 2058 2104 statim
2082 2074 2126 2107 al)

1142 2116 1245 2149 initio
1263 2117 1422 2149 doctrina
1441 2117 1619 2150 defuturo
1638 2118 1785 2159 iudicio,
1815 2127 1847 2153 et
1862 2122 1903 2153 de
1921 2124 2042 2165 poenis
2058 2121 2125 2157 hu-

1140 2179 1324 2200 manorum
1345 2167 1526 2207 scelerum,
1545 2169 1715 2201 sententia
1732 2169 1767 2201 in
1782 2171 1937 2204 sontibus
1953 2173 2126 2208 illustrior

1141 2225 1200 2258 est,
1227 2218 1287 2250 ubi
1307 2218 1354 2250 sic
1371 2218 1512 2260 legitur:
1541 2217 1578 2250 Si
1596 2219 1709 2251 bonus
1727 2220 1842 2259 fueris,
1864 2223 1930 2254 eris
1948 2233 2124 2267 acceptus:

1140 2269 1193 2301 sin
1209 2276 1322 2302 autem
1343 2270 1475 2307 malus,
1502 2276 1679 2311 peccatum
1695 2276 1793 2302 tuum
1814 2273 1952 2306 cubabit
1972 2282 2006 2307 ut
2029 2288 2126 2306 reve-

1142 2319 1242 2352 letur.
1306 2317 1343 2351 ln
1369 2316 1432 2351 hac
1456 2319 1625 2352 brevitate
1650 2320 1736 2352 mira
1760 2318 1913 2364 emphasi
1939 2337 1991 2356 res
2016 2327 2125 2358 maxi-

1142 2381 1216 2403 mae
1233 2369 1388 2411 signatae
1405 2367 1431 2413 τ)
1454 2376 1553 2408 sunt,
1587 2370 1835 2405 discernuntur
1857 2373 1940 2407 boni
1968 2382 1999 2408 et
2025 2377 2122 2408 mali:

1140 2427 1171 2453 et
1196 2421 1307 2452 bonos
1330 2420 1488 2452 adfirmat
1506 2418 1601 2453 Deus
1618 2428 1778 2464 acceptos
1801 2435 1884 2457 esse.
1946 2424 1998 2458 De
2024 2427 2123 2459 malis

1173 2553 1199 2584 4)
1222 2551 1291 2577 Cnd.
1313 2551 1422 2578 Monac.
1439 2551 1481 2577 88.
1500 2553 1601 2580 sciant,

1174 2595 1199 2625 5)
1222 2594 1348 2624 Ebraeu]
1371 2593 1432 2618 cod.
1450 2594 1558 2620 Monac.
1577 2594 1619 2620 88.
1637 2597 1798 2628 peregrina.

1174 2637 1202 2667 6)
1220 2638 1303 2661 libros
1322 2636 1499 2666 propheticos
1519 2645 1574 2662 non
1595 2637 1691 2663 babent
1714 2639 1772 2663 libri
1793 2640 1923 2673 impressi.

1176 2679 1205 2712 7)
1224 2679 1366 2710 signatae]
1386 2677 1446 2703 cod.
1467 2677 1578 2705 Monac.
1595 2679 1638 2705 88.
1655 2681 1837 2713 significatae.

1437 2712 1515 2750 45*
