2338 2958
77 134 154 170 457

75 219 141 254 Νο.
157 217 218 254 59.
891 226 939 246 an.
969 212 1060 244 1539.

282 320 357 360 De
384 318 582 360 Sebaldo
611 319 860 361 Munstero.

141 406 222 440 Apud
240 405 351 431 Craton.
373 404 443 438 Myt.
464 413 490 438 p.
503 405 553 430 460
566 414 639 440 sqq.,
663 405 689 430 in
710 405 830 430 Declam.
850 405 883 430 T.
898 404 930 430 ll.
949 412 974 437 p.
989 403 1058 435 466..

172 441 202 466 in
215 440 334 466 Servest.
348 439 379 466 T.
395 440 426 466 ΙΙ.
442 450 467 473 p.
477 440 536 464 458.
554 444 579 464 et
593 439 662 473 apud
679 439 804 465 Richard.
818 438 849 465 T.
861 439 895 464 ll.
914 438 1006 472 p.640.
1024 453 1060 458 —

176 475 302 500 Mortuus
317 479 355 500 est
370 474 431 499 seb.
447 475 572 499 Munster
586 475 611 499 d.
625 474 668 499 26.
684 473 747 499 Oct.
764 472 838 499 1539.

75 560 265 597 Laudatio
298 560 465 606 funebris
490 562 663 595 Doctoris
695 558 891 595 Sebaldi
926 562 1058 594 Mun-

186 615 327 655 steri,
369 615 514 656 scripta
543 623 566 645 a
596 613 676 646 Vite
710 609 945 645 Winshemio.

198 698 333 729 Abstulit
350 704 409 727 atra
427 698 488 726 dies
503 698 588 725 nobis
604 697 738 725 mortalia
754 698 886 725 membra

248 747 385 783 sebaldi,
412 758 546 786 mergens
562 748 665 775 funere
677 758 761 776 saeva
780 749 888 778 virum.

201 799 332 841 Spiritus
350 806 482 828 aeternae
497 804 665 827 sanctornm
682 799 748 826 sede
764 805 909 838 receptus,

249 850 414 881 Perfruitur
429 851 521 878 laetus
535 851 594 877 iam
609 851 748 888 propiore
764 847 839 879 Deo.

196 901 314 940 Ingenii
333 901 440 937 decus,
469 907 495 928 et
514 902 606 928 virtus
624 911 684 928 non
703 901 815 930 occidet
830 911 972 940 unquam,

247 950 323 980 Iuris
341 953 371 979 in
387 951 463 979 hanc
479 953 572 979 solam
588 961 667 979 mors
685 951 770 980 habet
787 958 848 980 atra
862 952 950 983 nihil.

197 1002 255 1032 Hic
272 1005 362 1041 igitur
376 1002 471 1031 studia
490 1008 517 1030 et
533 1003 624 1030 vitam
640 1013 796 1041 moresque
811 1002 936 1041 pudicos

248 1052 389 1082 Dicemus
404 1055 493 1082 simul
509 1059 537 1081 et
552 1054 645 1081 tristia
661 1053 719 1081 fata
735 1055 803 1084 viri.

70 1128 237 1176 Optarim
269 1131 451 1175 equidem,
485 1130 512 1161 si
545 1129 590 1162 ita
615 1129 689 1163 Deo
714 1127 798 1174 Opt.
825 1130 920 1165 Blax.
943 1131 1056 1163 visum

69 1183 202 1222 suisset,
229 1189 268 1215 nt
285 1182 364 1213 vivo
383 1180 500 1224 potius
513 1179 658 1214 Doctori
675 1180 826 1214 Sebaldo
842 1180 1058 1221 Munsterer,

69 1233 203 1279 optimo
222 1239 253 1265 et
271 1232 474 1264 doctissimo
494 1231 591 1271 viro,
618 1243 709 1271 eam,
737 1244 840 1276 quam
864 1243 927 1275 pro
948 1232 1057 1275 ipsius

69 1285 210 1323 virtute,
235 1290 338 1326 atque
356 1281 556 1324 ingentibus
574 1293 651 1323 erga
668 1293 732 1313 nos
748 1289 779 1314 et
795 1280 883 1314 lianc
901 1280 1055 1315 scholam

69 1335 204 1368 meritis
221 1333 450 1371 debebamus,
483 1332 739 1364 observantiam
757 1339 788 1365 et
807 1333 1056 1375 gratitudinem

69 1391 245 1430 praestare
272 1394 471 1426 possemus,
498 1393 601 1426 quam
620 1389 760 1415 mortuo
787 1380 881 1415 bunc
899 1383 1056 1427 qualem-

69 1446 208 1479 cunque
239 1431 408 1465 honorem
438 1429 575 1466 habere.
635 1431 756 1477 Neque
786 1434 879 1465 enim
914 1445 1056 1477 parvam

70 1487 238 1519 iacturam
257 1481 340 1516 haec
357 1480 473 1515 schola
489 1483 586 1522 fecit,
614 1483 680 1515 viri
701 1483 787 1516 tanti
807 1483 965 1522 interitu,
993 1495 1056 1516 nec

68 1536 245 1570 mediocre
268 1534 395 1565 vulnus
422 1545 541 1565 omnes
566 1533 653 1565 boni
682 1541 908 1577 acceperunt,
941 1534 1055 1567 orbati

69 1585 136 1620 hoc
162 1593 231 1619 tam
256 1584 350 1616 fideli
374 1583 602 1616 consiliorum
629 1589 660 1615 et
689 1583 850 1616 laborum
881 1583 996 1624 socio,
1023 1590 1056 1617 et

68 1637 181 1671 amico
198 1646 342 1680 syncero
359 1645 398 1666 ac
414 1633 677 1666 iucundissimo.

167 1709 240 1743 Nos
257 1708 399 1753 quidem
420 1705 477 1740 hic
493 1707 736 1741 acerbissimus
761 1719 858 1741 casus
878 1715 975 1742 tanto
998 1708 1055 1741 lu-

67 1769 125 1796 ctu
147 1772 186 1794 ac
209 1770 370 1792 moerore
394 1758 547 1796 adflixit,
574 1765 612 1791 ut
636 1758 691 1790 vix
715 1758 907 1803 quidquam
931 1760 967 1791 in
983 1759 1054 1791 vita

66 1811 200 1847 tristius
222 1809 325 1843 nobis
347 1809 521 1841 acciderit.
574 1808 643 1842 Sed
669 1821 746 1841 cum
764 1807 839 1842 Deo
864 1809 977 1841 visum
999 1809 1053 1847 sit,

65 1860 134 1896 hoc
151 1868 306 1903 ternpore
321 1859 472 1891 animam
492 1859 599 1901 ipsius
615 1871 654 1891 ex
672 1859 766 1891 illius
782 1860 979 1902 corpusculi
999 1870 1054 1892 se-

66 1908 233 1957 pulchro,
260 1917 292 1943 et
309 1907 364 1942 his
379 1909 601 1942 mortalitatis
618 1909 770 1941 tenebris
787 1921 931 1942 evocare
945 1910 981 1942 in
999 1910 1053 1942 lu-

66 1975 140 1997 cem
154 1973 252 1995 suam
271 1960 466 1997 coelestem,
494 1970 558 1991 nos
575 1966 691 1992 nostra
711 1959 852 2003 quidem
871 1971 971 1993 causa
987 1961 1053 1993 do-

65 2013 138 2047 lere
160 2022 362 2057 possumus,
389 2010 518 2054 quibus
538 2007 643 2043 huius
660 2009 724 2042 viri
743 2009 942 2044 dulcissima
967 2023 1051 2044 con-

67 2063 214 2098 suetudo
238 2063 399 2104 adempta
427 2067 487 2093 est.
531 2059 631 2093 lllius
655 2067 770 2093 antem
797 2060 907 2094 vicem
932 2061 960 2095 si
986 2063 1051 2095 do-

65 2115 214 2154 hamus,
241 2123 363 2156 parum
382 2112 525 2144 sortasse
541 2111 597 2155 pie
615 2111 650 2143 id
666 2111 777 2144 facere
792 2112 985 2152 videamur,
1011 2112 1049 2145 in

66 2175 176 2209 eoque
192 2163 373 2206 diligendo
390 2161 499 2205 magis
516 2168 655 2195 nostrae
669 2173 773 2207 quam
788 2162 885 2195 illius
905 2163 1049 2197 utilitati

66 2214 212 2254 servire;
239 2225 320 2245 nam
336 2224 451 2245 sacrae
468 2213 588 2246 literae
604 2224 667 2245 nos
684 2209 874 2256 prohibent
889 2214 987 2258 queri
1005 2215 1048 2247 de

66 2278 125 2304 eo,
153 2264 246 2309 quod
263 2263 357 2297 Deus
378 2263 421 2296 de
439 2263 510 2296 vita
532 2270 591 2297 aut
611 2264 714 2297 rebus
736 2264 864 2296 nostris
887 2264 940 2297 vel
960 2264 1047 2297 ami-

65 2327 185 2351 corum
203 2313 334 2353 statuit,
361 2325 439 2346 cum
458 2321 590 2348 constet
605 2315 678 2348 eius
696 2314 911 2348 voluntatem
927 2321 966 2348 ut
981 2315 1047 2347 im-

65 2365 290 2404 mutabilem,
319 2364 366 2397 ita
391 2363 595 2398 clementem
618 2377 657 2398 ac
681 2371 859 2408 paternam
882 2376 961 2408 erga
983 2377 1048 2399 nos

66 2428 150 2451 esse.
204 2413 249 2449 Et
263 2415 349 2448 adeo
367 2414 543 2458 praeclare
558 2427 636 2448 cum
653 2416 723 2449 illis
738 2416 870 2459 agitur,
897 2416 957 2461 qui
981 2413 1047 2450 hoc

65 2465 267 2511 praesertim
295 2472 451 2508 tempore
469 2465 574 2498 vitam
595 2478 673 2499 cum
695 2467 751 2510 pia
769 2473 878 2500 morte
900 2478 1047 2510 permu-

67 2523 152 2558 tant,
177 2523 216 2550 ut
233 2516 293 2562 qui
310 2516 452 2549 illorum
471 2515 651 2550 interitum
666 2517 805 2560 gravius
821 2517 947 2557 doleat,
972 2530 1046 2551 ma—

67 2567 119 2611 gis
140 2578 218 2607 sua,
244 2579 348 2613 quam
375 2567 518 2600 illorum
538 2579 637 2602 causa
661 2567 697 2601 id
714 2568 844 2608 facere,
867 2567 1046 2613 magisque

64 2618 216 2662 seipsum
246 2630 350 2663 quam
387 2618 468 2652 illos
494 2615 736 2653 vehementius
765 2618 910 2662 diligere
934 2619 1044 2653 videri

64 2676 184 2714 possit.

600 126 760 163 DECL.
797 124 873 162 DE
907 117 1180 161 SEBALDO
1215 118 1558 156 MUNSTERO.

2013 122 2089 157 458

1213 202 1283 237 Sed
1308 216 1386 237 cum
1410 205 1447 238 in
1463 212 1533 239 tam
1550 205 1641 239 tristi
1663 217 1743 240 casu
1762 203 1958 252 lachrymas
1977 213 2094 242 tamen

1110 260 1228 287 tenere
1244 266 1316 287 non
1331 255 1516 298 possimus,
1537 263 1569 290 et
1586 257 1646 290 illa
1663 257 1918 290 commiseratio
1934 269 1952 290 a
1969 265 2094 293 natura

1109 304 1236 337 animis
1256 304 1384 339 nostris
1400 305 1503 339 infixa
1522 307 1586 348 sit,
1612 314 1651 341 ut
1667 308 1799 341 dictum
1817 315 1866 341 est
1883 320 1901 341 a
1918 307 2045 342 Poeta:

1158 363 1236 395 Sunt
1254 366 1423 405 lachrymae
1436 376 1553 404 rerum,
1578 374 1607 397 et
1624 376 1753 398 mentem
1769 371 1906 399 mortalia
1918 376 2056 409 tangunt.

1108 428 1262 472 ignoscet
1292 429 1327 461 id
1356 429 1460 462 nobis
1485 428 1598 471 Deus,
1641 433 1734 476 quod
1763 434 1879 467 subito
1907 431 2094 467 hominum

1108 477 1295 512 charorum
1322 479 1467 512 interitu
1491 491 1770 521 commovemur,
1808 491 1840 518 et
1862 483 2095 518 imbecillitati

1108 529 1225 574 potius
1249 535 1389 563 nostrae
1415 530 1504 562 illud
1537 543 1640 575 quam
1668 533 1882 567 diffidentiae
1912 535 2096 568 adscribet.

1107 579 1188 614 Non
1214 579 1307 613 enim
1333 579 1370 612 id
1393 591 1433 613 eo
1457 580 1619 622 facimus,
1656 584 1750 627 quod
1774 584 1817 616 de
1843 585 2095 628 benignissima

1108 630 1221 663 divini
1245 630 1353 674 patris
1378 631 1559 664 voluntate
1580 643 1659 676 erga
1686 633 1766 666 illos
1790 634 1845 666 vel
1869 646 1933 667 nos
1956 636 2096 669 dubite-

1107 692 1206 719 mus,
1233 687 1293 714 aut
1315 681 1410 725 quod
1435 682 1526 714 male
1551 694 1628 715 cum
1657 683 1726 716 illis
1750 684 1806 727 agi
1828 691 2007 728 putemus,
2034 685 2096 730 qui

1108 728 1272 764 humanis
1307 731 1412 764 rebus
1453 732 1677 778 eximuntur,
1721 731 1788 768 hoc
1830 741 1899 774 est,
1949 736 2097 769 infinitis

1108 781 1286 815 aerumnis
1309 793 1347 814 ac
1371 782 1520 815 miseriis
1545 783 1701 825 liberati,
1728 784 1764 817 in
1789 785 1887 818 illam
1912 787 2096 819 coelestem

1107 831 1256 876 patriam
1275 832 1552 875 transferuntur3
1573 836 1632 867 sed
1649 835 1731 880 quia
1748 836 1802 868 vel
1819 834 1913 869 hunc
1925 837 2098 877 affectum,

1108 889 1147 916 ut.
1163 882 1296 915 dictum
1313 889 1374 923 est,
1400 883 1504 916 nobis
1519 895 1537 916 a
1554 891 1677 918 natura
1695 886 1878 924 tributum,
1906 899 1979 919 non
1996 886 2097 919 facile

1107 944 1232 966 exuere
1249 944 1444 976 possumus,
1471 934 1525 967 vel
1543 931 1609 968 boc
1624 935 1777 969 officium
1795 937 1924 969 amoris
1940 944 1972 970 et
1988 938 2097 970 bene-

1108 983 1283 1016 volentiae
1305 983 1376 1016 illis
1394 986 1640 1027 praestandum
1657 986 1836 1027 ducimus,
1864 999 2014 1031 quorum
2031 999 2096 1019 no-

1108 1033 1160 1066 bis
1176 1034 1344 1066 memoria
1363 1034 1487 1067 merito
1506 1042 1601 1078 grata
1621 1042 1654 1069 et
1674 1036 1826 1070 iucunda
1845 1044 1912 1078 est,
1938 1037 1994 1069 vel
2016 1048 2097 1069 eum

1109 1081 1281 1116 honorem
1300 1084 1422 1117 virtuti
1446 1085 1588 1118 illorum
1607 1086 1726 1119 deberi
1744 1099 1941 1127 censemus,
1969 1087 2098 1132 quibus

1108 1134 1228 1166 nullus
1248 1131 1363 1166 honor
1379 1134 1488 1167 tribui
1507 1147 1578 1168 non
1597 1137 1735 1170 debitus
1754 1144 1877 1181 potest.

1201 1189 1279 1226 Etsi
1296 1191 1404 1235 igitur
1420 1193 1523 1227 inane
1540 1192 1606 1228 hoc
1622 1203 1781 1230 nostrum
1797 1198 1852 1230 vel
1868 1197 2022 1231 studium
2042 1197 2098 1231 vel

1107 1242 1261 1276 officium
1280 1244 1392 1276 videri
1411 1251 1534 1287 potest,
1561 1252 1594 1279 et
1612 1247 1658 1279 ob
1677 1259 1750 1280 eam
1769 1259 1906 1281 causam
1925 1248 1962 1280 in
1980 1260 2097 1292 repre-

1108 1290 1314 1326 hensionem
1342 1294 1486 1327 fortasse
1510 1297 1733 1340 quorundam
1758 1297 1930 1339 incurret,
1957 1310 2021 1331 nos
2044 1305 2097 1332 ta-

1108 1355 1187 1375 men
1210 1355 1283 1376 non
1310 1344 1443 1387 pigebit
1469 1343 1556 1378 hanc
1582 1347 1859 1393 qualemcunque
1882 1349 2096 1382 benevolen-

1108 1394 1175 1426 tiae
1199 1400 1232 1427 et
1254 1394 1480 1437 gratitudinis
1501 1396 1791 1438 significationem
1814 1399 2030 1443 praebuisse,
2058 1400 2095 1432 in

1108 1456 1228 1477 eorum
1252 1444 1373 1477 saltem
1394 1452 1506 1479 morte
1525 1453 1703 1492 utcunque
1721 1450 1938 1493 decoranda,
1966 1450 2097 1495 quibus

1107 1495 1240 1527 nullam
1255 1495 1358 1527 aliam
1378 1496 1524 1538 gratiam
1542 1498 1671 1531 referre
1686 1499 1755 1531 iam
1773 1512 1970 1543 possumus.

1208 1549 1307 1585 Olim
1325 1553 1582 1595 adolescentes,
1611 1562 1650 1589 ut
1667 1556 1889 1599 ingeniorum
1908 1565 1967 1592 aut
1989 1559 2096 1593 indu-

1107 1602 1210 1635 striae
1238 1602 1412 1645 specimen
1443 1604 1587 1649 aliquod
1615 1603 1839 1648 exhiberent,
1876 1610 2096 1654 propinquos

1107 1653 1144 1685 in
1166 1652 1290 1685 funere
1309 1665 1371 1697 pro
1395 1655 1517 1687 rostris
1534 1655 1677 1689 laudare
1701 1658 1876 1699 solebant,
1904 1660 2095 1705 multisque

1106 1704 1139 1735 id
1163 1703 1257 1736 laudi
1282 1704 1366 1747 fuit,
1395 1711 1427 1738 et
1453 1705 1511 1738 ille
1533 1706 1629 1740 velut
1652 1707 1786 1750 primus
1804 1709 1919 1742 aditus
1938 1711 1980 1742 ad
1999 1710 2094 1744 noti-

1105 1754 1192 1786 ciam
1217 1760 1250 1787 et
1269 1754 1395 1786 famam
1423 1752 1607 1789 hominum
1633 1764 1736 1802 atque
1758 1756 1927 1792 honorem
1954 1758 2094 1794 habitus

1106 1810 1166 1836 est.
1209 1802 1285 1847 Ego
1305 1816 1386 1837 vero
1406 1803 1494 1838 mihi
1511 1818 1582 1839 non
1601 1807 1754 1852 aliquam
1771 1821 1810 1842 ex
1828 1807 1891 1842 hac
1907 1822 1943 1842 re
1961 1811 2094 1854 ingenii

1105 1854 1244 1886 laudem
1271 1861 1387 1897 capto,
1422 1857 1516 1899 quod
1547 1857 1725 1900 intelligo,
1760 1872 1864 1904 quam
1889 1860 1924 1892 in
1957 1873 2012 1893 me
2037 1861 2093 1894 vel

1104 1904 1262 1944 nullum,
1296 1905 1350 1937 vel
1383 1906 1609 1949 perexiguum
1640 1908 1703 1949 sit,
1739 1921 1838 1942 verae
1862 1911 2094 1955 eloquentiae,

1103 1966 1192 1999 quae
1226 1954 1263 1987 in
1292 1955 1328 1987 id
1363 1956 1483 1989 aetatis
1511 1955 1689 1991 hominem
1718 1972 1762 1992 ne
1796 1961 1936 2004 quidem
1969 1963 2092 1995 cadere

1102 2011 1234 2048 potest,
1267 2006 1335 2038 nisi
1359 2006 1455 2051 quis,
1494 2007 1598 2040 officii
1624 2006 1713 2042 hanc
1737 2011 1874 2043 laudem
1890 2039 1898 2051 ,
1925 2018 1983 2044 aut
2007 2013 2092 2045 obe-

1102 2055 1254 2089 dientiae
1272 2067 1344 2088 esse
1361 2057 1515 2100 putabit,
1544 2071 1647 2102 quam
1665 2061 1826 2104 equidem
1844 2073 1915 2093 non
1932 2063 2090 2106 repudio.

1101 2105 1182 2140 Scio
1217 2106 1309 2139 enim
1338 2119 1442 2151 quam
1473 2108 1610 2141 nullum
1635 2109 1678 2142 sit
1701 2111 1812 2144 maius
1842 2121 2091 2147 ornamentum

1100 2157 1369 2197 adolescentiae,
1409 2169 1513 2202 quam
1544 2161 1774 2194 verecundiae
1807 2168 1840 2195 et
1868 2163 2091 2197 obedientiae

1100 2208 1252 2242 laudem.
1293 2206 1362 2241 Sed
1382 2208 1463 2253 quia
1483 2206 1568 2241 milui
1588 2207 1672 2242 haec
1691 2212 1784 2245 velut
1801 2213 1959 2246 funebris
1976 2215 2090 2247 oratio

1099 2258 1257 2292 instituta
1275 2265 1343 2296 est,
1371 2258 1497 2291 omissa
1516 2259 1676 2302 longiore
1693 2263 1928 2306 praefatione,
1956 2266 1999 2297 ad
2015 2276 2089 2298 rem

1099 2309 1226 2352 ipsam,
1251 2314 1290 2341 ut
1305 2315 1441 2351 potero,
1465 2310 1635 2352 accingar.

1198 2369 1250 2400 Ac
1272 2367 1424 2409 primum
1452 2368 1495 2401 de
1522 2369 1680 2403 moribus
1699 2376 1728 2402 et
1753 2371 1821 2403 vita
1838 2370 2001 2406 Doctoris
2023 2373 2089 2407 Se-

1097 2418 1193 2452 baldi
1209 2415 1300 2450 nihil
1321 2418 1467 2451 attinere
1482 2425 1583 2461 puto,
1610 2427 1647 2453 ut
1674 2421 1833 2464 pluribus
1848 2423 1980 2464 dicam,
2006 2436 2086 2458 cum

1097 2481 1134 2502 ea
1151 2468 1275 2501 maiori
1297 2468 1387 2510 parti
1405 2476 1557 2502 vestrum
1577 2477 1657 2503 nota
1674 2471 1730 2506 sit.
1773 2471 1877 2506 Scitis
1893 2474 1985 2507 enim
2005 2487 2085 2508 eum

1097 2517 1151 2552 his
1177 2518 1371 2551 lenioribus
1394 2519 1604 2561 virtutibus,
1631 2522 1819 2563 modestia,
1845 2526 2084 2568 temperantia,

1097 2570 1246 2609 iustitia,
1271 2570 1478 2603 verecundia
1498 2577 1529 2603 et
1548 2571 1747 2606 innocentia
1769 2585 1903 2607 summe
1919 2583 2083 2608 ornatum

1095 2621 1218 2660 fuisse,
1246 2617 1300 2652 his
1324 2620 1382 2652 ille
1401 2620 1550 2654 ducibus
1574 2622 1680 2655 vitam
1706 2624 1939 2667 placidissime
1962 2625 2082 2667 exegit,

1095 2678 1202 2717 utque
1217 2671 1302 2704 vixit
1318 2670 1406 2704 nulli
1425 2673 1626 2706 mortalium
1647 2674 1836 2715 molestus,
1862 2675 1907 2708 ita
1930 2681 1962 2707 et
1986 2687 2081 2707 mor-
