2338 2958
95 145 169 180 873

94 229 219 263 talium
235 227 422 270 figurarum
443 226 568 270 plenus
584 235 653 269 est,
685 239 832 273 quarum
854 227 942 261 aliae
961 227 1079 270 magis,

93 279 181 312 aliae
202 277 319 310 minus
343 284 497 310 remotae
525 284 607 311 sunt
629 290 647 311 a
671 285 788 312 nostra
815 278 1077 312 consuetudine.

91 327 138 362 Et
165 339 264 371 saepe
293 327 500 371 praecipuae
529 329 731 372 dogmatum
757 328 1015 361 controversiae
1039 339 1077 360 ex

91 388 216 422 genere
249 378 420 411 sermonis
454 378 666 414 iudicantur.
722 378 900 412 vocabula
935 377 1076 422 peccati,

90 427 239 471 gratiae,
273 428 370 468 fidei,
407 428 581 470 iusticiae,
614 428 888 470 iustificationis,
923 428 1076 472 spiritus,

90 489 190 523 saepe
214 478 316 511 aliter
338 478 375 511 in
398 489 559 512 sermone
591 477 794 524 prophetico
825 485 858 512 et
884 478 1074 522 apostolico

89 535 324 572 usurpantur,
355 540 458 573 quam
478 530 570 573 apud
591 527 873 570 Demosthenem,
900 535 959 562 aut
974 527 1074 562 Cice-

89 591 225 612 ronem.
279 578 467 621 Quomodo
493 586 608 613 autem
635 591 690 613 res
716 579 885 612 maximae
915 590 1072 623 compre-

87 627 216 662 hensae
240 626 294 661 his
316 629 611 673 appellationibus
638 630 734 663 cerni
765 636 948 673 poterunt,
981 629 1008 661 si
1036 629 1072 661 in

87 680 259 713 sermonis
282 680 569 723 interpretatione
593 691 692 713 mens
715 679 874 714 aberrat?
925 678 971 712 Et
994 686 1073 712 ante

85 728 178 763 hanc
193 736 339 763 aetatem
358 730 460 764 multi
477 728 683 764 hallucinati
701 736 786 764 sunt·
800 736 942 777 propter
966 730 1072 763 insci-

86 781 172 814 tiam
187 778 358 814 Ebraicae
375 781 640 814 consuetudinis
656 781 692 813 in
711 779 765 814 his
780 781 865 824 ipsis
881 780 1072 821 vocabulis,

87 837 120 864 et
142 843 237 864 nunc
260 831 363 864 multi
383 830 537 864 retinent
561 832 739 865 mordicus
759 831 863 864 salsas
887 831 1072 875 opiniones

86 889 229 926 propter
245 882 390 914 eandem
407 893 556 916 causam.

187 931 290 965 Fides
319 930 456 965 Latinis
486 932 661 965 veteribus
702 939 734 966 et
768 930 912 966 Graecis
945 933 1069 965 adsen-

84 981 219 1014 sionem
245 981 424 1025 significat.
477 981 580 1016 Nunc
597 994 674 1016 cum
694 983 819 1025 vulgus
835 983 939 1022 dicit,
968 982 1070 1015 Fides

85 1029 255 1065 catholica
282 1032 453 1075 significat
476 1033 683 1067 doctrinam.
732 1032 834 1066 Hanc
848 1033 1070 1077 depravatio-

84 1094 164 1115 nem
181 1094 200 1115 a
215 1082 320 1125 vulgo
344 1089 518 1127 acceptam
545 1084 759 1116 transferunt
781 1083 882 1116 multi
905 1084 948 1116 ad
968 1095 1069 1116 enar-

84 1132 256 1166 rationem
280 1132 398 1173 Pauli,
430 1145 509 1166 cum
527 1133 628 1172 dicit,
656 1132 742 1166 Fide
759 1133 1005 1167 iustificamur:
1037 1140 1068 1166 et

81 1183 258 1216 mirantur
278 1182 466 1216 stulticiam
491 1190 662 1223 nostram,
691 1185 785 1228 quod
809 1183 908 1217 Pauli
936 1185 1066 1218 dictum

82 1233 345 1277 amplectimur,
369 1245 448 1266 cum
464 1245 567 1267 nemo
591 1234 634 1267 sit
658 1233 768 1267 iustus
787 1234 957 1267 doctrina.
1010 1233 1068 1266 Iu-

83 1283 199 1323 sficia,
227 1283 412 1329 inquiunt,
441 1284 552 1317 virtus
575 1291 625 1317 est
641 1284 848 1318 voluntatis:
877 1283 981 1318 Fides
1003 1296 1068 1316 no-

82 1334 162 1368 ticia
181 1341 241 1374 est,
268 1345 357 1379 quae
374 1333 472 1367 alteri
490 1335 580 1378 parti
598 1334 737 1378 propria
756 1342 816 1370 est.
870 1334 940 1368 Nec
958 1335 1068 1377 magis

82 1391 173 1418 recte
194 1384 262 1417 dici
282 1391 424 1428 putant,
451 1383 538 1417 Fide
554 1384 677 1419 Petrus
694 1392 744 1419 est
762 1385 886 1420 iustus:
912 1397 1014 1430 quam
1039 1385 1067 1417 si

81 1435 236 1473 dicatur,
271 1434 405 1467 Vinum
426 1446 548 1479 sapore
567 1441 617 1469 est
638 1436 796 1471 rubrum.
854 1434 1068 1469 Existimant

81 1486 199 1529 igitur,
222 1496 288 1519 nos
303 1492 341 1518 ut
353 1483 523 1528 Argivum
541 1492 767 1530 spectatorem
786 1487 823 1518 in
843 1498 952 1519 vacuo
969 1483 1068 1519 thea-

81 1543 146 1576 tro,
173 1536 366 1580 spectacula
385 1547 473 1580 quae
489 1548 660 1581 nusquam
679 1542 779 1576 sunt,
807 1537 934 1571 mentis
950 1548 1067 1569 errore

80 1586 219 1629 fingere.
272 1585 341 1620 Sed
373 1587 533 1620 nesciunt
559 1587 625 1630 ipsi
651 1598 686 1620 se
717 1587 812 1619 falsis
837 1587 1068 1630 opinionibus

80 1637 283 1677 fascinatos,
317 1643 357 1670 ut
377 1638 521 1676 surdos,
555 1649 627 1671 non
652 1638 850 1670 discernere
871 1649 1065 1670 sermonem

80 1687 175 1730 vulgi
197 1699 216 1720 a
243 1687 377 1722 divino.
436 1686 542 1721 Hunc
564 1688 728 1721 morbum
754 1688 892 1721 tolleret
913 1687 1066 1731 cognitio

79 1735 226 1782 phrasis,
253 1737 290 1770 in
308 1749 376 1782 qua
396 1737 567 1779 videmus,
587 1738 655 1771 fide
671 1738 906 1772 assensionem
925 1744 956 1772 et
975 1738 1067 1770 fidu-

79 1788 167 1821 tiam
184 1787 384 1831 significari.

181 1836 253 1871 Cur
269 1837 389 1880 igitur,
417 1838 564 1883 inquies,
589 1845 704 1871 tantae
719 1844 800 1871 sunt
816 1838 906 1881 apud
919 1837 1066 1871 Iudaeos

78 1888 261 1929 tenebrae,
288 1889 316 1920 si
333 1888 485 1931 cognitio
504 1888 643 1930 linguae
666 1895 699 1922 et
716 1886 852 1931 phrasis
873 1888 992 1921 lumen
1017 1894 1066 1921 est

78 1938 295 1973 sententiae?
345 1937 486 1971 Possem
505 1939 658 1972 breviter
678 1939 904 1982 respondere:
933 1937 1067 1972 Erudi-

78 1990 205 2028 tiores‚
232 1996 271 2022 ut
289 1988 362 2021 vidi
379 1989 537 2034 aliquos,
563 2001 634 2021 non
663 2000 801 2032 peccare
823 1988 980 2029 inscitia,
1007 1989 1065 2021 sed

78 2039 270 2074 voluntatis
294 2039 540 2083 perversitate,
567 2045 607 2072 ut
629 2039 714 2072 olim
737 2036 889 2082 Caiphas
915 2045 949 2072 et
967 2039 1064 2072 simi-

78 2090 145 2131 les,
172 2091 232 2136 qui
252 2089 418 2124 viderunt
441 2090 603 2122 miranda
619 2087 751 2123 Christi
775 2089 874 2122 sacta.
927 2088 995 2122 Sed
1022 2089 1066 2123 sit

77 2152 160 2174 sane
178 2141 314 2174 inscitia
338 2140 375 2173 in
399 2140 599 2186 aliquibus,
627 2137 711 2173 haec
738 2151 778 2173 ex
794 2140 930 2173 duabus
954 2140 1065 2173 causis

78 2192 205 2226 oritur:
234 2191 333 2235 prior
349 2197 420 2232 est,
447 2197 484 2225 ut
510 2191 546 2223 in
564 2203 641 2224 arca
667 2189 817 2223 foederis
840 2197 970 2224 stantes
988 2189 1065 2224 An-

77 2242 144 2286 geli
169 2253 241 2275 sese
263 2247 386 2275 mutuo
410 2242 689 2282 contuebantur,
717 2248 748 2274 et
767 2240 837 2274 alas
858 2241 1063 2283 iungebant:

77 2293 125 2327 ita
154 2293 281 2331 veterjs
307 2298 340 2325 et
370 2292 454 2324 novi
478 2291 695 2326 Testamenti
726 2297 954 2324 monumenta
978 2303 1063 2325 con-

77 2349 219 2387 gruunt.
273 2341 382 2375 Vetus
405 2349 456 2376 est
475 2343 555 2376 fons
577 2342 678 2383 novi,
701 2349 739 2375 ut
757 2342 873 2386 inquit
888 2340 1062 2375 Psalmus:

76 2392 278 2427 Benedicite
294 2391 368 2426 Deo
385 2393 428 2425 de
444 2393 602 2426 sontibus
619 2392 738 2427 Isra'e'l.
783 2391 926 2425 Novum
945 2399 993 2426 est
1008 2393 1064 2426 lu-

76 2456 156 2478 men
176 2443 317 2477 veteris:
346 2450 378 2477 et
394 2443 534 2476 collatio
550 2443 733 2489 utriusque
750 2444 792 2476 ad
814 2450 991 2488 utrunque
1007 2443 1064 2476 in-

76 2495 306 2538 telligendum
327 2493 517 2527 necessaria
536 2501 594 2528 est.
634 2493 723 2527 Cum
742 2501 857 2527 autem
875 2504 1063 2537 aspernen-

76 2551 135 2579 tur
159 2543 280 2578 Iudaei
311 2544 636 2589 interpretationem
659 2542 790 2578 Christi
816 2552 847 2578 et
872 2542 1062 2589 Apostolo-
1088 2579 1089 2582 Ἴ

77 2607 176 2636 rum,
208 2602 241 2629 et
263 2607 324 2629 sua
353 2595 488 2628 somnia
514 2596 557 2628 de
582 2595 706 2628 mundi
734 2595 902 2638 imperio,
935 2595 1057 2627 nolunt
1086 2587 1089 2653 Ι

76 2644 246 2685 abiicere,
270 2646 425 2680 retinent
442 2645 656 2690 corruptelas
675 2645 718 2678 ab
737 2644 986 2688 impostoribus
1004 2657 1060 2678 ex·
1086 2659 1089 2676 5

76 2696 255 2740 cogitatas.
306 2695 426 2731 Altera
452 2708 551 2730 cansa
577 2703 641 2729 est:
679 2694 732 2729 Ad
762 2693 904 2739 phrasin
929 2695 1057 2729 intelli-
1086 2682 1088 2722 l

524 140 677 177 DECL.
725 141 798 177 DE
833 139 1059 178 STUDIO
1095 140 1361 177 LINGUAE
1395 140 1678 177 EBRAEAE.

2047 146 2117 179 874

1131 227 1278 269 gendam
1307 238 1378 259 non
1406 227 1518 259 solum
1537 224 1641 260 huius
1657 227 1796 270 linguae
1811 227 2010 271 cognitione
2027 241 2113 272 opus

1132 284 1196 316 est,
1225 278 1282 309 sed
1306 277 1424 309 literas
1442 276 1584 310 Latinas
1601 285 1632 312 et
1653 276 1822 319 Graecas,
1850 285 1883 311 et
1903 279 2112 311 mediocrem

1130 327 1268 359 dicendi
1288 334 1319 360 ct
1335 327 1511 359 scribendi
1530 339 1630 360 usum
1649 330 1810 362 accedere
1829 335 1975 373 oportet.
2031 328 2114 362 Siue

1130 374 1193 409 hac
1211 377 1345 410 cultura
1365 389 1466 409 nemo
1485 379 1526 410 de
1546 379 1618 410 ullo
1635 390 1794 413 sermone
1811 379 1964 412 iudicare
1984 385 2112 423 potest:

1129 438 1233 470 quam
1264 427 1323 459 illa
1355 427 1494 460 sordida
1525 428 1664 471 ingenia
1701 441 1764 462 nec
1796 430 2014 473 intelligunt,
2052 442 2113 462 nec

1128 483 1308 520 appetunt.

1226 539 1388 586 Denique
1423 543 1466 575 ad
1495 549 1585 576 recte
1618 543 1847 577 iudicandum
1884 545 1920 578 in
1949 546 2113 579 omnibus

1127 591 1237 625 causis
1254 593 1440 636 praecipue
1457 605 1545 637 opus
1563 599 1612 626 est
1631 594 1722 627 bona
1739 602 1865 630 mente.
1906 594 2000 629 Haec
2020 597 2112 628 enim

1127 649 1220 676 amat
1234 650 1266 676 et
1283 643 1418 688 quaerit
1435 644 1633 684 veritatem,
1660 651 1692 677 et
1712 652 1880 689 quantum
1898 645 1972 678 fieri
1990 653 2114 690 potest,

1126 694 1168 726 iis
1189 705 1223 727 se
1238 694 1342 727 rebus
1359 694 1521 732 instruit,
1549 706 1637 739 quae
1655 695 1746 727 viam
1763 702 1977 729 monstrant:
2007 704 2038 730 et
2057 698 2113 729 fu-

1125 745 1191 787 git,
1218 751 1250 777 et
1268 752 1447 778 execratur
1466 745 1658 777 calumnias
1681 752 1713 778 et
1733 743 1971 789 sophisticam.
2025 746 2110 780 Rari

1125 801 1206 828 sunt
1222 802 1338 828 autem
1355 796 1446 839 apud
1459 807 1579 828 omnes
1603 802 1721 838 gentes
1742 797 1891 839 praediti
1910 797 1969 829 tali
1989 805 2110 829 mente.

1124 844 1193 879 Sed
1226 845 1262 878 in
1296 844 1449 879 Ecclesia
1484 844 1551 879 Dei
1584 846 1750 879 excellere
1780 858 1931 880 amorem
1958 847 2112 880 veritatis

1124 902 1271 940 oportet.

1225 962 1304 997 Sint
1324 963 1429 1006 igitur
1446 964 1577 1009 aliqui,
1606 964 1666 1009 qui
1686 962 1858 997 Ebraeam
1877 965 2031 1007 linguam
2051 976 2111 1008 ap-

1123 1020 1259 1059 petant,
1286 1021 1430 1057 propter
1454 1012 1516 1047 has
1541 1026 1676 1055 causas,
1703 1022 1741 1047 ut
1767 1016 1877 1048 sciant
1902 1015 2016 1047 fontes
2043 1016 2110 1047 do—

1123 1065 1255 1098 ctrinae
1280 1065 1537 1099 ecclesiasticae.
1589 1064 1636 1098 Et
1659 1077 1858 1109 quanquam
1892 1071 2009 1098 extant
2033 1077 2109 1097 ver-

1123 1115 1255 1155 siones,
1283 1115 1436 1157 cogitent
1458 1121 1574 1147 tamen
1592 1116 1627 1147 id
1646 1116 1739 1159 quod
1758 1127 1811 1148 res
1831 1122 1900 1156 est,
1928 1117 1970 1148 ad
1990 1127 2108 1148 earum

1123 1165 1403 1198 emendationem
1421 1172 1453 1198 et
1471 1165 1743 1199 illustrationem
1764 1166 1878 1199 fontes
1903 1177 2003 1210 saepe
2025 1177 2108 1198 con-

1122 1216 1288 1248 sulendos
1312 1227 1393 1248 esse.
1455 1214 1660 1258 Agnoscant
1681 1223 1713 1249 et
1740 1213 1826 1256 hoc,
1862 1213 2007 1259 phrasin
2034 1216 2108 1249 sine

1122 1266 1260 1309 linguae
1280 1265 1480 1309 cognitione
1495 1266 1612 1299 minus
1629 1266 1789 1309 intelligi.
1830 1266 2029 1299 Plurimum
2046 1278 2109 1300 au-

1122 1323 1192 1350 tem
1225 1316 1396 1349 momenti
1427 1316 1465 1348 in
1496 1317 1728 1359 explicatione
1757 1317 1960 1359 dogmatum
1995 1317 2109 1350 adfert

1122 1367 1274 1410 cognitio
1303 1364 1450 1410 phrasis.
1503 1366 1578 1399 Imo
1601 1367 1675 1400 sine
1700 1379 1738 1400 ea
1761 1379 1831 1400 non
1859 1374 1970 1411 potest
1987 1367 2023 1399 in
2043 1365 2109 1400 ho-

1121 1418 1215 1450 mine
1232 1418 1413 1460 ingenioso
1428 1418 1572 1451 existere
1590 1418 1772 1451 certitudo.
1826 1417 2110 1451 Transsormabit

1121 1468 1214 1501 enim
1232 1469 1404 1510 dogmata,
1432 1475 1469 1502 ut
1488 1480 1601 1500 ceram
1624 1468 1660 1500 in
1676 1469 1830 1501 diversas
1860 1468 2048 1502 sententias
2077 1474 2109 1501 et

1120 1518 1326 1562 perniciosis
1351 1519 1561 1552 tumultibus
1586 1519 1797 1563 opinionum
1824 1519 1897 1563 ipse
1917 1530 1989 1552 sese
2010 1531 2109 1551 ever-

1121 1575 1180 1602 tet.
1234 1568 1312 1601 Hoc
1326 1569 1447 1602 multis
1463 1569 1654 1612 ingeniosis
1672 1569 1817 1609 accidit,
1844 1581 1916 1602 non
1936 1581 2108 1613 quaeren-

1119 1619 1214 1652 tibus
1243 1619 1543 1652 confirmationem
1576 1620 1682 1652 unius
1718 1626 1830 1653 certae
1861 1626 1895 1653 et
1923 1626 2108 1663 perpetuae

1120 1670 1312 1702 sententiae
1330 1669 1366 1701 in
1385 1669 1533 1712 singulis
1550 1670 1790 1713 dogmatibus,
1817 1671 1858 1703 ad
1881 1682 1985 1715 quam
2008 1670 2107 1702 inve-

1120 1720 1286 1752 niendam
1305 1726 1338 1753 et
1355 1720 1637 1753 constituendam
1662 1718 1798 1764 phrasis
1816 1720 1970 1764 cognitio
1989 1732 2107 1753 neces—

1120 1770 1210 1802 saria
1245 1776 1306 1803 est.
1358 1769 1480 1814 Neque
1513 1768 1599 1804 haec
1633 1771 1720 1804 levis
1755 1782 1855 1804 causa
1891 1771 2109 1804 existimetur

1120 1820 1304 1853 discendae
1319 1817 1425 1853 huius
1443 1820 1602 1863 linguae,
1629 1822 1723 1865 quod
1750 1821 1938 1855 instructos
1955 1833 2019 1854 nos
2037 1832 2109 1854 esse

1120 1876 1258 1913 oportet
1274 1871 1317 1903 ad
1333 1871 1515 1905 refutanda
1534 1871 1762 1905 deliramenta
1778 1870 2000 1906 Iudaeorum.
2038 1870 2107 1905 Sed

1119 1921 1208 1954 aliae
1225 1932 1358 1962 causae,
1376 1932 1462 1966 quas
1478 1922 1650 1963 recensui,
1668 1922 1846 1965 graviores
1863 1929 1956 1958 sunt.

1218 1985 1375 2032 Exposui
1409 2000 1471 2021 cur
1502 1989 1538 2021 in
1562 1986 1716 2022 Ecclesia
1750 1989 1905 2022 studium
1938 1988 2107 2023 Ebraicae

1120 2039 1259 2081 linguae
1277 2038 1501 2072 retinendum
1519 2039 1573 2073 sit.
1626 2037 1677 2072 Ac
1693 2039 1799 2072 fuisse
1815 2040 1878 2073 Dei
1895 2051 2030 2083 semper
2047 2040 2107 2073 be—

1118 2089 1255 2130 neficio,
1281 2100 1334 2122 res
1351 2090 1521 2130 ostendit,
1549 2089 1633 2123 alias
1655 2091 1775 2133 magis,
1802 2090 1886 2123 alias
1904 2089 2020 2123 minus
2039 2090 2107 2122 sre-

1119 2151 1241 2184 quenS.
1294 2139 1378 2173 Post
1403 2140 1594 2183 discipulos
1616 2140 1867 2184 Apostolorum
1893 2141 1929 2173 in
1956 2139 2105 2174 Oriente

1118 2187 1353 2234 Epiphanius,
1372 2191 1409 2223 in
1426 2190 1551 2224 Latina
1568 2189 1723 2224 Ecclesia
1738 2190 1987 2236 Hieronymus,
2005 2192 2105 2223 dein—

1118 2241 1161 2273 de
1183 2238 1238 2273 his
1257 2240 1511 2274 recentioribus
1534 2241 1752 2284 temporibus
1775 2241 1935 2286 Lyranus
1960 2248 1992 2275 et
2014 2240 2106 2275 Bur—

1118 2290 1231 2334 gcnsis
1250 2291 1334 2324 clari
1351 2292 1504 2332 fuerunt,
1533 2298 1565 2324 et
1582 2292 1686 2324 fuisse
1703 2292 1789 2325 alios
1806 2293 1936 2325 multos
1953 2304 2025 2325 non
2040 2293 2106 2326 dn-

1117 2341 1215 2375 bium
1241 2349 1301 2376 est.
1355 2341 1458 2374 Nunc
1483 2342 1583 2374 multi
1603 2342 1695 2376 docti
1712 2349 1745 2375 et
1769 2342 1816 2385 pii
1842 2339 1929 2375 banc
1950 2343 2105 2385 linguam

1117 2392 1271 2426 studiose
1288 2392 1419 2425 colunt.
1474 2390 1607 2436 Estque
1626 2393 1736 2425 nostri
1756 2393 1861 2425 officii
1889 2393 2105 2427 iuventutem

1117 2440 1316 2483 adhortari,
1343 2449 1382 2476 ut
1407 2440 1473 2475 hoc
1499 2443 1650 2481 donum,
1677 2445 1770 2488 quod
1794 2442 1888 2476 Deus
1911 2454 2045 2487 semper
2071 2443 2104 2474 in

1115 2491 1270 2526 Ecclesia
1295 2493 1476 2530 excitavit,
1504 2499 1535 2526 et
1559 2493 1683 2526 studiis
1701 2494 1884 2527 doctorum
1908 2493 2103 2527 conservari

1116 2543 1248 2583 voluit,
1274 2549 1458 2583 tueantur,
1486 2555 1524 2575 ac
1548 2544 1658 2577 sciant
1681 2555 1716 2577 se
1737 2545 1892 2577 laborem
1916 2555 2050 2576 sumere
2069 2542 2102 2573 iu

1116 2605 1261 2627 munere
1278 2594 1400 2627 divino
1418 2595 1655 2637 propagando,
1682 2602 1713 2628 et
1731 2595 1767 2627 in
1786 2595 1875 2627 veris
1893 2594 2018 2637 opibus
2036 2591 2103 2625 Ec-

1115 2644 1238 2677 clesiae
1273 2644 1513 2677 defendendis.
1573 2644 1776 2678 Laudamus
1811 2645 1887 2688 pios
1923 2642 2106 2686 principes,

1114 2694 1175 2741 qui
1194 2692 1386 2740 prohibent
1403 2695 1602 2740 pastoribus
1617 2695 1704 2739 eripi
1723 2707 1803 2729 suos
1821 2695 1921 2727 nidos
1940 2699 1971 2726 et
1991 2704 2105 2735 agros:
