2338 2958
47 1331 50 1339 ·
117 1321 200 1354 atris
224 1320 289 1354 sui.

92 1333 268 1415 gagandae
292 1370 530 1414 provinciam,
556 1368 718 1404 Christus
740 1379 816 1415 post
836 1383 870 1404 se
887 1369 1078 1415 Apostolis,
1102 1389 1103 1395 κ

99 124 171 159 857

100 212 231 245 mitatis
255 217 409 250 nostrae,
436 222 556 243 causas
578 211 658 244 item
678 223 868 255 poenarum
887 224 924 245 ac
941 212 1083 245 calami-

101 271 210 297 tatum
234 259 468 294 humanarum
482 288 491 302 ‚
520 268 551 294 et
575 274 635 305 per
652 264 795 295 eandem
814 263 1009 295 doctrinam
1027 274 1082 294 re-

100 312 213 346 media
244 311 347 344 nobis
371 318 475 356 atque
503 312 747 345 liberationem
772 314 815 345 ab
839 314 1004 346 omnibus
1027 310 1081 345 his

99 362 293 400 aerumnis,
326 362 455 406 quibus
480 369 622 406 propter
646 370 822 406 peccatum
845 375 1007 407 oppressa
1033 369 1081 395 est

51 433 53 438 .
99 419 223 446 natura
251 410 424 453 humana,
459 420 490 446 et
521 420 696 446 aeternam
728 413 874 446 salutem
905 414 1080 458 vitamque

44 479 59 510 ν,
98 463 200 497 nobis
230 463 346 496 offert.

43 540 48 548 ,
97 513 246 547 nuncios
270 525 308 546 ac
331 513 529 554 ministros,
572 514 723 557 primum
746 521 882 547 sanctos
907 521 1018 558 patres
1042 526 1080 546 ac

416 462 515 496 Misit
544 465 586 496 ad
619 475 682 496 nos
715 463 870 496 eiusdem
901 464 1080 497 doctrinae

96 562 305 608 Prophetas:
333 564 429 598 misit
452 565 590 597 tandem
615 571 793 597 aeternum
811 571 916 609 atque
935 564 1077 596 unicum

96 615 208 648 filium
234 626 337 648 suum
359 614 551 648 Dominum
575 627 613 647 ac
638 615 892 658 redemptorem
919 621 1077 647 nostrum

97 664 211 699 Iesum
228 662 427 703 Christum,
451 672 489 698 ut
507 666 534 697 is
552 665 688 697 victima
709 677 770 707 pro
788 665 934 708 peccatis
951 665 1079 698 nostris

95 715 209 756 fieret,
242 727 281 748 ac
311 728 375 749 nos
403 716 445 748 de
467 716 587 748 eadem
613 715 793 748 voluntate
817 716 949 749 aeterni
973 715 1078 759 patris

95 767 265 800 edoceret.
318 764 481 810 Eumque
502 765 682 798 hominem
702 765 795 805 fieri,
824 764 975 799 humana
995 778 1079 798 voce

95 817 197 850 nobis
220 816 339 861 loqui,
365 823 398 849 et
419 816 561 860 quidem
581 816 712 848 aeterni
728 818 836 860 patris
853 817 1000 850 verbum
1018 829 1079 848 vo-

96 867 166 900 cari
188 867 318 907 voluit,
351 872 390 900 ut
412 866 607 900 doctrinam
635 866 743 909 ipsius
768 868 950 911 praecipue
976 867 1078 899 nobis

94 917 366 951 commendaret.
428 915 480 950 Ac
505 923 601 961 pater
624 917 697 960 ipse
720 918 763 950 de
783 918 880 951 coelo
904 917 1078 962 praecepit

94 968 209 1012 ipsum
241 967 366 1003 audiri.
433 966 513 1009 Quo
544 974 700 1011 tempore
731 979 801 1001 una
833 981 912 1002 cum
943 967 1079 1011 Spiritu

93 1025 212 1052 sancto
236 1018 273 1050 in
297 1017 471 1062 baptismo
489 1015 622 1051 Christi
646 1029 681 1050 se
701 1019 956 1055 manifestavit,
980 1031 1018 1051 ac
1036 1019 1078 1051 de

93 1069 191 1102 coelo
218 1068 396 1103 clamavit:
432 1067 537 1101 Hunc
557 1068 684 1101 audite.
739 1068 900 1113 Denique
917 1066 1078 1102 Christus

94 1119 182 1163 ipse,
213 1131 292 1152 cum
315 1131 334 1152 a
360 1117 517 1156 ludaeis,
552 1118 631 1163 quis
655 1125 760 1159 esset,
793 1119 1079 1162 interrogaretur,

94 1167 167 1204 loh.
193 1171 226 1204 8.
260 1169 459 1213 respondit,
504 1179 539 1201 se
569 1180 713 1212 prorsus
742 1170 838 1202 aliud
871 1167 963 1202 nihil
996 1181 1078 1209 esse,

92 1232 196 1265 quam
221 1231 300 1253 cum
323 1219 383 1264 qui
407 1219 611 1264 loqueretur
630 1219 730 1262 ipsis:
764 1217 830 1252 hoc
856 1227 924 1260 est,
957 1221 1078 1253 docto-

91 1283 164 1303 rem
191 1276 296 1315 atque
318 1269 488 1302 nuncium
512 1269 649 1302 consilii
673 1282 711 1302 ac
735 1270 926 1303 voluntatis
944 1270 1077 1303 aeterni

340 1318 508 1353 Eiusdem
532 1320 711 1353 doctrinae
729 1321 924 1363 vulgandae
941 1333 979 1353 ac
997 1332 1078 1364 pro-

91 1433 282 1466 eorumque
307 1421 508 1465 discipuliS‚
533 1432 642 1465 usque
667 1423 750 1454 dum
775 1420 830 1454 hic
847 1422 944 1455 orbis
962 1428 1077 1460 staret,

92 1472 282 1506 mandavit.
342 1469 387 1504 Et
411 1473 504 1516 quod
530 1471 768 1505 inenarrabile
792 1473 1001 1505 miraculum
1029 1479 1078 1505 est

91 1523 295 1557 clementiae
318 1534 356 1555 ac
375 1522 542 1555 bonitatis
559 1522 719 1563 divinae,
743 1529 873 1557 tantam
892 1521 997 1556 huius
1013 1524 1078 1555 do-

91 1573 222 1608 ctrinae
239 1573 310 1605 vim
328 1584 400 1605 esse
414 1573 544 1612 voluit,
571 1579 610 1605 ut
627 1573 726 1606 nullo
743 1573 811 1606 alio
828 1574 952 1614 modo,
979 1573 1077 1606 nulla

90 1624 242 1663 ratione,
270 1621 429 1656 homines
453 1623 497 1656 ab
520 1630 659 1656 aeterna
683 1630 796 1657 morte
820 1624 983 1664 liberari,
1008 1624 1075 1656 sal-

90 1675 195 1719 vique
219 1674 293 1707 fieri
318 1685 422 1718 quam
445 1685 507 1718 per
531 1671 598 1707 hoc
625 1674 771 1708 verbum
791 1681 946 1718 possent.
1000 1673 1077 1707 Hoc

89 1725 195 1759 unico
225 1725 328 1757 modo
352 1723 446 1757 Deus
471 1725 707 1765 innotescere,
743 1738 780 1758 ac
804 1726 982 1758 mentibus
1009 1722 1077 1757 liu-

89 1775 203 1808 manis
219 1775 317 1807 illabi
333 1775 426 1815 vult,
451 1783 483 1809 et
501 1787 561 1818 per
577 1776 725 1808 eundem
741 1777 885 1808 modurn
904 1774 1076 1818 Spiritum

90 1837 191 1859 sunm
219 1831 376 1858 sanctum
403 1825 569 1868 inspirat,
597 1837 657 1869 per
677 1837 780 1869 quem
799 1826 835 1857 in
855 1832 994 1868 pectore
1011 1822 1077 1857 hu-

91 1887 195 1909 mano
218 1886 327 1908 novos
351 1882 468 1908 motus
495 1875 582 1915 ciet,
616 1887 745 1908 novam
772 1875 883 1908 lucem
909 1875 1078 1915 accendit,

91 1938 130 1960 ac
160 1938 260 1970 saepe
289 1932 451 1966 testatur,
485 1937 559 1957 non
591 1925 675 1957 alibi
701 1923 892 1958 Ecclesiam
918 1937 1017 1959 suam
1045 1932 1077 1958 et

91 1978 281 2010 electorum
309 1982 426 2009 coetus
452 1987 542 2015 esse,
569 1988 673 2020 quam
692 1975 754 2008 ubi
772 1973 837 2008 hoc
856 1977 1003 2009 verbum
1021 1988 1077 2008 sn-

90 2034 168 2067 nat,
195 2027 343 2060 discitur
367 2038 405 2059 ac
427 2027 584 2060 docetur.
638 2024 710 2068 Qui
736 2038 809 2059 non
831 2027 958 2060 dixerit
982 2027 1076 2060 iuxta

89 2079 237 2111 verbum
267 2075 353 2117 hoc,
388 2089 460 2110 non
487 2077 553 2110 erit
583 2076 612 2109 ei
645 2077 814 2110 matutina
847 2077 926 2115 lux,
961 2077 1077 2122 iuquit

88 2128 224 2163 Esaias.
276 2127 454 2173 Tantique
470 2128 550 2160 facit
567 2127 858 2160 clementissimus
876 2134 907 2160 et
924 2128 1077 2171 optimus

88 2178 184 2213 Deus
207 2176 313 2212 huius
331 2178 511 2212 doctrinae
526 2178 680 2211 studium
698 2189 736 2210 ac
752 2178 1011 2218 tractationem,
1038 2184 1077 2212 ut

89 2230 183 2263 filius
205 2228 339 2262 aeterni
363 2229 473 2273 patris
497 2240 536 2261 ex
557 2227 631 2261 Deo
655 2228 730 2272 ipso
753 2228 844 2262 dicat
871 2235 970 2262 natos
993 2241 1077 2270 esse,

90 2281 150 2326 qui
175 2278 241 2312 hoc
264 2279 410 2313 verbum
435 2279 598 2317 audiant,
626 2279 841 2312 meditentur
861 2291 900 2311 ac
916 2286 1074 2313 tractent.
1101 2305 1104 2315 ,

89 2330 171 2374 Quo
201 2329 314 2373 elogio
346 2330 431 2375 quid
465 2330 620 2370 dulcius,
654 2329 810 2363 maiusve
842 2329 911 2363 dici
933 2337 992 2363 aut
1017 2343 1076 2363 co-

88 2381 190 2425 gitari
213 2380 347 2423 potest?

194 2431 292 2464 Hanc
321 2442 403 2463 vero
432 2430 656 2463 foelicitatem
689 2437 821 2464 tantam
848 2436 886 2463 ut
910 2431 1076 2476 consequi
1101 2454 1103 2472 3

1101 2478 1103 2484 ’
1129 2480 1298 2524 potuerit:
1327 2487 1359 2513 et
1378 2479 1539 2523 Apostoli
1557 2493 1574 2514 a
1591 2481 1725 2525 Spiritu
1743 2489 1862 2515 sancto
1879 2482 2005 2520 afflati,
2034 2491 2116 2512 ean-

89 2482 280 2526 possimus‚
316 2493 433 2515 amare
463 2488 495 2513 et
527 2481 759 2524 magnifacere
795 2481 913 2513 omnia
945 2481 1076 2515 instru-

89 2540 205 2567 menta
220 2532 404 2570 debemus,
432 2543 494 2576 per
507 2543 596 2577 quae
613 2531 677 2564 iste
694 2529 877 2564 thesaurus
895 2543 1077 2575 compara-

89 2590 166 2623 tur,
192 2583 284 2616 inter
306 2595 394 2628 quae
417 2583 617 2625 linguarum
640 2582 794 2624 cognitio
817 2582 940 2615 merito
964 2583 1075 2625 prima

89 2639 260 2667 censetur.
314 2632 353 2666 Id
384 2634 476 2678 quod
504 2631 600 2666 Deus
629 2632 733 2666 etiam
767 2633 803 2665 in
832 2643 926 2665 sacra
949 2631 1077 2667 Pente—

90 2691 182 2718 coste
210 2684 384 2725 ostendit,
417 2696 495 2718 cum
527 2684 562 2716 in
596 2684 749 2717 adventu
782 2682 935 2727 Spiritus
967 2685 1077 2718 sancti

541 123 697 162 DECL.
733 125 805 161 DE
840 126 1072 162 STUDIIS
1104 125 1369 161 LINGUAE
1406 126 1694 162 GRAECAE.

2043 131 2113 165 858

1106 217 1110 258 f
1132 210 1383 253 Apostolorum
1403 213 1540 255 linguae
1559 214 1724 247 dissectae
1741 214 1777 246 in
1796 214 1938 247 modum
1956 216 2115 249 {lammae

1132 262 1388 305 adparuerunt,
1414 270 1446 296 et
1466 264 1529 307 ipsi
1547 264 1663 297 statim
1681 264 1786 297 variis
1802 264 1930 308 linguis
1947 265 2114 298 miracula

1132 309 1197 344 Dei
1227 312 1345 357 eloqui
1375 325 1413 346 ac
1443 314 1642 356 praedicare
1673 322 1874 358 coeperunt.
1940 314 2114 358 Adparuit

1132 368 1215 394 tunc
1234 361 1386 406 Spiritus
1411 371 1549 397 sanctus
1574 365 1637 397 sub
1663 366 1774 408 specie
1799 366 1960 398 flammae
1984 378 2022 398 ac
2046 366 2114 398 lin-

1131 422 1298 453 guarum,
1332 420 1363 446 et
1387 414 1497 456 prima
1521 414 1616 447 illius
1641 415 1751 449 virtus
1777 423 1880 461 atque
1903 416 2051 449 efficacia
2077 416 2114 448 in

1132 461 1191 494 illa
1222 462 1388 495 varietate
1420 463 1619 505 linguarum
1652 476 1724 498 sese
1753 467 1921 500 ostendit:
1955 465 2029 499 Deo
2052 478 2114 510 per

1131 509 1197 545 hoc
1237 512 1350 556 ipsum
1383 513 1616 556 significante,
1657 516 1795 559 qualern
1828 514 2039 557 Ecclesiam,
2081 522 2114 549 et

1130 563 1231 607 quale
1246 574 1392 605 regnum
1403 590 1411 603 ,
1439 571 1471 597 et
1487 576 1555 608 quo
1573 565 1677 597 modo
1695 565 1728 598 id
1747 565 1839 599 inter
1853 564 2013 599 homines
2029 578 2115 600 con-

1129 619 1333 656 gregaturus
1349 621 1453 655 esset,
1480 626 1604 657 nempe
1621 627 1682 659 per
1698 616 1908 656 doctrinam,
1935 617 2034 650 cuius
2048 617 2116 649 mi-

1129 664 1238 697 nistra
1257 664 1376 707 lingua
1394 672 1480 698 esset
1498 665 1626 700 futura.

1230 713 1319 748 Cum
1337 715 1444 757 igitur
1459 715 1560 748 aliter
1575 713 1640 749 hoc
1656 722 1793 750 tantum
1811 717 1943 750 bonum
1961 717 2114 760 accipere

1129 776 1202 797 non
1232 765 1422 809 possimus,
1457 778 1561 810 quam
1591 767 1759 800 beneficio
1788 768 1959 800 sermonis
1988 774 2021 800 et
2045 768 2115 800 lin—

1129 827 1233 858 guae,
1266 822 1306 849 ut
1338 817 1441 849 divus
1464 816 1594 850 Paulus
1624 818 1691 858 ait,
1726 818 1809 850 fides
1833 825 1884 851 est
1909 830 1947 851 ex
1973 818 2113 851 auditu:

1129 866 1254 899 merito
1270 867 1502 910 magnifacere
1517 868 1681 901 debemus
1698 868 1799 902 istam
1817 868 1973 902 nobilem
1991 880 2116 908 arcam,

1129 917 1165 949 in
1183 928 1250 961 qua
1263 923 1381 951 tantus
1392 915 1576 951 thesaurus
1588 918 1759 962 repositus
1770 919 1983 959 adservatur,
2010 930 2115 964 quam

1129 967 1190 1012 qui
1213 967 1411 1010 negligunt,
1441 965 1477 1000 hi
1502 980 1616 1013 neque
1641 966 1804 1002 thesauro
1829 970 2027 1013 potientur,
2055 969 2115 1001 sed

1128 1029 1200 1051 una
1224 1029 1301 1050 cum
1328 1030 1427 1062 capsa
1453 1018 1567 1062 ipsum
1592 1031 1732 1064 quoque
1749 1019 1920 1053 amittent.
1974 1020 2115 1062 Quanta

1128 1080 1211 1100 vero
1230 1074 1262 1101 et
1279 1080 1384 1112 quam
1403 1075 1490 1101 tetra
1509 1069 1726 1111 ingratitudo
1742 1076 1809 1109 est,
1836 1077 1931 1104 tanta
1950 1070 2042 1102 dona
2060 1069 2116 1101 di-

1128 1118 1209 1151 vina
1237 1118 1435 1161 negligere?
1470 1126 1599 1164 quanta
1623 1119 1849 1160 infoelicitas‚
1881 1118 1935 1153 his
1960 1120 2116 1153 excidere

1128 1181 1166 1202 ac
1183 1169 1367 1202 frustrari?

1230 1217 1341 1252 Porro
1364 1219 1455 1252 inter
1480 1219 1634 1262 linguas,
1664 1219 1814 1261 Graeca,
1848 1221 1920 1253 sive
1941 1219 2115 1264 multipli-

1128 1281 1201 1302 cem
1230 1269 1424 1303 doctrinam
1448 1277 1659 1314 spectemus,
1693 1283 1797 1315 quam
1821 1269 1916 1305 Deus
1940 1283 2002 1315 per
2026 1268 2116 1303 hanc

1128 1320 1284 1362 linguam
1305 1318 1462 1353 humano
1488 1332 1612 1363 genere
1634 1321 1846 1365 impertivit,
1879 1333 1940 1355 seu
1964 1321 2114 1354 suavita—

1128 1377 1197 1403 tem
1229 1382 1268 1403 ac
1297 1371 1523 1414 elegantiam,
1561 1371 1663 1405 facile
1693 1372 1847 1415 primum
1877 1372 1992 1405 locum
2023 1371 2116 1404 obti-

1129 1420 1235 1454 nebit.

1229 1470 1317 1504 Nam
1343 1471 1496 1515 primum
1521 1469 1601 1505 huic
1621 1473 1762 1516 linguae
1779 1471 1874 1506 Deus
1892 1484 2024 1506 novum
2045 1471 2117 1505 Te-

1128 1528 1357 1562 stamentum,
1392 1519 1458 1555 hoc
1489 1530 1556 1561 est,
1591 1535 1665 1555 eam
1694 1524 1912 1561 doctrinam,
1948 1523 2046 1556 cuius
2072 1523 2116 1555 ad

1127 1584 1192 1605 nos
1215 1572 1386 1605 nuncium
1408 1584 1446 1605 ac
1464 1571 1652 1606 Doctorem
1675 1580 1854 1607 aeternum
1878 1573 1988 1606 filium
2015 1584 2116 1606 suum

1127 1622 1241 1663 misit,
1269 1622 1497 1656 concredidit.
1551 1623 1640 1657 Cum
1663 1624 1756 1656 enim
1782 1624 1934 1668 populus
1955 1622 2117 1656 Iudaicus

1127 1679 1272 1718 propter
1293 1673 1582 1716 ingratitudinem
1606 1686 1624 1707 a
1648 1675 1757 1717 gratia
1781 1674 1903 1707 divina
1926 1674 2118 1713 excidisset,

1128 1730 1230 1768 atque
1261 1724 1354 1757 iuxta
1384 1730 1540 1757 veterum
1575 1725 1798 1758 oraculorum
1829 1724 2117 1769 praedictionem,

1128 1774 1291 1816 gentihus
1313 1770 1397 1806 haec
1414 1774 1577 1819 mysteria
1597 1775 1801 1809 clementiae
1819 1775 1960 1807 divinae
1977 1786 2118 1808 annun-

1128 1824 1253 1857 cianda
1272 1830 1375 1868 atque
1393 1824 1572 1857 offerenda
1590 1833 1722 1866 essent,
1751 1832 1783 1858 et
1802 1824 2019 1858 Graecorum
2038 1837 2116 1858 cum

1128 1875 1244 1912 natio,
1280 1880 1354 1907 tum
1384 1874 1502 1917 lingua
1526 1875 1628 1918 longe
1654 1877 1792 1921 lateque
1814 1882 1898 1909 tunc
1923 1873 2042 1908 Asiam
2065 1882 2118 1908 at-

1129 1937 1195 1969 que
1213 1923 1393 1968 Europam
1416 1933 1662 1969 occupaverat:
1690 1926 1804 1959 voluit
1820 1925 1915 1959 Deus
1936 1923 2028 1959 hanc
2044 1926 2115 1958 lin-

1128 1986 1230 2018 guam
1249 1975 1322 2008 eius
1339 1976 1520 2009 doctrinae
1538 1977 1760 2020 potissimum
1778 1977 1943 2010 nunciam
1961 1983 1994 2010 et
2010 1976 2119 2009 mini—

1129 2033 1234 2060 stram
1253 2037 1335 2059 esse.

1233 2073 1290 2109 Ad
1314 2078 1594 2119 cognoscendum
1618 2077 1725 2121 igitur
1747 2085 1851 2123 atque
1871 2084 1962 2111 recte
1984 2076 2119 2110 intelli-

1129 2127 1281 2169 gendum
1323 2139 1454 2160 novum
1494 2127 1755 2162 Testamentum
1772 2155 1781 2169 ,
1829 2129 1925 2173 quod
1961 2127 2119 2161 continet

1130 2175 1361 2220 Evangelium
1384 2175 1538 2219 Christi,
1566 2178 1713 2212 omnino
1737 2191 1825 2223 opus
1847 2185 1896 2212 est
1918 2177 2024 2211 huius
2048 2177 2118 2210 lin-

1129 2239 1215 2271 guae
1235 2228 1379 2262 auxilio.
1439 2227 1527 2260 Nam
1553 2241 1630 2262 cum
1657 2236 1689 2262 et
1713 2230 1805 2262 filius
1828 2229 1892 2263 Dei
1917 2230 2118 2272 redemptor

1129 2284 1265 2319 noster,
1292 2278 1328 2311 in
1348 2276 1414 2311 hoc
1438 2278 1530 2311 libro
1554 2280 1597 2312 de
1621 2280 1724 2312 rebus
1748 2280 1974 2317 coelestibus,
2000 2280 2041 2311 de
2063 2290 2118 2311 re-

1129 2341 1197 2371 gno
1220 2327 1329 2373 patris
1352 2328 1425 2368 sui,
1453 2340 1604 2373 suoque,
1634 2331 1676 2361 de
1701 2337 1838 2363 aeterna
1865 2330 1974 2363 salute
1999 2336 2116 2363 nostra

1101 2383 1103 2393 '
1130 2380 1175 2413 ita
1191 2378 1445 2422 significanter,
1473 2380 1518 2413 ita
1535 2380 1690 2413 dilucide
1705 2381 1943 2419 concionetur,
1966 2380 2115 2414 utnulla

1129 2437 1304 2469 creatura,
1333 2430 1452 2462 nullus
1477 2430 1529 2462 vel
1550 2429 1725 2473 Angelus,
1755 2431 1808 2463 vel
1828 2429 1934 2465 homo
1955 2431 1999 2464 ita
2020 2431 2116 2473 loqui

1129 2533 1207 2564 dem
1225 2531 1261 2563 in
1280 2530 1429 2563 dicendo
1450 2531 1562 2564 lucem
1580 2532 1710 2565 imitari
1729 2533 1959 2571 studuerunt,
1987 2537 2016 2563 et
2035 2542 2114 2562 ora-

1101 2607 1103 2610 <
1128 2583 1259 2615 tionem
1292 2593 1387 2614 suam
1415 2582 1457 2613 ad
1481 2579 1612 2615 Christi
1638 2583 1870 2626 praeceptoris
1896 2582 1947 2614 sui
1977 2580 2115 2612 dicendi

1102 2626 1103 2641 ¹
1128 2634 1291 2674 figuram,
1334 2643 1437 2676 quam
1462 2632 1618 2675 proxime
1639 2633 1857 2667 effinxerunt.

1911 2631 2115 2674 Multaeque

1128 2681 1184 2716 bic
1203 2689 1282 2716 sunt
1301 2694 1418 2722 voces,
1445 2683 1574 2716 multae
1593 2684 1721 2726 figurae
1739 2696 1776 2716 ac
1796 2681 1956 2727 phrases,
1985 2681 2115 2714 multae
