2338 2958
223 108 291 147 191
711 100 869 137 DECL.
903 97 963 134 IN
995 96 1241 135 LAUDEM

220 198 248 230 si
266 197 309 229 ad
327 193 464 228 ordinis
481 188 783 226 conservationem
803 186 1003 231 pertinent,
1029 193 1063 221 et
1081 186 1212 230 absque

219 248 292 282 illis
310 246 441 280 maiora
457 242 570 277 teneri
591 252 665 273 non
687 244 845 282 possunt.
898 236 1022 283 Neque
1038 248 1121 270 vero
1137 237 1212 270 sine

220 299 276 333 his
291 289 414 342 primis
429 294 563 328 artibus
577 291 650 325 ulla
668 289 831 323 doctrina
847 295 1008 323 constare
1023 294 1152 333 potest,
1179 293 1214 320 et
1240 281 1241 320 ἶ

220 349 258 383 hi
279 349 406 393 gradus
424 353 527 389 atque
549 341 709 375 examina
732 338 827 374 hunc
850 340 1050 373 studiorum
1066 338 1215 372 artium-

222 413 289 447 que
307 399 470 431 ordinem
495 398 725 430 conservant,
750 389 1012 435 prohibentque
1034 389 1215 423 confusio-
1239 386 1242 432 Ι

223 464 302 485 nem
323 461 360 481 ac
379 445 693 491 perturbationem.
742 442 854 476 Porro
871 443 933 486 qui
949 442 992 474 ab
1008 438 1064 474 his
1080 441 1216 474 artibus
1240 443 1243 480 1

223 502 331 546 probe
349 497 522 535 instructi,
539 497 580 529 ad
599 494 797 538 superiores
813 492 1020 536 disciplinas
1037 493 1216 531 accedunt,
1241 494 1243 515 l

223 552 259 586 bi
284 550 456 584 foeliciter
478 549 514 580 in
542 547 613 580 illis
637 546 765 579 deinde
793 550 997 583 versantur,
1025 550 1057 577 et
1081 543 1216 576 fructus
1242 562 1245 587 ,

221 603 420 637 studiorum
439 611 584 633 suorum
603 598 802 631 uberrimos
822 594 1020 638 percipiunt
1040 595 1216 627 reddunt-
1242 591 1245 643 ξ

222 666 303 700 que.
357 650 421 685 Est
446 650 539 684 enim
567 647 651 681 haec
678 647 791 691 prima
808 658 846 678 ac
866 645 1012 688 puerilis
1029 645 1218 684 institutio,
1244 646 1245 664 ³

222 706 317 738 velut
348 703 414 736 flos
445 701 606 734 omnium
641 699 805 741 deinceps
835 703 1096 741 proventuum,
1131 707 1218 740 quos
1244 720 1246 727 .

222 755 404 790 redditura
422 760 502 786 sunt
523 750 676 793 ingenia.

250 827 283 858 Si
300 829 374 856 bene
391 825 544 853 llorueriut
563 821 678 860 (inquit
695 817 806 856 Ovid.)
824 824 947 857 segetes,
969 819 1023 846 erit
1042 827 1106 846 area
1125 817 1219 855 dives,

298 877 332 908 Si
348 878 422 905 bene
440 875 574 903 floruerit
590 874 694 908 vinea,
722 869 860 899 Bacchus
877 870 941 898 erit.

249 929 283 960 Si
300 931 374 958 bene
389 927 545 956 floruerint
561 926 642 953 oleae
654 946 661 960 ,
689 922 887 951 nitidissimus
903 931 1008 957 annus,

298 980 394 1010 Poma
411 988 531 1019 quoque
548 982 688 1005 eventum
704 975 847 1013 temporis
862 973 953 1002 huius
971 972 1092 1002 habent.

670 1021 764 1057 Dixi.

866 1193 930 1232 (an.
949 1192 1042 1223 1529.
1059 1192 1105 1219 vel
1124 1189 1175 1220 30.
1189 1188 1222 1228 Ρ)

872 1236 1223 1253 m

238 1199 304 1233 No.
323 1197 381 1233 23.

467 1300 590 1341 Laus
620 1297 735 1337 artis
766 1294 984 1336 medicae.

298 1382 375 1418 Apud
392 1382 464 1407 Crat.
478 1379 547 1414 lel.
567 1377 654 1412 p.236
667 1385 744 1410 sqq.,
765 1375 791 1400 in
807 1374 959 1415 peclamat.
981 1371 1045 1398 T.l.
1065 1370 1177 1405 p.291.,
1196 1371 1223 1396 in

327 1418 370 1443 ed.
389 1417 507 1443 Servest.
527 1414 549 1440 Ι.
569 1412 676 1447 p.251.,
694 1410 765 1445 apud
786 1408 914 1435 Richard.
942 1408 966 1434 Γ.
987 1408 1022 1433 ΙΙ.
1041 1406 1118 1440 p.96.

228 1497 355 1531 Oratio
377 1497 416 1529 in
445 1490 598 1527 lacedem
626 1490 730 1572 ανίἰῖ
744 1485 939 1529 medicae,
970 1482 1224 1531 Viteuberyae

657 1538 707 1573 ha
733 1539 802 1572 ita.

228 1616 392 1659 Vereor,
429 1617 507 1650 Viri
529 1612 759 1659 amplissimi,
793 1623 836 1645 ne
865 1610 926 1656 qui
957 1611 999 1644 de
1024 1608 1224 1643 Medicinae

229 1673 401 1716 dignitate
426 1669 516 1701 male
538 1665 755 1704 existiment,
782 1675 860 1696 cum
880 1674 954 1695 eam
973 1661 1123 1694 subinde
1147 1661 1225 1694 lau-

230 1725 334 1759 dibus
359 1720 496 1759 ornari,
523 1725 556 1751 et
577 1715 746 1751 encomiis
770 1713 940 1748 celebrari
961 1725 979 1745 a
997 1712 1108 1745 nostri
1129 1712 1224 1745 ordi-

230 1776 286 1809 nis
316 1772 520 1807 hominibus
545 1769 702 1802 audiant.
765 1764 946 1799 Omnibus
979 1764 1073 1796 enim
1102 1763 1137 1796 iu
1166 1775 1226 1796 ore

230 1834 299 1867 est,
322 1825 426 1858 rebus
441 1834 501 1867 per
518 1833 553 1854 se
571 1830 695 1865 parum
714 1815 870 1851 honestis
889 1827 927 1848 ac
945 1812 1113 1859 pulchris,
1141 1814 1226 1847 alie-

230 1891 277 1911 no
304 1882 452 1913 ornatu,
487 1880 519 1906 et
547 1869 719 1905 orationis
744 1869 824 1901 suco
852 1878 941 1911 opus
968 1878 1058 1906 esse,
1097 1866 1226 1910 quibus

231 1927 542 1964 commendentur,
571 1922 714 1967 quando
737 1917 828 1952 nihil
855 1919 891 1951 in
916 1930 951 1950 se
976 1915 1127 1955 habeut,
1155 1929 1225 1961 quo

231 1980 297 2014 sibi
314 1978 461 2022 gratiam
481 1982 539 2008 aut
557 1976 662 2007 decus
680 1977 813 2015 parent.
859 1969 957 2003 Sicut
976 1968 1150 2002 foeminae
1170 1969 1225 2000 in-

232 2031 400 2065 honestae
433 2041 471 2061 ac
495 2026 691 2064 deformes,
730 2023 810 2067 quia
843 2021 936 2065 ipsae
962 2017 1227 2064 pulchritudine

233 2089 363 2118 carent,
393 2093 409 2113 a
428 2089 565 2112 cerussa
583 2077 715 2110 formae
731 2073 973 2107 adiumentum
992 2077 1128 2116 petunt,
1156 2082 1227 2116 quo

234 2147 267 2167 se
297 2133 374 2166 aliis
402 2130 594 2163 venditent.
648 2126 713 2159 llis
739 2124 784 2170 (si
804 2124 864 2169 qni
884 2123 983 2164 sunt)
1007 2123 1119 2156 nostri
1142 2133 1227 2155 con-

233 2185 301 2219 silii
325 2183 496 2216 rationem
515 2179 728 2213 reddendam
748 2176 851 2215 duxi,
889 2187 931 2207 ue
951 2187 987 2207 re
1005 2174 1106 2206 aliter
1124 2180 1227 2219 atque

234 2244 282 2269 est
313 2234 506 2271 intellecta,
542 2238 573 2264 et
601 2230 686 2262 salsa
722 2226 950 2272 persuasione
987 2225 1149 2265 adducti,
1184 2225 1227 2257 de

235 2286 420 2329 disciplina
449 2283 624 2329 praeclara
655 2280 775 2324 inique
808 2278 983 2315 iudicent,
1019 2284 1077 2310 aut
1101 2277 1143 2309 de
1163 2273 1228 2309 ho—

235 2338 342 2371 nestis
360 2337 456 2369 sactis
472 2333 655 2367 inhoneste
673 2330 918 2375 pronuncient.
948 2328 1020 2361 Nos
1037 2340 1108 2360 non
1128 2339 1228 2372 prae·
1253 2342 1255 2370 ¹,

235 2388 529 2422 dic..mnslat1.les
550 2383 768 2421 Medicinae,
797 2388 834 2415 ut
853 2381 882 2413 ei
901 2380 1047 2423 gratiam
1066 2387 1094 2412 et
1117 2391 1225 2411 venu—
1253 2375 1255 2382 ⁴

236 2448 358 2474 stati-in
379 2438 624 2474 conciliemus,
652 2435 794 2479 qnando
813 2440 907 2466 tanta
925 2431 1001 2464 eius
1025 2431 1140 2464 nativa
1158 2431 1227 2463 ele-

236 2491 353 2534 gantia
372 2497 400 2521 et
424 2489 582 2521 innatum
604 2493 651 2519 est
668 2487 790 2523 decus„
819 2491 856 2517 ut
874 2483 1012 2516 nullum
1033 2495 1103 2514 non
1124 2482 1228 2514 modo

238 2541 451 2577 lenocinium
472 2539 635 2583 requirat„
664 2538 720 2570 sed
738 2537 841 2569 etiam
860 2547 922 2567 nec
940 2534 1011 2567 ulla
1030 2541 1102 2567 arte
1119 2533 1228 2574 magis

238 2592 399 2627 exornari
426 2591 552 2635 possit.
589 2602 692 2634 qnam
723 2588 843 2621 nativo
875 2584 1113 2630 pulcherrimo
1141 2585 1229 2622 frico,

239 2646 295 2677 sed
325 2656 395 2688 quo
429 2641 709 2674 adolescentibus
744 2637 858 2671 adhue.
893 2649 1009 2670 rerum
1046 2636 1229 2680 nuperius.

238 2697 311 2729 eius
344 2694 566 2739 splendorem
595 2705 632 2723 ae.
662 2691 876 2724 maiestatem
907 2689 1149 2726 ostondmnns,
1187 2699 1230 2719 ne

1274 97 1457 135 ARTts
1491 95 1770 133 MEDICAE.
2188 96 2261 132 192

1239 200 1240 205 ¹
1267 186 1449 229 ignorent,
1476 176 1648 229 quantum
1666 181 1753 218 haee
1770 194 1826 218 ars
1842 184 1880 217 in
1899 188 1935 218 se
1949 182 2038 218 boni
2055 180 2202 225 babeat,
2228 190 2263 218 et

1268 236 1509 281 imprudentes
1531 246 1604 268 rem
1635 234 1850 278 singularem
1881 242 2120 279 praetereant,
2153 241 2193 269 ut
2213 241 2266 269 est

1267 300 1305 321 ea
1323 293 1415 320 aetas
1437 285 1568 318 infirmi
1587 286 1747 326 consilii,
1773 293 1807 320 et
1826 297 2007 330 praeceps,
2030 298 2146 331 neque
2168 286 2265 319 iudi-

1268 338 1341 379 cio,
1371 338 1431 370 sed
1457 336 1608 379 libidine
1631 337 1764 377 fertur,
1789 337 1819 370 si
1844 337 1875 371 ei
1893 338 1980 375 dux,
2009 349 2114 382 quem
2138 339 2264 371 admo-

1268 395 1411 422 nentem
1447 395 1633 432 sequatur,
1676 388 1839 422 defuerit.
1903 387 2036 420 Verum
2070 389 2265 422 admodum

1271 441 1390 484 paucis
1417 440 1459 472 de
1492 450 1530 472 re
1561 438 1776 483 amplissima
1804 439 1940 479 dicam,
1975 439 2073 484 quod
2103 439 2266 482 intelligo

1269 489 1357 524 mihi
1377 502 1452 523 eam
1481 490 1654 523 sermonis
1679 489 1816 533 copiam
1845 497 1877 524 et
1901 489 2135 524 benedicendi
2156 489 2270 523 facul-

1271 549 1378 576 tatem
1395 542 1531 581 deesse,
1560 553 1665 586 quam
1689 541 1764 574 eius
1789 541 1874 574 artis
1895 541 2043 575 virtutes
2061 541 2270 585 deposcunt,

1271 594 1298 626 si
1317 591 1504 626 hominum
1521 593 1633 626 oculis
1651 589 1817 625 exhibere
1835 592 1934 626 velis.
1988 591 2109 637 Neque.
2126 604 2165 624 eo
2182 603 2270 625 con-

1272 645 1351 678 silio
1369 642 1460 676 banc
1479 643 1697 688 provinciam
1715 643 1870 686 suscepi,
1895 643 1989 688 quod
2011 640 2077 676 hoc
2097 655 2152 676 me
2169 654 2271 686 prae-

1273 696 1439 729 stiturum
1457 695 1668 728 confiderem
1680 721 1690 734 ,
1717 695 1775 727 sed
1794 706 1836 726 ne
1854 694 1892 726 iu
1912 691 2185 738 pulcherrimam
2201 705 2270 727 no-

1273 746 1338 779 stri
1374 744 1563 791 Gymnasii
1603 745 1895 779 consuetudinem
1938 756 2134 789 peccarem,
2180 756 2270 788 quae

1274 798 1362 831 tanti
1388 796 1492 829 bonis
1515 796 1600 830 viris
1623 803 1693 836 est,
1721 803 1759 830 ut
1784 808 1857 829 non
1874 796 2040 830 dubitent
2055 795 2214 829 difficilia
2237 802 2274 828 et.

1275 849 1404 885 ardua,
1433 854 1465 880 et
1484 859 1627 891 prorsus
1643 859 1732 892 quae
1750 859 1855 892 snpra
1879 857 1959 880 suas
1977 847 2069 880 vires
2091 853 2174 880 sunt
2193 858 2272 880 mo-

1276 899 1354 938 liri,
1387 899 1495 931 modo
1519 899 1617 931 illam
1642 906 1794 932 servent.
1854 898 1974 941 Quare
1997 900 2081 931 dum
2109 897 2272 941 publicae

1274 949 1420 983 utilitati
1438 949 1609 983 inservire
1635 961 1763 987 conor,
1792 956 1825 983 et
1843 950 1899 993 pie
1914 949 2078 994 quidem,
2103 949 2185 982 licet
2209 960 2274 993 pa-

1275 1014 1355 1034 rum
1386 1000 1579 1040 foeliciter,
1613 1012 1668 1033 me
1697 1012 1825 1045 quaeso
1855 1000 2008 1044 benigne
2031 1006 2066 1033 et.
2099 1000 2275 1044 patienter

1278 1053 1408 1086 audite.
1473 1050 1514 1085 In
1543 1051 1742 1095 disciplinis
1777 1063 1867 1096 quae
1901 1051 2155 1084 excellentibus
2191 1050 2276 1083 illu-

1276 1103 1403 1137 strium
1422 1100 1608 1136 hominum
1629 1102 1782 1145 ingeniis
1802 1102 1967 1135 inventae
1985 1110 2086 1140 sunt,
2109 1108 2142 1135 et
2160 1101 2275 1134 incre-

1277 1154 1381 1187 dibili
1399 1154 1559 1197 gravium
1574 1154 1732 1186 virorum
1749 1165 1843 1194 cura,
1863 1160 1896 1186 et
1911 1152 2086 1186 industria
2103 1153 2275 1196 perfectae

1278 1213 1310 1238 et
1328 1205 1502 1248 expolitae
1515 1231 1524 1245 ,
1551 1216 1588 1237 ea
1608 1204 1771 1248 princeps
1788 1217 1827 1237 ac
1845 1204 1965 1247 regina
1990 1203 2181 1238 existimari
2199 1203 2277 1236 sine

1278 1256 1518 1290 controversia
1551 1256 1673 1295 debet,
1717 1267 1807 1299 quae
1841 1253 2034 1289 honestatis
2066 1255 2275 1299 splendore,

1278 1306 1441 1341 utilitatis
1458 1306 1723 1349 magnitudine,
1751 1306 1982 1339 iucunditatis
1998 1306 2173 1339 illecebris
2189 1305 2276 1339 reli—

1279 1369 1366 1403 quas
1389 1369 1511 1390 omnes
1535 1357 1664 1396 vincit,
1691 1364 1764 1390 tum
1788 1357 1894 1389 rebus
1911 1354 2078 1390 humanis
2096 1357 2134 1390 in
2151 1357 2275 1400 primis

1279 1408 1472 1442 necessaria
1488 1414 1554 1445 est,
1581 1419 1685 1452 qnam
1703 1419 1775 1440 esse
1795 1406 2026 1449 Medicinam,
2052 1414 2091 1441 ut
2106 1419 2199 1448 vere,
2227 1408 2274 1441 ita

1279 1467 1313 1493 et
1336 1460 1445 1492 libere
1470 1458 1705 1503 pronunciare
1726 1455 1819 1491 nihil
1844 1470 2026 1497 veremur,
2051 1471 2140 1504 quae
2164 1456 2277 1492 hone·-

1279 1518 1368 1544 stam
1399 1522 1516 1543 rerum
1548 1509 1764 1543 naturalium
1792 1509 1993 1550 scientiam,
2027 1517 2060 1544 et
2084 1510 2276 1554 elegantem

1280 1559 1455 1595 humanae
1473 1568 1619 1594 naturae
1633 1560 1870 1603 cognitionem
1887 1561 2142 1605 complectitur,
2167 1573 2279 1607 eaque

1280 1613 1405 1650 tradit,
1440 1612 1570 1657 quibus
1599 1611 1653 1644 vel
1681 1612 1811 1644 bonam
1840 1612 2080 1646 valetudinem
2116 1618 2278 1647 tueamur

1280 1671 1311 1698 et
1327 1670 1577 1703 sustentemus,
1600 1662 1655 1695 vel
1673 1663 1800 1695 malam
1819 1663 2035 1707 corrigamus
2054 1675 2093 1697 ac
2109 1665 2276 1697 emende-

1280 1727 1378 1755 mus,
1413 1715 1456 1747 ad
1495 1711 1596 1753 haec,
1632 1714 1716 1758 quid
1753 1715 1929 1747 commodi
1965 1722 2023 1748 aut
2059 1715 2276 1749 incommodi

1281 1777 1439 1811 quaeque
1470 1777 1523 1798 res
1550 1765 1654 1798 nobis
1679 1765 1850 1799 adferant.
1916 1764 2011 1808 Quid
2039 1774 2154 1799 autem
2182 1767 2277 1800 bono

1281 1818 1371 1856 viro,
1398 1824 1430 1849 et
1449 1816 1650 1849 excellentis
1670 1816 1800 1859 ingenii
1821 1814 1958 1849 bomini
1977 1814 2170 1857 honestius,
2188 1818 2274 1863 quid

1282 1868 1426 1911 melius,
1451 1867 1534 1912 quid
1553 1867 1710 1910 dignius,
1739 1880 1842 1912 qnam
1863 1868 1992 1901 versari
2018 1868 2054 1901 in
2079 1881 2200 1902 earum
2220 1881 2278 1902 re-

1282 1931 1360 1953 rnm
1383 1918 1614 1963 inquisitione
1637 1926 1669 1952 et
1690 1918 1934 1961 indagatione,
1963 1932 2112 1964 (piarum
2131 1920 2276 1954 seientia

1282 1978 1315 2004 et
1336 1970 1553 2014 splendoris,
1582 1977 1614 2004 et
1637 1970 1916 2012 magnificentiae
1938 1970 2130 2014 plurimum
2150 1968 2278 2006 habet?

1281 2034 1384 2055 usum
1401 2033 1482 2054 vero
1502 2033 1539 2054 ac
1557 2021 1710 2054 fructum
1731 2022 1954 2060 immensum,
1977 2021 2197 2068 maximeque
2214 2035 2267 2056 na-

1282 2080 1397 2107 turam
1415 2084 1531 2106 rerum
1552 2072 1711 2105 omnium
1731 2079 1907 2115 parentem
1928 2073 2097 2115 attingit?
2135 2072 2278 2119 lamque

1283 2125 1442 2157 animum
1466 2124 1627 2157 attollere
1652 2120 1779 2160 humo,
1815 2130 1847 2157 et
1876 2123 2041 2156 sublimia
2069 2131 2205 2169 petere,
2240 2132 2280 2159 ut

1283 2176 1371 2209 aeris
1395 2182 1556 2208 naturam
1583 2181 1616 2208 et
1632 2174 1718 2207 coeli
1747 2174 1817 2206 vim
1843 2175 2009 2219 inspicias
2038 2182 2069 2209 et
2098 2175 2279 2219 vigilanti-

1282 2228 1348 2260 bns
1369 2227 1480 2260 oculis
1506 2226 1541 2259 in
1567 2225 1608 2259 iis
1633 2226 1812 2265 observes,
1847 2239 1936 2270 qnae
1961 2239 2042 2259 cura
2066 2235 2097 2261 et
2123 2227 2278 2261 admira—

1283 2279 1378 2312 tione
1398 2279 1503 2320 (ligna
1518 2284 1610 2314 sunt.
1632 2289 1790 2322 «piaeque
1806 2277 1982 2310 rmunmdi
2000 2286 2058 2312 aut
2076 2278 2278 2311 detrimenti

1282 2329 1414 2375 aliquid
1435 2327 1620 2363 hominum
1643 2335 1788 2361 naturae
1805 2329 2030 2373 portendant,
2057 2336 2093 2363 ut
2112 2329 2223 2374 possis
2241 2337 2273 2363 et

1283 2381 1548 2414 cornmoditates
1578 2391 1616 2412 ex
1651 2380 1817 2413 ‹unnibus
1848 2381 2050 2424 decerpere.
2087 2387 2118 2413 et
2145 2382 2273 2414 damna

1283 2445 1413 2465 cavere.
1471 2430 1542 2464 lam
1568 2443 1650 2463 vero
1683 2431 1832 2464 infinitis
1866 2429 2054 2464 herbarum
2090 2431 2278 2474 generibus
2323 2435 2327 2440 ”

1284 2482 1566 2526 contemplandis
1589 2489 1620 2515 te
1645 2483 1792 2520 dedere,
1826 2483 1946 2528 ibique
1972 2483 2035 2516 (liu
2060 2483 2208 2519 morati„
2245 2491 2277 2517 et

1285 2534 1432 2579 propius
1457 2545 1665 2576 cognoscere
1691 2533 1916 2567 admirabiles
1938 2533 2016 2566 illas
2043 2540 2074 2565 et
2097 2534 2200 2577 plane.
2223 2534 2279 2567 di—

1285 2587 1383 2618 xinas
1399 2598 1518 2619 earum
1538 2585 1683 2618 xii-nuos
1700 2592 1802 2630 atque
1819 2597 1918 2629 opes,
1946 2597 2035 2629 qnae
2056 2592 2125 2618 tani
2150 2585 2277 2622 variae,

1285 2645 1352 2669 tam
1380 2643 1592 2681 praestantes
1621 2644 1761 2681 tamque
1785 2635 2011 2668 incredibiles
2035 2643 2131 2674 sunt.
2159 2643 2196 2670 ut
2221 2636 2278 2669 ni·

1285 2687 1333 2721 hil
1354 2690 1508 2732 prolecto
1531 2687 1565 2719 in
1595 2687 1666 2731 ipsa
1685 2694 1808 2720 natura
1828 2687 1890 2724 sit,
1917 2694 1973 2721 aut
1997 2688 2157 2729 dignius,
2185 2688 2279 2732 quod
