2338 2958
222 139 271 174 23

227 223 311 268 quid
334 235 428 265 non,
462 223 600 268 plenius
623 236 661 257 ac
682 223 808 256 melius
823 220 1021 269 Chrysippo
1044 230 1077 258 et
1097 222 1211 258 Cran-

227 281 302 308 tore
320 274 416 308 dicit.
467 273 542 307 Hac
557 274 655 307 nulla
679 274 770 307 vitae
793 285 891 318 pars,
917 286 1031 319 neque
1056 275 1211 319 publica,

228 336 342 370 neque
361 325 494 369 privata
517 336 637 357 vacare
656 331 779 367 potest.
831 323 926 358 Huic
951 325 1210 360 administratio

228 387 346 409 rerum
379 376 595 408 urbanarum
618 375 958 421 domesticarumque
984 376 1098 410 debet.
1158 375 1211 408 Ac

229 427 344 459 nescio
363 438 407 459 an
424 426 559 458 minore
582 425 808 459 incommodo
833 427 986 459 mundus
1011 424 1068 459 hic
1092 433 1211 459 noster

229 477 320 516 sole,
347 477 464 509 animo
483 476 643 510 videlicet
657 488 720 509 suo
746 477 918 510 cariturus
935 476 996 516 sit,
1024 489 1128 521 quam
1153 474 1211 509 hi-

229 527 353 567 storia,
381 526 537 559 civilium
556 527 780 570 negociorum
797 527 898 562 ratio.
936 525 1120 560 Consensu
1137 540 1211 560 ma—

229 577 342 610 iorum
370 583 571 610 nostrorum
595 578 806 611 celebratum
830 584 896 615 est,
931 576 1053 610 Musas
1072 590 1112 610 ex
1136 590 1210 611 me-

229 627 339 661 moria
358 635 455 661 natas
473 639 556 663 esse.
607 627 680 668 Eo,
708 628 746 660 ni
763 628 882 668 fallor,
900 628 1153 671 significatum,
1171 641 1210 661 ex

229 676 374 712 historia
390 690 495 711 omne
511 678 638 712 artium
655 690 762 721 genus
781 691 934 714 manare.
985 677 1212 722 Complector

228 740 309 771 ergo
325 726 577 773 Philosophiae
595 730 737 762 nomine
753 729 932 762 scientiam
951 736 1112 770 naturae,
1135 743 1210 763 mo-

228 791 306 812 rum
322 780 495 818 rationes,
523 786 556 813 et
572 780 739 824 exempla.
794 780 934 823 Quibus
952 781 1011 826 qui
1031 787 1120 814 recte
1145 781 1212 813 im-

228 831 333 864 butus
366 830 492 870 suerit,
528 830 587 862 ille
610 829 701 864 viam
727 831 794 863 sibi
827 832 870 864 ad
904 842 1042 865 summa
1071 831 1210 864 muniit.

227 879 357 914 Causas
380 888 520 914 acturus
546 878 689 915 habebit
720 883 815 915 unde
845 881 990 915 divitem
1023 894 1138 915 rerum
1173 894 1211 914 ac

227 932 379 975 amplam
399 931 594 965 orationem
608 933 752 966 condat:
778 931 967 966 Civitatem
986 933 1211 966 administra-

228 988 348 1021 turus,
381 983 476 1015 unde
497 983 616 1027 aequi,
650 983 753 1021 boni,
788 984 869 1016 iusti
901 984 1071 1017 formulas
1105 990 1209 1027 petat.

227 1031 405 1066 Nimirum
425 1031 509 1066 haec
519 1031 770 1077 Philosophiae
787 1035 970 1066 commoda
980 1032 1210 1067 Demostheni

229 1083 422 1117 clarissimo
453 1081 600 1117 Oratori
629 1085 702 1117 visa
726 1091 826 1125 sunt,
867 1096 929 1117 cur
955 1091 1024 1117 tam
1053 1091 1212 1117 accurate

229 1146 302 1166 eam
321 1134 537 1168 adulescenti
556 1135 694 1167 cuidam
719 1135 991 1168 commendarit:
1013 1131 1139 1179 νόμιζε
1160 1132 1211 1170 δέ.

225 1183 379 1229 Reliqua
397 1185 462 1229 ipsi
477 1185 513 1218 in
525 1183 667 1218 Erotico
685 1185 798 1229 legite.
839 1184 1021 1219 M.Cicero
1037 1198 1211 1231 nusquam

226 1247 297 1268 non
327 1236 424 1269 dedit
447 1233 698 1280 Philosophiae
724 1236 874 1281 primas,
909 1244 942 1270 et
965 1237 1112 1270 audistis
1135 1235 1212 1280 opi-

226 1298 312 1325 nor,
340 1286 425 1331 quid
443 1287 502 1320 ille
522 1286 557 1319 in
575 1287 838 1331 comparatione
851 1287 963 1321 Servii
982 1287 1152 1331 Sulpicii,
1177 1293 1212 1320 et

227 1335 272 1380 Q.
295 1336 461 1371 scevolae
486 1336 673 1372 Iuriscons.
698 1339 875 1383 quendam
912 1334 1032 1384 σοφόν
1056 1337 1209 1372 Romani

226 1388 539 1429 cognominarunt,
566 1389 730 1422 admirati
755 1390 898 1422 uberem
925 1389 960 1421 iu
985 1401 1024 1421 eo
1046 1386 1211 1421 Philoso-

227 1435 410 1482 phicarum
429 1451 545 1472 rerum
562 1439 755 1473 scientiam.
809 1437 942 1472 Verum
968 1440 1062 1483 quod
1087 1439 1131 1472 ad
1156 1451 1210 1472 sa—

226 1500 283 1522 cra
309 1489 452 1531 attinet,
489 1490 681 1532 plurimum
709 1490 813 1522 refert
846 1490 1022 1533 quomodo
1050 1489 1208 1523 animum

226 1551 416 1583 compares.
469 1539 558 1573 Nam
577 1540 603 1572 si
621 1541 715 1584 quod
735 1540 933 1573 studiorum
960 1551 1088 1583 genus,
1113 1552 1209 1573 sacra

225 1591 381 1633 profecto
414 1591 636 1635 potissimum
668 1591 827 1633 ingenio,
860 1603 925 1624 usu
949 1597 982 1624 et
1006 1603 1090 1624 cura
1123 1602 1210 1635 opus

225 1638 366 1675 habeut.
420 1639 483 1676 Est
499 1642 591 1674 enim
611 1642 700 1675 odor
716 1649 978 1685 unguentorum
997 1642 1132 1674 domini
1152 1654 1210 1674 su·-

226 1703 287 1736 per
323 1689 556 1726 humanarum
591 1692 858 1737 disciplinarum
893 1699 1067 1725 aromata:
1109 1693 1209 1726 Duce

225 1741 380 1801 Spiritu,
409 1744 535 1777 comite
561 1743 689 1776 artium
715 1750 914 1777 nostrarum
940 1743 1056 1783 cultu,
1084 1743 1125 1775 ad
1155 1755 1208 1775 sa-

225 1804 280 1826 era
299 1794 418 1826 venire
442 1795 534 1827 licet.
587 1794 688 1827 Sicut
705 1795 748 1827 ad
766 1793 1021 1827 Ilerculianum
1040 1793 1087 1831 St
1092 1805 1209 1826 nesius

225 1845 361 1877 scribit:
391 1843 602 1889 51315wfrg11÷1w
619 1840 990 1889 εὐθυιιυιςδιαρίώῃς
1006 1841 1208 1889 ([ιῑοσοφια

222 1892 413 1939 χρώιιειος
445 1896 479 1934 ἐς
507 1894 548 1930 τὸ
581 1896 687 1929 ‘mov
721 1892 971 1943 πολημῖούση
1001 1894 1109 1942 ἀξια)
1113 1891 1209 1929 (ἕστε.

227 1944 264 1978 ld
290 1947 316 1978 si
342 1947 397 1979 cui
424 1959 496 1979 non
524 1947 681 1986 videtur
707 1947 833 1990 cogitet
859 1954 995 1991 praeter
1017 1953 1151 1979 caetera
1177 1953 1209 1980 et

225 1995 459 2031 orstchalcum
485 2010 502 2030 a
524 1995 644 2042 Tyriis
673 1998 708 2030 in
733 1998 853 2039 templi
879 1997 1014 2042 Solymi
1039 1997 1207 2030 fabricam

225 2047 390 2081 collatum
409 2061 492 2082 esse.
547 2047 667 2093 ltaque
684 2061 763 2081 cum
776 2046 972 2089 Theologia
994 2049 1119 2091 partim
1135 2047 1208 2081 He—

225 2098 359 2136 braica.
386 2099 513 2142 partim
532 2098 667 2132 Graeca
686 2099 750 2140 sit,
779 2111 858 2132 nam
878 2099 995 2132 Latini
1016 2099 1109 2132 rivus
1127 2099 1208 2131 illo-

227 2160 304 2181 rum
336 2149 510 2189 bibimus,
545 2150 684 2191 linguae
714 2157 876 2184 externae
898 2150 1084 2183 discendae
1114 2157 1208 2191 suut,

226 2211 269 2231 ne
298 2200 404 2233 veluti
433 2198 542 2246 κωιῙὰ
564 2197 765 2244 πρόσωπα,
801 2214 880 2234 cum
909 2199 1101 2243 Theologis
1127 2213 1205 2243 aga-

225 2262 314 2285 mus.
371 2249 421 2283 lbi
452 2264 487 2284 se
514 2252 681 2295 splendor
715 2253 902 2285 verborum
939 2265 976 2285 ac
1013 2253 1208 2297 proprietas

225 2301 374 2344 aperiet,
403 2310 434 2336 et
462 2309 608 2346 patescet
629 2303 719 2335 velut
747 2303 838 2336 intra
857 2303 1050 2337 meridiana
1077 2304 1205 2336 cubilia

226 2363 328 2384 verus
359 2353 416 2385 ille
447 2366 483 2385 ac
516 2353 689 2394 genuinus
715 2354 834 2387 literae
857 2365 989 2389 sensus,
1043 2354 1205 2387 Proxime

224 2415 302 2435 cum
323 2403 457 2436 literam
479 2404 926 2449 percepimus„sequemur
948 2403 1132 2439 elenchum
1151 2418 1205 2439 re-

224 2465 314 2489 rum.
371 2454 549 2487 Facessont
571 2455 637 2487 iam
662 2462 713 2488 tot
736 2455 882 2497 frigidae
902 2457 1093 2499 glossulae‚
1120 2469 1204 2489 cou-

224 2505 446 2543 coi-«tantiae,
481 2505 754 2545 discordantiam
790 2515 820 2540 ct
845 2507 871 2539 si
900 2520 988 2551 quae
1011 2515 1090 2540 sunt
1116 2508 1204 2541 ali-w

225 2555 355 2597 ingenii
384 2568 550 2588 remorae.
618 2555 732 2600 Atque
756 2569 834 2589 cum
859 2558 995 2591 animos
1021 2560 1062 2591 ad
1091 2560 1203 2592 sontes

222 2607 492 2644 contulerimus.
520 2605 700 2639 Christum
719 2620 836 2650 sapere
854 2608 1077 2651 incipiemus.
1104 2623 1203 2643 mau-

223 2658 342 2690 ‹latum
376 2658 448 2690 eius
486 2658 638 2691 tucidum
676 2659 778 2690 uobis
805 2660 877 2696 fwt,
912 2666 943 2692 ct
969 2669 1106 2693 nectare
1140 2661 1201 2693 illo

223 2709 322 2742 beato
347 2709 488 2743 divinae
511 2710 702 2754 sapientiae
728 2711 989 2754 pessumdentur.
1053 2711 1096 2745 ΑΙ
1121 2724 1199 2745 cum

626 136 785 174 DECL.
817 127 892 173 DE
927 135 1342 174 CORRIGENDIS
1375 136 1542 174 ADOL.
1577 137 1826 174 STUDIIS.

2189 139 2238 174 24

1263 224 1300 257 in
1322 223 1436 256 vineis
1459 220 1624 266 Engaddi
1649 234 1815 268 cyperum
1845 222 2052 266 legerimus,
2085 231 2246 258 occurret

1262 284 1410 318 sponsus
1428 273 1555 306 saliens
1573 285 1677 316 super
1695 280 1842 312 montes,
1861 280 1893 306 et
1905 274 2123 308 transsiliens
2141 286 2246 319 super

1262 324 1387 367 colles,
1415 324 1564 357 ductos
1556 337 1592 356 ιη
1615 323 1750 357 Palatia
1770 321 1872 357 Eden
1889 330 1985 374 ΡἾἹἾ
2011 326 2123 363 ruffin
2140 337 2244 359 succo

1263 375 1400 419 liquido
1410 372 1450 420 ¹,)
1465 375 1645 417 flagrante,
1659 374 1695 407 in
1714 374 1790 418 pios
1801 372 1829 420 ²)
1849 375 1987 408 animos
2003 376 2199 410 diflueute
2190 388 2248 408 ln·-

1262 432 1386 468 unget,
1411 437 1450 458 ac
1473 432 1585 458 morte
1610 425 1721 458 osculi
1745 425 1962 468 dignabitur.
2016 425 2118 459 Illius
2137 438 2248 459 mem-

1263 475 1335 509 bris
1369 475 1494 509 inserti
1527 476 1704 516 vivemus,
1735 475 1964 520 spirabimus,
1999 476 2249 520 vegetabimur,

1263 526 1351 561 Sion
1367 526 1662 570 contemplantes,
1697 533 1730 560 et
1747 526 1888 560 silentio
1902 523 2171 573 upvqtolut'vorqu
2184 525 2249 560 Sa-

1264 577 1331 610 lem
1355 578 1552 612 adorantes.
1612 575 1681 609 Hic
1710 577 1867 610 coelestis
1891 578 2084 621 sapientiae
2113 577 2248 611 fructus

1263 634 1323 663 est.
1375 626 1463 661 Eam
1483 627 1591 671 igitur
1609 639 1713 672 quam
1732 628 1917 671 purissime
1941 640 2015 661 non
2039 627 2249 673 interpolla-

1263 685 1333 712 tam
1351 679 1481 712 nostris
1507 678 1652 721 argutiis
1672 678 1839 712 colamus.
1893 677 1931 712 ld
1960 679 2054 724 quod
2079 691 2157 712 cum
2182 678 2250 711 ali-

1263 729 1399 774 quoties
1424 729 1575 762 inculcat
1596 728 1748 769 Paulus,
1775 736 1849 762 tum
1874 729 1911 762 in
1936 727 2097 773 Epistola
2121 730 2163 762 ad
2184 728 2250 762 Ti-

1264 787 1338 813 tum
1361 781 1483 813 sedulo
1509 793 1527 813 a
1551 777 1746 813 Christiani
1770 777 1927 813 hominis
1947 780 2109 814 doctrina
2131 779 2250 823 exigit,

1263 828 1524 877 ἀδιαφθορίαν
1547 830 1800 873 integritatem,
1836 827 1903 864 hoc
1933 837 2004 871 est,
2035 842 2086 863 ne
2113 830 2249 868 lubrica

1262 881 1307 914 sit
1325 881 1420 915 fides.
1473 880 1611 914 Deinde
1628 877 1834 926 σεμνότητα
1852 881 2065 915 mundiciem
2077 905 2086 920 ,
2103 878 2169 914 hoc
2186 887 2250 922 est,

1264 944 1308 965 ne
1337 931 1461 965 alienis
1488 931 1601 966 literis
1636 931 1796 976 improbe
1829 943 1924 965 sacra
1955 931 2246 967 contaminemus.

1264 980 1408 1026 Opinor
1424 983 1518 1027 quod
1538 983 1697 1016 futurum
1718 982 1870 1023 sciebat,
1895 983 1922 1016 si
1941 983 2048 1016 sacris
2065 979 2249 1027 prophana

1265 1033 1514 1073 miscerentur,
1542 1033 1634 1071 sore,
1670 1039 1709 1066 ut
1742 1033 1849 1066 simul
1883 1031 2059 1077 prophani
2092 1033 2250 1074 affectus,

1264 1084 1363 1124 odia,
1390 1083 1505 1118 studia
1536 1083 1748 1124 factionum,
1775 1081 1978 1124 schismata,
2002 1083 2134 1127 iurgia,
2165 1095 2252 1116 con-

1264 1134 1381 1167 sertim
1405 1134 1643 1169 succederent.
1696 1133 1851 1167 Proinde
1876 1134 1936 1180 qui
1961 1135 2092 1167 divinis
2115 1133 2249 1167 initiari

1265 1185 1375 1226 volet,
1405 1183 1519 1218 Adam
1540 1184 1642 1217 illum
1660 1191 1810 1218 veterem
1829 1191 1932 1218 exuat
1952 1191 2110 1229 oportet,
2137 1191 2176 1218 ut
2193 1185 2250 1217 in-

1265 1235 1532 1280 corruptibilem
1558 1234 1674 1268 Adam
1705 1235 1850 1277 induat,
1883 1233 1951 1270 hoc
1974 1242 2040 1276 est,
2075 1233 2250 1269 humanos

1264 1287 1427 1327 affectus,
1455 1286 1640 1331 ipsumque
1656 1286 1776 1319 callidi
1791 1287 1963 1331 serpentis
1979 1286 2099 1329 iugum
2123 1297 2249 1330 supera

1264 1337 1393 1371 virtute
1422 1337 1578 1380 frangat,
1613 1337 1784 1378 excutiat,
1817 1343 1857 1371 ut
1891 1337 1927 1370 in
1963 1337 2074 1380 gloria
2102 1336 2249 1371 Domini

1264 1388 1536 1421 transformetur
1552 1387 1590 1420 in
1604 1388 1768 1432 abyssum
1791 1388 1948 1432 abyssus.
2002 1386 2079 1420 Hoc
2104 1399 2186 1420 sane
2211 1387 2249 1420 in

1263 1449 1364 1471 causa
1389 1445 1464 1471 erat
1487 1450 1550 1470 cur
1573 1438 1724 1471 dicerem
1747 1450 1813 1471 usu
1839 1438 2020 1472 literarum
2046 1438 2249 1471 destitutam

1263 1486 1474 1529 Ecclesiam,
1493 1500 1611 1521 veram
1631 1500 1670 1522 ac
1686 1500 1888 1531 germanam
1904 1489 2066 1533 pietatem
2086 1488 2251 1522 traditio-

1264 1539 1368 1572 nibus
1386 1536 1550 1572 humanis
1569 1539 1699 1572 alicubi
1717 1547 1879 1573 mutasse.
1925 1538 2115 1584 Postquam
2132 1536 2250 1572 homi-

1263 1602 1348 1623 num
1366 1596 1562 1623 commenta
1578 1590 1714 1634 placere
1739 1597 1946 1634 coeperunt,
1975 1597 2007 1623 et
2023 1601 2142 1623 amore
2165 1601 2251 1635 ope-

1263 1653 1340 1674 rum
1359 1647 1562 1674 nostrorum
1579 1641 1678 1680 victi,
1707 1653 1770 1685 pro
1794 1653 1922 1674 manna
1944 1638 2164 1684 Beelphegor
2184 1652 2249 1684 gu-

1260 1691 1443 1731 stavimus,
1458 1688 1621 1724 homines
1630 1689 1855 1736 ῃοιιχριστοί
1863 1703 1935 1725 esse
1947 1692 2136 1735 coepimus.
2152 1690 2249 1725 Haec

1263 1742 1367 1774 velim
1391 1742 1436 1774 ita
1453 1742 1568 1773 dicere
1588 1743 1723 1781 videar,
1751 1749 1789 1776 ut
1806 1743 1932 1776 sentio.
1983 1743 2107 1777 Sentio
2133 1749 2249 1777 autem

1263 1791 1410 1825 omnino
1428 1791 1524 1824 aliud
1550 1789 1659 1832 nihil,
1686 1804 1791 1836 quam
1816 1794 1912 1837 quod
1930 1791 2163 1835 Evangelicae
2190 1806 2249 1827 ve-

1263 1842 1355 1876 ritati
1380 1840 1555 1875 Ecclesiae
1578 1843 1727 1875 decretis
1760 1843 1948 1886 probatur,
1987 1843 2122 1887 eritque
2158 1841 2250 1876 mihi

1261 1894 1355 1939 quod
1372 1892 1524 1926 Hebraei
1543 1893 1665 1927 dicunt
1691 1900 1812 1931 50³2&
1839 1901 1984 1933 mmm
2009 1891 2142 1939 ³:3¹)
2176 1892 2249 1927 lam

1262 1957 1304 1977 ne
1320 1945 1466 1977 obscure
1484 1943 1701 1987 intelligitis,
1724 1951 1895 1989 quantum
1913 1945 1955 1978 sit
1980 1945 2018 1977 in
2036 1944 2251 1979 renascenti-

1263 1996 1326 2028 bus
1344 1995 1471 2029 studiis
1488 1995 1678 2034 momenti,
1705 2002 1877 2040 quantum
1895 1997 1937 2028 ad
1960 1995 2167 2029 excolendas
2184 1995 2250 2029 bo-

1262 2059 1324 2079 nas
1355 2053 1489 2079 mentes
1521 2047 1746 2080 conducant?
1798 2046 1914 2089 Quem
1947 2059 2019 2079 nou
2048 2045 2250 2080 miserescat

1261 2097 1450 2141 superioris
1467 2097 1606 2138 aetatis,
1632 2109 1721 2142 quae
1747 2104 1817 2130 tam
1836 2097 1928 2130 clara
1949 2097 2025 2130 luce
2050 2097 2249 2130 studiorum

1262 2150 1395 2181 deserta
1407 2176 1415 2186 ,
1445 2148 1480 2181 in
1496 2147 1570 2182 orci
1588 2148 1766 2186 tenebras,
1792 2155 1823 2181 et
1841 2148 1958 2181 nescio
1975 2159 2060 2192 quas
2076 2147 2187 2181 faeces
2204 2147 2249 2180 li—

1261 2207 1414 2233 terarum
1434 2198 1583 2232 incidit?
1635 2198 1750 2242 Quem
1769 2211 1839 2232 nou
1857 2205 1973 2241 tangat
1995 2199 2117 2241 ingens
2136 2198 2248 2232 nostri

1261 2251 1368 2283 seculi
1389 2250 1586 2290 calamitas,
1609 2251 1702 2295 quod
1723 2257 1754 2283 et
1778 2249 1923 2283 vetustis
1946 2247 2157 2282 authoribus
2183 2261 2250 2283 no-

1260 2301 1420 2336 stratium
1454 2301 1589 2335 incuria
1621 2301 1784 2334 orbatum
1812 2308 1882 2341 est,
1918 2300 2045 2334 deinde
2081 2301 2176 2346 quod
2210 2297 2250 2334 hi

1260 2365 1400 2398 quoque
1424 2353 1510 2386 lucri
1536 2352 1692 2385 fecissent
1712 2364 1751 2385 ex
1776 2352 1898 2391 bonis,
1926 2352 1961 2384 ni
1979 2351 2164 2395 periissent
2193 2349 2246 2384 illi

1258 2403 1457 2438 desiderati.
1519 2403 1685 2447 Superest
1711 2403 1836 2445 igitur,
1864 2402 2030 2441 iuvenes,
2062 2408 2099 2435 nt
2122 2401 2245 2435 audia-

1259 2455 1320 2493 tis,
1348 2467 1550 2500 quanquam
1576 2454 1620 2488 ita
1638 2466 1673 2487 se
1694 2467 1745 2487 res
1764 2451 1907 2493 habeat,
1936 2460 1967 2487 et
1985 2452 2141 2486 difficilia
2165 2452 2248 2492 sint,

1258 2519 1346 2551 quae
1365 2503 1511 2550 pulchra
1528 2512 1628 2546 sunt,
1655 2511 1770 2538 tamen
1790 2505 1836 2539 ita
1854 2505 1969 2539 vincet
1985 2503 2158 2538 industria
2176 2503 2247 2537 dis-

1294 2633 1318 2658 Ι)
1338 2631 1406 2654 Sunt
1429 2631 1507 2656 verba
1527 2630 1552 2656 in
1574 2630 1649 2656 Cant.
1671 2635 1740 2657 canl.
1767 2632 1787 2658 Ι,
1807 2630 1830 2656 9,

1288 2675 1314 2706 9)
1334 2675 1406 2699 Text.
1427 2675 1542 2703 ιήυιιηε,
1563 2673 1709 2703 merul-um
1731 2676 1796 2706 puto
1820 2671 1995 2697 scribendum
2017 2673 2046 2696 ιή
2064 2673 2133 2701 pin«.

1287 2725 1314 2759 8)
1335 2725 1443 2751 Potiu„
1465 2719 1546 2749 'it-”2⁸
1571 2726 1675 2748 nar-..ti
1699 2724 1777 2750 rux.
1800 2727 1861 2747 ,mni
1879 2724 1949 2747 enin·
1971 2722 2051 2748 natm
2070 2721 2138 2747 Pul.
2156 2721 2188 2747 91
2214 2718 2228 2742 ⁴
