2338 2958
173 130 248 168 759

181 214 339 255 decrevi,
372 222 542 257 speroque
575 218 686 241 meam
717 218 839 239 vocem
869 205 1022 239 multum
1048 204 1090 237 ad
1112 215 1175 238 vos

183 265 416 301 consolandos
440 261 627 293 valituram
652 269 743 298 esse,
778 268 852 289 non
876 256 990 289 solum
1011 255 1093 300 quia
1116 253 1175 289 hic

184 315 274 351 mihi
299 317 394 349 locus
420 311 580 355 superior
604 309 696 341 inter
718 320 780 341 vos
805 308 996 341 attributus
1021 313 1090 346 est,
1115 306 1177 340 sed

185 368 299 402 multo
329 363 439 406 magis
463 361 544 406 quia
571 372 681 393 meam
704 359 922 391 voluntatem
947 369 1026 401 erga
1052 355 1178 390 Eccle-

188 419 286 456 siam,
313 422 346 448 et
365 412 577 446 moesticiam
597 422 708 443 meam
725 409 790 454 ipsi
808 408 967 449 novistis,
994 415 1033 441 ut
1046 407 1177 451 aegroti

188 467 326 502 facilius
344 463 598 508 aegrotantium
615 472 792 494 sermones
808 467 840 493 et
855 459 1002 493 consilia
1018 459 1179 493 audiunt.

189 517 382 551 Vobiscum
399 521 513 547 autem
533 512 677 557 perinde
693 519 732 545 ut
747 523 881 544 mecum
899 510 1044 556 loquar,
1072 516 1105 543 et
1119 521 1180 542 ve—

190 576 298 603 stram
321 564 534 599 moesticiam
562 563 684 595 iisdem
709 562 875 595 remediis
893 561 1003 594 lenire
1020 560 1181 597 studebo,

191 618 320 665 quibus
352 628 414 660 ego
443 621 622 659 utcunque
653 625 707 645 me
730 619 899 647 sustento.
960 610 1051 645 Cum
1075 611 1181 644 video

191 670 289 704 triste
306 668 440 701 bellum
458 666 495 700 in
514 664 705 698 Germania
722 669 857 696 motum
874 673 964 703 esse,
989 668 1021 695 et
1038 662 1127 695 sicut
1144 660 1181 693 in

190 719 357 754 incendio
388 717 557 762 paulatim
587 715 742 747 diversas
773 713 935 757 regiones
959 711 1184 752 inflammari,

192 782 342 814 agnosco
371 766 586 801 horrendam
608 765 696 797 iram
722 763 811 804 Dei,
843 776 916 797 non
941 763 1055 796 solum
1083 774 1183 806 prae-

192 821 304 855 sentia
321 819 424 859 mala,
451 817 572 850 caedes
587 822 639 849 tot
654 813 855 855 hominum,
880 813 1088 858 disciplinae
1103 825 1184 858 per-

192 871 430 906 turbationem
454 875 486 901 et
504 866 697 900 multorum
718 865 877 899 locorum
896 864 1106 898 vastationes
1124 864 1185 896 de-

192 923 306 967 ploro.
358 920 427 954 Sed
443 917 552 961 magis
566 917 670 950 etiam
687 916 836 955 crucior,
859 916 955 961 quod
969 915 1091 948 nullus
1105 915 1186 947 finis

192 973 368 1007 bellorum
393 969 552 1003 civilium
576 967 729 1012 prospici
754 973 878 1011 potest.
930 966 1047 1000 Semel
1070 972 1186 999 motae

193 1023 314 1058 civiles
337 1019 533 1054 discordiae
557 1030 631 1051 non
651 1018 719 1051 nisi
737 1018 896 1051 miranda
916 1017 982 1051 Dei
1000 1028 1083 1061 ope,
1108 1022 1187 1061 post

193 1074 305 1108 multa
329 1071 445 1106 secula
468 1071 646 1103 sedantur.
697 1068 844 1102 Interim
869 1068 897 1101 si
918 1068 1034 1102 studia
1052 1066 1186 1100 doctri-

194 1137 279 1166 nae,
308 1130 348 1157 ut
372 1121 504 1156 alicubi
529 1120 604 1153 fieri
629 1119 734 1160 solet,
761 1119 1031 1162 extinguantur,
1059 1118 1115 1150 vel
1131 1118 1187 1150 in-

194 1175 361 1210 teriturae
378 1179 459 1206 sunt
470 1169 647 1204 Ecclesiae
663 1170 835 1210 funditus,
862 1169 917 1202 vel
933 1176 1023 1202 certe
1040 1168 1187 1213 squalli-

195 1227 310 1261 diores
334 1223 446 1257 multo
466 1228 588 1261 erunt,
616 1227 649 1254 et
667 1218 812 1253 horrida
828 1219 1009 1253 barbaries
1026 1225 1186 1251 secutura

196 1284 262 1312 est:
290 1282 329 1310 ut
346 1281 423 1319 post
441 1272 693 1317 Apostolorum
713 1277 872 1310 aetatem,
898 1276 1021 1303 ruente
1038 1268 1186 1312 imperio

194 1328 378 1364 Romano,
406 1323 550 1357 excidiis
575 1322 718 1355 urbium
743 1320 980 1361 eruditarum,
1008 1320 1129 1353 literae
1155 1325 1187 1352 et

196 1377 357 1413 doctrina
373 1373 551 1408 Ecclesiae
566 1372 669 1406 simul
687 1371 734 1405 ita
751 1383 936 1416 oppressae
954 1377 1047 1412 sunt,
1072 1376 1111 1404 ut
1129 1369 1187 1403 vix

196 1430 321 1464 umbra
340 1425 465 1460 veteris
482 1423 663 1458 doctrinae
680 1422 858 1456 manserit.

297 1477 442 1512 Talium
460 1476 633 1509 malorum
650 1473 931 1507 consideratione
947 1485 1026 1506 cum
1044 1483 1140 1506 nunc
1156 1477 1190 1504 et

197 1530 438 1565 contabescam
465 1538 497 1561 et
520 1537 726 1566 consumar,
753 1536 815 1558 vos
839 1537 980 1570 quoque
998 1521 1188 1557 excruciari

196 1595 270 1616 non
302 1580 437 1613 dubito.
500 1577 569 1612 Sed
595 1577 630 1609 in
656 1573 722 1609 lioc
747 1577 870 1609 dolore
896 1572 1008 1615 hanc,
1042 1581 1081 1607 ut
1105 1573 1190 1613 dixi,

197 1631 469 1678 promissionem
500 1628 603 1661 nobis
634 1638 890 1671 proponamus,
923 1626 1019 1670 quod
1045 1635 1189 1657 mansn-

197 1696 272 1717 ram
298 1693 370 1715 esse
386 1679 454 1713 Dei
471 1677 663 1712 Ecclesiam
688 1677 835 1717 scimus,
862 1676 962 1709 cuius
984 1674 1189 1719 promissio-

197 1735 254 1768 nis
277 1731 418 1767 oracula
444 1742 522 1763 cum
546 1729 657 1762 multa
684 1728 810 1771 passim
834 1733 952 1760 extent
975 1726 1011 1758 in
1037 1722 1190 1770 propbe-

198 1786 263 1819 tica
289 1790 321 1817 et
338 1781 525 1826 apostolica
552 1779 731 1818 doctrina,
760 1789 854 1810 nunc
879 1776 1064 1821 praecipue
1090 1775 1190 1808 vobis

199 1835 287 1869 illud
321 1832 466 1867 recitare
498 1830 656 1871 decrevi,
694 1829 788 1874 quod
813 1834 905 1862 extat
928 1828 1022 1872 apud
1046 1825 1189 1860 Esaiam

200 1899 272 1931 cap.
287 1883 348 1919 59.
372 1882 468 1928 quod
493 1894 532 1914 eo
554 1881 669 1914 visum
686 1887 736 1913 est
751 1877 834 1913 hnic
852 1879 929 1912 loco
946 1877 1191 1912 accommoda-

199 1939 285 1977 tius,
312 1935 394 1981 quia
412 1945 483 1966 non
503 1933 616 1965 solum
633 1932 675 1964 de
692 1930 895 1964 aeternitate
912 1927 1089 1963 Ecclesiae
1105 1940 1191 1961 cou-

199 1989 381 2025 cionatur,
417 1984 476 2017 sed
503 1983 607 2016 etiam
634 1982 695 2027 qui
720 1988 838 2015 coetus
861 1980 906 2014 sit
931 1978 1087 2013 Ecclesia
1111 1978 1191 2018 Dei,

200 2048 233 2073 et
257 2037 317 2071 ubi
340 2037 404 2075 sit,
433 2036 552 2075 docet,
577 2040 607 2067 et
636 2033 753 2066 laudat
778 2030 1014 2064 ministerium
1040 2029 1190 2062 docendi

200 2087 403 2131 Evangelii,
440 2093 472 2119 et
496 2096 560 2117 nos
584 2085 626 2117 ad
653 2094 807 2116 amorem
831 2081 989 2114 discendi
1013 2079 1191 2114 exuscitat.

200 2141 295 2174 Haec
320 2145 368 2173 est
387 2143 501 2170 autem
520 2134 642 2168 concio
662 2133 725 2167 Dei
746 2134 838 2178 apud
857 2130 1015 2166 Esaiam:
1043 2131 1120 2164 Hoc
1141 2136 1193 2163 est

201 2192 324 2225 foedus
350 2199 465 2221 meum
493 2198 571 2219 cum
597 2185 663 2226 eis,
698 2184 783 2217 dicit
808 2182 1001 2223 Dominus,
1038 2181 1192 2226 Spiritus

202 2253 298 2275 meus
316 2240 375 2285 qui
395 2244 444 2271 est
463 2237 498 2270 in
516 2244 561 2277 te,
589 2243 621 2269 et
641 2236 744 2269 verba
761 2246 836 2267 mea
855 2245 943 2279 quae
963 2233 1061 2277 posui
1079 2233 1115 2265 in
1131 2244 1192 2266 ore

202 2302 281 2332 tuo,
310 2303 380 2323 non
404 2288 566 2323 recedent
589 2288 632 2320 de
656 2298 715 2319 ore
741 2293 821 2323 tuo,
845 2291 878 2318 et
903 2285 946 2317 de
969 2297 1028 2317 ore
1049 2283 1192 2317 seminis

202 2344 273 2383 tui,
305 2341 389 2374 dicit
422 2338 619 2379 Dominus,
656 2337 821 2381 deinceps
850 2347 960 2380 usque
993 2335 1027 2368 in
1062 2334 1191 2379 sempi-

202 2404 354 2428 ternum.

305 2442 399 2477 t'ulo
421 2448 467 2473 est
487 2445 707 2484 pracceptum
728 2436 876 2470 inomni
896 2436 987 2477 vita,
1014 2448 1193 2480 opponere

203 2493 450 2530 communibus
481 2490 656 2523 aerumnis
690 2486 755 2521 hoc
789 2488 924 2521 illustre
951 2487 1191 2520 testimoninm

203 2545 369 2580 bonitatis
392 2542 550 2575 dixinae:
579 2541 672 2585 qnod
699 2539 860 2573 videlicet
887 2539 1053 2582 prodiens
1076 2551 1115 2571 ex
1135 2550 1192 2572 ar-

203 2611 287 2632 cana
317 2608 376 2628 sua
402 2595 500 2630 sede,
534 2591 650 2631 generi
676 2589 831 2623 hnmano
855 2602 890 2623 se
916 2589 1095 2633 patefecit,
1131 2601 1192 2623 sua

204 2662 284 2682 voce
301 2645 443 2681 tradidit
462 2642 728 2687 promissionem
748 2641 1044 2674 reconciliationis
1060 2647 1091 2673 ct
1103 2640 1192 2673 vitae

203 2707 373 2737 aeternae,
391 2703 422 2729 et
438 2695 547 2727 filium
566 2692 672 2731 misit,
692 2699 725 2724 ut
744 2699 829 2725 essct
847 2692 1013 2736 placator.
1041 2689 1190 2725 Etiamsi

369 124 529 164 DECL.
563 122 636 159 DE
670 116 1028 156 DISCRIMINE
1061 116 1391 154 ECCLESIAE
1422 117 1522 155 DEI
1554 118 1629 155 ΕΤ
1661 120 1779 159 ΙΜΡ.
1814 118 2013 157 MUNDI.

2135 118 2212 153 760

1226 215 1346 239 sumus
1374 204 1412 238 in
1441 206 1578 249 magnis
1607 207 1784 240 aerumnis
1811 206 2065 253 aliquantisper
2089 203 2128 238 in
2153 201 2221 237 hac

1227 256 1320 297 vita,
1353 262 1472 290 tamen
1495 257 1665 291 laetemur
1689 254 1756 290 hoc
1781 264 1880 291 tanto
1902 257 2093 295 beneficio,
2124 254 2221 300 quod

1228 306 1324 341 Deus
1354 306 1539 341 nobiscum
1569 307 1790 341 familiariter
1820 308 1998 352 loquitur,
2035 314 2068 341 et
2098 304 2222 339 multis

1229 357 1366 400 magnis
1381 358 1563 392 miraculis
1578 365 1726 392 testatur
1739 370 1776 391 se
1793 358 2032 401 confugientes
2047 358 2090 391 ad
2108 355 2222 390 filium

1230 421 1311 442 vere
1333 408 1506 453 recipere,
1533 409 1718 450 exaudire,
1744 415 1778 442 et
1800 409 1952 442 aeternis
1967 409 2068 442 bonis
2084 417 2224 441 ornare.

1232 459 1312 494 Non
1337 459 1447 493 simus
1471 460 1558 493 adeo
1583 459 1685 501 duri,
1709 460 1833 499 ferrei,
1858 466 1898 493 ut
1922 456 1987 492 hac
2005 465 2099 494 tanta
2118 456 2226 492 honi-

1233 517 1302 545 tate
1320 507 1413 543 nihil
1430 522 1652 551 moveamur,
1678 517 1711 544 et
1728 509 1965 544 existimemus
1982 520 2048 542 nos
2062 520 2136 542 non
2152 518 2226 541 esse

1233 573 1337 595 curae
1351 559 1448 603 Deo,
1468 573 1548 595 cum
1565 569 1637 596 tam
1650 561 1872 594 familiariter
1886 572 1920 593 se
1935 559 2054 603 generi
2069 556 2226 592 humano

1234 612 1438 648 ostenderit.
1493 611 1539 646 Ut
1554 620 1670 646 autem
1686 612 1797 645 edidit
1813 610 2084 655 promissionem
2100 609 2144 642 de
2159 620 2229 642 no-

1234 669 1304 696 stra
1321 663 1451 704 salute,
1475 663 1523 696 ita
1538 663 1699 697 adfirmat
1714 674 1749 696 se
1764 669 1903 696 coetum
1921 661 2074 706 aliquem
2090 669 2229 703 semper

1236 720 1456 747 servaturum
1481 725 1571 755 esse,
1598 715 1636 747 in
1661 725 1732 758 quo
1758 720 1790 747 et
1813 718 1915 746 sonet
1938 724 2006 745 vox
2030 709 2230 754 Evangelii,

1237 771 1271 798 et
1294 763 1545 808 amplectentes
1567 777 1643 798 eam
1664 776 1804 805 vocem,
1830 761 2000 797 haeredes
2019 761 2123 796 faciat
2137 760 2230 795 vitae

1237 821 1410 850 aeternae.

1340 872 1423 907 Ideo
1451 873 1542 917 apud
1568 871 1710 906 Esaiam
1739 873 1886 907 dicitur:
1920 871 1999 907 Hoc
2029 878 2081 907 est
2107 870 2232 906 foedus

1238 936 1358 957 meum
1382 936 1461 958 cum
1486 923 1546 957 eis.
1598 922 1645 958 Et
1664 924 1778 970 qualis
1796 925 1841 958 sit
1858 923 2088 967 gubernatio,
2113 920 2233 967 qualia

1239 975 1309 1009 sint
1324 975 1492 1008 beneficia
1508 974 1546 1007 in
1563 971 1630 1008 hoc
1646 982 1758 1015 coetu,
1781 975 1886 1008 verba
1904 975 2108 1009 ostendunt.
2154 969 2232 1006 Ad-

1240 1027 1358 1060 firmat
1389 1025 1427 1058 in
1450 1037 1510 1059 ore
1533 1026 1747 1070 posteritatis
1772 1037 1911 1069 semper
1934 1035 2136 1059 mansuram
2160 1033 2234 1056 esse

1240 1069 1458 1117 doctrinam,
1492 1076 1762 1120 promissionem
1787 1077 1952 1110 traditam
1976 1073 2176 1120 prophetis,
2199 1080 2235 1107 et

1240 1125 1306 1161 hac
1335 1139 1419 1160 voce
1449 1127 1631 1160 doctrinae
1653 1126 1808 1170 Spiritus
1837 1135 1977 1161 sanctus
2006 1124 2166 1160 accendit
2195 1124 2234 1157 in

1241 1177 1463 1211 auditoribus
1488 1189 1617 1210 novam
1644 1178 1776 1219 lucem,
1810 1177 2040 1222 sapientiam,
2075 1183 2108 1210 et
2132 1174 2235 1209 iusti·-

1241 1229 1330 1261 ciam
1349 1234 1538 1263 aeternam.

1343 1286 1408 1320 Est
1433 1286 1540 1330 igitur
1557 1284 1713 1320 Ecclesia
1730 1285 1795 1320 Dei
1820 1294 1938 1321 coetus
1955 1285 2142 1320 hominum
2160 1297 2236 1319 am-

1242 1338 1397 1382 plectens
1413 1335 1647 1381 Evangelium
1660 1365 1669 1377 ,
1696 1337 1732 1370 in
1757 1351 1827 1383 quo
1846 1346 1946 1372 coetu
1963 1337 2058 1371 Deus
2074 1336 2236 1370 ministe-

1243 1389 1296 1422 rio
1314 1387 1500 1430 Evangelii
1526 1399 1605 1420 vere
1630 1394 1677 1420 est
1696 1388 1813 1420 efficax
1825 1415 1833 1427 ,
1861 1395 1893 1421 et
1911 1388 2096 1431 agentibus
2111 1387 2236 1430 poeni-

1243 1439 1410 1479 tentiam,
1436 1445 1469 1471 et
1487 1438 1714 1471 credentibus
1731 1439 1958 1482 promissioni
1977 1437 2237 1472 reconciliatio-

1243 1490 1315 1530 nis,
1350 1490 1409 1522 dat
1439 1488 1613 1533 Spiritum
1645 1496 1803 1522 sanctum
1835 1496 1869 1523 et
1899 1489 2006 1523 vitam
2037 1495 2236 1523 aeternam:

1244 1541 1376 1574 interea
1392 1551 1474 1573 vero
1493 1539 1529 1572 in
1547 1537 1612 1572 hac
1628 1539 1697 1573 vita
1715 1540 1819 1573 multi
1837 1540 1982 1574 admixti
1999 1547 2082 1574 sunt
2094 1551 2166 1573 non
2181 1550 2237 1573 re-

1243 1591 1338 1631 nati,
1364 1590 1424 1636 qui
1441 1597 1557 1624 tamen
1575 1591 1619 1624 de
1635 1590 1795 1624 doctrina
1814 1591 2053 1627 consentiunt.

1345 1657 1475 1691 Procul
1506 1665 1622 1692 autem
1654 1670 1693 1691 ex
1719 1659 1898 1692 mentibus
1923 1666 1955 1693 et
1979 1671 2018 1692 ex
2041 1657 2139 1692 omni
2163 1668 2238 1691 ser-

1243 1721 1348 1743 mone
1378 1708 1559 1742 eiiciamus
1592 1709 1735 1742 illorum
1765 1710 1921 1749 somnia,
1955 1709 2015 1755 qui
2041 1706 2236 1742 Ecclesiam

1243 1759 1311 1794 Dei
1342 1771 1515 1804 nusquam
1541 1760 1636 1792 cerni
1662 1759 1780 1800 aiunt,
1814 1767 1846 1793 et
1871 1760 2021 1804 pingunt
2048 1758 2116 1792 sibi
2141 1765 2237 1791 extra

1245 1818 1359 1845 totum
1390 1821 1499 1853 genus
1531 1807 1750 1849 humanum,
1791 1822 1916 1854 agmen
1947 1809 2127 1843 invisibile
2159 1815 2238 1842 tan-

1245 1873 1348 1907 quam
1381 1859 1521 1894 ldaeam
1551 1859 1782 1894 Platonicam.
1838 1860 1923 1895 Vult
1953 1859 2050 1894 Deus
2079 1858 2239 1894 exaudifi

1245 1911 1437 1946 Ecclesiam
1465 1911 1500 1944 in
1527 1918 1599 1945 toto
1617 1923 1742 1954 genere
1760 1909 1938 1953 humano,
1966 1912 2041 1946 vult
2059 1923 2134 1944 eam
2152 1921 2239 1944 con-

1245 1963 1343 2008 spici.
1396 1961 1476 1996 Non
1500 1963 1629 1996 frustra
1653 1974 1688 1995 se
1715 1962 1893 2006 patefecit,
1927 1963 2002 1997 vult
2024 1973 2060 1996 se
2082 1960 2239 2006 agnosci,

1245 2013 1380 2051 audiri,
1406 2013 1516 2056 accipi
1533 2024 1612 2045 suas
1628 2013 1897 2056 promissiones,
1922 2020 1961 2046 ut
1978 2013 2014 2045 in
2032 2012 2165 2056 psalmo
2181 2011 2239 2044 di-

1245 2064 1351 2097 citur:
1379 2061 1418 2096 ln
1442 2075 1583 2096 omnem
1605 2069 1733 2096 terram
1757 2063 1863 2097 exivit
1879 2074 1987 2097 sonus
2004 2075 2138 2097 eornm.
2189 2059 2239 2096 Et

1246 2114 1376 2148 Paulus
1394 2113 1526 2159 inquit:
1554 2112 1653 2156 Quos
1670 2114 1790 2157 elegit,
1818 2111 1881 2147 hos
1899 2120 1931 2148 et
1950 2113 2099 2150 vocavit.

1348 2179 1479 2225 Magna
1497 2181 1690 2215 consolatio
1706 2188 1755 2215 est
1772 2177 1837 2214 hoc
1855 2180 1968 2225 ipsum
1985 2180 2091 2221 scire,
2119 2180 2239 2214 nullos

1246 2244 1394 2277 usquam
1425 2232 1552 2266 electos
1573 2232 1615 2265 ad
1642 2232 1749 2265 vitam
1774 2239 1951 2265 aeternam
1977 2243 2068 2270 esse,
2105 2231 2174 2265 nisi
2200 2231 2237 2265 in

1246 2281 1311 2317 boc
1334 2283 1473 2327 agmine
1500 2289 1721 2322 vocatorum,
1747 2289 1779 2316 et
1799 2282 1998 2316 doctrinam
2014 2283 2076 2316 filii
2093 2281 2157 2317 Dei
2174 2294 2239 2316 an-

1246 2334 1420 2368 dientium
1438 2342 1469 2368 et
1485 2334 1789 2378 amplectentium,
1814 2341 1847 2367 et
1863 2346 1999 2378 semper
2016 2333 2051 2367 in
2069 2346 2109 2367 eo
2127 2333 2239 2377 agmi-

1247 2398 1289 2418 ne
1307 2385 1443 2430 aliquos
1460 2397 1532 2418 esse
1548 2385 1685 2419 electos.
1739 2383 1832 2418 llaec
1850 2385 2043 2418 consolatio
2061 2397 2140 2418 cum
2157 2396 2238 2427 gra-

1246 2437 1377 2469 tissima
1404 2436 1480 2478 piae
1507 2435 1615 2468 menti
1641 2447 1712 2469 esse
1737 2436 1881 2473 debeat.
1909 2436 2237 2480 circumspectemus

1246 2487 1306 2520 ubi
1335 2487 1377 2520 sit
1396 2485 1570 2523 Ecclesia,
1595 2486 1654 2519 ubi
1680 2487 1774 2520 cerni
1795 2487 1921 2530 possit,
1948 2494 1984 2520 ut
2004 2485 2154 2520 sciamus
2171 2496 2238 2519 nos

1246 2550 1386 2583 quoque.
1410 2538 1501 2570 cives
1528 2538 1602 2570 eius
1628 2550 1711 2572 esse.
1773 2538 1892 2580 Quare
1915 2548 2050 2580 semper
2073 2537 2121 2569 ibi
2148 2537 2238 2570 scia-

1247 2601 1324 2622 mus
1342 2601 1420 2621 vere
1439 2601 1511 2622 csse
1530 2588 1592 2622 Dei
1611 2586 1805 2623 Ecclesiam
1818 2615 1826 2626 ,
1854 2588 1913 2621 nbi
1935 2587 2169 2621 ministerium
2187 2594 2238 2621 est

1246 2638 1450 2683 Evangelii,
1488 2639 1521 2672 id
1555 2646 1622 2673 est:
1660 2641 1720 2672 ubi
1747 2652 1811 2671 vox
1838 2646 1936 2672 sonat
1966 2639 2148 2672 doctrinae
2173 2638 2237 2672 filii

1247 2691 1335 2726 Dei.
1365 2691 1451 2724 ritus
1476 2691 1519 2724 ab
1544 2691 1617 2735 ipso
1646 2690 1763 2724 traditi
1789 2697 1992 2728 servantur,
2016 2701 2104 2735 quos
2126 2689 2238 2723 voluit
