2338 2958
76 105 152 143 785
370 104 530 143 DECL.
583 107 657 144 DE
689 109 974 147 LUTHERO
1009 110 1083 147 ΕΤ

73 192 176 226 bolus
201 204 273 226 non
296 190 333 224 in
349 189 505 225 Ecclesia
532 199 688 236 tantum,
713 196 773 229 sed
797 196 901 230 etiam
920 196 956 229 in
976 196 1064 230 arti-

73 243 151 277 bus.
205 242 250 277 Ut
266 254 344 275 cum
361 239 586 287 philosophia
605 254 696 278 recte
713 247 901 281 constituta
918 254 1005 281 esset
1023 247 1061 280 in

71 293 231 326 doctrina
249 290 450 327 Aristotelis
468 301 499 327 et
517 292 771 339 Theophrasti,
799 305 917 342 postea
934 309 1060 342 pravae

22 370 25 378 .
70 349 215 376 naturae
241 343 358 377 studio
389 344 554 378 novitatis
585 347 783 389 petulanter
811 348 1060 393 quaesiverunt

68 404 178 426 novas
209 393 412 438 opiniones,
454 402 486 429 et
512 397 610 440 quasi
640 408 659 429 a
683 398 798 431 media
825 404 858 431 et
882 399 974 441 regia
1001 398 1058 431 via

67 444 279 485 dem-rantes,
297 445 491 478 contrarios
506 457 640 480 errores
658 448 835 491 amplexae
850 455 942 482 sunt.
968 447 1058 492 Epi-

67 505 171 527 curus
188 495 401 538 voluptatem
417 496 558 529 obviam
577 497 736 531 sensibus
755 498 914 542 arripuit.
962 498 1056 532 Huic

65 544 193 578 tribuit
225 544 391 591 ἀριστεῖα
425 543 490 579 hac
521 547 641 580 omnia
673 548 830 582 metitur.
882 548 1055 583 Removet

65 606 83 627 a
109 596 364 638 gubernatione
387 597 513 630 mundi
528 596 642 631 Deum
654 624 663 638 ,
689 605 724 632 et
740 599 969 632 audacissime
987 600 1055 632 fin-

64 645 113 688 git
128 657 166 679 ex
185 659 357 681 concursu
376 654 574 681 atomorum
597 659 678 681 casu
695 649 813 682 omnia
831 650 956 683 mundi
975 662 1053 684 cor-

63 707 148 739 pora
171 704 252 731 nata
275 710 361 731 esse:
397 695 491 731 hunc
515 697 633 731 Solem
657 711 760 743 quem
791 701 985 739 cernimus,
1019 708 1053 736 et

63 746 188 788 sidera,
204 748 347 783 fortuita
364 748 525 781 incendia
542 759 614 781 esse
631 749 732 783 dicit:
758 750 910 796 denique
926 759 964 785 ut
981 751 1052 784 sol-

62 805 120 831 vat
138 805 271 832 mentes
288 796 471 832 hominum
487 798 658 842 religione
675 807 707 833 et
730 800 884 844 legibus,
912 813 953 835 ex
969 802 1052 835 uni—

62 859 161 882 versa
178 856 303 884 natura
319 849 413 883 tollit
429 850 602 885 ordinem.
655 849 702 883 Hi
721 850 857 884 furores
874 864 953 886 cum
976 865 1050 886 non

60 898 237 942 placerent
251 899 389 933 Zenoni
405 900 481 933 viro
497 900 619 934 tetrico
632 927 641 941 ,
667 909 706 935 ut
723 914 828 946 quam
846 903 1049 946 longissime

59 949 105 982 ab
129 949 177 983 eis
200 951 388 992 recideret,
412 952 544 995 profert
561 958 670 984 metas
694 952 834 995 longius
853 953 925 998 ipse
944 966 1048 999 quam

59 1007 208 1044 oportet.
271 1000 334 1034 llle
357 1001 474 1034 omnia
502 1013 583 1035 casu
610 1002 683 1035 fieri
708 1002 860 1043 dixerat,
895 1011 928 1038 et
951 1004 1048 1037 volui

59 1052 178 1085 onmia
195 1051 270 1085 sine
289 1051 415 1085 ordine
431 1059 464 1086 et
481 1052 558 1085 sine
574 1053 786 1086 necessitate.
832 1053 900 1087 Hic
915 1062 1047 1096 contra,

58 1104 250 1137 necessarie
275 1109 309 1136 et
330 1102 465 1146 legibus
490 1103 644 1135 immotis
662 1104 814 1136 fatorum
835 1105 908 1137 fieri
925 1105 1045 1138 omnia

57 1154 260 1194 contendit,
286 1153 390 1187 etiam
407 1150 604 1186 Phalaridis
619 1153 760 1189 scelera.
799 1153 865 1188 Ille
882 1156 1046 1189 nomina-

56 1211 152 1238 verat
176 1205 289 1244 bona,
317 1203 549 1247 voluptatem,
578 1203 763 1244 virtutem,
791 1205 920 1238 bonam
948 1207 1045 1239 vale-

55 1256 235 1297 tudinem,
260 1254 418 1288 divitias:
446 1251 502 1287 hic
526 1254 636 1287 solam
658 1254 823 1288 virtutem
851 1258 1044 1290 contende-

54 1307 115 1340 bat
131 1307 264 1339 bonum
284 1316 367 1340 esse.
415 1303 479 1337 llle
497 1305 651 1338 adfectus
667 1317 788 1339 omnes
801 1306 938 1340 dicebat
958 1319 1043 1340 con-

54 1369 179 1402 gruere
197 1362 361 1393 naturae,
389 1355 491 1388 etiam
515 1355 724 1396 obscoenos,
751 1362 784 1389 et
807 1356 968 1390 inimicos
985 1369 1043 1391 so-

53 1407 170 1442 cietati
186 1405 378 1440 humanae:
405 1402 464 1438 hic
480 1405 608 1440 nullos.
663 1405 785 1439 Postea
804 1419 882 1440 cum
902 1406 1041 1441 Arcesi-

53 1458 104 1492 las
124 1458 257 1491 videret
276 1457 495 1502 quarundam
516 1456 794 1500 disputationum
818 1456 1041 1503 labyrinthos

53 1508 311 1543 inextricabiles
335 1518 427 1547 esse,
452 1507 591 1550 longius
614 1507 794 1551 proferens
815 1514 850 1541 et
871 1509 945 1552 ipse
962 1510 1039 1553 opi-

52 1561 202 1593 nionum
225 1565 353 1599 metas,
388 1558 488 1591 finxit
510 1557 628 1590 omnia
649 1558 779 1590 incerta
797 1570 880 1593 esse.
933 1558 1040 1593 Tales

51 1612 189 1645 furores
205 1610 315 1642 secuti
333 1615 425 1648 sunt,
452 1620 530 1641 cum
548 1605 908 1652 anteaPhilosophiae
926 1610 1039 1643 forma

51 1673 125 1695 non
142 1660 232 1693 male
255 1658 442 1692 constituta
461 1664 557 1691 esset.
611 1657 682 1692 Nec
697 1660 890 1692 accusanda
913 1667 963 1694 est
982 1658 1039 1694 hic

49 1719 187 1746 tantum
200 1710 335 1743 vanitas
351 1706 588 1742 humanorum
606 1709 840 1752 ingeniorum,
857 1711 917 1743 sed
934 1711 1038 1744 etiam

50 1765 264 1797 daemonum
298 1759 454 1793 malicia:
491 1759 620 1804 quibus
646 1759 820 1803 voluptati
853 1767 921 1799 est,
955 1761 1037 1794 odio

50 1811 307 1848 Deis-crimem
326 1809 506 1842 involvere
523 1810 689 1849 tenebris,
711 1815 750 1842 ut
772 1821 889 1843 caecas
904 1817 1037 1844 mentes

50 1870 167 1909 postea
182 1861 320 1895 facilius
336 1859 511 1903 impellat,
538 1866 575 1892 ut
593 1865 698 1892 ruant
714 1860 750 1892 in
768 1866 853 1893 tetra
870 1861 1009 1895 scelera.

151 1912 252 1946 Lusit
270 1911 307 1944 in
322 1908 477 1943 Ecclesia
495 1910 576 1942 inde
593 1921 703 1955 usque
720 1910 764 1943 ab
780 1910 895 1952 initio,
923 1913 1035 1947 multo

49 1963 279 2010 petulantius.
331 1960 466 1995 Eodem
487 1961 612 2001 modo,
637 1967 677 1994 ut
694 1972 805 2001 nunc,
832 1963 1036 2005 promissio—

49 2027 136 2049 num
151 2013 352 2047 divinarum
370 2011 530 2044 doctrina
547 2011 729 2045 obscurata
745 2018 805 2051 est,
821 2024 898 2044 cum
910 2013 1036 2055 Adam,

49 2063 156 2106 Seth,
181 2060 318 2104 Enoch,
343 2059 464 2099 Nolui,
491 2061 590 2102 Sem,
618 2059 799 2095 Abraham
824 2063 1035 2106 docuissent,

48 2117 118 2150 fide
135 2114 244 2158 accipi
268 2112 508 2147 remissionem
527 2118 743 2155 peccatorum
755 2139 764 2152 ,
791 2112 856 2145 fide
873 2121 1035 2157 oportere

48 2174 183 2200 mentes
206 2164 423 2209 acquiescere
446 2163 483 2195 in
499 2162 592 2200 Deo.
621 2169 653 2196 et
671 2163 717 2196 ita
740 2169 855 2207 petere
879 2170 911 2197 et
932 2177 1035 2210 expe-

49 2225 142 2251 ctare
157 2217 267 2250 bona:
296 2214 510 2248 ceremonias
526 2226 608 2247 vero
633 2214 730 2257 signa
755 2224 828 2246 esse
847 2215 889 2246 ad
905 2217 1035 2250 docen-

49 2269 135 2301 dum
169 2265 373 2300 necessaria.
426 2264 499 2298 Alii
534 2271 655 2298 contra
694 2276 765 2297 non
803 2264 1034 2309 intelligentes

49 2318 228 2363 quomodo
243 2316 301 2349 fiat
323 2315 498 2349 invocatio
524 2315 609 2356 fide,
646 2322 705 2348 aut
721 2315 806 2360 quid
828 2315 873 2349 sit
894 2318 1034 2363 acquie-

47 2381 141 2403 scere
159 2368 194 2401 in
211 2366 297 2409 Deo,
324 2372 357 2399 et
375 2365 419 2400 ab
437 2378 477 2399 eo
495 2373 674 2409 expectare
689 2365 872 2405 auxilium,
898 2373 1034 2402 tantum

47 2419 166 2453 mirati
190 2426 272 2453 sunt
296 2416 526 2452 ceremonias:
556 2414 680 2450 harum
703 2417 899 2451 imitatione
920 2417 1034 2452 Deum

49 2482 84 2503 se
109 2470 223 2504 colere
251 2468 439 2514 putabant,
473 2474 506 2500 et
531 2463 594 2500 hac
621 2467 845 2511 persuasione
868 2469 1033 2512 paulatim

49 2532 106 2553 eas
120 2521 402 2554 cumulaverunt.
438 2517 521 2552 Ideo
537 2517 631 2550 varia
649 2518 742 2551 idola
760 2518 925 2552 collocata
942 2527 1036 2561 sunt,

49 2577 83 2604 et
98 2577 266 2605 mactatae
282 2583 355 2604 non
371 2576 508 2603 tantum
528 2569 686 2611 pecudes,
712 2569 771 2601 sed
791 2569 894 2602 etiam
911 2567 1036 2605 huma-

49 2633 116 2654 nae
140 2618 290 2655 hostiae:
314 2628 346 2655 et
370 2619 523 2654 instituti
546 2626 627 2652 sunt
652 2619 753 2652 multi
772 2620 914 2653 nefandi
936 2622 1036 2661 ritus,

48 2678 89 2706 ut
114 2669 242 2705 Bacchi
267 2672 382 2716 orgia,
408 2672 512 2716 plena
540 2676 742 2713 stuprorum
772 2676 804 2703 et
836 2671 1036 2709 libidinum.

102 2721 287 2756 Eleusi-n.
315 2725 420 2756 01111.
447 2723 530 2753 Vox„
558 2722 620 2753 XI.

1117 112 1459 153 AETATIBUS
1494 116 1833 161 ECCLESIAE.
2048 131 2122 170 786

1119 197 1293 234 Paulatim
1313 202 1407 235 enim
1425 203 1587 238 diabolus
1603 207 1646 240 ab
1668 209 1833 254 exemplis
1859 210 1961 246 initio
1979 216 2114 259 specio-

1117 249 1162 281 sis
1180 253 1328 293 gradum
1348 253 1431 287 facit
1448 256 1490 288 ad
1512 257 1682 300 turpiora.

1218 309 1287 343 Sed
1312 312 1574 347 consideremus
1596 322 1752 360 tempora
1774 326 1852 362 post
1875 323 2107 365 praedicatio-

1114 369 1193 391 nem
1212 359 1477 403 Apostolorum,
1505 376 1594 409 quae
1611 367 1745 400 etiamsi
1763 370 1853 403 alius
1869 372 1970 406 aliter
1984 374 2104 408 distri-

1113 408 1220 442 buere
1247 418 1378 453 potest,
1411 420 1528 447 tamen
1553 416 1681 458 opinor
1705 420 1884 464 perspicue
1907 420 1972 458 hoc
1996 427 2102 459 modo

1111 459 1282 499 discerni,
1311 469 1348 495 ut
1369 463 1481 506 prima
1500 471 1593 498 aetas
1609 479 1648 500 ac
1663 480 1768 511 pura,
1796 471 1838 504 sit
1863 472 1936 516 ipsa
1960 483 2101 518 aposto·

1110 508 1188 548 lica,
1214 517 1247 544 et
1261 513 1418 554 proxima
1434 514 1700 559 discipulorum,
1718 520 1778 563 qui
1795 522 1991 558 doctrinam
2009 538 2101 559 non-

1109 561 1192 593 dum
1217 562 1364 595 dilutam
1390 563 1582 599 Platonicis
1611 568 1844 611 opinionibus
1867 585 1905 607 ac
1931 577 2098 619 supersti-

1108 610 1206 644 tiosis
1222 613 1348 646 ritibus
1365 616 1560 651 tradebant.

1209 671 1367 706 Secunda
1391 681 1482 707 aetas
1501 683 1549 709 est
1566 673 1775 719 Origenica,
1805 679 1841 713 in
1862 694 1929 726 qua
1953 683 2019 717 iam
2041 698 2097 719 ca-

1107 720 1175 763 ligo
1199 722 1306 755 effusa
1334 731 1405 757 erat
1431 726 1611 759 doctrinae
1636 728 1678 760 de
1700 729 1785 768 fide,
1821 739 1852 765 et
1879 731 2095 770 inEcclesiis

1106 771 1173 804 late
1203 773 1479 809 dominabantur
1506 774 1731 822 philosophia
1765 779 1945 816 Platonica
1977 793 2010 819 et
2037 799 2096 820 su-

1106 830 1276 866 perstitio-

1205 880 1282 915 Etsi
1304 895 1439 927 semper
1456 885 1550 920 Deus
1571 887 1703 920 semina
1729 902 1835 932 purae
1852 892 2033 928 doctrinae
2057 896 2095 929 in

1103 932 1217 977 aliqua
1238 941 1334 977 parte
1357 944 1487 974 servat,
1516 945 1631 971 tamen
1650 950 1750 983 saepe
1768 942 1827 974 diu
1849 951 2021 985 vagantur
2039 959 2095 979 er-

1103 994 1197 1016 rores
1216 984 1251 1016 in
1267 997 1391 1027 magna
1409 995 1506 1030 parte
1521 986 1707 1029 Ecclesiae,
1736 1003 1822 1035 quos
1841 999 1955 1026 tamen
1973 1004 2093 1038 postea

1101 1031 1194 1066 Deus
1212 1038 1383 1075 emendat,
1412 1044 1446 1069 ut
1469 1046 1544 1081 post
1564 1036 1791 1081 Origenicam
1809 1050 1953 1076 aetatem
1967 1045 2091 1089 Augu-

1099 1083 1182 1115 stini
1210 1097 1293 1117 voce
1315 1084 1469 1120 Ecclesia
1495 1096 1677 1133 repurgata
1704 1098 1764 1126 est.
1817 1092 1869 1126 Sit
1891 1094 1997 1137 igitur
2013 1097 2090 1130 Au-

1098 1134 1228 1175 gustini
1248 1142 1340 1169 aetas
1357 1139 1456 1171 tertia
1469 1166 1477 1179 ‚
1504 1140 1540 1172 in
1558 1152 1625 1184 qua
1643 1142 1685 1173 ad
1703 1142 1817 1175 fontes
1832 1152 1990 1179 revocata
2007 1156 2089 1182 suut

1099 1182 1284 1218 hominum
1304 1188 1432 1222 studia.
1485 1189 1552 1223 Sed
1573 1203 1651 1223 mox
1671 1200 1813 1236 propter
1828 1194 1917 1227 bella
1936 1194 2089 1232 Gothica

1097 1241 1130 1267 et
1147 1234 1338 1269 Vandalica
1359 1239 1534 1282 dissipatis
1549 1239 1732 1280 Ecclesiis‚
1764 1251 1878 1277 secuta
1897 1253 1946 1279 est
1964 1257 2087 1292 quarta

1096 1293 1188 1318 aetas
1225 1286 1500 1331 monachorum,
1540 1291 1577 1324 in
1614 1304 1681 1336 qua
1717 1295 1885 1336 paulatim
1921 1300 2087 1332 tenebrae

1095 1345 1291 1372 creverunt.

1197 1394 1293 1437 Quid
1326 1403 1376 1429 est
1407 1398 1499 1431 enim
1527 1398 1686 1432 doctrina
1712 1398 1871 1435 Thomae
1896 1411 1955 1438 aut
1978 1405 2085 1447 Scoti,

1094 1444 1162 1477 nisi
1181 1445 1359 1479 barbaries
1378 1449 1526 1482 conflata
1557 1461 1596 1481 ex
1614 1451 1818 1485 confusione
1835 1454 1983 1488 duarum
2010 1470 2084 1489 ma-

1093 1495 1206 1528 larum
1230 1508 1346 1530 rerum
1359 1525 1368 1538 ,
1395 1498 1592 1532 ineruditae
1612 1507 1643 1533 et
1660 1502 1766 1535 nimis
1783 1505 1942 1546 garrulae
1959 1504 2084 1541 Philo-

1093 1543 1256 1589 sophiae,
1300 1554 1331 1580 et
1367 1549 1481 1583 cultus
1518 1550 1715 1593 idolorum,
1758 1554 1919 1589 videlicet
1952 1557 2081 1592 abusus

1092 1595 1232 1629 Coenae
1247 1596 1414 1639 Domini,
1446 1600 1680 1634 invocationis
1697 1611 1938 1647 mortuorum,
1974 1610 2081 1641 coeli-

1092 1647 1209 1685 batus,
1236 1649 1525 1692 superstitionum
1542 1653 1828 1688 monasticarum.

1193 1704 1266 1739 Etsi
1288 1707 1411 1749 igitur,
1438 1715 1476 1741 ut
1493 1716 1591 1742 antea
1608 1710 1698 1751 dixi,
1726 1718 1809 1745 tunc
1827 1726 1967 1760 quoque
1985 1715 2081 1751 Deus

1091 1755 1223 1788 semina
1247 1769 1354 1800 purae
1377 1759 1558 1792 doctrinae
1576 1760 1611 1792 in
1633 1761 1810 1806 aliquibus
1832 1767 1998 1799 servavit:
2027 1775 2080 1801 ta-

1091 1818 1170 1838 men
1195 1807 1418 1840 manifestum
1447 1816 1515 1850 est,
1551 1811 1717 1843 maiorem
1747 1820 1878 1855 partem
1901 1813 2078 1851 Ecclesiae

1090 1857 1243 1890 tenebris
1259 1858 1421 1891 obrutam
1440 1860 1558 1893 fuisse.
1599 1859 1671 1894 Has
1687 1863 1859 1906 depellere
1875 1867 1964 1910 cepit
1982 1866 2078 1901 Deus

1089 1907 1257 1940 immensa
1274 1908 1531 1951 misericordia,
1560 1911 1636 1943 luce
1660 1910 1842 1956 Evangelii
1866 1928 1927 1958 per
1947 1916 2077 1951 Luthe-

1089 1969 1166 1990 rum
1185 1970 1305 1991 rursus
1320 1971 1472 1995 accensa.
1525 1960 1570 1995 Et
1587 1974 1788 2008 quanquam
1811 1967 1941 1999 multae
1958 1977 2076 2011 gentes

1089 2008 1167 2041 voci
1184 2007 1365 2052 Evangelii
1384 2011 1583 2045 adversatae
1599 2021 1690 2053 sunt,
1717 2022 1754 2047 nt
1776 2027 1911 2060 semper
1932 2020 2074 2053 accidit:

1088 2065 1205 2092 tamen
1230 2059 1265 2091 in
1289 2060 1410 2093 inultis
1434 2063 1636 2104 regionibus
1660 2065 1715 2106 pia
1735 2067 1937 2101 constitutio
1953 2067 2074 2102 Eccle-

1089 2108 1218 2141 siarum
1236 2110 1324 2143 facta
1342 2117 1403 2151 est,
1430 2119 1462 2145 et
1480 2113 1633 2157 integrae
1650 2115 1830 2150 doctrinae
1848 2129 1982 2152 summa
1999 2121 2073 2154 sine

1088 2160 1294 2204 corruptelis
1314 2167 1414 2194 extat.

1189 2217 1243 2252 Sit
1259 2219 1365 2262 igitur
1379 2217 1463 2254 haec
1480 2221 1600 2265 quinta
1617 2230 1726 2265 aetaS,
1753 2225 1788 2258 in
1806 2239 1872 2271 qua
1896 2225 1989 2261 Deus
2005 2227 2075 2262 Ec-

1088 2269 1225 2302 clesiam
1243 2270 1368 2303 iterum
1388 2272 1430 2303 ad
1452 2272 1565 2305 fontes
1588 2276 1774 2311 revocavit.
1826 2275 1958 2322 Estque
1978 2286 2073 2314 tanta

1088 2320 1264 2354 evidentia
1294 2333 1431 2362 rerum,
1459 2334 1547 2366 quae
1578 2325 1769 2367 patefactae
1800 2335 1897 2366 sunt,
1932 2336 1972 2362 ut
1996 2331 2072 2364 sani

1088 2382 1209 2403 omnes
1232 2372 1425 2409 fateantur,
1453 2373 1648 2406 doctrinam
1667 2388 1754 2419 quae
1777 2385 1877 2411 sonat
1897 2379 1933 2411 iu
1952 2378 2073 2413 Eccle-

1087 2421 1147 2454 siis
1173 2421 1322 2460 nostris,
1358 2434 1476 2454 vocem
1502 2421 1685 2467 Evangelii
1709 2438 1792 2462 esse.
1844 2428 1932 2462 Nam
1959 2437 1991 2463 et
2020 2432 2072 2463 illi

1089 2471 1166 2514 ipsi,
1193 2472 1251 2516 qui
1271 2472 1337 2504 iam
1356 2472 1456 2505 novis
1475 2475 1668 2517 praestigiis
1684 2488 1757 2510 eam
1778 2490 2000 2524 corrumpere
2015 2494 2072 2514 co-

1089 2529 1230 2563 nantur,
1258 2520 1322 2555 hoc
1342 2529 1517 2565 praetextu
1535 2527 1665 2569 populo
1681 2538 1715 2559 se
1731 2532 1990 2564 commendant:
2019 2543 2072 2564 res

1089 2573 1225 2606 easdem
1251 2585 1286 2606 se
1311 2573 1445 2606 adferre
1468 2575 1609 2615 dicunt,
1638 2584 1772 2611 tantum
1799 2580 1886 2613 ritus
1904 2582 2070 2624 quosdam

1089 2631 1247 2657 externos
1282 2623 1374 2667 pacis
1408 2631 1442 2658 et
1476 2627 1683 2661 concordiae
1713 2641 1812 2662 causa
1841 2631 2073 2665 restituendos

1091 2686 1173 2710 esse.
1223 2673 1323 2707 llanc
1348 2673 1521 2721 γοητείαν
1544 2677 1611 2710 nisi
1636 2677 1859 2721 adhiberent,
1887 2692 1989 2714 nemo
2016 2694 2072 2716 eos

1373 2724 1421 2759 50
