2338 2958
188 128 261 165 771

190 212 385 249 necessaria
408 210 583 257 impediri.
647 207 810 254 Denique
841 208 1119 243 mediocritatem
1146 214 1180 242 et

190 265 469 299 moderationem
504 262 542 294 in
576 259 743 294 omnibus
776 260 882 293 rebus
918 261 1068 294 amabat.
1133 257 1180 293 Et

192 327 394 362 quanquam
419 313 547 346 virtute
575 317 609 344 et
630 311 740 354 gradu
767 308 914 344 honoris
938 311 1179 352 antecellebat,

192 374 232 401 ut
250 367 324 400 vult
337 365 432 398 Deus
450 375 521 396 esse
538 359 724 395 hominum
742 363 888 407 gradus:
921 369 1040 395 tamen
1062 362 1178 395 locum

193 416 341 460 singulis
365 413 632 448 convenientem
653 412 831 452 tribuens,
865 412 970 446 etiam
995 412 1180 446 inferiores

192 473 336 512 propter
352 463 467 499 Deum
489 463 675 506 diligebat,
708 475 772 497 nec
794 464 943 508 superbe
969 463 1182 504 fastidiebat,

190 518 249 551 sed
274 524 442 561 tanquam
466 525 567 559 pares
590 514 752 549 societate
773 512 950 549 Ecclesiae
977 521 1012 549 et
1041 514 1182 555 virtute,

191 566 327 602 honore
343 566 527 600 afficiebat.

295 617 442 663 Ingenia
471 617 665 662 prudenter
693 616 928 655 diiudicabat,
970 616 1008 649 in
1033 614 1181 659 singulis

192 675 302 704 certas
321 669 468 702 virtutes
482 667 702 712 suspiciebat.
755 665 1040 702 Obtrectationes
1059 673 1092 700 et
1108 678 1182 699 ser-

190 731 314 754 mones
338 719 533 752 virulentos
556 719 642 751 adeo
665 729 738 751 non
759 718 940 758 audiebat,
981 723 1022 751 ut
1051 723 1182 751 stoma-

191 770 296 805 chose
314 770 416 804 etiam
434 769 692 813 interpellaret,
723 775 757 802 et
774 769 937 812 abrumpi
958 779 1016 801 eos
1033 774 1180 811 cogeret.

191 821 392 856 Multorum
410 821 502 854 inter
517 831 598 853 suos
614 819 777 860 dissidia,
803 831 864 852 sua
882 819 1071 853 autoritate
1086 819 1182 852 dire-

190 873 268 909 mit.
302 871 372 905 Nec
387 878 502 905 tamen
519 881 653 914 egressa
668 876 717 904 est
733 882 877 905 suorum
892 870 1090 904 officiorum
1108 882 1181 903 me-

190 930 260 964 tas,
294 934 366 955 non
393 921 554 966 impediit
578 921 727 962 iudicia,
769 933 841 955 non
868 921 980 965 leges,
1020 933 1095 954 non
1119 932 1180 954 cu-

190 974 297 1014 riam,
331 973 388 1006 sed
416 984 479 1005 suo
504 972 582 1006 loco
608 972 654 1006 ita
677 972 868 1013 benefecit,
899 972 1031 1017 quibus
1053 971 1181 1017 potuit,

188 1037 233 1058 ne
250 1023 335 1069 quid
353 1024 396 1057 de
411 1023 598 1057 autoritate
614 1023 819 1068 cuiusquam
830 1022 1056 1066 Magistratus
1074 1022 1182 1056 ‹limi-

189 1081 314 1109 nueret
326 1101 336 1115 ,
364 1086 452 1108 neve
468 1073 629 1107 ordinem
647 1072 800 1118 Reipub.
820 1080 853 1108 et
874 1086 995 1119 pacem
1013 1075 1181 1109 turbaret.

189 1125 281 1160 Nam
305 1126 349 1158 ad
381 1122 446 1158 hos
475 1125 564 1158 duos
594 1124 681 1158 fines
708 1125 827 1158 omnia
854 1126 947 1158 vitae
973 1125 1121 1158 consilia
1149 1131 1181 1158 et

189 1188 313 1210 omnes
329 1175 483 1209 actiones
498 1175 639 1216 retulit,
665 1176 706 1208 ad
725 1176 920 1209 ornandam
939 1176 1087 1219 gloriam
1103 1174 1182 1216 Dei,

189 1234 223 1261 et
241 1228 284 1260 ad
302 1226 480 1271 publicam
499 1238 630 1269 pacem.
683 1224 773 1259 Cum
792 1226 900 1268 igitur
915 1227 957 1258 ad
976 1225 1079 1259 Pauli
1095 1238 1180 1259 con-

189 1278 346 1316 cionem,
373 1276 662 1320 complectentem
677 1288 798 1309 omnes
816 1276 894 1320 piae
911 1283 1093 1310 matronae
1109 1277 1181 1310 vir-

188 1336 298 1367 tutes,
326 1333 523 1371 congruant
541 1338 655 1360 mores
672 1325 848 1371 Principis
863 1324 1080 1369 Dorotheae,
1107 1328 1182 1372 pla-

188 1380 300 1413 cuisse
318 1390 394 1411 eam
411 1377 485 1412 Deo
504 1377 733 1411 iudicandum
756 1385 825 1419 est,
852 1378 913 1423 qui
932 1390 1011 1412 cum
1036 1391 1112 1412 eam
1137 1379 1181 1411 ad

188 1429 391 1464 coelestium
409 1429 702 1462 cousuetudinem
720 1429 947 1462 traducturus
966 1436 1073 1471 esset,
1107 1429 1183 1462 exi-

188 1488 264 1515 tum
281 1480 385 1514 etiam
401 1480 491 1513 vitae
508 1479 667 1513 mortalis
686 1479 863 1523 placidum
878 1480 929 1520 ei,
957 1486 990 1514 et
1004 1480 1183 1514 sanctissi—

188 1532 256 1565 mis
272 1531 432 1564 moribus
451 1530 561 1575 ipsius
580 1537 831 1574 congruentem
848 1531 955 1566 dedit.
1007 1529 1098 1565 Cum
1118 1543 1182 1564 na—

189 1590 304 1617 turam
320 1582 354 1614 vi
371 1581 485 1615 morbi
501 1588 699 1625 superatam
716 1593 788 1614 esse
803 1574 960 1623 sentiret,
987 1582 1181 1627 tranquillo

188 1633 308 1667 animo
332 1644 367 1666 se
393 1632 489 1666 velut
513 1633 556 1664 ad
585 1632 650 1665 iter
682 1632 924 1676 praeparavit,
964 1644 1002 1665 ac
1032 1633 1183 1665 subinde

188 1684 340 1717 miscens
372 1683 464 1716 votis
491 1689 525 1716 et
551 1682 767 1716 invocationi
799 1682 1054 1715 confessionem
1091 1682 1183 1723 fidei,

189 1746 290 1778 saepe
315 1731 399 1767 haec
422 1733 528 1766 verba
553 1733 708 1777 repetiit:
744 1732 826 1766 Non
850 1745 930 1766 casu
959 1733 1073 1767 extitit
1099 1731 1183 1767 haec

188 1785 313 1818 mundi
332 1781 568 1829 pulcherrima
586 1795 788 1828 compages,
815 1795 878 1816 nec
894 1795 976 1817 casu
993 1791 1116 1817 natum
1134 1790 1184 1817 est

189 1847 299 1879 genus
321 1833 537 1875 humanum,
574 1835 634 1867 sed
660 1846 732 1868 esse
749 1833 863 1868 Deum
889 1835 1108 1869 conditorem
1129 1847 1184 1868 re-

191 1898 290 1927 rum,
325 1885 538 1930 sapientem,
573 1885 790 1927 beneficum,
825 1885 977 1926 iustum,
1013 1898 1184 1925 veracem,

191 1945 338 1977 castum,
361 1944 434 1970 toto
450 1943 589 1981 pectore
607 1937 724 1974 credo,
743 1949 781 1969 ac
799 1943 831 1970 te
849 1943 1031 1970 aeternum
1049 1944 1183 1981 patrem

191 1987 336 2022 Domini
355 1988 465 2021 nostri
479 1985 554 2020 lesu
571 1984 704 2021 Christi
718 2014 726 2024 ,
752 1987 813 2032 qui
830 1994 863 2021 te
881 1987 1072 2031 patefecisti
1091 1988 1184 2021 mul-

192 2039 237 2073 tis
255 2039 463 2072 testimoniis
480 2038 571 2070 edita
590 2051 673 2071 voce
691 2036 896 2081 Evangelii,
923 2045 956 2072 et
974 2038 1080 2070 misso
1099 2038 1185 2078 silio,

193 2091 236 2123 de
253 2103 322 2135 quo
340 2090 510 2122 clamasti:
539 2087 644 2122 llunc
661 2089 790 2129 audite,
806 2089 965 2125 adfirmo,
981 2101 1060 2122 vere
1071 2087 1184 2121 Deum

195 2153 287 2181 esse,
313 2140 533 2174 conditorem
560 2152 696 2177 rerum,
733 2152 802 2173 una
827 2151 905 2172 cum
933 2139 1004 2172 filio
1031 2146 1092 2173 tuo
1110 2140 1186 2173 Do-

195 2192 292 2224 mino
315 2198 435 2224 nostro
455 2190 532 2224 lesu
549 2188 692 2223 Christo
721 2197 754 2224 et
771 2190 909 2234 Spiritu
934 2198 1066 2225 sancto.
1133 2190 1185 2223 'l'e

197 2243 299 2274 credo
314 2253 421 2285 genus
440 2239 633 2274 lmmanum
653 2254 722 2274 non
741 2241 868 2275 frustra
885 2241 1095 2282 condidisse,
1123 2253 1186 2274 nec

198 2293 324 2325 frustra
344 2301 375 2326 te
393 2293 494 2326 nobis
519 2293 621 2326 totics
646 2291 866 2336 patefecisse,
901 2294 960 2325 sed
987 2305 1066 2325 vere
1091 2291 1185 2325 iudi-

197 2355 271 2376 cem
296 2356 366 2376 esse
389 2343 524 2385 generis
548 2341 712 2382 humani,
746 2350 778 2376 et
803 2343 968 2385 colligere
990 2344 1052 2376 tibi
1076 2350 1186 2376 aeter·

201 2407 280 2426 nam
299 2392 506 2433 Ecclesiam,
541 2395 795 2428 celebr-‘ituram
821 2402 853 2428 tc
879 2396 913 2427 in
938 2402 1076 2428 acu-rna
1102 2406 1184 2427 con-

198 2445 383 2478 suetudine
402 2452 434 2478 ct
458 2445 603 2478 Lwiicia.
664 2445 778 2478 (Iri-:lo
804 2453 834 2479 et
861 2445 970 2478 filium
996 2452 1094 2478 tuum
1113 2443 1186 2478 Do-

198 2496 332 2528 minum
355 2503 511 2528 nostrum
532 2495 642 2529 lesum
660 2494 859 2536 Christum,
893 2497 1096 2529 crucifixum
1123 2508 1185 2539 pro

200 2546 301 2579 nobis
319 2554 350 2580 et
372 2547 629 2586 resuscitatum,
658 2548 820 2579 mirando
838 2547 986 2580 consilio
1006 2560 1023 2580 a
1049 2554 1081 2580 te
1103 2547 1186 2579 mis-

198 2609 273 2630 sum
295 2609 385 2636 csse,
411 2605 444 2630 ut
465 2598 545 2641 quia
571 2605 748 2640 peccatum
776 2610 837 2641 pro
861 2598 963 2631 nobis
981 2599 1081 2631 suc-bat
1103 2598 1185 2641 ipsc¹

200 2660 261 2681 nos
280 2648 414 2682 iusticia
426 2646 487 2681 Dei
509 2661 569 2691 prr
587 2662 665 2681 cum
684 2650 855 2684 fin-remus.
903 2649 1018 2694 thue
1035 2662 1113 2682 cum
1131 2661 1184 2682 re·

195 2700 327 2743 sipcrcs
350 2712 414 2732 nos
432 2699 465 2731 iu
485 2699 629 2743 grati-*un
650 2701 803 2743 placatus
817 2728 824 2739 ,
853 2701 1050 2733 effunderes
1068 2701 1102 2732 iu
1121 2711 1184 2733 nos

725 121 885 158 DECL.
917 121 993 158 DE
1026 119 1365 158 DOROTHEA
1397 121 1694 159 PRINCIPE.

2142 126 2217 164 772

1231 221 1272 243 ex
1302 215 1363 242 tuo
1394 215 1534 253 pectore
1555 208 1728 254 Spiritum
1756 216 1932 252 sanctum,
1984 217 2018 245 et
2050 211 2088 244 in
2112 212 2219 246 nobis

1232 266 1412 293 aeternam
1440 260 1566 301 vitam,
1610 260 1724 293 lucem
1748 266 1782 293 et
1805 260 1974 295 iustitiam
2000 263 2220 299 accenderes,

1233 309 1329 343 Ilaec
1347 317 1386 344 ut
1404 311 1440 343 in
1453 309 1648 354 Evangelio
1663 316 1736 351 tuo,
1759 311 1854 355 quod
1873 313 2018 354 protulit
2034 325 2073 346 ex
2091 325 2219 347 arcano

1233 361 1312 394 sinu
1338 367 1398 394 tuo
1425 362 1534 403 filius,
1569 361 1695 394 tradita
1716 367 1818 401 sunt,
1846 367 1919 395 toto
1941 370 2080 406 pectore
2104 365 2221 405 credo,

1234 419 1267 446 et
1285 412 1454 445 confiteor
1469 424 1524 445 me
1542 412 1706 446 miseram
1725 418 1842 445 natam
1864 424 1904 445 ex
1922 414 2064 447 sordida
2081 421 2222 456 natura,

1234 475 1307 496 non
1324 463 1447 496 arsisse
1465 463 1654 497 dilectione
1669 461 1732 503 tui,
1758 473 1796 496 ac
1811 462 1893 506 fide,
1917 469 1956 497 ut
1972 464 2155 507 debebam,
2181 477 2221 499 ac

1234 514 1363 547 multos
1380 525 1515 547 errores
1531 526 1571 547 ac
1586 513 1728 547 vitiosas
1743 513 1952 557 cupiditates
1969 514 2005 546 in
2028 516 2126 548 omui
2148 516 2221 550 vita

1234 564 1509 606 circumtulisse,
1537 572 1570 598 et
1587 576 1688 608 saepe
1704 571 1800 598 tuam
1818 564 2036 599 voluntatem
2052 565 2140 599 meis
2165 578 2221 600 et-

1234 615 1375 649 roribus
1391 622 1425 649 et
1440 615 1596 660 lapsibus
1613 615 1783 648 offensam
1800 626 1892 654 esse,
1918 613 2144 650 vehementer
2157 617 2223 651 do-

1234 666 1300 701 leo.
1351 665 1442 700 Cum
1467 673 1582 700 autem
1608 666 1744 699 miseris
1774 665 1885 699 filium
1907 672 2006 700 tuum
2028 665 2223 700 Dominum

1235 723 1395 750 nostrum
1415 715 1528 750 lesum
1547 714 1728 751 Christum
1745 716 1949 750 crucifixum
1978 729 2041 761 pro
2065 715 2168 751 n‘obis
2190 724 2225 752 et

1233 767 1494 808 resuscitatum,
1520 779 1559 801 ac
1579 767 1794 811 praeceperis
1809 773 1849 800 ut
1861 768 1903 800 ad
1923 779 2002 801 eum
2018 768 2225 811 confugere-

1233 829 1329 859 mus,
1355 825 1389 851 et
1405 818 1606 861 promiseris
1623 825 1655 852 te
1672 824 1896 863 recepturum
1913 830 2035 852 omnes
2048 819 2092 852 ad
2109 818 2226 863 ipsum

1234 881 1316 902 vera
1340 869 1407 902 fide
1428 868 1690 912 confugientes,
1723 875 1756 903 te
1784 869 1929 913 supplex
1955 881 2037 910 oro,
2069 875 2109 903 ut
2134 866 2226 902 mihi

1233 919 1353 953 omnia
1371 931 1448 953 mea
1464 928 1620 964 peccata,
1653 931 1775 954 omnes
1796 930 1950 961 errores,
1984 931 2107 954 omnes
2130 920 2226 954 labes

1233 970 1410 1012 remittas,
1436 977 1578 1015 propter
1594 970 1706 1004 filium
1724 977 1823 1004 tuum
1842 968 2038 1005 Dominum
2061 977 2224 1005 nostrum

1236 1020 1349 1054 lesum
1373 1019 1576 1061 Christum,
1623 1034 1727 1067 quem
1758 1020 1901 1054 voluisti
1933 1033 1996 1065 pro
2024 1022 2127 1055 nobis
2150 1020 2227 1055 fieri

1235 1072 1432 1106 victimam:
1471 1079 1505 1106 et
1521 1079 1561 1106 ut
1577 1071 1712 1116 Spiritu
1730 1077 1849 1106 sancto
1872 1078 1932 1105 tuo
1962 1071 2064 1106 initia
2082 1071 2174 1106 vitae
2193 1077 2228 1106 et

1235 1123 1392 1157 iusticiae
1407 1129 1568 1157 aeternae
1584 1123 1621 1156 in
1637 1135 1692 1156 me
1707 1123 1886 1163 accendas,
1915 1135 2039 1168 meque
2055 1124 2099 1157 ad
2115 1122 2228 1157 socie-

1235 1181 1340 1207 tatem
1359 1181 1439 1208 tuae
1454 1171 1631 1207 Ecclesiae
1648 1174 1823 1213 coelestis,
1853 1185 1941 1218 quae
1967 1181 1998 1208 te
2024 1174 2062 1207 in
2086 1180 2228 1208 aeterna

1235 1224 1371 1258 laeticia
1393 1224 1591 1258 intuebitur
1615 1231 1650 1258 et
1668 1223 1879 1264 celebrabit,
1906 1224 2097 1258 clementer
2113 1225 2226 1258 abdu-

1235 1287 1303 1309 cas.
1370 1273 1486 1309 Credo
1513 1275 1583 1308 tuis
1609 1274 1923 1319 promissionibus,
1956 1282 1990 1309 et
2011 1274 2137 1308 fiducia
2161 1274 2228 1308 filii

1235 1326 1286 1360 tui
1313 1326 1516 1360 mediatoris
1540 1338 1595 1359 me
1617 1333 1793 1367 sustento,
1823 1337 1897 1358 non
1921 1325 2048 1360 fiducia
2070 1336 2228 1359 mearum

1236 1377 1418 1417 virtutum,
1444 1383 1611 1421 tuamque
1629 1377 1716 1410 iram
1733 1377 1904 1420 placatam
1923 1387 1995 1410 esse
2009 1375 2166 1413 confido,
2195 1381 2230 1410 et

1236 1434 1328 1460 certa
1346 1439 1406 1471 spe
1424 1427 1627 1460 coelestium
1644 1427 1936 1460 consuetudinem
1956 1432 2109 1470 experte.
2141 1425 2228 1460 Tibi

1236 1477 1340 1512 ctiam
1353 1478 1481 1521 gratias
1496 1490 1559 1521 ago
1578 1485 1611 1512 et
1626 1489 1724 1521 agam
1742 1477 1778 1510 in
1797 1477 1895 1510 omni
1909 1477 2125 1518 aeternitate,
2148 1489 2228 1511 cum

1236 1541 1299 1573 pro
1317 1528 1460 1562 caeteris
1484 1529 1664 1562 beneficiis
1687 1527 2028 1568 innumerabilibus,
2064 1534 2137 1562 tum
2166 1539 2230 1572 pro

1237 1579 1470 1622 patefactione
1487 1580 1551 1618 tui,
1579 1587 1610 1614 et
1628 1592 1691 1624 pro
1709 1579 1781 1613 filio
1800 1580 1905 1613 nobis
1922 1579 2067 1620 donato,
2092 1585 2126 1613 et
2144 1591 2230 1613 voce

1236 1628 1420 1672 Evangelii
1442 1630 1554 1669 edita,
1581 1631 1747 1675 quodque
1767 1642 1822 1663 me
1845 1631 1887 1663 ad
1912 1630 2128 1673 agnitionem
2150 1636 2230 1663 tuae

1237 1680 1324 1713 lucis
1350 1681 1501 1720 vocasti,
1527 1693 1590 1714 nec
1611 1681 1647 1713 in
1665 1678 1804 1714 ethnica
1824 1679 1972 1723 caligine
1989 1687 2022 1714 et
2036 1680 2114 1714 aliis
2131 1692 2230 1714 erro-

1237 1731 1335 1764 ribus
1359 1731 1543 1776 reliquisti.
1597 1730 1650 1764 Te
1674 1731 1776 1765 etiam
1794 1729 1871 1764 lesu
1890 1727 2052 1769 Christe,
2083 1731 2131 1764 fili
2148 1729 2230 1771 Dei,

1237 1781 1399 1815 crucifixe
1429 1794 1490 1825 pro
1518 1782 1622 1815 nobis
1656 1789 1689 1816 et
1722 1781 1941 1821 resuscitate,
1984 1781 2097 1824 imago
2121 1781 2230 1826 patris

1237 1831 1392 1871 aeterni,
1419 1832 1479 1877 qui
1498 1833 1672 1866 mediator
1689 1832 1899 1866 constitutus
1919 1843 1955 1865 es
1980 1832 2072 1865 inter
2096 1839 2231 1876 patrem

1238 1890 1271 1917 et
1291 1894 1374 1922 nos,
1401 1895 1440 1917 ac
1460 1883 1599 1917 dixisti:
1629 1882 1754 1917 Venite
1771 1884 1814 1916 ad
1829 1894 1883 1916 me
1899 1894 2022 1917 omnes
2041 1882 2102 1928 qui
2131 1882 2231 1916 labo-

1238 1934 1323 1967 ratis
1341 1941 1373 1968 ct
1397 1934 1532 1968 onerati
1559 1934 1660 1973 estis,
1693 1946 1756 1978 ego
1779 1934 1932 1968 reficiam
1956 1945 2036 1972 vos,
2073 1945 2137 1967 oro
2156 1940 2230 1968 toto

1240 1992 1396 2028 pectore,
1422 1992 1460 2018 ut
1475 1985 1543 2018 mei
1561 1986 1744 2026 misertus,
1769 1997 1833 2029 pro
1853 1997 1909 2018 me
1927 1984 2122 2019 intercedas
2135 1985 2230 2029 apud

1239 2042 1419 2068 aeternum
1435 2042 1568 2079 patrem
1597 2043 1717 2074 tuum,
1751 2044 1783 2070 et
1808 2036 1843 2068 in
1873 2047 1927 2068 me
1944 2034 2081 2079 Spiritu
2109 2042 2230 2069 sancto

1240 2093 1299 2119 tuo
1325 2085 1432 2119 vitam
1453 2093 1648 2124 aeternam,
1685 2087 1796 2120 lucem
1813 2094 1845 2120 et
1863 2085 2035 2119 iusticiam
2051 2086 2233 2123 accendas.

1240 2136 1383 2170 Gratias
1403 2136 1507 2170 etiam
1525 2149 1589 2180 ago
1605 2137 1689 2178 tibi,
1715 2144 1748 2171 et
1768 2149 1866 2181 agam
1893 2137 1929 2169 in
1952 2136 2051 2170 omni
2076 2136 2231 2171 aeterni-

1241 2195 1328 2227 tate,
1369 2189 1462 2233 quod
1489 2201 1563 2222 mea
1587 2201 1688 2222 causa
1712 2194 1745 2222 et
1770 2194 1915 2232 propter
1940 2188 2088 2222 salutem
2117 2200 2231 2221 meam

1239 2246 1382 2273 aeterno
1401 2239 1491 2283 patri
1508 2240 1653 2284 supplex
1672 2251 1727 2279 es,
1753 2246 1786 2272 et
1808 2239 1948 2272 victima
1967 2251 2030 2283 pro
2050 2250 2105 2272 me
2121 2238 2232 2273 sactus

1343 2289 1416 2323 lloc
1433 2298 1532 2324 tuum
1549 2291 1672 2333 iugens
1688 2290 1894 2323 bem-ficium
1909 2289 2092 2334 praedito,
2119 2289 2232 2323 disce-

1240 2343 1326 2374 ‹lens
1342 2354 1380 2374 cx
1398 2339 1461 2375 hac
1478 2342 1680 2375 mortalium
1698 2341 1970 2379 consuetudine,
2001 2353 2040 2374 ac
2066 2341 2232 2374 adversus

1241 2405 1345 2433 regua
1365 2393 1496 2426 diaboli
1515 2400 1545 2427 et
1568 2393 1728 2426 omnium
1758 2393 1947 2436 impiorum
1975 2392 2130 2430 furores,
2169 2390 2231 2435 qui

1241 2444 1303 2476 tibi
1324 2444 1555 2485 maledicunt,
1579 2445 1746 2480 adfirmo.
1773 2450 1867 2477 tuam
1894 2443 2093 2476 doctrinam
2119 2441 2230 2476 tradi-

1241 2501 1309 2527 tam
1339 2503 1397 2528 tua
1427 2508 1530 2533 voce,
1564 2502 1594 2529 et
1625 2492 1883 2539 Prophetarum
1914 2500 1946 2527 et
1974 2492 2231 2538 Apostolorum

1241 2546 1367 2585 literis,
1389 2543 1576 2579 sonantcm‘
1590 2546 1626 2578 in
1645 2543 1707 2579 hac
1727 2552 1784 2579 tua
1803 2543 1978 2584 Ecclesia,
2003 2544 2101 2577 cuius
2123 2543 2230 2577 disci-

1240 2597 1358 2640 pulam
1379 2610 1433 2630 me
1449 2609 1521 2630 esse
1540 2597 1722 2641 profiteor,
1758 2608 1875 2629 seram
1899 2607 1994 2637 esse,
2031 2603 2062 2628 et
2089 2605 2231 2628 execror

1239 2646 1398 2681 ethnicos
1426 2656 1455 2682 ct
1476 2646 1668 2682 haereticos
1692 2649 1828 2681 furores
1851 2659 1928 2679 cum
1956 2653 2012 2679 tua
2050 2657 2133 2679 voce
2164 2658 2230 2689 pu-

1237 2708 1394 2743 gnantes„
1450 2700 1502 2735 Sit
1520 2700 1660 2733 lucerua
1678 2698 1825 2743 pedibus
1844 2697 1929 2731 meis
1948 2697 2094 2730 verbum
2120 2703 2232 2737 tuum,

1241 2302 1286 2325 t'S.

2305 1087 2309 1096 s
2288 949 2310 1072 >Nm-„⁸
