2338 2958
54 146 130 184 525
538 139 700 177 DECL.
742 140 817 176 DE
851 136 1255 175 IMPERATORE
1290 136 1537 175 OTTONE
1572 139 1599 177 Ι.
2010 145 2083 180 526

56 231 167 277 g1oria
183 227 374 266 diminuta,
402 224 574 261 honorem
596 227 735 272 imperii
754 226 912 261 Ducibus
931 225 1040 260 Saxo-
1092 223 1364 270 vivendi-finem
1392 225 1546 259 facturus
1574 233 1746 272 utranque
1770 227 1918 272 speciem
1943 226 2080 262 Coenae

56 283 135 316 niae
161 278 456 312 communicatum
488 290 571 313 esse.
632 278 672 311 ln
700 276 765 312 hoc
792 278 885 311 bello
915 275 1040 310 Gallus
1091 273 1299 307 Dominicae
1316 275 1466 309 voluerit
1484 277 1551 309 sibi
1569 278 1829 318 communicari,
1845 290 1918 311 rem
1935 279 2079 313 minime

55 343 134 366 cum
157 335 231 362 toto
250 326 476 372 Imperatoris
500 329 669 369 exercitu,
703 329 834 362 veritus
856 339 928 361 uno
952 334 1040 360 tem-
1091 331 1223 367 gratam
1240 323 1421 358 monachis
1437 333 1469 360 et
1484 326 1658 363 Pontifici.
1698 327 1755 370 Et,
1778 330 1874 374 quod
1889 330 1932 362 ad
1948 330 2080 363 doctri-

54 392 139 426 pore
165 378 337 424 praelium
367 379 604 420 committere,
637 379 722 412 locis
751 379 978 424 sylvestribus
1002 377 1040 409 in
1092 387 1172 408 nam
1189 375 1342 416 attinuit,
1359 376 1532 419 praestitit
1548 379 1712 421 profecto,
1731 380 1823 424 quod
1838 380 1951 424 potuit
1966 380 2080 420 etiam,

55 430 141 475 ripis
175 427 315 468 Rheni,
351 442 455 474 quem
487 431 697 463 traiecturus
730 436 803 462 erat
836 428 1040 472 Imperator,
1093 438 1170 458 cum
1193 425 1392 459 universale
1417 427 1606 461 concilium
1630 437 1764 471 cogeret
1791 437 1933 474 propter
1955 429 2079 463 Ponti-

54 480 224 514 exercitus
247 491 328 513 suos
352 480 565 522 occultabat,
593 486 633 514 ut
654 480 782 513 milites
806 478 1040 523 Imperatoris,
1092 476 1211 516 ficem,
1238 476 1371 509 maiora
1389 474 1483 510 haud
1499 478 1617 519 dubie,
1644 479 1672 511 si
1689 481 1866 522 potuisset,
1893 481 2079 529 praestitu-

53 531 112 576 qui
132 527 300 564 Rhenum
319 531 455 564 traduci
472 542 592 564 omnes
609 542 680 564 uno
696 537 870 573 tempore,
898 535 1040 573 propter
1091 538 1161 559 rus.
1214 524 1262 560 Ut
1279 526 1372 559 enim
1395 534 1556 561 externae
1575 529 1780 572 disciplinae
1804 543 1884 563 cura
1908 532 1951 564 ad
1967 528 2079 565 Otto—

53 581 198 614 navium
216 581 386 624 inopiam,
411 593 484 614 non
503 587 674 625 poterant,
701 580 850 613 navibus
865 579 1040 623 expositos
1092 589 1171 609 nem
1190 577 1376 621 pertinuit,
1404 578 1451 611 ita
1471 578 1641 613 iudicium
1661 581 1704 612 de
1723 580 1903 623 religionis
1919 582 2079 614 doctrina

53 638 86 666 et
103 631 290 675 imperatos
315 631 607 676 inopinantesque
627 631 883 673 aggrederetur.
933 628 1039 672 Quod
1091 627 1198 660 totius
1227 627 1293 660 fuit
1317 628 1477 669 concilii,
1511 629 1567 662 cui
1598 642 1676 663 cum
1703 630 1775 674 ipse
1796 638 1835 664 ut
1862 631 2080 675 legisperitus

53 693 133 715 cum
151 681 350 725 accidisset,
385 688 418 715 et
441 681 616 722 Saxones,
646 682 789 714 absente
813 679 1040 724 imperatore,
1092 678 1328 722 praescribere
1348 691 1419 711 non
1437 687 1564 724 posset,
1586 680 1783 713 laudandus
1799 687 1859 721 est,
1887 683 1980 726 quod
1998 682 2080 715 libi-

51 732 90 765 in
106 732 182 775 ipso
200 732 343 774 negocio
361 732 546 764 consilium
564 743 686 775 capere
703 731 832 771 coacti,
858 728 950 763 nihil
971 730 1040 762 iam
1091 728 1168 761 (lini
1193 728 1313 761 saltem
1332 728 1513 763 Pontificis
1538 731 1638 775 impii
1661 731 1798 764 sortiter
1824 733 2080 775 repugnaverit,

53 781 211 816 Caesaris
236 782 420 825 imperium
446 788 681 825 expectarent,
709 782 768 815 sed
789 794 851 826 per
869 793 926 822 se,
952 792 1040 826 quae
1092 791 1136 812 ne
1160 778 1273 812 Deum
1300 779 1337 811 in
1364 786 1413 813 tot
1435 782 1603 815 scelerum
1625 781 1906 815 dissimulatione
1930 782 2080 816 afficeret

54 833 275 869 viderentur,
308 831 611 872 administrarent,
641 832 785 876 ancipiti
817 832 949 875 praelio
975 831 1040 864 ali-
1091 829 1314 871 contumelia,
1341 836 1373 863 et
1388 831 1549 874 plurimis
1565 839 1667 865 antor
1682 832 1839 865 scandali
1856 839 1954 867 esset.
2006 831 2079 866 Ex-

54 882 213 927 quandiu
247 888 351 926 atque
384 882 512 915 acriter
543 883 710 927 utrinqne
748 889 942 926 pugnatum
979 887 1039 914 est.
1091 880 1193 924 posui
1221 892 1290 925 quo
1322 888 1423 924 pacto
1457 883 1683 923 coercendos,
1722 890 1826 927 atque
1854 883 2078 916 deterrendos

54 931 143 966 Otto
158 943 252 972 vero,
271 944 349 965 cum
365 932 667 966 animadvertisset
682 945 808 976 magno
826 933 862 965 in
883 932 1040 977 periculo
1091 929 1179 964 Otto
1213 931 1363 964 voluerit
1393 930 1577 966 Pontifices
1610 944 1695 966 esse.
1748 932 1800 966 De
1827 934 2079 967 donationibus

52 993 133 1016 suos
158 982 307 1022 versari,
339 983 433 1027 quod
458 994 556 1027 suos,
584 984 644 1029 qni
667 984 800 1017 flumen
817 983 1039 1021 transierant,
1091 993 1164 1013 non
1197 981 1311 1014 dicam
1339 982 1459 1016 multis
1492 990 1634 1027 propter
1667 983 1833 1027 temporis
1868 984 2077 1026 angustiam.

52 1032 183 1067 virtute
200 1038 233 1065 et
251 1044 396 1065 numero
416 1034 596 1077 pugnandi
617 1032 778 1068 hostibus
799 1045 872 1066 non
891 1045 962 1067 esse
979 1045 1041 1076 pa-
1092 1031 1224 1074 Magno
1255 1038 1286 1064 et
1313 1031 1572 1075 impudentiore
1603 1033 1705 1067 iactat
1733 1034 1960 1067 donationem
1984 1033 2080 1067 Con-

51 1094 107 1116 res
123 1083 241 1123 sciret,
269 1084 362 1128 quod
381 1084 470 1116 ferre
486 1084 558 1117 suis
575 1085 696 1117 eodem
714 1091 869 1128 tempore
888 1085 924 1116 in
941 1090 1038 1117 tanto
1091 1081 1236 1115 stantini
1259 1080 1439 1115 Pontifex:
1477 1082 1584 1117 Suam
1603 1083 1650 1117 ait
1674 1095 1746 1117 esse
1768 1085 1893 1117 urbem
1917 1083 2080 1125 Romam,

52 1133 209 1177 periculo
234 1133 423 1172 auxilium,
459 1141 601 1178 propter
627 1135 785 1167 fluminis
815 1134 1039 1168 altitudinem
1091 1144 1194 1165 suum
1206 1143 1350 1175 regnum
1361 1132 1864 1179 SiciliaeNeapolitanumque,
1884 1146 1982 1167 suam
1997 1134 2080 1168 uni-

52 1183 346 1228 latitudinemque
363 1196 435 1217 non
460 1191 590 1228 posset,
619 1185 810 1229 plurimum
836 1191 1041 1225 commotus,
1092 1194 1227 1215 versam
1245 1182 1393 1224 ltaliam,
1417 1191 1486 1217 tres
1501 1183 1646 1225 Gallias,
1670 1186 1757 1218 duas
1771 1184 1971 1229 Hispanias,
1989 1184 2080 1218 Ger-

51 1240 86 1268 et
102 1233 235 1266 nullius
252 1234 403 1267 iniuriae
419 1235 486 1268 sibi
505 1235 675 1273 conscius,
700 1242 773 1269 toto
791 1236 940 1269 exercitu
958 1247 1041 1278 pro-
1092 1245 1233 1273 manos,
1271 1232 1484 1274 Britannos,
1529 1247 1631 1267 suurn
1659 1235 1811 1280 denique
1839 1234 2080 1275 Occidentem,

52 1284 216 1318 nunciati
239 1284 351 1317 iubet:
379 1283 527 1319 'Nullum
544 1286 677 1319 bellum
701 1286 777 1318 sine
799 1286 921 1319 divino
942 1285 1042 1318 auxi-
1092 1283 1236 1317 alteram
1253 1290 1385 1327 partem
1402 1284 1498 1317 orbis
1517 1291 1700 1318 terrarum.
1753 1285 1862 1319 Cuius
1891 1286 2080 1329 possessio-

52 1335 101 1368 lio
125 1334 296 1367 foeliciter
321 1334 461 1375 confici,
495 1342 598 1380 atque
621 1333 774 1369 hominis
797 1337 879 1369 insti
910 1335 1041 1368 oratio·
1093 1345 1173 1366 nem
1197 1345 1275 1366 cum
1301 1334 1459 1367 obtinere
1478 1347 1550 1368 non
1575 1336 1709 1379 possint
1726 1334 1930 1376 Pontifices,
1957 1337 2010 1369 ius
2028 1343 2081 1369 ta-

54 1396 132 1417 nem
154 1385 338 1418 autoritate
350 1383 467 1418 Iacobi
485 1386 677 1429 plurimum
695 1398 811 1419 coram
831 1385 907 1420 Deo
925 1397 1040 1429 posse:
1093 1395 1173 1416 men
1196 1383 1400 1427 possidendi
1424 1385 1554 1419 iactant
1578 1397 1679 1419 suum
1704 1397 1793 1425 esse,
1830 1393 1863 1419 et
1885 1386 1989 1419 licere
2012 1386 2079 1420 sibi

55 1441 87 1468 et
111 1446 129 1466 a
152 1433 252 1466 Mose
279 1435 499 1467 orationibus
524 1436 684 1468 effectum
707 1447 795 1475 esse,
823 1443 860 1468 ut
883 1437 920 1467 in
947 1436 1040 1468 bello
1093 1434 1216 1478 quavis
1239 1434 1374 1467 ratione
1399 1435 1649 1478 patrimonium
1670 1434 1845 1469 Ecclesiae
1869 1448 1887 1469 a
1904 1435 2080 1471 Constan-

54 1486 220 1519 adversus
235 1482 471 1517 Amalachitas
483 1492 640 1529 suscepto
659 1485 803 1518 victoria
820 1486 895 1518 sine
914 1496 1040 1527 magno
1094 1484 1167 1515 tino
1185 1484 1354 1517 donatum
1366 1509 1374 1522 ‚
1402 1486 1446 1518 ab
1463 1486 1715 1530 occupantibus
1733 1493 1950 1532 extorquere.
1985 1486 2079 1520 Hinc

53 1535 174 1568 labore
203 1534 249 1568 sit
271 1534 421 1577 potitus.
474 1533 593 1577 Quare
623 1535 752 1568 milites
778 1547 899 1568 omnes
925 1536 962 1567 in
987 1532 1041 1567 his
1093 1533 1236 1574 accidit,
1268 1535 1362 1578 quod
1387 1536 1545 1569 omnium
1570 1537 1613 1569 ad
1635 1548 1670 1569 se
1694 1548 1777 1580 opes
1801 1538 1989 1578 traxerint,
2023 1550 2080 1570 ra-

54 1585 218 1620 extremis
236 1585 359 1623 rebus,
386 1584 507 1618 divina
528 1585 714 1618 autoritate
738 1585 842 1624 iussi,
870 1586 1040 1618 auxilium
1093 1583 1283 1628 piendique
1301 1585 1439 1618 nullum
1458 1586 1603 1619 modum
1620 1587 1784 1628 fecerint,
1814 1588 1850 1620 in
1874 1588 2079 1621 remissione

53 1648 73 1670 a
95 1636 172 1670 Deo
193 1635 434 1678 implorarent.
493 1634 653 1669 Statuere
674 1647 762 1676 sese,
797 1634 912 1670 Deum
937 1636 1042 1668 invo-
1092 1640 1312 1677 peccatorum
1344 1636 1500 1678 precium
1530 1637 1734 1677 statuerint,
1774 1638 1999 1671 vendiderint
2023 1639 2079 1670 in-

54 1686 215 1720 cantibus
229 1697 278 1725 se,
297 1685 334 1717 in
351 1684 410 1729 pio
427 1692 461 1718 et
477 1685 568 1719 iusto
585 1686 740 1728 negocio,
768 1684 1040 1731 haudquaquam
1092 1685 1182 1717 finiti
1196 1685 1331 1728 generis
1351 1686 1483 1727 bullas,
1510 1688 1713 1730 praesertim
1734 1686 1933 1729 Germanis,
1959 1696 2080 1733 utpote

54 1737 257 1770 defuturum
273 1747 357 1771 esse.
411 1735 552 1778 Quibus
565 1737 786 1770 denunciatis
803 1738 983 1770 descendit
1000 1748 1040 1769 ex
1064 1725 1067 1782 l
1092 1746 1180 1779 quos
1195 1737 1377 1768 cerebrum
1395 1749 1467 1769 non
1485 1734 1614 1770 habere
1630 1738 1829 1773 credebant.
1866 1737 1981 1771 Taceo
2000 1750 2080 1783 pos-

54 1799 146 1833 equo
175 1786 384 1829 imperator,
411 1793 515 1831 atque
538 1799 683 1831 corpore
708 1787 876 1819 inclinato
895 1787 1041 1819 clariore
1092 1785 1261 1818 sessiones
1278 1786 1375 1819 mille
1391 1787 1525 1820 artibus
1542 1795 1726 1831 occupatas
1742 1800 1759 1820 a
1778 1789 1969 1822 coniuratis
1985 1789 2079 1822 Pon-

53 1848 138 1871 voce
168 1836 381 1880 pronunciat
414 1837 609 1870 orationem
645 1837 877 1877 dominicam,
925 1843 962 1870 ut
997 1837 1040 1869 ab
1092 1835 1241 1874 tificum,
1268 1843 1317 1874 ut,
1344 1835 1543 1881 Episcopis‚
1568 1836 1770 1879 Canonicis,
1796 1837 1990 1880 monachis,
2018 1840 2078 1884 qui

54 1887 240 1926 omnibus,
275 1886 335 1931 qui
360 1893 496 1930 praesto
520 1894 649 1927 essent,
681 1887 915 1922 exaudiretur.
967 1886 1041 1920 Hac
1092 1893 1233 1930 propter
1254 1887 1510 1921 intolerabilem
1528 1888 1732 1929 avariciam,
1759 1901 1831 1922 non
1851 1889 1925 1922 sine
1942 1901 2078 1923 summo

54 1937 215 1972 oratione
231 1937 340 1977 sacta,
366 1948 436 1969 non
458 1937 581 1970 fefellit
602 1949 678 1981 spes
699 1948 760 1970 sua
782 1936 1041 1981 imperatorem.
1091 1937 1218 1969 scelere
1233 1937 1391 1970 omnium
1413 1939 1484 1971 fere
1509 1939 1689 1973 facultates
1706 1939 1742 1972 in
1760 1952 1856 1973 suam
1873 1947 2078 1984 potestatem

54 1988 146 2024 Saxo
162 1987 291 2032 aliquis
309 1998 487 2031 pugnans,
515 2000 592 2020 cum
611 1987 738 2032 reliqui
760 1987 914 2021 Saxones
931 1988 1041 2021 victo-
1093 1988 1311 2030 redegerant.

53 2039 143 2073 riam
167 2037 447 2078 conclamarent,
481 2037 667 2071 Gallorum
692 2038 811 2081 lingna
837 2038 916 2081 fuge
939 2037 1042 2071 Galle
1191 2036 1348 2072 Hoccine
1372 2038 1439 2072 fuit
1460 2051 1500 2072 ex
1524 2038 1628 2072 Petro
1646 2039 1768 2073 Iudam
1792 2041 1885 2081 fieri,
1912 2041 2079 2075 miserum

54 2090 134 2132 fuge
159 2088 338 2122 exclamat.
391 2087 493 2121 Hanc
519 2100 637 2121 vocem
663 2101 742 2121 cum
760 2087 855 2121 Galli
878 2094 1042 2132 putarent
1093 2088 1263 2131 populum
1299 2102 1416 2122 amore
1447 2090 1614 2133 pecuniae
1643 2090 1679 2122 in
1707 2102 1881 2124 summum
1909 2093 2080 2125 deducere

55 2152 75 2174 a
92 2139 198 2173 Gallo
216 2138 344 2179 efferri,
369 2145 473 2184 atque
490 2137 660 2172 Ottonem
676 2151 755 2172 cnm
772 2139 908 2183 reliquo
925 2140 1043 2172 adesse
1065 2163 1069 2187 1
1094 2138 1287 2181 periculum
1304 2140 1460 2184 corporis
1476 2146 1508 2173 et
1523 2140 1684 2173 animae?
1717 2139 1875 2174 Hoccine
1894 2150 1942 2175 est
1959 2141 2080 2175 Eccle-

56 2189 229 2229 exercitu,
253 2201 384 2230 omnes,
411 2190 577 2223 omnibus
597 2190 700 2222 rebus
719 2189 909 2233 desperatis
926 2189 1042 2232 sugam
1066 2190 1068 2203 ¹
1093 2188 1196 2229 siam,
1224 2189 1294 2222 imo
1320 2190 1433 2233 ipsum
1459 2190 1562 2223 etiarn
1579 2190 1750 2233 Spiritum
1775 2199 1934 2225 sanctum
1952 2190 2080 2226 habere

55 2239 244 2286 petierunt.
1094 2239 1279 2284 quaestui?
1320 2239 1429 2275 Recte
1456 2252 1500 2273 ne
1526 2242 1570 2273 ad
1595 2238 1658 2273 hos
1677 2241 1777 2285 lupos
1796 2254 1935 2275 voraces
1952 2243 2080 2276 dixeris

156 2287 239 2322 Dixi
263 2285 464 2329 historiam,
491 2289 590 2333 petiit
607 2287 695 2323 Otto
711 2289 894 2323 victoriam
919 2290 956 2323 in
976 2302 1042 2324 no-
1093 2289 1242 2322 Paulum
1259 2291 1452 2334 scripsisse,
1478 2303 1605 2324 nomen
1618 2290 1682 2324 Dei
1702 2304 1762 2335 per
1783 2304 1841 2325 vos
1860 2291 2080 2336 blasphema-

57 2340 152 2374 mine
169 2339 232 2371 filii
249 2338 326 2376 Dei,
353 2350 423 2371 non
435 2338 584 2374 Ursulae
600 2348 658 2374 ant
673 2339 830 2383 Georgii,
857 2353 924 2385 qna
943 2353 1044 2374 causa
1094 2347 1150 2373 tur
1169 2341 1260 2374 inter
1277 2348 1407 2384 gentes.
1456 2341 1527 2384 Qui
1546 2342 1632 2374 alios
1649 2342 1790 2382 docetis,
1819 2355 1879 2375 vos
1897 2343 1990 2387 ipsos
2007 2356 2079 2376 non

56 2392 186 2425 factum
203 2396 264 2427 est,
286 2396 336 2430 ut,
363 2389 579 2433 paucissimis
594 2389 920 2424 militibusOttonis
939 2391 1044 2424 dimi·
1094 2391 1238 2424 docetis.
1292 2391 1362 2434 Qui
1379 2392 1585 2436 praedicatis
1611 2405 1682 2425 non
1701 2393 1888 2425 furandum
1901 2418 1910 2431 ,
1938 2394 2080 2427 latroci-

57 2441 236 2481 cantibus,
278 2441 459 2484 pugnandi
484 2452 585 2473 cansa
611 2454 650 2474 ex
684 2439 843 2474 hostibus
868 2449 1042 2485 postremo
1094 2442 1239 2474 namini.
1293 2441 1364 2484 Qui
1381 2442 1634 2475 abominamini
1654 2443 1763 2483 idola,
1790 2444 2010 2487 sacrilegium
2030 2445 2081 2477 sa-

56 2492 228 2525 resisteret
246 2502 361 2525 nemo·
417 2489 534 2532 Quare
550 2491 640 2531 satis,
666 2499 705 2525 ut
723 2493 867 2536 opinor,
895 2493 1043 2525 demon-
1094 2492 1195 2525 citis?
1229 2491 1419 2525 Maximam
1438 2493 1554 2537 itaque
1573 2493 1711 2526 landem
1738 2494 1828 2526 inter
1850 2493 2080 2538 Imperatores

58 2547 186 2579 strant,
216 2539 415 2575 Christiana
440 2539 585 2574 Ottonis
613 2542 745 2583 oratio,
780 2550 812 2576 et
843 2543 1043 2586 inopinatus
1093 2543 1180 2576 ferat
1198 2540 1308 2584 Otto,
1336 2544 1429 2588 quod
1450 2544 1484 2576 in
1506 2550 1598 2577 tanta
1624 2545 1809 2588 tyrannide
1829 2545 1999 2588 impedire
2020 2558 2080 2577 vo-

58 2591 143 2625 belli
170 2598 330 2632 eventus,
368 2590 513 2625 Ottonis
540 2593 745 2625 sententiam
771 2594 815 2626 de
839 2594 1043 2627 remissione
1093 2594 1199 2627 luerit
1222 2593 1424 2627 Pontifices:
1468 2606 1546 2627 cum
1572 2606 1634 2627 nec
1656 2595 1839 2628 donaverit
1867 2607 1903 2627 ea
1934 2595 2077 2638 imperia

57 2648 277 2686 peccatorum
293 2642 404 2676 multo
429 2643 603 2676 saniorem
628 2643 750 2682 fuisse,
777 2656 883 2688 qnam
901 2652 950 2678 est
967 2643 1042 2678 Ro·
1093 2643 1367 2685 Constantinus,
1395 2657 1475 2683 nec,
1503 2645 1531 2677 si
1549 2646 1727 2685 donasset,
1757 2645 1830 2678 iure
1855 2645 1890 2677 id
1907 2645 2080 2677 diceretur

59 2692 154 2726 mani
178 2689 355 2736 Episcopi.
413 2691 549 2727 Eodem
576 2693 765 2737 pertinebit
790 2693 913 2736 etiam,
948 2696 1043 2739 quod
1093 2695 1223 2731 secisse.
1271 2694 1351 2738 Quo
1369 2703 1468 2740 pacto
1485 2695 1578 2729 enim
1599 2697 1760 2729 donasset
1777 2695 1954 2739 Sylvestro
1976 2694 2078 2726 dimi-
