2338 2958
184 125 261 160 887

187 212 292 256 cipit,
326 218 359 246 et
385 210 577 245 Ecclesiam
601 216 778 242 aeternam
803 206 872 240 sibi
898 204 1043 248 colligit.
1105 201 1178 247 Ipsi

187 264 292 296 etiam
319 262 506 296 mediatori
534 259 664 304 gratiae
697 258 851 302 agendae
873 263 974 295 sunt,
1017 254 1113 300 quod
1142 254 1179 286 in

189 326 261 348 sese
279 314 450 347 derivavit
468 313 554 345 iram
566 335 575 349 ,
603 323 641 343 ac
658 305 775 355 λύτρα
791 307 978 353 persolvit,
1005 306 1099 352 quod
1117 305 1180 337 ad-

189 372 239 399 est
255 365 374 404 nobis,
402 371 434 396 et
452 375 515 395 nos
531 374 594 395 suo
615 361 763 395 flumine
781 367 812 394 et
832 359 926 393 lavat
939 364 973 391 et
990 363 1096 402 potat.

291 424 360 458 Sed
400 420 639 456 consternatio
680 419 765 465 quid
805 417 1001 462 significat?
1067 415 1183 450 Sentit

191 475 331 521 Moyses
361 485 490 506 arcano
517 478 617 504 motu
647 469 736 504 hanc
773 477 888 514 petrae
921 466 1182 513 percussionem

193 526 378 568 imaginem
404 536 476 557 esse
500 530 669 556 venturae
694 521 874 561 victimae,
902 527 934 553 et
954 517 1184 553 cohorrescit:

193 576 412 621 praesagiens
439 573 529 608 hanc
554 574 665 618 ipsam
691 573 869 617 politiam,
910 583 999 616 quae
1026 581 1109 602 voce
1129 569 1185 601 di-

193 628 272 660 vina
293 627 482 660 constituta
500 632 590 665 erat,
618 632 656 658 ut
672 623 892 657 domicilium
910 628 998 655 esset
1008 619 1186 654 Ecclesiae

192 678 278 718 Dei,
309 689 550 722 percussuram
567 688 639 709 esse
655 673 721 708 boc
739 686 879 714 saxum,
914 673 949 705 id
972 678 1042 708 est,
1076 669 1184 703 truci-

192 731 352 762 daturam
380 728 596 766 Dominum,
632 725 693 771 qui
718 725 858 758 victima
884 736 948 768 pro
969 733 1096 766 genere
1120 718 1187 754 hu-

193 793 297 813 mano
315 780 456 813 futurus
471 785 555 812 erat.
609 777 794 811 lnteritum
821 776 938 820 itaque
966 785 1046 807 suae
1074 772 1187 815 gentis

195 831 429 875 prospiciens,
458 841 560 875 quem
585 835 668 862 tunc
693 838 834 873 quoque
856 825 1099 869 significabant
1125 835 1187 867 po—

195 883 267 926 puli
304 881 505 915 circumfusi
540 879 718 920 convicia,
769 877 904 922 ingenti
945 876 1068 909 dolore
1102 886 1188 908 con-

195 941 335 967 entitur.

298 991 420 1037 ltaque
455 988 546 1023 hanc
579 1002 699 1023 vocem
728 989 839 1022 edunt
867 995 984 1032 postea
1007 984 1188 1020 Pharisaei

197 1043 413 1077 interfecturi
440 1041 653 1075 Dominum:
696 1039 824 1083 Legem
850 1037 1041 1078 habemus,
1077 1045 1110 1071 et
1136 1048 1186 1069 se-

196 1097 351 1128 eundum
372 1094 481 1136 legem
498 1100 651 1126 nostram
670 1091 760 1124 mori
784 1103 862 1124 eum
885 1096 1034 1135 oportet.
1088 1087 1191 1130 Legis

196 1147 312 1180 studio
335 1152 367 1178 et
384 1151 563 1188 praetextu
581 1143 616 1175 in
635 1155 714 1175 eum
731 1142 912 1182 saeviunt,
941 1140 1023 1185 quia
1047 1139 1190 1183 opinio—

197 1210 277 1230 nem
311 1197 467 1241 ipsorum
500 1195 544 1227 (le
574 1195 648 1236 lege
676 1194 832 1226 taxabat:
874 1203 943 1237 qua
971 1190 1191 1227 labefactata,

198 1248 356 1293 politiam
376 1246 548 1279 ruituram
568 1256 639 1278 esse
659 1243 976 1277 ratiocinabantur.
1031 1240 1081 1274 lta
1100 1252 1192 1273 sem—

198 1311 259 1344 per
275 1297 441 1332 omnibus
459 1296 632 1330 aetatibus
653 1294 841 1339 opiniones
864 1293 1029 1339 politicae
1051 1293 1094 1324 de
1119 1291 1192 1334 lege

196 1351 315 1383 ferunt
332 1355 485 1393 petram,
514 1355 547 1382 et
563 1353 702 1381 armant
716 1346 969 1389 gubernatores
987 1351 1109 1377 contra
1133 1354 1191 1374 ve-

197 1414 271 1435 ram
288 1398 493 1434 Ecclesiam.

301 1461 404 1495 Nunc
422 1460 579 1509 videtis„
595 1471 685 1505 quae
709 1465 914 1502 argumenta
933 1456 1120 1502 praecipue
1139 1467 1192 1489 sa-

198 1514 332 1558 pientes
350 1512 514 1552 incitent,
541 1511 602 1557 qui
620 1510 750 1544 nostris
766 1507 932 1543 Ecclesiis
950 1508 1084 1541 inimici
1102 1514 1195 1548 sunt,

198 1565 298 1598 aiunt
314 1564 477 1597 ordinem
492 1569 525 1596 et
539 1560 763 1595 harmoniam
781 1561 922 1605 politiae
944 1559 1195 1593 ecclesiasticae

199 1615 348 1655 turbari,
372 1615 474 1648 aiunt
489 1614 568 1657 iuge
583 1613 792 1647 sacrificium
809 1611 955 1651 aboleri,
975 1610 1074 1643 aiunt
1090 1609 1196 1642 ‹lisci-

200 1667 317 1711 plinae
345 1678 472 1698 nervos
497 1664 598 1697 solvi.
651 1662 727 1696 Hae
747 1669 828 1696 sunt
850 1673 950 1695 voces
969 1660 1194 1705 politicorum

200 1717 371 1754 virorum,
400 1716 459 1761 qui
479 1715 564 1759 legis
579 1715 740 1748 custodes
759 1710 937 1757 perhiberi
954 1712 1090 1747 volunt.
1126 1710 1196 1744 Nec

203 1769 276 1801 leve
295 1775 343 1801 est
359 1765 425 1800 hoc
442 1773 628 1803 certamen,
648 1777 711 1798 nec
726 1763 934 1797 diiudicatio
952 1763 1000 1804 fit,
1023 1770 1060 1796 ut
1079 1763 1116 1795 in
1135 1774 1197 1794 ue-

201 1819 304 1862 gotiis
322 1818 532 1852 forensibus,

303 1877 371 1911 Sed
393 1874 476 1910 haec
500 1876 573 1918 ipsa
592 1882 707 1919 petra,
740 1875 842 1908 etiam
868 1885 947 1907 cum
975 1873 1040 1906 icta
1067 1878 1134 1912 est,
1165 1878 1198 1905 et

202 1929 326 1962 effudit
343 1924 706 1969 fluminaEvangelii,
733 1933 850 1960 tamen
869 1937 941 1957 non
961 1923 1110 1960 corruit,
1138 1924 1197 1955 sed

204 1988 267 2014 stat
287 1981 395 2013 ardua
415 1979 551 2023 eoelum
573 1977 701 2011 vertice
727 1977 921 2020 attingens,
949 1975 983 2008 id
1012 1982 1078 2014 est,
1110 1974 1199 2007 vix-it

204 2032 295 2064 filius
315 2029 377 2064 Dei
400 2026 569 2069 invictus,
598 2040 661 2061 nec
682 2040 801 2061 vocem
825 2040 909 2062 suae
932 2025 1114 2059 doctrinae
1141 2037 1198 2057 ex-

203 2082 314 2125 tingui
332 2082 427 2115 sinit.
480 2080 628 2124 Semper
644 2079 749 2113 etiam
767 2086 886 2113 coetus
903 2077 1040 2122 aliquos
1057 2087 1138 2109 suos
1163 2076 1199 2108 in

204 2145 329 2177 genere
348 2130 504 2165 humano
522 2139 655 2171 servat,
683 2137 716 2164 et
733 2130 829 2163 illam
848 2129 1054 2173 sapientiam
1074 2128 1200 2161 adver—

203 2192 336 2217 santem
364 2183 408 2217 ita
437 2185 563 2216 refutat
589 2182 678 2226 ipse,
708 2189 747 2215 ut
773 2181 938 2225 imperia,
965 2192 1054 2225 quae
1079 2179 1200 2211 defen-

203 2236 290 2268 dunt
312 2234 425 2275 idola,
449 2242 482 2268 et
497 2235 598 2267 falsas
616 2235 658 2265 de
685 2233 757 2274 lege
778 2232 986 2275 opiniones,
1019 2237 1051 2264 et
1076 2229 1201 2264 sitiunt

203 2286 408 2329 sanguinem
430 2292 520 2319 recte
539 2284 780 2318 invocantium
797 2282 932 2322 Deum,
956 2289 1099 2317 evertat.

309 2345 361 2378 Ad
387 2343 476 2378 haue
500 2357 642 2388 rupem,
673 2343 705 2376 id
727 2350 797 2382 est,
821 2344 862 2376 ad
884 2343 995 2376 filium
1014 2341 1098 2381 Dei,
1125 2339 1199 2374 Do-

204 2397 340 2429 minum
358 2403 516 2429 nostrum
537 2395 649 2429 lesum
668 2392 870 2434 Christum,
895 2405 1098 2439 percussum
1117 2393 1201 2433 lege,

207 2448 240 2480 id
262 2454 330 2487 cst,
357 2447 611 2490 persolventem
633 2442 748 2491 λύτρα
769 2459 831 2489 pro
856 2446 980 2483 nobis,
1016 2445 1199 2487 confugia-

205 2512 294 2539 mus,
322 2505 353 2532 et
371 2505 539 2542 petamus,
565 2505 601 2529 ut
618 2505 753 2530 tuentes
771 2504 907 2531 nostras
924 2496 1070 2530 flumine
1081 2494 1199 2529 Evan-

203 2550 284 2593 gelii
302 2549 354 2583 sui
376 2555 482 2594 potet.
538 2547 608 2581 Nus
627 2549 730 2581 etiam
749 2548 864 2588 avidi,
893 2546 956 2581 bos
976 2547 1093 2581 latices
1111 2543 1199 2579 hau-

207 2601 358 2639 riamus,
387 2607 477 2633 recte
501 2600 673 2632 discamus
697 2599 913 2639 ‹lnctrinam,
948 2598 1200 2643 amplectamur

202 2665 296 2689 eam.
331 2659 362 2685 et
392 2653 433 2685 ad
463 2663 563 2685 usum
592 2651 796 2695 quotidiana
830 2651 1053 2684 invocatione
1082 2657 1197 2683 trans-

202 2704 364 2738 feramus.

656 120 812 157 DECL.
849 118 920 154 DE
955 115 1117 153 MOSE
1153 111 1460 150 FERIENTE
1491 110 1751 150 PETR‘AM.

2149 115 2226 151 888

1333 197 1381 233 Et
1407 199 1488 243 quia
1515 198 1609 231 Deus
1632 198 1669 230 in
1694 198 1753 232 illa
1780 206 1896 243 petrae
1921 200 2164 245 percussione,
2191 202 2228 235 id

1233 258 1301 291 est,
1335 256 1446 282 morte
1471 249 1533 281 filii
1558 249 1712 282 ostendit
1738 250 2017 293 magnitudinem
2050 252 2121 285 irae
2146 263 2230 291 suae

1234 302 1402 335 adversus
1421 307 1575 343 peccata,
1604 311 1668 333 nos
1692 312 1833 345 quoque
1853 314 1931 334 vere
1949 314 2233 347 expavescamus,

1206 377 1209 400 g
1235 361 1267 387 et
1282 351 1483 385 errantibus
1500 350 1753 394 cupiditatibus
1770 352 1889 384 frenos
1905 352 2116 389 iniiciamus.

1337 401 1444 435 Punit
1463 409 1628 446 utrosque
1646 400 1760 443 Deus,
1789 409 1820 435 et
1837 400 1953 437 hostes
1968 401 2171 447 Evangelii,
2198 411 2232 438 et

1237 454 1343 494 alios,
1380 453 1442 498 qui
1475 453 1682 485 simulantes
1715 453 1872 487 studium
1907 452 2114 496 Evangelii,
2157 454 2232 488 sine

1239 511 1334 538 metu
1357 503 1426 538 Dei
1460 503 1716 547 cupiditatibus
1748 504 1818 537 suis
1850 504 2047 548 indulgent.
2113 505 2235 551 ltaque

1237 567 1340 599 saepe
1380 561 1457 598 post
1491 560 1692 587 renovatam
1728 555 1910 589 doctrinae
1944 567 2065 589 vocem
2100 556 2235 591 duriter

1240 612 1451 652 quassantur
1470 611 1562 638 totae
1579 611 1708 648 gentes.

1342 656 1483 700 Magnis
1497 655 1754 689 calamitatibus
1771 656 1830 689 illa
1849 656 1922 701 ipsa
1938 657 2131 691 multitudo
2149 669 2235 701 pau-

1241 708 1339 741 latim
1363 708 1476 741 deleta
1501 713 1570 748 est,
1597 719 1686 752 quae
1710 719 1829 741 vocem
1850 707 1967 747 Movsi
1993 708 2170 749 audierat,
2203 715 2238 742 et

1242 759 1424 792 manifesta
1442 758 1506 792 Dei
1527 757 1725 792 testimonia
1744 758 1898 792 viderat:
1915 748 2015 805 'quia
2043 759 2118 793 sine
2141 767 2238 793 metu

1241 809 1308 843 Dei
1326 810 1468 849 ruebat,
1495 821 1565 853 quo
1582 821 1702 843 caecae
1720 809 1929 853 cupiditates
1944 807 2147 844 trahebant:
2175 823 2239 844 nec

1242 862 1366 900 fidem,
1394 872 1458 893 nec
1475 871 1593 892 veram
1612 859 1870 894 invocationem
1889 861 1979 895 tueri
1995 862 2168 895 studebat.

1345 910 1542 954 Dissipatae
1565 917 1647 943 sunt
1670 918 1703 943 et
1726 912 1844 944 decem
1871 913 1984 946 tribus
2001 919 2078 956 post
2095 911 2237 945 Heliam

1244 969 1278 997 et
1295 961 1493 996 Heliseum:
1522 973 1560 994 ac
1577 967 1616 994 ut
1631 961 1696 994 alia
1715 962 1875 995 omittam
1888 990 1897 1004 ,
1923 962 2097 997 Laodicea
2121 970 2153 997 et
2169 961 2240 997 Co-

1245 1014 1374 1052 lossae,
1403 1025 1498 1046 anno
1517 1012 1676 1057 proximo
1695 1019 1772 1057 post
1786 1012 1886 1047 Pauli
1905 1022 2074 1055 mortem,
2100 1021 2138 1048 ut
2155 1026 2239 1047 nar-

1245 1072 1296 1098 rat
1311 1063 1526 1107 Eutropius,
1554 1061 1756 1097 dehiscente
1775 1071 1865 1097 terra
1879 1090 1887 1103 ‚
1916 1065 2102 1109 absorptae
2119 1072 2212 1099 sunt.

1350 1114 1478 1148 Fuerat
1503 1121 1636 1153 autem,
1665 1121 1703 1147 ut
1726 1115 1842 1156 scitis,
1868 1113 2106 1149 Ecclesiarum
2136 1116 2172 1149 in
2199 1115 2242 1149 iis

1246 1166 1386 1210 oppidis
1403 1162 1573 1210 οἴκῃ-στῆς
1589 1163 1721 1198 Paulus
1740 1165 1830 1209 ipse,
1864 1167 1924 1211 qui
1948 1174 1980 1200 et
2002 1174 2162 1200 amanter
2185 1180 2242 1201 ea-

1246 1230 1324 1250 rum
1344 1217 1505 1260 pietatem
1524 1215 1711 1259 praedicat.
1767 1216 1837 1250 Sed
1864 1217 1993 1263 reliqui
2017 1224 2117 1251 erant
2138 1217 2241 1252 multi

1247 1266 1379 1302 hostes:
1431 1267 1534 1300 multi
1563 1267 1730 1310 exemplis
1764 1268 1966 1311 depravati,
2006 1268 2172 1304 redibant
2199 1270 2242 1302 ad

1247 1319 1403 1365 priorem
1422 1318 1614 1352 licentiam.

1348 1367 1578 1403 Germaniam
1599 1368 1801 1401 universam
1821 1376 1897 1412 post
1914 1369 2100 1403 reverendi
2117 1367 2160 1406 D.
2171 1369 2244 1404 Lu-

1249 1418 1339 1454 theri
1362 1427 1531 1458 mortem,
1562 1426 1714 1464 quantae
1735 1420 1948 1453 calamitates
1973 1421 2247 1466 oppresserunt?

1249 1473 1334 1505 (lum
1357 1471 1502 1516 plurimi
1526 1470 1602 1504 sine
1627 1477 1719 1503 metu
1746 1471 1814 1505 Dei
1840 1479 2014 1517 quaerunt
2036 1473 2246 1517 voluptates,

1250 1529 1383 1557 certant
1396 1522 1592 1556 ambitione
1604 1548 1612 1562 ‚
1640 1521 1822 1566 negligunt
1840 1522 2108 1568 inquisitionem
2125 1535 2244 1558 rerum

1250 1574 1544 1608 necessariarum:
1573 1579 1606 1606 et
1621 1585 1641 1606 o
1659 1585 1732 1605 rem
1749 1573 1931 1615 miseram,
1954 1575 2167 1610 confirmant
2182 1587 2246 1610 au-

1251 1625 1386 1658 daciam
1406 1632 1439 1658 et
1460 1624 1651 1668 potentiam
1671 1621 1824 1657 hostium
1843 1623 2042 1669 Evangelii.

1353 1674 1505 1708 Pericles
1528 1681 1624 1707 moto
1651 1674 1743 1707 bello
1771 1675 1923 1715 difficili,
1967 1677 2103 1721 inquit,
2137 1677 2247 1720 magis

1251 1739 1286 1760 se
1303 1734 1459 1760 metuere
1478 1725 1667 1759 domestica
1688 1725 1783 1763 vitia,
1811 1738 1914 1770 quam
1932 1724 2087 1761 hostium
2105 1727 2197 1760 vires
2215 1734 2247 1762 et

1253 1777 1420 1816 consilia,
1445 1778 1588 1821 μᾶλλον
1604 1773 1643 1810 δὲ
1659 1773 1875 1821 πεφόβημαι
1895 1775 1958 1816 τὰς
1984 1778 2118 1817 οἶκεῒας
2140 1775 2247 1824 ἡμῶν

1254 1825 1458 1873 ἁμαρτίας,
1502 1825 1523 1871 ἢ
1545 1825 1611 1865 τὰς
1632 1829 1710 1860 τῶν
1733 1825 1914 1861 ἐναντίων
1945 1825 2123 1868 dimotas.
2195 1827 2247 1863 Ac

1253 1881 1451 1925 plerunque
1475 1879 1521 1911 ita
1549 1877 1694 1916 accidit,
1729 1878 1826 1923 prius
1848 1879 2039 1913 domestica
2059 1880 2149 1914 mala
2167 1887 2249 1915 sunt

1254 1931 1359 1964 exitio
1384 1929 1562 1973 imperiis,
1599 1940 1703 1974 quam
1727 1937 1869 1963 externa
1897 1931 2076 1964 violentia.
2139 1929 2249 1964 Cum-

1255 1994 1321 2027 que
1345 1981 1536 2025 petulantia
1556 1992 1650 2013 nunc
1672 1980 1707 2013 in
1726 1981 1849 2015 inultis
1866 1989 2016 2023 crescat,
2043 1981 2249 2027 impendere

1255 2033 1405 2065 maiores
1422 2031 1546 2065 ruinae
1562 2031 1737 2064 vident'ur.
1798 2031 1866 2065 Sed
1888 2044 1948 2066 vos
1966 2045 2029 2066 oro
2045 2040 2077 2067 et
2093 2033 2250 2067 obtestor

1256 2090 1399 2129 propter
1415 2083 1526 2116 filium
1543 2080 1606 2115 Dei
1637 2090 1669 2115 et
1694 2090 1838 2126 propter
1853 2083 2000 2117 salutem
2017 2091 2186 2124 vestram,
2210 2091 2249 2119 ut

1255 2135 1355 2168 adlici
1382 2145 1443 2167 vos
1470 2134 1576 2168 tantis
1603 2131 1779 2166 Ecclesiae
1813 2141 1845 2167 et
1877 2134 2008 2179 patriae
2040 2135 2250 2169 vulneribus

1255 2186 1467 2225 ostendatis,
1494 2197 1532 2217 ac
1546 2185 1775 2218 modestiores
1793 2191 1825 2218 et
1843 2185 1877 2218 in
1895 2185 1992 2218 omni
2018 2186 2135 2220 officio
2162 2186 2249 2220 dili-

1255 2237 1430 2281 gentiores
1447 2236 1540 2275 sitis,
1567 2234 1710 2269 utDeus
1727 2235 1861 2279 mitiget
1879 2248 2019 2281 poenas.
2055 2236 2135 2271 Non
2153 2237 2249 2271 enim

1255 2289 1391 2322 inutilis
1408 2294 1458 2321 est
1474 2287 1673 2321 emendatio
1690 2299 1845 2326 morum,
1872 2289 1930 2321 sed
1948 2288 2053 2321 etiam
2070 2288 2162 2322 inter
2175 2288 2250 2322 rui-

1257 2352 1317 2373 nas
1351 2339 1581 2382 imperiorum
1618 2338 1687 2371 illis
1721 2338 1801 2381 ipsis
1835 2339 1997 2373 salutaris
2026 2345 2096 2379 est,
2132 2339 2193 2385 qui
2215 2351 2251 2373 se

1255 2393 1502 2424 emendarunt.
1545 2390 1667 2423 Servat
1685 2389 1778 2422 enim
1799 2389 1890 2424 Deus
1907 2391 2043 2436 aliquas
2061 2391 2114 2424 sui
2132 2397 2250 2424 coetus

1255 2443 1442 2487 reliquias,
1469 2448 1505 2474 ut
1522 2447 1602 2474 aute
1621 2440 1843 2473 obsidionem
1866 2441 2098 2487 ierosolymae
2118 2441 2194 2486 pios
2208 2453 2248 2475 ex

1255 2494 1342 2527 urbe
1359 2493 1538 2526 discedere
1553 2491 1663 2525 iussit.
1721 2490 1765 2525 Et
1783 2492 1919 2535 mitigat
1937 2491 2033 2526 Deus
2051 2492 2134 2526 totis
2150 2492 2248 2526 urbi-

1255 2545 1330 2584 bus,
1360 2556 1490 2589 poenas
1508 2550 1652 2588 propter
1671 2543 1873 2588 aliquorum
1891 2543 2187 2584 emendationem,
2211 2551 2250 2578 ut

1253 2596 1403 2629 ostendit
1424 2595 1622 2639 exemplum
1640 2593 1798 2629 Ninives.

1356 2646 1450 2681 llaec
1469 2648 1513 2680 de
1531 2645 1750 2690 :invidissimo
1773 2651 1979 2687 argumento
2006 2645 2159 2678 breviter
2183 2642 2249 2679 boc

1253 2705 1410 2742 tempore
1431 2698 1522 2737 dixi,
1545 2710 1623 2731 cum
1649 2697 1793 2742 quidem
1817 2693 1904 2729 mibi
1924 2697 1966 2729 ad
1985 2703 2117 2730 caetera
2136 2696 2248 2741 impe·
