2338 2958
0 2713 7 2766 -vu
0 2675 2 2692 -
0 2590 5 2650 v-v

56 115 130 152 205

54 202 120 236 bus
145 201 287 241 accidit,
314 206 447 245 quanto
471 200 589 234 minus
612 200 750 234 ferendi
773 206 856 234 sunt
875 199 952 239 isti,
980 197 1041 244 qui

52 264 132 286 cum
147 263 329 296 nunquam
345 250 545 291 didicerint,
572 258 688 284 tamen
707 249 796 284 hanc
812 257 921 284 artem
938 250 1042 292 longe

53 303 242 336 maximam
266 314 305 335 ac
326 301 571 335 difficillimam
597 302 816 346 profitentur.
872 300 917 335 At
942 300 1041 333 vide-

52 363 131 386 mus
152 365 257 398 quam
276 352 447 397 plurimos
463 363 535 385 esse
546 379 555 393 ‚
581 353 641 398 qui
657 352 756 398 quasi
771 353 814 385 ab
829 349 1040 395 Aesculapio

53 409 163 437 totam
186 410 294 437 artem
313 415 376 448 per
391 403 570 436 somnium
588 404 693 436 semel
712 403 927 447 acceperint,
955 413 1041 435 ven-

52 454 169 488 ditant
191 466 226 488 se
249 454 342 487 inter
364 453 540 494 Medicos,
568 455 702 488 etiamsi
727 453 863 486 nullam
883 464 1040 497 unquam

52 505 217 549 paginam
234 504 478 549 Hippocratis,
505 512 565 538 aut
585 503 733 542 Galeni,
761 511 821 537 ant
838 503 1041 537 Avicennae

53 556 226 599 legerunt.
280 555 331 589 Ac
357 555 522 589 videntur
544 555 647 589 etiam
674 555 821 588 irridere
843 561 953 588 totam
978 555 1042 587 do-

53 607 224 645 ctrinam,
266 618 354 651 quae
383 606 420 638 in
450 604 579 639 scholis
608 606 779 645 traditur,
819 612 852 639 et
883 605 1042 649 sapiunt3

53 658 177 691 vident
200 656 295 690 enim
319 657 444 700 vulgus
466 656 544 700 plus
569 656 814 690 admirationis
832 654 962 690 habere
979 667 1043 700 pa·-

53 708 227 742 rasiticam
253 708 369 748 illam,
400 719 505 752 quam
530 719 648 741 veram
674 705 954 751 philosophiam,
989 706 1044 739 vi-

54 760 141 793 dent
163 759 270 802 magis
295 765 538 803 quaestuosam
556 770 629 792 esse
646 755 910 799 histrionicam,
937 769 1042 803 qnam

54 821 172 843 veram
196 809 360 842 medendi
384 815 506 843 artem.
560 808 629 842 Sed
654 809 798 842 obiiciat
823 806 881 842 hic
905 808 1044 853 aliquis,

54 860 241 905 plerosque
258 860 442 894 illiteratos
458 870 619 902 magnam
638 860 888 903 experientiam
904 857 1044 900 habere,

54 923 145 956 quae
162 923 234 944 non
253 911 369 943 minus
387 910 496 949 valet,
523 923 628 955 quam
645 923 718 949 ars,
747 923 852 956 qnam
872 911 1044 945 doctrina.

55 961 240 995 Assentior
267 961 419 994 multum
452 961 584 1004 pollere
610 962 879 1005 experientiam3
916 974 956 995 ex
980 958 1044 994 hac

54 1012 149 1045 enim
181 1024 237 1045 ars
267 1011 435 1056 paulatim
459 1019 538 1045 nata
562 1019 622 1045 est.
684 1011 753 1046 Sed
781 1019 964 1057 postquam
991 1023 1045 1044 ars

55 1070 190 1107 reperta
217 1070 285 1103 est,
311 1063 389 1096 ideo
413 1063 586 1103 traditur,
615 1075 659 1095 ne
682 1063 766 1108 quid
792 1070 938 1104 temere,
967 1074 1043 1096 cum

56 1113 212 1159 periculo
235 1114 385 1146 aliorum
411 1113 654 1156 experiamur,
681 1115 738 1146 sed
765 1114 923 1158 priorum
945 1125 1046 1156 expe-

55 1165 205 1197 rimenta
229 1164 424 1204 imitantes,
458 1170 585 1197 certam
611 1165 775 1198 medendi
799 1165 970 1198 rationem
995 1171 1047 1197 te-

56 1226 213 1248 neamus.
266 1214 421 1248 Proinde
444 1214 507 1259 qui
530 1215 649 1248 relicta
675 1222 768 1255 arte,
799 1227 863 1258 per
887 1227 959 1248 sese
984 1228 1047 1247 vo-

57 1267 137 1299 lunt
159 1265 308 1309 experiri
332 1265 417 1310 quid
440 1265 568 1308 prosit,
601 1265 686 1310 quid
710 1266 822 1305 obsit,
857 1263 922 1299 hos
946 1277 1046 1309 saepe

57 1317 237 1360 continget
253 1328 385 1356 errare,
412 1322 445 1349 et
459 1316 593 1349 discent
609 1328 736 1359 magno
753 1317 846 1350 malo
863 1324 1046 1359 aegrotan—

57 1367 159 1402 tium.
210 1364 310 1400 Nihil
334 1373 385 1400 est
405 1366 565 1399 fallacius
590 1368 803 1411 experientia
822 1368 857 1399 in
875 1374 970 1400 tanta
987 1379 1047 1399 va-

58 1419 181 1451 rietate
199 1416 559 1457 circumstantiarum,
586 1418 628 1449 ad
646 1429 750 1462 quam
771 1429 844 1451 non
860 1415 1049 1450 adhibetur

58 1468 149 1502 ratio
173 1475 206 1500 et
230 1468 410 1508 doctrina,
437 1466 525 1500 sicut
550 1467 652 1500 initio
669 1466 966 1512 Apliorismornm
987 1469 1049 1500 ad-

57 1519 199 1555 monuit
229 1517 481 1563 Hippocrates,
521 1529 600 1550 eum
632 1518 766 1562 inquit,
800 1518 1047 1561 experientiam

58 1569 291 1615 periculosam
315 1580 407 1608 esse,
433 1575 467 1601 et
482 1567 654 1601 iudicium
671 1570 785 1602 fallax.
837 1567 885 1602 At
901 1569 958 1602 isti
976 1580 1048 1601 em-

59 1620 180 1665 pirici,
213 1620 283 1652 imo
308 1616 516 1657 histriones,
542 1619 676 1653 abiecta
702 1627 775 1654 arte
799 1626 937 1653 tantum
963 1631 1050 1652 con-

59 1672 174 1705 fidunt
191 1669 415 1714 experientia,
443 1676 476 1703 et
492 1668 624 1703 iudicio
640 1682 716 1711 suo,
743 1683 894 1716 quorum
910 1678 1049 1704 utrum-

58 1734 127 1768 que
150 1721 424 1755 incertissimum
447 1727 510 1757 est.
563 1719 795 1765 Hippocrates
812 1723 898 1754 adeo
916 1722 1050 1754 diffisus

59 1781 111 1807 est.
141 1771 396 1816 experientiae,
429 1777 469 1804 ut
497 1772 729 1816 praeceperit,
765 1780 949 1818 postquam
978 1784 1048 1804 non

58 1823 243 1868 respondit
264 1829 409 1856 eventus
426 1820 643 1855 Medicinam
667 1824 858 1856 secundnm
878 1823 1048 1856 rationem

60 1874 222 1914 facienti,
251 1885 296 1906 ne
317 1872 403 1918 quid
426 1880 602 1916 praeterea
620 1880 739 1906 tentet.
793 1873 918 1906 Videte
933 1880 1048 1907 autem

61 1926 147 1959 istos
176 1925 356 1962 indoctos,
398 1923 609 1957 collectanea
644 1921 774 1957 habent
802 1924 1051 1964 remediorum,

59 1977 105 2010 ab
133 1974 402 2015 obstetricibus,
434 1986 453 2007 a
477 1974 700 2018 tonsoribus,
733 1987 750 2008 a
778 1974 910 2017 Magis,
945 1988 962 2008 a
991 1973 1050 2008 lu·

61 2027 158 2061 daeis
188 2025 434 2069 transscripta,
469 2037 508 2058 ex
540 2023 592 2058 his
617 2025 751 2068 eligunt
776 2026 878 2058 initio
903 2025 1051 2071 aliquid,

60 2079 156 2123 quod
179 2077 360 2110 illecebras
383 2077 551 2121 quasdam
577 2073 698 2116 habet,
729 2076 855 2109 nolunt
874 2077 965 2109 enim
982 2084 1050 2109 sta-

60 2129 124 2163 tim
148 2128 184 2162 in
208 2127 284 2172 ipso
309 2127 409 2160 aditu
431 2127 611 2160 offendere
627 2127 764 2161 animos
782 2127 1051 2170 aegrotantium.

60 2178 139 2213 Hoc
159 2179 189 2212 si
212 2190 334 2222 parum
358 2177 527 2222 profecit,
554 2177 669 2211 statim
693 2178 790 2211 aliud
814 2179 1050 2222 experiuntur,

61 2237 93 2264 et
115 2230 152 2264 fit
175 2240 444 2273 saepenumero,
476 2236 515 2262 ut
539 2228 610 2273 ipsa
636 2229 873 2261 remediorum
897 2228 1051 2262 dissimi-

61 2280 176 2315 litudo
207 2291 340 2312 novum
370 2279 535 2312 morbum
569 2278 699 2322 gignat.
751 2279 846 2312 Haec
870 2291 971 2323 saepe
993 2292 1050 2313 ac-

61 2332 178 2366 cidere
201 2330 294 2370 vidi,
322 2341 430 2374 quare
455 2327 548 2363 nihil
570 2336 642 2370 est,
670 2332 764 2375 qnod
790 2330 847 2364 isti
868 2342 965 2363 suam
985 2342 1051 2363 no-

61 2383 117 2417 bis
146 2380 397 2426 experientiam
429 2380 642 2423 praedicent.
715 2380 784 2414 Ars
815 2382 986 2424 gubernat
1017 2388 1050 2414 et

61 2433 222 2467 imitatur
243 2431 493 2476 experientiam
513 2443 584 2463 non
604 2430 846 2472 indoctorum,
875 2433 931 2464 sed
950 2444 1049 2475 prae-

61 2483 371 2519 stantissimorum.
425 2480 488 2515 Isti
513 2494 594 2514 vero
612 2481 686 2514 sine
703 2489 946 2526 praeceptore,
974 2482 1049 2515 sine

61 2533 253 2578 magistris,
280 2533 352 2566 suis
366 2531 534 2575 exemplis
549 2532 699 2567 discunt.
752 2533 788 2565 Si
808 2533 885 2565 Dux
903 2534 938 2567 in
956 2534 1048 2566 bello

61 2586 243 2629 eligendus
259 2583 321 2623 sit,
347 2595 451 2616 nemo
465 2583 594 2626 opinor
608 2582 710 2625 eliget
726 2582 960 2621 Thrasonem,
988 2584 1049 2628 qni

59 2637 199 2670 nullum
222 2646 380 2679 unquam
400 2633 529 2667 viderit
548 2633 817 2676 imperatorem,
844 2647 946 2679 quem
967 2635 1048 2667 imi-

60 2694 213 2727 taretur,
253 2685 311 2718 sed
334 2683 406 2718 suis
428 2684 596 2729 exemplis
619 2685 794 2728 promittit
817 2698 852 2719 se
879 2685 964 2718 velle
990 2697 1048 2718 co-

507 111 668 150 DECL.
703 111 945 149 CONTRA
979 110 1314 148 EMPIRICOS
1352 111 1629 150 MEDICOS.

1072 1324 1075 1342 Ι

1072 1346 1075 1365 l

1072 1368 1076 1423 i

1072 1427 1078 1832 ι

2010 114 2084 149 206

1095 209 1264 241 gnoscere
1287 199 1405 232 omnia
1431 199 1543 232 officia
1563 197 1800 243 Imperatoris.
1854 196 1905 231 Ita
1924 197 2084 231 Medicus

1095 247 1318 282 adhibendus
1348 257 1415 290 est,
1448 262 1519 283 non
1552 250 1611 295 qui
1635 261 1725 282 nova
1749 248 1985 293 experimenta
2009 248 2084 281 sine

1094 300 1231 333 ratione
1253 300 1408 345 quaerit,
1438 307 1468 334 et
1493 301 1551 345 qui
1571 301 1642 334 suis
1658 299 1824 344 exemplis
1840 299 1992 343 primum
2010 311 2084 331 me-

1095 351 1203 384 dendi
1226 351 1316 384 viam
1336 351 1487 394 colligit,
1512 352 1570 383 sed
1591 351 1651 396 qni
1666 357 1823 384 veterum
1839 350 2034 384 doctrinam
2052 357 2085 383 et

1095 402 1345 445 experientiam
1378 402 1547 435 imitatur.
1612 401 1786 435 Foelicem
1816 401 1935 439 aiunt,
1980 412 2083 445 quem

1093 453 1228 485 faciunt
1241 453 1354 485 aliena
1370 453 1522 496 pericula
1538 459 1694 485 cautum:
1723 464 1830 496 quare
1846 464 1919 484 non
1935 458 1985 484 est
1998 463 2084 483 con-

1095 504 1227 536 sultum
1254 504 1390 536 omissis
1414 511 1571 536 veterum
1595 502 1778 546 exemplis,
1808 514 1896 536 nova
1918 501 2084 539 remedia,

1096 566 1224 588 novam
1248 554 1341 586 viam
1365 554 1529 587 medendi
1548 553 1708 598 experiri.
1762 551 1814 585 Ac
1833 565 1875 585 ne
1892 553 1970 597 quis
1987 558 2084 596 putet

1096 617 1150 637 me
1174 605 1423 649 experientiam
1447 604 1640 649 aspernari:
1668 615 1730 647 ego
1752 615 1836 636 vero
1859 603 1956 635 illam
1980 614 2085 647 quam

1096 655 1245 688 maxime
1269 656 1497 689 necessariam
1522 667 1593 688 esse
1617 655 1707 693 scio,
1743 655 1800 687 sed
1826 653 1976 687 vicissim
2003 653 2085 685 nolo

1097 713 1205 740 artem
1245 707 1433 740 contemni.
1501 705 1661 739 Prudens
1701 704 1860 739 Medicus
1898 704 2087 746 coniunget

1096 764 1303 802 utrumque,
1335 764 1444 790 artem
1476 764 1509 790 et
1538 756 1798 801 experientiam.
1861 754 1949 788 Nam
1984 766 2086 797 expe-

1096 808 1222 842 rientia
1241 808 1315 841 sine
1333 808 1479 846 ratione,
1507 808 1582 840 sine
1600 808 1772 847 doctrina,
1794 806 1869 839 sine
1887 811 1972 844 arte,
1994 802 2086 837 nihil

1097 859 1164 891 nisi
1186 859 1416 892 domesticum
1436 858 1658 892 latrocinium
1678 865 1748 898 est,
1777 864 1809 890 et
1826 868 1962 900 possem
1977 855 2086 888 multa

1098 910 1252 953 exempla
1286 921 1578 950 commemorare,
1613 909 1791 953 quomodo
1822 906 1955 950 decepti
1983 917 2087 949 expe-

1097 961 1223 994 rientia
1254 967 1373 993 contra
1400 961 1571 993 rationem
1594 957 1786 1003 Empirici,
1818 958 1912 990 viros
1935 957 2086 1000 optimos

1098 1011 1337 1045 crudelissime
1369 1010 1620 1044 interfecerint.
1673 1009 1791 1053 Quare
1821 1009 1856 1041 si'
1879 1020 1967 1053 qnos
1996 1004 2087 1038 nihil

1097 1063 1253 1096 offendet
1289 1062 1497 1105 indignitas,
1541 1062 1635 1106 quod
1673 1059 1834 1094 homines
1868 1059 2088 1102 impudentes

1098 1114 1230 1147 audent
1252 1125 1286 1145 se
1313 1113 1415 1146 titulo
1440 1113 1524 1146 artis
1547 1111 1747 1149 venditare,
1776 1123 1880 1156 quam
1905 1120 2087 1153 nunquam

1098 1165 1316 1204 didicerunt,
1344 1171 1459 1196 tamen
1479 1170 1528 1196 est
1546 1160 1759 1203 humanum,
1787 1160 1933 1205 periculi
1951 1157 2088 1200 magni-

1098 1216 1222 1249 tudine
1244 1215 1395 1254 unu-eri,
1423 1226 1492 1258 quo
1516 1213 1634 1246 minus
1657 1214 1773 1246 serant
1788 1213 1872 1245 istos
1891 1209 2089 1248 histriones,

1099 1277 1250 1311 quorum
1276 1265 1449 1308 imperitia
1477 1264 1606 1297 multos
1631 1265 1744 1307 perire
1767 1269 1913 1297 constat.
1966 1259 2013 1294 Et
2031 1271 2089 1292 ac-

1099 1316 1191 1350 cedit
1214 1313 1280 1348 hoc
1305 1317 1397 1360 quod
1423 1321 1526 1358 auget
1550 1315 1766 1358 periculum,
1801 1312 1975 1357 imperitia
1999 1310 2090 1354 parit

1099 1366 1301 1408 audaciam,
1332 1372 1370 1399 ut
1392 1363 1620 1410 Thucydides
1651 1365 1713 1399 ait:
1750 1376 1856 1409 quare
1885 1363 1976 1396 inter
1996 1361 2090 1400 istos,

1099 1424 1138 1450 ut
1153 1417 1300 1461 quisque
1319 1416 1580 1449 indoctissimus
1597 1421 1665 1454 est,
1693 1415 1741 1449 ita
1758 1421 1809 1448 est
1826 1412 2090 1448 audacissimus.

1102 1467 1206 1500 Multi
1235 1473 1317 1499 sunt
1341 1466 1477 1505 morbi,
1505 1477 1592 1511 quos
1617 1465 1809 1499 doctissimi
1836 1471 1867 1497 et
1887 1461 2090 1508 peritissimi

1100 1518 1232 1551 Medici
1256 1529 1397 1549 movere
1420 1528 1493 1549 non
1511 1518 1660 1556 audent,
1688 1517 1797 1549 multa
1817 1515 1978 1548 incidunt
1996 1525 2090 1558 sym-

1101 1575 1254 1612 ptomata
1281 1580 1320 1600 ex
1343 1567 1454 1600 causis
1476 1568 1562 1600 adeo
1580 1566 1756 1607 obscuris,
1783 1573 1822 1599 ut
1839 1566 1942 1598 etiam
1961 1564 2091 1598 doctis-

1100 1619 1180 1652 simi
1208 1619 1276 1652 viri
1307 1618 1489 1659 dubitent,
1523 1618 1702 1662 quomodo
1728 1623 1932 1657 occurrant,
1975 1615 2091 1647 incre-

1100 1670 1221 1703 dibilis
1253 1676 1302 1703 est
1330 1669 1478 1702 varietas
1509 1669 1690 1711 signorum
1720 1674 1801 1701 ante
1831 1666 1968 1705 Crisin,
2002 1676 2090 1710 quae

1101 1733 1174 1754 non
1201 1733 1277 1754 raro
1302 1720 1483 1764 perturbat
1509 1718 1712 1759 Medicum,
1740 1718 1900 1764 quamvis
1923 1727 2090 1760 sagacem.

1102 1772 1147 1805 At
1182 1769 1371 1805 histriones
1401 1771 1457 1804 isti
1491 1770 1659 1815 quoniam
1691 1770 1796 1803 semel
1832 1769 2091 1813 perfricuerunt

1100 1824 1273 1863 frontem,
1298 1822 1438 1854 fortiter
1461 1826 1542 1854 silut
1568 1821 1807 1863 impudenteS‚
1833 1820 1971 1853 nullum
1995 1828 2092 1850 mor-

1101 1874 1184 1907 bum
1219 1886 1291 1907 non
1322 1873 1519 1915 attingunt,
1560 1872 1660 1904 nullo
1691 1877 1942 1916 symptomate‚
1983 1868 2091 1901 nullis

1101 1924 1209 1968 signis
1235 1924 1505 1968 perturbantur,
1531 1929 1564 1956 et
1589 1922 1765 1956 temeritas
1790 1934 1868 1954 raro
1893 1919 1997 1954 habet
2015 1920 2089 1952 foe-

1101 1976 1184 2009 lices
1205 1975 1335 2015 exitus,
1361 1974 1450 2017 leges
1473 1973 1626 2017 puniunt
1643 1973 1853 2016 imperitiam
1872 1972 1907 2004 in
1925 1970 2090 2010 Medicis;

1101 2026 1305 2069 gravissime
1330 2025 1423 2058 enim
1448 2024 1565 2069 inquit
1582 2023 1870 2063 Iurisconsultus,
1898 2034 1970 2055 non
1987 2021 2091 2054 debet

1101 2078 1314 2121 impunitum
1334 2075 1487 2120 relinqui
1504 2075 1669 2107 delictum
1688 2074 1894 2117 decipientis
1912 2078 2092 2117 praetextu

1102 2126 1274 2161 humanae
1305 2126 1515 2169 fragilitatis.
1571 2124 1700 2157 Verum
1731 2125 1787 2158 isti
1815 2136 1887 2156 non
1911 2124 2023 2156 solnm
2048 2123 2091 2155 de

1102 2179 1274 2222 imperitia
1298 2184 1482 2217 tenentur,
1508 2176 1565 2208 sed
1589 2176 1692 2209 etiam
1710 2177 1752 2208 de
1771 2175 1872 2214 dolo,
1903 2187 1980 2207 cum
2000 2174 2091 2205 vires

1101 2241 1180 2262 suas
1202 2229 1340 2269 norint,
1368 2235 1401 2261 et
1421 2235 1534 2261 tamen
1554 2226 1823 2259 existimationis
1841 2227 1990 2259 tuendae
2009 2235 2091 2256 eau-

1101 2292 1154 2321 sa,
1187 2280 1305 2313 omnia
1335 2278 1488 2323 pericula
1519 2283 1766 2317 contemnant,
1801 2288 1922 2309 omnes
1949 2275 2090 2308 morbos

1101 2330 1286 2374 attingant.
1349 2329 1460 2362 Porro
1491 2329 1533 2360 ad
1565 2327 1675 2370 legem
1699 2326 1879 2372 Aquiliam
1913 2325 2090 2365 scribitur,

1100 2382 1221 2414 dolum
1240 2393 1328 2420 esse,
1355 2380 1381 2412 si
1400 2379 1477 2424 quis
1491 2378 1628 2412 affectet
1644 2378 1790 2423 aliquid,
1819 2378 1854 2410 in
1872 2389 1941 2422 quo
1959 2375 2090 2410 intelli-

1100 2433 1168 2474 git,
1196 2439 1256 2465 aut
1281 2430 1476 2472 intelligere
1499 2429 1601 2462 debet
1625 2428 1868 2462 infirmitatem
1894 2440 1990 2461 suam
2012 2426 2090 2459 aliis

1101 2483 1331 2526 periculosam
1361 2481 1443 2514 sore.
1505 2479 1543 2514 Si
1573 2479 1720 2523 pecunia
1753 2486 1888 2512 tantum
1916 2478 2090 2522 periclita—

1101 2541 1216 2573 retur,
1245 2532 1363 2566 sarciri
1383 2533 1510 2564 damna
1529 2536 1685 2573 possent3
1714 2542 1809 2563 nunc
1828 2530 1957 2563 ludunt
1976 2529 2010 2562 in
2029 2528 2091 2561 tali

1100 2585 1322 2623 discrimine,
1349 2582 1410 2616 ubi
1433 2582 1461 2614 si
1485 2581 1570 2626 quid
1595 2593 1692 2613 secus
1711 2581 1853 2620 accidit,
1883 2592 1995 2625 neque
2012 2591 2088 2612 cor-

1100 2635 1165 2676 rigi
1185 2641 1376 2679 peccatum,
1404 2644 1516 2677 neque
1532 2631 1652 2664 sarciri
1671 2631 1800 2664 iactura
1820 2638 1942 2675 potest.
1992 2629 2087 2670 Quid

1099 2687 1194 2719 enim
1228 2685 1402 2730 reliquum
1430 2691 1479 2717 est
1506 2680 1643 2716 homini
1668 2682 1791 2715 amissa
1820 2682 1917 2715 vita?
1971 2680 2089 2721 Quare
