2338 2958
107 115 155 149 17

105 199 205 234 Italia
228 198 444 232 saeviebant:
479 199 641 231 nondum
670 198 764 231 enim
795 198 959 232 universa
981 196 1088 232 Chri-

104 257 196 284 stum
219 250 458 294 profitebatur.
511 248 553 282 ln
577 246 672 282 hunc
696 261 813 282 rerum
830 255 958 282 statum
977 248 1087 283 Caro-

102 301 158 334 lus
190 307 312 341 natus,
347 312 426 334 cum
459 299 546 332 fines
570 298 727 333 Romani
750 299 889 342 imperii
913 307 1086 344 pacasset,

81 384 83 386 ,
102 352 147 385 ad
165 351 412 384 instaurandas
435 351 554 384 literas
572 350 728 384 animum
747 350 884 383 adiecit.
936 349 1026 383 'Nam
1053 358 1086 385 et

102 401 176 446 ipse
196 409 335 446 praeter
357 402 548 435 multarum
575 413 691 434 rerum
716 400 972 443 cognitionem,
1008 402 1084 445 ple-

101 464 228 498 rasque
252 453 472 496 disciplinas,
501 463 589 497 quae
611 449 741 485 scholis
768 451 914 490 debent,
943 452 1085 495 expedi-

100 509 152 537 tas
170 510 203 536 et
219 510 414 548 compertas
428 501 591 536 habebat.
631 499 824 535 Alcuinum
843 514 883 534 ex
900 500 1028 545 Anglia
1047 503 1084 536 in

103 551 228 587 Gallos
246 555 365 595 duxit,
392 567 461 599 quo
486 551 655 593 authore,
681 551 807 585 Parisii
832 552 950 585 literas
975 554 1080 596 profi-

101 604 166 638 teri
183 612 393 649 coeperunt,
419 603 574 648 auspicio
593 609 684 636 certe
702 603 805 636 laeto.
860 602 949 636 Nam
975 616 1081 648 purae

101 652 216 688 adhuc
235 662 354 695 erant,
381 662 414 689 et
429 655 613 688 accedebat
632 652 849 686 Graecarum
870 666 987 687 rerum
1009 667 1082 688 me-

101 706 230 739 diocris
249 706 381 750 peritia.
415 704 468 738 Ea
486 705 589 738 nobis
605 711 697 737 aetas
715 703 903 747 Hugones,
930 703 1081 739 Richar-

101 757 182 795 dos,
225 764 257 790 et
290 757 377 790 alios
409 768 482 789 non
526 755 695 800 pessimos
734 755 922 798 scriptores
961 756 1081 790 edidit.

101 805 351 852 Philosophia,
386 819 458 840 non
480 806 533 840 uti
563 818 676 846 nunc,
710 818 749 839 ex
774 803 963 840 Aristotele
987 814 1083 851 pete-

100 858 222 899 batur,
237 859 294 891 sed
310 864 417 891 totam
432 857 498 890 sibi
517 858 724 890 adseverant
742 854 956 891 Mathemata
967 885 975 898 ‚
994 870 1082 903 quae

99 920 246 953 magnae
273 920 374 942 curae
406 915 480 941 tum
505 907 635 941 literati
660 919 783 941 omnes
810 905 1007 949 habebant,
1044 909 1076 941 id

101 960 196 1005 quod
219 959 378 993 indicant
403 966 536 993 veteres
554 956 816 991 Monachorum
835 959 908 991 divi
926 957 1079 991 Benedi-

100 1010 146 1043 cti
170 1007 421 1043 bibliothecae:
465 1022 482 1042 e
509 1009 638 1055 quibus
672 1021 775 1042 nemo
808 1009 922 1041 clarus
956 1009 1080 1049 extitit,

101 1061 161 1106 qui
180 1073 253 1094 non
269 1072 373 1104 opere
390 1058 642 1093 Mathematico
666 1059 710 1092 sit
726 1059 962 1092 eruditionem
981 1072 1079 1093 suam

101 1112 237 1155 egregie
260 1118 414 1144 testatus.
466 1109 604 1143 Deinde
628 1122 694 1143 usu
720 1121 774 1142 res
797 1117 869 1143 acta
894 1117 964 1152 est,
990 1111 1081 1144 inci-

99 1163 296 1207 deruntque
323 1159 484 1195 homines
507 1160 671 1205 quidam,
703 1160 776 1193 sive
806 1161 956 1193 libidine
982 1162 1079 1205 inge-

98 1213 260 1253 niorum,
286 1212 358 1245 sive
376 1224 493 1245 amore
511 1211 626 1245 litium
645 1211 759 1252 ducti,
786 1211 823 1244 in
841 1211 1080 1253 Aristotelem,

99 1275 248 1309 eumque
284 1275 467 1304 mancum,
508 1269 540 1295 et
575 1262 749 1302 lacerum,
781 1269 815 1296 et
849 1263 911 1308 qui
946 1263 1079 1309 alioqui

101 1313 247 1348 Graecis
275 1315 462 1354 obscuruS,
493 1310 556 1347 καὶ
584 1310 626 1347 τὸ
650 1311 753 1352 λοξία
779 1313 904 1346 similis
928 1315 1079 1353 videtur,

98 1363 223 1398 Latine
257 1365 305 1397 sic
327 1365 524 1405 redditum,
557 1370 598 1396 ut
623 1363 726 1396 etiam
749 1363 906 1408 Sibyllae
930 1364 1079 1397 furentis

98 1415 316 1449 coniecturas
342 1421 532 1447 exerceret:
564 1412 644 1446 Huc
666 1419 783 1446 tamen
805 1414 938 1447 incauti
963 1412 1075 1447 liomi-

97 1477 160 1499 nes
183 1466 414 1509 impegerunt.
476 1463 614 1497 Sensim
638 1464 815 1506 neglectae
836 1464 999 1496 meliores
1024 1465 1079 1497 di-

96 1516 283 1561 sciplinae,
310 1515 508 1548 eruditione
527 1512 661 1546 Graeca
685 1513 894 1552 excidimus,
929 1515 1076 1547 omnino

97 1580 162 1613 pro
188 1567 292 1599 bonis
316 1578 389 1599 non
419 1566 511 1599 bona
535 1564 654 1597 doceri
676 1571 808 1607 coepta.
870 1563 964 1597 Hinc
995 1578 1077 1608 pro-

97 1619 194 1651 diere
242 1615 423 1657 Thomae,
482 1615 596 1655 Scoti‚
649 1613 831 1654 Durandi,
884 1614 1078 1659 Seraphici‚

95 1667 304 1707 Cherubici,
331 1674 363 1701 et
385 1666 515 1711 reliqui
539 1665 658 1712 proles
681 1665 904 1698 numerosior
925 1665 1076 1700 Cadmea

97 1720 230 1754 sobole.
284 1718 429 1752 Accedit
449 1717 610 1761 insuper,
638 1717 732 1761 quod
756 1728 828 1748 non
850 1717 964 1748 solum
992 1728 1075 1749 con-

96 1770 219 1815 tempti
237 1776 369 1802 veteres
385 1768 501 1801 studio
519 1778 705 1805 novorum,
732 1767 792 1798 sed
811 1766 958 1799 omnino
973 1766 1000 1799 si
1017 1767 1076 1812 qui

95 1821 135 1854 in
152 1832 226 1853 eam
242 1825 447 1863 supererant
465 1824 626 1857 aetatem,
642 1828 704 1849 ceu
721 1817 757 1848 in
774 1814 910 1849 Lethen
928 1817 1076 1861 ablegati

95 1871 298 1915 perierunt,
321 1875 359 1902 ut
379 1868 516 1901 dubites
532 1879 619 1900 num
639 1867 706 1899 alia
726 1879 761 1899 re
780 1867 995 1910 argutiarum
1016 1881 1078 1901 au-

97 1919 214 1955 thores
238 1920 316 1963 plus
344 1918 550 1958 nocuerint,
583 1929 688 1962 quam
713 1918 807 1961 quod
832 1919 997 1951 vecordes
1026 1926 1077 1953 tot

96 1971 206 2005 millia
234 1977 391 2004 veterum
415 1969 625 2012 scriptorum
648 1968 690 2000 ad
722 1968 992 2002 internicionem
1019 1982 1077 2003 us-

94 2033 164 2068 que
181 2021 314 2055 aboleri
333 2020 422 2064 passi
444 2026 536 2054 sunt.
583 2018 733 2051 Talibus
750 2019 878 2052 deinde
900 2021 1005 2053 semel
1023 2021 1076 2054 iu-

96 2074 144 2107 ris
163 2072 275 2105 divini
294 2083 331 2104 ac
353 2069 500 2104 humani
517 2076 664 2114 potestas
681 2070 769 2102 facta
796 2076 843 2102 est
856 2095 864 2107 ,
893 2083 932 2103 ex
949 2068 1075 2105 horum

96 2124 244 2158 decretis
272 2123 435 2155 iuventus
454 2121 693 2154 erudiebatur.
735 2119 889 2153 Proinde
911 2121 945 2154 in
963 2123 1075 2155 scien-

511 110 672 148 DECL.
705 110 778 147 DE
811 110 1225 149 CORRIGENDIS
1259 111 1429 149 ADOL.
1464 114 1710 153 STUDIIS.

96 2175 180 2208 tiam
194 2174 285 2208 Iuris
306 2185 343 2206 ac
361 2185 433 2206 rem
457 2171 632 2205 Medicam
652 2171 782 2214 pariter
798 2169 942 2215 posthac
965 2173 1076 2205 saevi-
1104 2178 1105 2198 ἓ

95 2232 170 2259 tum
195 2232 262 2258 est:
291 2221 488 2267 Oportebat
515 2222 606 2255 enim
626 2222 775 2254 similem
796 2224 1077 2266 praeceptoribus
1104 2219 1105 2252 ἶ

96 2275 308 2319 discipulum
337 2285 430 2314 esse,
465 2280 505 2307 ut
532 2273 631 2306 aiunt
655 2273 760 2313 vulgo
786 2276 904 2307 κακοῦ
922 2271 1078 2319 κόρακος
1103 2275 1105 2278 '

95 2324 211 2361 κακὸν
230 2323 316 2359 ιύόν.

94 2384 269 2412 trecentos
287 2376 322 2408 in
343 2374 490 2418 Anglia,
516 2375 552 2407 in
573 2373 721 2414 Galliis,
747 2375 783 2406 in
810 2373 999 2408 Germania
1023 2389 1076 2409 re-

369 2324 465 2357 Haec
480 2325 569 2357 ratio
587 2324 784 2357 studiorum
807 2336 918 2357 annos
941 2326 1078 2359 circiter
1104 2327 1105 2344 ³

95 2429 233 2473 gnavit‚
267 2433 305 2460 ut
331 2438 374 2459 ne
399 2426 484 2471 quid
507 2425 647 2458 interim
674 2425 789 2459 dicam
823 2425 1076 2460 immodestius.
1104 2446 1105 2449 =

96 2479 212 2522 Quam
229 2477 444 2522 perniciosa,
472 2476 644 2509 coniicere
662 2476 743 2509 licet
762 2478 1017 2520 propemodum
1036 2490 1074 2511 ex

95 2527 150 2563 his
173 2541 261 2575 quae
285 2528 376 2568 dixi,
415 2534 518 2572 atque
550 2533 588 2560 ut
611 2527 714 2570 plane
742 2526 964 2570 intelligatis,
1000 2529 1077 2562 ani-

95 2593 191 2614 mum
214 2579 398 2614 advortite.
458 2577 636 2618 Primum,
671 2578 816 2611 desertis
842 2584 998 2612 veterum
1021 2580 1075 2613 di-

95 2631 271 2674 sciplinis,
294 2630 436 2675 quando
455 2629 566 2662 audax
586 2629 649 2662 ista
667 2629 930 2661 commentandi
946 2636 978 2663 et
996 2628 1077 2675 phi-

2076 124 2122 158 18

1141 205 1198 243 pta
1210 195 1461 233 Mathematica
1479 201 1627 240 deserta,
1654 201 1758 236 Sacra
1779 204 2012 248 negligentius
2030 209 2120 243 culta

1141 256 1233 283 sunt.
1288 248 1370 292 Quo
1394 252 1507 292 malo,
1544 264 1633 297 quae
1659 254 1796 287 saevior
1819 257 1924 298 pestis
1951 269 2022 291 esse
2058 272 2120 303 po-

1140 300 1232 333 tuit?
1283 298 1386 334 Certe
1410 302 1507 334 nulla
1524 303 1705 345 vulgarior
1721 317 1876 350 unquam
1901 307 1978 343 suit.
2032 308 2120 344 Nam

1139 362 1218 383 cnm
1237 351 1278 382 ad
1304 362 1379 383 eam
1405 364 1515 396 usque
1539 360 1706 398 aetatem,
1736 363 1767 389 et
1794 354 2023 402 Philosophia
2048 367 2118 395 tota

1141 400 1274 434 Graeca
1294 401 1432 441 suisset,
1452 409 1486 436 ct
1505 415 1681 437 sacrorum
1699 406 1845 440 Latinae
1861 407 2001 449 literae,
2018 423 2119 453 prae-

1139 458 1190 484 ter
1213 451 1451 496 Cyprianum,
1488 452 1686 493 Hilarium,
1715 455 1962 499 Ambrosium,
1990 459 2118 495 Iliero-

1138 514 1303 547 nymum,
1332 503 1590 546 Augustinum,
1626 506 1744 539 nullae
1768 508 1923 551 insignes
1949 519 2117 555 extarent,

1138 560 1170 586 et
1189 552 1407 587 Graecorum
1432 567 1532 587 usum
1552 557 1778 589 vernaculum
1797 571 1890 592 sacra
1910 558 2116 597 Occidentis

1137 615 1261 647 magna
1285 616 1325 636 ex
1345 611 1443 648 parte
1461 612 1604 639 eatenus
1623 604 1844 647 habuissent,
1872 610 1946 643 fieri
1965 625 2035 646 non
2053 627 2116 658 po—

1136 655 1222 695 tuit,
1263 655 1349 699 quin
1386 654 1532 689 Graecis
1566 659 1793 702 contemptis,
1834 672 1904 693 una
1939 664 2114 708 quidquid

1136 706 1312 737 commodi
1347 707 1472 740 studiis
1506 704 1671 740 humanis
1703 707 1931 753 Philosophia
1968 716 2113 758 confert,

1136 757 1271 788 confert
1296 763 1412 789 autem
1440 758 1541 800 longe
1568 759 1778 802 plurimum,
1806 761 1934 795 deinde
1958 775 2037 798 cura
2061 779 2115 800 sa-

1135 819 1274 839 crorum
1297 808 1424 840 sensim
1451 809 1626 842 interiret.
1687 809 1755 843 Hic
1785 823 1882 845 casus
1907 825 1987 847 vere
2011 814 2114 850 Chri-

1134 858 1266 892 stianos
1283 855 1458 892 Ecclesiae
1477 859 1565 893 ritus
1587 872 1626 893 ac
1649 872 1785 902 mores,
1809 863 1868 895 ille
1895 866 2008 898 studia
2037 867 2116 901 lite-

1135 921 1254 941 rarum
1270 909 1505 944 labefactavit.
1540 908 1699 956 Aequius
1715 912 1831 945 forsan
1850 914 1993 948 alterius
2011 918 2114 952 ruina

1135 959 1218 991 serri
1244 959 1368 1003 potuit.
1420 959 1509 993 Nam
1533 968 1565 994 et
1590 962 1765 1005 lapsantes
1793 964 1926 1003 literas,
1952 967 2114 1002 incorru-

1136 1010 1184 1053 pti
1201 1008 1378 1042 Ecclesiae
1398 1011 1506 1051 ritus‚
1533 1012 1634 1045 facile
1660 1013 1855 1047 instaurare
1872 1022 2053 1058 poterant,
2082 1028 2115 1054 et

1134 1060 1237 1093 bonis
1268 1060 1398 1102 literis,
1440 1062 1468 1094 si
1501 1074 1589 1107 quae.
1620 1063 1736 1096 salvae
1764 1066 1989 1109 mansissent,
2027 1070 2114 1104 libe-

1133 1123 1212 1144 rum
1252 1117 1342 1152 crat,
1376 1112 1540 1146 ruinosos
1570 1111 1747 1147 Ecclesiae
1782 1129 1896 1150 mores
1933 1120 2114 1163 corrigere,

1133 1162 1268 1195 animos
1292 1160 1479 1196 hominum
1513 1164 1664 1198 iacentes
1692 1166 1859 1206 excitare,
1895 1170 2114 1213 confirmare,

1133 1219 1166 1246 et
1190 1213 1226 1245 in
1251 1213 1413 1246 ordinem
1440 1226 1573 1258 cogere.
1634 1213 1681 1248 At
1707 1229 1788 1250 vero
1814 1218 1886 1251 sive
1912 1220 2000 1261 fato,
2041 1223 2113 1256 sive

1133 1272 1252 1297 nostro
1269 1264 1355 1297 vitio
1373 1266 1508 1306 evenit,
1535 1266 1641 1299 simul
1664 1268 1777 1301 bonae
1802 1269 1923 1303 literae
1950 1284 2022 1305 non
2050 1275 2114 1307 bo-

1134 1315 1187 1347 nis
1200 1342 1209 1354 ,
1238 1315 1349 1358 prisca
1367 1316 1476 1359 pietas
1494 1318 1718 1359 ceremoniis,
1747 1316 1931 1354 hominum
1950 1325 2113 1358 traditio-

1133 1366 1258 1403 nibus,
1287 1367 1617 1408 constitutionibus,
1653 1369 1819 1409 decretis,
1848 1372 2028 1416 capitulis,
2055 1387 2113 1408 ex-

1133 1415 1454 1457 travagationibus‚
1481 1417 1603 1458 glossis
1625 1415 1862 1463 ὃευτερώτων
1891 1430 2024 1457 mutata
2053 1433 2113 1461 est.

1131 1464 1253 1509 Neque
1286 1466 1408 1499 retulit
1433 1468 1527 1510 quod
1554 1467 1686 1500 Nicena
1716 1469 1860 1513 Synodo
1886 1472 2007 1508 Patres
2043 1483 2113 1510 tam

1132 1516 1323 1558 prudenter
1354 1523 1538 1557 caverunt,
1573 1514 1618 1550 τὰ
1655 1516 1791 1563 ἀρχαῖα
1823 1520 1892 1567 ἔθη
1924 1524 2113 1568 κρατείτω.

1133 1563 1310 1598 Audacius
1328 1563 1412 1599 haec
1432 1567 1553 1600 videar
1568 1568 1692 1609 alicui,
1720 1582 1824 1614 quam
1842 1584 1880 1605 ex
1898 1586 1963 1607 usu
1981 1577 2035 1609 vel
2054 1590 2113 1611 ae-

1133 1616 1211 1649 tatis
1236 1617 1290 1649 vel
1316 1617 1512 1651 studiorum
1538 1631 1714 1652 meorum:
1751 1633 1893 1664 verum,
1919 1633 1957 1659 ut
1982 1627 2030 1660 sic
2059 1629 2114 1661 di·

1132 1679 1226 1706 cam,
1265 1679 1319 1700 res
1359 1675 1509 1709 vestrae,
1548 1669 1694 1712 ingenui
1726 1671 1889 1713 iuvenes,
1922 1678 2112 1719 postulant.

1133 1717 1219 1749 Nam
1236 1724 1274 1750 ut
1293 1718 1436 1762 quidam
1458 1720 1598 1762 segnius
1615 1733 1693 1753 cum
1710 1722 1814 1755 bonis
1830 1726 1963 1759 artibus
1982 1728 2016 1760 in
2035 1741 2113 1773 gra-

1131 1767 1217 1799 tiam
1245 1769 1408 1809 redeant,
1435 1770 1604 1803 nimirum
1632 1772 1669 1804 in
1687 1784 1787 1806 causa
1807 1781 1875 1813 est,
1903 1779 1997 1821 quod
2022 1792 2113 1814 non-

1131 1819 1213 1850 dum
1232 1819 1416 1864 quisquam
1441 1832 1499 1853 eos
1521 1821 1630 1854 libere
1654 1824 1849 1860 admonuit.
1905 1826 1976 1861 Iam
2007 1830 2114 1874 igitur

1131 1870 1346 1911 cognoscite,
1381 1883 1552 1915 quaenam
1585 1873 1629 1906 sit
1660 1873 1721 1906 illa
1744 1873 1982 1911 Barbarorum
2017 1894 2113 1915 com-

1132 1921 1313 1953 mentandi
1333 1921 1441 1962 ratio,
1468 1934 1557 1967 quae
1582 1935 1599 1955 e
1625 1924 1754 1969 quibus
1778 1929 1928 1962 manarit
1956 1930 2114 1966 fontibus

1131 1970 1288 2005 audistis.
1344 1970 1483 2005 Artium
1503 1985 1629 2016 genera
1646 1976 1792 2009 omnino
1812 1979 1876 2011 tria
1894 1987 1993 2022 sunt,
2015 1984 2114 2030 λογι-

1130 2019 1216 2061 κὸν,
1256 2021 1434 2067 φυσικὸν,
1472 2022 1747 2070 προτρεπτικόν.
1833 2028 2002 2072 Logicum
2043 2035 2113 2067 vim

1131 2084 1269 2104 omnem
1295 2085 1333 2105 ac
1361 2074 1566 2107 discrimina
1592 2077 1764 2110 sermonis
1790 2084 1930 2121 tractat,
1969 2089 2003 2116 et
2031 2096 2109 2119 cum

1132 2135 1192 2166 per
1211 2123 1325 2166 ipsum
1351 2125 1386 2156 in
1412 2125 1470 2157 illa
1488 2126 1666 2169 superiora
1685 2128 1728 2161 sit
1746 2129 1830 2167 iter,
1858 2132 2012 2173 primum
2039 2135 2111 2169 for-

1131 2175 1278 2206 mandae
1296 2175 1465 2217 pueritiae
1484 2177 1723 2210 rudimentum
1754 2186 1822 2220 est,
1851 2181 1968 2216 literas
1998 2186 2112 2226 docet,

1132 2225 1378 2267 proprietatem
1405 2227 1575 2259 sermonis
1598 2235 1655 2261 aut
1677 2230 1804 2271 regulis
1822 2233 2026 2277 adstringit,
2053 2245 2113 2271 aut

1131 2275 1265 2308 collatis
1281 2284 1441 2309 autorum
1463 2278 1596 2320 liguris,
1624 2279 1756 2314 indicat
1774 2282 1858 2325 quid
1878 2284 2051 2326 observes,
2077 2288 2111 2321 id

1131 2327 1225 2370 quod
1262 2327 1333 2359 sere
1363 2327 1602 2361 Grammatica
1636 2338 1797 2373 praestat.
1859 2332 1996 2368 Deinde
2033 2350 2111 2371 cum

1132 2376 1235 2420 paulo
1255 2389 1458 2420 progressus
1481 2379 1606 2420 fueris,
1633 2380 1802 2414 iudicium
1825 2384 1951 2418 animis
1972 2399 2112 2432 compa-

1132 2434 1203 2465 rat,
1231 2440 1300 2472 quo
1319 2435 1426 2461 metas
1443 2441 1579 2468 rerum,
1607 2438 1721 2469 ortus,
1749 2433 1853 2472 fines,
1877 2436 2040 2479 ductum,
2064 2440 2112 2473 sic

1103 2509 1105 2513 Α
1131 2489 1314 2520 agnosca5‚
1343 2486 1381 2512 ut
1398 2479 1509 2513 sicubi
1528 2481 1611 2525 quid
1638 2482 1801 2517 inciderit
1824 2493 1939 2519 exacte
1959 2494 2111 2523 tractan-

95 2679 305 2723 losopbandi
332 2680 420 2714 ratio
446 2679 613 2716 invaluit,
640 2679 745 2712 simul
763 2678 895 2712 Graeca
920 2688 1077 2715 contem·
1104 2688 1105 2692 ’

148 2731 332 2766 ὒῙειΑλ-τη.
361 2733 464 2764 Ortn.
492 2733 573 2763 Vnt..
604 2731 662 2761 XI.

1130 2529 1214 2561 dum
1229 2555 1237 2567 ,
1263 2529 1380 2562 omnia
1402 2543 1489 2575 quae
1508 2532 1550 2563 ad
1572 2531 1770 2566 institutum
1788 2537 1984 2578 pertinent,
2012 2542 2109 2584 quasi

1133 2579 1168 2611 in
1186 2587 1369 2613 numerato
1386 2578 1533 2619 habeas,
1562 2589 1594 2615 et
1611 2583 1694 2616 artis
1712 2585 1935 2621 adminiculis
1960 2589 2005 2622 ita
2031 2603 2111 2624 sen-

1132 2642 1188 2662 sus
1213 2631 1415 2664 auditorum
1440 2633 1574 2676 capias,
1616 2641 1653 2667 ut
1678 2635 1862 2670 dissentire
1885 2645 2011 2672 temere
2040 2654 2111 2674 non

1132 2687 1273 2725 queant.
1327 2680 1403 2716 Hae
1429 2691 1540 2727 partes
1567 2684 1662 2718 illius
1688 2693 1788 2726 sunt,
1817 2700 1920 2733 quam
1947 2702 2009 2723 nos
2028 2691 2113 2725 Dia-

1511 2735 1534 2767 2
