2338 2958
98 139 173 176 345

100 225 250 272 gravitas
271 223 378 267 digna
397 222 518 264 laude,
546 223 643 268 quod
660 235 737 258 sero
755 224 946 258 admodum
962 225 1087 258 docere

99 275 229 321 coepit:
269 273 358 308 Nam
388 272 536 307 Platone
567 274 650 308 vivo
681 287 754 309 non
785 272 909 309 habuit
941 272 1087 309 scholas.

99 327 216 363 Multa
238 332 355 359 autem
378 331 497 358 extant
523 322 717 360 honorifica
742 326 941 361 testimonia
965 325 1086 360 Plato—

96 377 154 412 nis
180 378 223 410 de
253 373 360 410 huius
389 375 542 419 ingenio.
612 376 768 411 vocabat
793 378 888 410 enim
912 376 1085 411 Aristote-

96 425 430 472 lemPhilosophum
449 427 616 469 veritatis,
637 434 669 461 et
686 440 894 472 comparans
911 440 989 461 eum
1007 439 1084 461 cum

97 478 314 520 Xenocrate,
340 478 389 516 ait
405 475 589 512 Aristoteli
611 478 712 512 freno
737 490 825 522 opus
847 490 937 518 esse,
966 478 1086 511 Xeno—

96 529 182 564 crati
207 529 415 563 calcaribus.
465 528 628 562 Vicissim
653 530 696 562 de
717 528 884 572 Magistro
901 530 967 562 nisi
986 541 1083 573 prae-

96 582 188 615 clare
212 580 374 613 sensisset
397 578 621 620 Aristoteles,
656 586 726 613 tam
748 580 810 613 diu
834 592 907 613 non
932 586 1085 625 putasset

96 632 314 666 audiendum
337 642 420 664 esse.
472 629 610 664 Dicitur
627 630 732 663 etiam
751 629 889 664 Platoni
908 643 1003 664 aram
1022 643 1085 675 po-

96 683 207 717 suisse.
238 689 271 716 et
294 679 520 726 Epigramma
552 681 747 721 addidisse,
781 683 875 726 quod
902 689 1012 722 extat,
1047 681 1082 714 in

95 747 166 780 quo
190 733 415 778 amplissimis
439 731 602 765 laudibus
626 737 728 765 ornat
747 731 942 768 Platonem.
994 731 1082 765 Nam

95 785 151 819 vel
172 783 229 818 hic
253 795 345 818 unus
370 793 487 816 versus
511 783 642 817 indicat
666 789 838 829 quantum
858 783 889 816 ei
911 783 1085 824 tribuerit,

95 848 175 870 cum
193 834 259 870 ait:

269 887 358 919 Nulla
376 889 472 917 ferent
487 889 576 917 talem
593 890 669 917 secla
686 888 788 918 futura
803 890 909 918 virum.

93 937 199 981 Quod
224 948 307 970 vero
331 934 492 969 homines
508 936 661 979 imperiti
679 937 891 971 simultatem
907 934 1083 981 quandam

92 988 187 1023 inter
209 998 266 1021 eos
289 987 523 1021 intercessisse
542 993 682 1030 putant,
709 1000 749 1021 eo
768 989 861 1033 quod
877 985 1084 1020 Aristoteles

93 1039 272 1074 interdurn
297 1050 315 1072 a
334 1037 507 1081 Magistro
531 1038 711 1079 dissentit,
739 1039 856 1083 inepta
882 1037 1004 1082 opinio
1025 1042 1083 1069 est.

94 1089 183 1124 Nam
209 1097 247 1123 ut
265 1089 302 1123 in
320 1088 452 1123 Senatu
469 1089 506 1121 in
524 1089 671 1122 dicenda
690 1089 860 1123 sententia
879 1100 979 1133 saepe
996 1087 1083 1120 ami-

94 1141 223 1175 cissimi
243 1141 319 1173 sine
339 1139 536 1172 offensione
556 1140 757 1173 animorum
775 1140 1008 1178 dissentiunt,
1036 1137 1082 1171 ita

92 1192 181 1227 boni
206 1198 241 1225 et
266 1190 359 1225 docti
378 1190 445 1223 viri
465 1191 540 1223 sine
557 1191 744 1225 acerbitate
762 1191 961 1224 animorum
980 1189 1082 1222 dissi-

92 1244 195 1277 miles
219 1240 350 1276 habent
370 1241 568 1286 opiniones.
629 1241 698 1275 Sed
721 1242 764 1275 de
787 1239 851 1276 hac
873 1241 1082 1286 opinionum

93 1293 384 1329 dissimilitudine
408 1292 514 1336 paulo
538 1298 617 1336 post
638 1292 765 1326 dicam.
819 1292 901 1326 Post
926 1291 1084 1325 Platonis

91 1353 262 1385 mortem,
289 1355 367 1377 cum
389 1343 457 1375 iam
483 1343 718 1377 celebraretur
740 1344 866 1376 domus
884 1342 1084 1376 Aristotelis

92 1409 111 1431 a
133 1394 365 1430 nobilissimis
388 1391 613 1433 hominibm,
640 1394 792 1427 incensis
811 1393 967 1427 discendi
985 1392 1085 1436 cupi-

93 1448 219 1485 ditate,
255 1445 399 1479 accersit
425 1456 505 1477 eum
532 1441 720 1489 Philippus
738 1443 813 1478 Rex
834 1444 1083 1483 Macedonum,

93 1506 127 1534 et
151 1498 258 1532 tradit
281 1496 312 1529 ei
334 1495 446 1529 filium
471 1495 508 1527 in
535 1495 771 1539 disciplinam.
824 1495 935 1528 Porro
961 1494 1029 1527 nisi
1053 1501 1082 1526 et

94 1548 291 1583 doctrinam
323 1553 357 1580 et
385 1557 500 1578 mores
532 1545 740 1580 Aristoteles
772 1544 849 1580 Rex
885 1543 1084 1589 Philippus,

94 1601 154 1647 qui
179 1598 376 1633 acutissime
401 1598 444 1630 de
466 1597 618 1639 ingeniis
642 1597 797 1629 iudicare
822 1603 973 1640 poterat,
1001 1607 1082 1639 pro-

93 1653 226 1691 basset,
249 1659 472 1694 nequaquam
490 1648 520 1680 ei
539 1647 649 1680 filium
666 1654 784 1681 tantae
799 1648 870 1692 spei
889 1654 920 1680 et
937 1658 1083 1689 genero-

93 1702 250 1737 sissimae
267 1699 400 1733 indolis
418 1699 707 1731 commendasset.
764 1697 884 1744 ltaque
903 1696 970 1731 hoc
987 1697 1082 1730 testi-

93 1753 253 1787 monium
280 1749 437 1794 Philippi
467 1750 511 1782 de
535 1747 725 1783 Aristotele
757 1749 1001 1793 gravissimum
1034 1754 1083 1781 est

93 1804 335 1839 iudicandum.
387 1800 438 1834 Ne
452 1800 525 1844 ipse
540 1800 681 1845 quidem
698 1801 874 1840 alumnus,
902 1812 980 1832 cum
997 1805 1083 1831 esset

93 1855 236 1891 heroico
255 1860 287 1886 et
304 1852 437 1885 excelso
455 1851 596 1894 ingenio
609 1878 617 1890 ,
644 1858 825 1894 tantopere
840 1857 984 1883 amasset
1004 1849 1084 1882 Ma-

93 1907 252 1952 gistrum,
280 1903 347 1936 nisi
365 1902 422 1935 ille
440 1903 482 1934 ad
497 1901 694 1934 doctrinam
712 1901 927 1935 adiunxisset
944 1912 1081 1933 morum

92 1957 313 1992 sanctitatem
339 1961 371 1987 et
396 1953 613 1986 suavitatem.
666 1951 777 1996 Saepe
799 1959 915 1984 autem
944 1950 1083 1995 praedi-

92 2009 185 2043 cavit
203 2005 422 2044 Alexander,
449 2015 484 2036 se
510 2015 581 2036 non
606 2015 702 2036 secus
721 2015 837 2036 amare
857 2002 1080 2035 Aristotelem

92 2072 131 2094 ac
154 2066 301 2104 patrem.
355 2054 488 2088 Mansit
511 2060 628 2087 autem
654 2053 861 2087 Aristoteles
886 2055 978 2097 apud
996 2051 1082 2086 Ale-

90 2111 266 2145 xandrum
292 2118 404 2140 annos
427 2105 565 2139 circiter
589 2111 685 2146 octo,
728 2117 797 2150 quo
822 2111 978 2148 tempore
1002 2115 1080 2137 curn

92 2161 178 2195 alias
200 2155 449 2201 Philosophiae
481 2163 596 2200 partes
629 2156 659 2188 ei
690 2156 856 2196 tradidit,
897 2162 972 2189 tum
998 2167 1081 2188 vero

95 2213 199 2246 etiam
225 2208 390 2244 medendi
416 2214 536 2240 artem.
593 2204 709 2251 Atque
731 2204 795 2239 hac
813 2207 849 2238 in
866 2218 904 2239 re
921 2218 991 2238 non
1009 2212 1079 2239 tam

92 2262 318 2297 foelicitatem
344 2258 542 2292 Aristotelis
569 2257 813 2291 admirandam
840 2266 944 2300 puto,
985 2258 1078 2302 quod

93 2314 124 2348 ei
142 2311 325 2355 contigerit
343 2309 482 2342 erudire
501 2307 644 2352 Regem,
671 2321 781 2342 unum
800 2308 960 2341 omnium
978 2307 1081 2350 longe

91 2361 415 2409 ingeniosissimum
428 2387 435 2398 ,
462 2366 493 2392 et
512 2372 615 2404 quem
633 2360 700 2392 fata
718 2360 758 2391 ad
782 2359 967 2402 imperium
984 2359 1081 2391 orbis

91 2423 265 2451 terrarum
285 2412 476 2448 vocabant,
504 2422 608 2454 quam
626 2410 849 2453 prudentiam
867 2410 1079 2443 laudandam

92 2478 165 2501 esse
195 2465 333 2502 iudico,
369 2463 462 2508 qnod
491 2473 529 2493 ea
555 2460 700 2494 tradidit
724 2460 957 2500 adolescenti,
991 2472 1080 2505 quae

92 2515 337 2551 vehementem
381 2521 541 2547 naturam
577 2512 749 2546 flexerunt
783 2514 824 2544 ad
862 2511 1079 2551 suavitatem,

93 2581 250 2615 quaeque.
270 2566 342 2610 ipse
360 2564 465 2598 sensit
482 2563 640 2606 regnanti
660 2574 788 2605 magno
805 2562 882 2594 usui
901 2570 934 2595 et
952 2573 1078 2605 magno

92 2625 301 2654 ornamento
328 2628 412 2652 esse.
463 2614 521 2648 Sic
548 2614 642 2647 enim
666 2613 712 2646 ait
730 2612 946 2646 Alexander:
974 2613 1078 2646 malle

762 135 923 173 DECL.
961 135 1038 171 DE
1072 134 1471 175 ARISTOTELE.

2057 138 2130 173 346

1137 223 1277 257 stoteles
1299 224 1404 257 rediit
1423 222 1600 266 Athenas,
1627 236 1666 258 ac
1681 222 1818 258 scholas
1841 221 1969 258 habere
1993 225 2122 268 coepit,

1138 286 1288 320 cumque
1311 274 1445 309 videret
1471 288 1549 310 cum
1574 288 1693 310 rernm
1716 275 1860 309 scientia
1887 275 2123 320 eloquentiam

1137 325 1421 368 coniungendam
1437 337 1529 366 esse,
1553 327 1722 360 matutina
1737 327 1869 366 studia,
1895 338 1973 365 seu,
1999 333 2035 359 ut
2052 326 2126 369 ipse

1138 376 1344 409 nominabat
1369 373 1530 417 ἑώθινα,
1565 378 1741 411 tribuebat
1767 374 2038 420 Philosophiae,
2064 388 2124 409 ve-

1137 427 1290 471 spertina
1324 439 1384 460 seu
1414 424 1552 461 δείλινα
1578 425 1760 461 rhetoricis
1786 428 1967 461 exercitiis.
2024 426 2125 460 lmus

1138 478 1297 511 omnium
1316 478 1464 511 maxime
1481 478 1569 511 vidit
1587 479 1828 521 cognationem
1847 479 1987 511 artium.
2034 477 2122 511 Nam

1138 527 1309 574 Physicen
1326 529 1479 562 instituit
1497 535 1529 562 et
1548 527 1717 562 inchoata
1737 529 1953 572 geometricis
1973 530 2122 562 demon-

1138 580 1380 615 strationibus.
1448 580 1530 613 Ideo
1558 591 1679 613 omnes
1704 587 1794 612 artes
1820 580 2005 620 tractabat,
2039 580 2125 612 scri-

1139 631 1241 664 bebat
1263 632 1306 664 de
1330 638 1454 664 natura
1479 643 1615 671 rerum,
1641 632 1683 663 de
1707 630 1885 669 moribus,
1913 631 1954 663 de
1980 631 2126 663 immor-

1140 682 1269 715 talitate
1298 682 1497 715 animorum
1531 689 1563 716 et
1592 683 1696 714 rebus
1722 681 1939 714 coelestibus.
2009 680 2124 714 Multa

1139 733 1372 777 componebat
1402 734 1442 766 ad
1469 732 1730 773 Alexandrum,
1766 740 1803 765 ut
1832 732 1945 765 victor
1967 731 2124 776 Respub.

1139 783 1294 826 legibus,
1320 783 1414 822 iure,
1442 784 1602 824 iudiciis,
1629 783 1814 827 disciplina
1839 782 2003 816 muniret.
2056 782 2125 815 Hic

1139 835 1278 878 scripsit
1301 847 1425 867 aureos
1452 835 1529 867 illos
1554 835 1664 868 libros
1681 835 1724 867 de
1742 832 1888 867 historia
1905 834 2125 873 animalium,

1139 897 1206 931 qua
1233 886 1267 918 in
1294 897 1329 918 re
1354 898 1427 918 non
1452 885 1565 918 solum
1591 885 1791 919 Aristotelis
1817 884 1998 927 diligentia
2026 884 2126 916 miri-

1140 938 1218 978 fica,
1265 937 1323 969 sed
1359 936 1462 969 etiam
1496 934 1691 969 Alexandri
1723 936 1912 969 liberalitas
1950 935 2124 969 laudanda

1139 995 1197 1021 est.
1249 986 1337 1020 Nam
1363 987 1396 1019 id
1421 999 1562 1032 quoque
1586 988 1720 1030 regium
1747 993 1817 1027 est,
1843 985 2020 1029 Rempub.
2040 985 2125 1018 arti-

1138 1040 1201 1072 bus
1224 1045 1255 1071 et
1274 1038 1383 1071 literis
1403 1050 1540 1073 ornare.
1592 1037 1682 1072 Cum
1702 1038 1794 1070 enim
1815 1037 1960 1081 privatis
1978 1035 2126 1080 sumpti-

1138 1091 1201 1123 bus
1232 1089 1405 1132 explorari
1435 1096 1579 1122 naturae
1609 1089 1844 1122 animantium
1875 1100 1947 1120 non
1973 1094 2126 1131 possent,

1138 1141 1231 1173 misit
1247 1138 1448 1173 Alexander
1466 1139 1647 1174 Aristoteli
1667 1140 1866 1182 octingenta
1885 1139 2032 1178 talenta,
2060 1135 2126 1170 hoc

1137 1199 1204 1232 est,
1232 1191 1485 1236 quadringenta
1504 1198 1536 1224 et
1552 1191 1728 1234 octoginta
1746 1191 1855 1223 millia
1875 1197 2124 1223 coronatorum

1136 1243 1177 1275 ad
1204 1243 1452 1275 conducendos
1476 1249 1658 1275 venatores
1684 1249 1716 1275 et
1741 1242 1882 1274 alendas
1905 1241 2054 1279 bestias,
2086 1246 2126 1273 ut.

1137 1305 1257 1327 eorum
1284 1299 1429 1326 naturae
1453 1293 1668 1326 considerari
1696 1299 1847 1336 possent.
1909 1290 1985 1325 Etsi
2009 1298 2124 1324 autem

1136 1345 1306 1389 quaedam
1331 1344 1508 1387 praeclara
1531 1344 1657 1387 scripta
1681 1344 1755 1376 eius
1777 1343 1979 1387 perierunt,
2007 1350 2124 1375 tamen

1136 1395 1295 1427 existimo
1317 1406 1354 1427 ea
1371 1406 1459 1439 quae
1477 1394 1610 1439 reliqua
1627 1401 1725 1432 sunt,
1743 1400 1843 1439 'quae
1859 1394 2001 1438 quidem
2021 1389 2124 1425 scho-

1137 1445 1178 1478 lis
1202 1445 1352 1477 maxime
1377 1455 1456 1488 apta
1481 1451 1578 1485 sunt,
1613 1445 1783 1478 divinitus
1810 1451 1944 1478 servata
1969 1455 2058 1484 esse,
2084 1449 2125 1476 ut

1136 1496 1318 1539 posteritas
1341 1496 1467 1528 rectius
1492 1495 1609 1528 doceri
1636 1503 1761 1539 posset.
1813 1495 2002 1540 Postquam
2029 1494 2123 1527 enim

1137 1547 1171 1578 in
1191 1545 1358 1586 Graecia,
1386 1552 1426 1579 ut
1441 1546 1496 1586 fit,
1524 1547 1735 1579 recentiores
1753 1544 1973 1590 Philosophi,
2001 1544 2125 1585 Stoici,

1135 1595 1299 1641 Epicurei
1328 1603 1361 1630 ct
1385 1594 1588 1629 Academici
1615 1604 1805 1641 coeperunt
1829 1597 1865 1629 in
1890 1596 2126 1629 admiratione

1135 1659 1225 1687 esse,
1258 1659 1336 1680 cum
1370 1648 1511 1692 quidem
1539 1648 1634 1692 pleni
1661 1648 1731 1682 sint
1756 1648 1969 1692 ineptiarum
1996 1659 2033 1680 ac
2057 1646 2123 1680 So-

1135 1696 1317 1742 phistices‚
1353 1698 1514 1731 doctrina
1543 1699 1649 1731 veteri
1675 1711 1713 1731 ac
1738 1699 1930 1732 eruditiore
1957 1698 2123 1740 neglecta,

1134 1749 1261 1793 scripta
1281 1748 1480 1782 Aristotelis
1503 1750 1769 1783 excutiebantur
1793 1749 1959 1783 studiosis
1982 1749 2024 1781 de
2049 1760 2123 1782 ma-

1134 1800 1258 1840 nibus,
1284 1806 1317 1833 et
1341 1800 1423 1832 libri
1445 1799 1480 1832 in
1500 1798 1726 1833 bibliothecis
1745 1812 1935 1844 pancorum
1954 1806 2123 1833 vetustate

1133 1858 1166 1884 et
1182 1850 1273 1884 carie
1292 1851 1607 1891 consumebantur3
1635 1864 1673 1884 ac
1689 1858 1806 1884 tantus
1821 1848 2006 1884 thesaurus
2022 1861 2124 1894 pror—

1132 1913 1190 1935 sus
1207 1901 1383 1945 periisset,
1410 1901 1476 1934 nisi
1495 1901 1612 1947 Syllae
1629 1903 1798 1935 foelicitas
1816 1902 1918 1935 nobis
1935 1899 2019 1934 haec
2035 1912 2122 1946 quae

1133 1950 1322 1992 habemus,
1358 1952 1491 1997 reliqua
1516 1953 1662 1987 fecisset.
1733 1952 1765 1986 Is
1789 1954 1880 1986 enim
1906 1950 2143 1985 bibliotheca*

1134 2004 1171 2036 in
1192 2003 1284 2036 bello
1303 2010 1399 2046 parta
1412 2030 1421 2044 ,
1445 2003 1542 2049 (nam
1561 2004 1645 2036 olim
1669 2003 1898 2047 Imperatores
1914 2001 2003 2036 hanc
2022 2014 2122 2046 prae-

1132 2056 1224 2093 dam,
1250 2061 1289 2087 ut
1305 2054 1396 2086 bona
1414 2054 1538 2098 scripta
1554 2062 1732 2089 servarent
1751 2056 1901 2087 maxime
1918 2051 2123 2098 captabant)

1132 2117 1210 2138 cum
1241 2111 1354 2138 essent
1380 2105 1430 2138 ibi
1455 2105 1565 2138 multa
1595 2105 1791 2138 Aristotelis
1814 2106 2018 2148 volumina,
2060 2105 2119 2137 sed

1133 2167 1219 2200 pene
1243 2155 1449 2196 obliterata,
1476 2157 1610 2189 curavit
1635 2156 1792 2201 undique
1816 2157 1851 2189 in
1875 2155 2022 2190 Graecia
2046 2155 2120 2189 eius

1131 2206 1264 2239 autoris
1282 2206 1390 2239 libros
1408 2207 1570 2250 conquiri
1587 2214 1617 2240 et
1634 2208 1834 2241 emendatos
1852 2208 1895 2240 ab
1912 2206 2119 2241 Andronico

1133 2257 1336 2301 publicavit.
1414 2257 1463 2290 lta
1496 2258 1792 2302 quemadmodum
1824 2259 1903 2291 vivo
1937 2257 2119 2292 Aristoteli

1131 2308 1262 2341 amicus
1283 2308 1349 2341 suit
1372 2307 1509 2351 Regum
1534 2320 1710 2349 summus,
1744 2309 1790 2342 ita
1815 2321 1905 2351 pene
1928 2309 2119 2342 extinctum

1132 2359 1304 2392 revocavit
1331 2358 1368 2391 in
1386 2359 1499 2391 lucem
1518 2371 1674 2392 summus
1693 2366 1724 2393 et
1742 2360 1986 2393 foelicissimus
2005 2359 2118 2403 lmpe-

1132 2416 1225 2443 rator
1252 2409 1360 2454 Syna.
1412 2407 1541 2442 Extant
1566 2417 1682 2443 tamen
1705 2409 1818 2443 adhuc
1844 2411 1984 2454 vestigia
2012 2409 2118 2444 huius

1130 2460 1355 2500 calamitatis,
1383 2460 1418 2492 in
1444 2458 1499 2492 his
1520 2461 1618 2494 libris
1636 2461 1696 2505 qui
1715 2462 1841 2507 reliqui
1859 2469 1959 2501 sunt,
1984 2463 2018 2495 in
2037 2461 2117 2506 qui-

1131 2513 1195 2545 hus
1226 2518 1367 2555 apparet
1400 2511 1529 2545 alicubi
1562 2512 1740 2546 mutilatas
1772 2525 1844 2545 esse
1878 2513 2113 2546 sementiotas.

1131 2562 1240 2595 Porro
1267 2568 1434 2594 renovato
1461 2560 1668 2603 Aristotele,
1711 2564 1878 2607 paulatim
1905 2564 2116 2596 recentiores

1128 2620 1240 2646 sectae
1265 2613 1389 2655 frigere
1407 2620 1614 2657 coeperunt,
1641 2626 1719 2646 cum
1738 2626 1773 2647 se
1790 2612 1825 2647 hi
1845 2614 1903 2659 qni
1923 2615 2114 2658 plurimum

92 2683 128 2705 se
153 2669 331 2710 doctrina,
353 2678 459 2713 quam
482 2665 622 2709 imperii
641 2664 884 2707 magnitudine
904 2663 1079 2697 excellere.
1129 2664 1278 2705 ingeniis
1295 2663 1486 2707 pollebant,
1510 2664 1615 2697 veteri
1633 2665 1812 2698 doctrinae
1828 2666 2005 2698 dederent.
2044 2662 2114 2696 Sed

91 2722 282 2768 Postquam
300 2731 382 2754 vero
397 2717 597 2752 Alexander
614 2715 650 2748 in
668 2714 788 2751 Asiam
806 2715 952 2750 traiecit.
994 2712 1078 2748 Ari-
1128 2716 1233 2748 redeo
1250 2715 1291 2747 ad
1313 2711 1494 2748 historiam
1515 2715 1617 2749 vitae.
