2338 2958
135 134 210 170 933

135 226 299 264 possunt:
326 225 442 253 tamen
461 218 662 254 iunioribus
687 221 828 264 prodest
852 231 952 264 saepe
977 219 1124 253 recitare

134 282 274 317 causas,
309 282 371 303 cur
405 277 529 305 natura
566 271 821 304 consideranda
855 270 917 310 sit,
952 276 1121 315 quantum

134 321 207 353 fieri
235 327 364 364 potest,
407 328 440 354 et
467 333 529 354 cur
554 318 592 354 hi
619 321 724 354 rivuli
750 320 942 364 sapientiae
967 320 1122 360 divinae,

132 371 193 416 qui
224 377 403 416 utcunque
436 371 473 404 in
498 371 600 404 libris
626 371 845 405 eruditorum
870 371 1007 404 collecti
1029 376 1121 411 sunt,

131 420 286 455 studiose
307 422 538 464 cognoscendi
563 423 644 457 sint.
696 421 768 454 Nec
789 422 940 455 deterret
965 433 1020 454 me
1037 419 1119 454 Ari·

130 468 336 515 stophanes,
379 472 542 505 deridens
567 469 634 505 hoc
661 472 836 512 studium,
868 478 902 505 et
925 470 1118 512 Socratem,

129 521 334 565 impositum
354 520 491 556 calatho
516 534 554 555 ac
579 522 758 556 sublatum
784 522 820 554 in
845 529 981 561 aerem,
1017 528 1049 555 et
1079 528 1117 555 ut

130 572 204 616 ipse
239 572 374 617 inquit,
419 571 697 618 ἀεροβατοῦντα
729 570 790 606 καὶ
818 573 1116 617 περιφρονοῦντα

128 620 195 656 τὸν
211 621 320 667 ἥλιον.
374 622 507 657 Usitata
527 629 576 656 est
593 623 686 656 enim
708 622 930 666 perversitas,
960 629 992 657 et
1015 623 1115 667 plau-

128 673 259 713 sibilis,
290 673 422 716 legibus
448 681 480 708 et
504 686 606 706 verae
628 674 826 713 doctrinae,
853 679 1020 717 tanquam
1040 685 1114 706 car-

128 723 198 756 ceri
226 730 257 757 et
282 724 434 757 vinculis
459 724 710 767 cupiditatum,
748 722 949 757 conviciari.
1014 722 1114 757 Iuvat

127 773 222 806 enim
237 775 366 807 multos
382 775 456 807 sine
473 775 547 807 ullo
563 775 663 807 freno
682 774 804 807 ludere
821 773 1032 818 opinionum
1051 786 1112 807 va—

126 824 268 863 rietate,
296 831 326 858 et
345 825 460 868 vagari
484 824 756 868 cupiditatibus,
782 836 995 870 quocunque
1021 825 1111 859 caeci

127 874 279 919 impetus
295 882 420 908 ruunt:
448 875 553 920 idque
573 875 769 908 libertatem
788 882 926 910 vocant.

227 932 296 967 Sed
326 944 390 966 nos
421 933 570 966 sciamus
597 933 769 966 divinitus
795 933 1017 967 circumlatas
1040 944 1112 966 esse

124 980 299 1016 humanae
323 984 432 1017 menti
457 991 567 1017 certas
590 991 717 1023 metas,
754 984 845 1018 intra
871 996 956 1029 quas
979 990 1011 1017 et
1035 984 1112 1027 opi-

123 1033 247 1067 niones
282 1041 315 1068 et
347 1035 553 1078 cupiditates
586 1031 822 1068 cohercendae
859 1042 952 1068 sunt.
1025 1033 1112 1067 Vult

122 1082 219 1117 Deus
244 1085 317 1127 regi
341 1086 447 1118 vitam
472 1085 608 1128 legibus
632 1092 736 1129 atque
758 1085 911 1125 artibus,
945 1085 1023 1118 vult
1047 1096 1110 1117 nos

123 1135 322 1168 discernere
341 1136 521 1169 veritatem
539 1143 571 1168 et
590 1135 830 1175 mendacium,
858 1141 890 1168 et
911 1135 948 1167 in
966 1135 1110 1169 veritate

123 1186 358 1230 acquiescere,
387 1192 420 1219 et
436 1197 621 1229 agnoscere
639 1186 752 1229 ipsum
767 1186 901 1219 fontem
920 1185 1110 1229 sapientiae

123 1247 292 1277 veracem,
319 1243 351 1270 et
368 1236 546 1277 veritatis,
573 1243 747 1269 amantem
763 1247 853 1269 esse:
880 1243 913 1269 et
930 1236 961 1268 ei
981 1236 1109 1279 gratias

122 1297 241 1329 agere,
269 1288 363 1331 quod
389 1287 507 1319 radios
526 1298 607 1320 suae
625 1286 814 1330 sapientiae
833 1286 869 1319 in
889 1298 952 1319 nos
968 1286 1108 1330 spargit.

121 1334 194 1369 Nec
226 1348 370 1369 moveor
396 1334 609 1370 histrionum
636 1338 858 1382 quorundam
885 1337 1108 1377 clamoribus,

122 1386 184 1431 qui
201 1386 424 1421 simulatione
443 1387 625 1430 religionis
644 1388 857 1431 vituperant,
885 1394 1030 1421 naturae
1053 1387 1107 1420 in·-

121 1436 368 1481 quisitionem,
397 1445 429 1472 et
446 1438 572 1471 abduci
593 1445 725 1471 mentes
741 1439 785 1471 ab
805 1438 847 1471 iis
858 1438 994 1482 scriptis
1012 1438 1107 1471 voci-

119 1487 298 1528 ferantur,
324 1500 412 1533 quae
430 1487 526 1522 Deus
544 1500 604 1522 sua
620 1501 704 1522 voce
718 1489 876 1524 tradidit.

222 1544 295 1580 Nos
313 1559 394 1580 vero
411 1554 444 1581 et
461 1559 580 1581 vocem
601 1547 759 1581 divinam
783 1554 984 1582 reverenter
1003 1548 1106 1582 audi-

119 1608 218 1638 mUS,
259 1603 292 1631 et
320 1594 386 1631 hac
410 1598 482 1642 ipsa
514 1610 714 1639 movemur,
754 1605 791 1632 ut
825 1598 956 1632 maiore
988 1599 1105 1633 studio

119 1647 245 1681 mundi
271 1659 418 1692 corpora
442 1648 662 1692 aspiciamus.
714 1647 846 1681 Paulus
865 1649 958 1682 enim
977 1649 1105 1694 inquit,

118 1697 230 1731 oculis
247 1698 376 1732 nostris
400 1696 485 1732 haec
509 1699 688 1743 proposita
712 1710 805 1738 esse,
831 1706 869 1732 ut
894 1711 958 1733 nos
982 1701 1024 1733 de
1049 1712 1106 1733 ar-

118 1746 260 1782 chitecti
295 1749 464 1793 sapientia
501 1755 535 1782 et
569 1750 612 1782 de
645 1749 868 1794 providentia
904 1762 1106 1783 commone—

117 1799 257 1833 faciant.

221 1855 316 1890 Haec
349 1863 534 1901 postquam
563 1858 737 1900 praefatus
768 1869 863 1897 sum,
896 1869 992 1891 nunc
1017 1857 1106 1891 reci-

121 1907 203 1941 tabo
238 1919 357 1940 causas
389 1908 612 1951 praecipuas,
654 1914 796 1951 propter
827 1919 912 1951 quas
946 1909 1105 1941 doctrina

118 1955 262 2002 physica
286 1958 476 2000 expetenda
501 1964 533 1990 et
555 1959 794 2000 cognoscenda
819 1965 878 1991 est.

121 2008 214 2041 enim
248 2008 286 2041 in
319 2008 484 2041 omnibus
517 2008 661 2048 studiis,

118 2058 291 2102 aspicere,
328 2066 359 2092 et
392 2058 562 2099 cogitare,
605 2071 709 2103 quam
737 2058 923 2092 utilitatem
955 2060 1133 2104 suscepti

117 2109 254 2142 labores
270 2109 410 2142 allaturi
426 2109 507 2144 sint.

220 2167 271 2201 Ac
292 2167 394 2201 initio
412 2175 514 2201 notae
535 2174 616 2200 sunt
638 2165 702 2200 bae
728 2167 916 2208 utilitates,
950 2180 1038 2213 quae
1062 2169 1103 2201 ad

118 2230 245 2262 corpus
271 2218 458 2260 pertinent.
523 2217 633 2251 Tneri
663 2218 916 2258 valetudinem,
957 2226 988 2252 et
1011 2231 1104 2251 mor-

118 2269 246 2302 borum
266 2268 375 2301 initiis
391 2281 589 2307 occurrere,
619 2280 721 2301 nemo
745 2269 820 2301 sine
844 2269 960 2314 aliqua
985 2269 1105 2313 cogni-

118 2319 214 2352 tione
237 2316 394 2363 physices
420 2326 542 2363 potest.
609 2319 661 2353 Ac
687 2319 905 2352 verissimum
931 2327 998 2360 est,
1033 2332 1104 2352 me-

118 2369 231 2403 diocri
253 2370 453 2412 diligentia,
482 2381 554 2402 non
581 2371 683 2403 rudes
709 2367 813 2402 huius
838 2370 1036 2409 doctrinae,
1072 2378 1105 2404 et

118 2420 271 2464 pericula
303 2420 412 2453 multa
446 2420 658 2454 valetudinis
683 2420 810 2460 vitare,
841 2427 873 2453 et
897 2421 1105 2454 saevissimis

119 2471 273 2511 morbis,
303 2470 330 2502 si
360 2471 470 2504 initiis
498 2477 572 2503 arte
599 2479 803 2511 occurrant,

119 2520 220 2554 Hane
233 2521 420 2555 utilitatem
438 2521 655 2565 adspernari,
683 2533 806 2565 magna
824 2521 1001 2555 harbaries
1020 2529 1079 2556 est.

221 2587 288 2622 Sed
311 2589 412 2622 multi
429 2588 504 2622 sine
524 2588 668 2628 ordine,
703 2589 776 2621 sine
799 2588 933 2621 ratione
958 2589 1027 2622 ulla
1052 2589 1105 2622 vi-

120 2645 258 2678 ventes,
293 2637 398 2673 huius
423 2639 583 2673 utilitatis
608 2639 787 2672 mentione
814 2651 936 2683 parum
962 2652 1104 2673 moven—

120 2697 195 2723 tur:
224 2689 340 2723 rident
358 2691 474 2734 potius
492 2687 581 2723 hanc
607 2689 820 2723 valetudinis
839 2702 978 2728 curam,
1006 2691 1102 2735 quasi

696 130 855 170 DECL.
890 130 962 170 DE
996 128 1305 169 DOCTRINA
1335 130 1596 168 PHYSICA.

940 1957 1032 1992 [tile
1057 1967 1106 1993 est
1132 1975 1133 1983 ¹

705 2019 804 2051 saepe
836 2009 932 2052 quasi
967 2017 1104 2052 portum
1132 2023 1133 2038 i

837 2471 968 2504 mederi
997 2483 1104 2515 posse.
1130 2481 1132 2504 ι

2086 139 2164 177 934

1178 217 1328 251 sortibus
1345 223 1375 250 et
1392 217 1574 251 max-ortiis
1598 217 1680 251 viris
1705 217 1898 262 indignam.
1951 219 2018 255 Sed
2045 223 2161 259 rident

1175 264 1210 299 hi
1230 279 1371 312 prorsus
1393 269 1597 301 sardonium
1620 269 1740 305 risum.
1794 269 1944 303 Plurimi
1970 273 2061 305 enim
2082 285 2160 315 gra-

1174 329 1231 350 ves
1258 329 1387 362 poenas
1412 320 1495 351 dant
1521 325 1551 352 et
1579 319 1887 363 intemperantiae,
1931 328 1964 355 et
1993 322 2159 362 inscitiae,

1171 380 1250 401 cum
1269 370 1323 402 vel
1342 375 1523 402 accersunt
1538 369 1605 401 sibi
1625 371 1785 418 mprbos,
1814 372 1868 404 vel
1888 384 2070 406 occurrere
2097 386 2159 408 na-

1169 419 1345 452 scentibus
1362 431 1433 451 non
1452 426 1603 460 norunt,
1631 431 1694 453 nec
1711 421 1801 464 leges
1818 422 1907 455 ullas
1924 423 2118 467 patiuntur.

1269 491 1337 525 Sed
1353 489 1444 524 hanc
1461 492 1656 524 orationem
1675 493 1716 525 de
1743 494 1974 535 utilitatibus,
1998 509 2086 541 qnae
2112 499 2156 531 ad

1167 552 1292 585 corpus
1317 542 1511 586 pertinent,
1547 542 1627 586 quia
1654 554 1708 575 res
1732 550 1814 576 nota
1842 552 1910 585 est,
1946 547 2156 592 relinquam,

1167 604 1204 624 ac
1223 594 1404 625 ostendam
1418 619 1427 632 ,
1455 600 1624 637 quantum
1643 594 1766 626 referat
1787 594 1820 625 in
1848 595 1925 627 aliis
1951 599 2154 632 necessariis

1169 643 1340 675 doctrinis
1354 654 1459 675 nosse
1477 641 1560 675 haec
1578 643 1678 676 initia
1697 641 1866 689 physices,
1893 658 1980 690 qnae
1999 647 2035 679 in
2052 646 2155 681 scho-

1165 693 1207 726 lis
1227 695 1425 729 traduntur.

1265 760 1402 795 Scimus
1425 758 1602 794 Ecclesiae
1626 761 1824 794 doctrinam
1850 763 1913 797 toti
1939 765 2056 807 generi
2087 763 2153 798 bn-

1163 823 1267 844 mano
1286 811 1514 845 necessariam
1532 823 1614 846 esse.
1651 811 1691 844 In
1711 810 1773 845 hac
1790 820 1904 846 autem
1924 816 2053 848 multae
2071 824 2151 849 sirint

1163 863 1386 904 gravissimae
1410 873 1550 902 causae,
1591 873 1677 906 quas
1703 875 1764 896 nec
1787 865 1945 897 doctores
1971 866 2153 909 explicare,

1163 925 1226 945 nec
1252 913 1403 957 populus
1426 913 1621 955 intelligere
1651 920 1781 956 potest,
1817 915 1892 948 sine
1925 916 2151 950 adminiculis

1163 961 1333 1008 physices.
1386 961 1502 1006 Ergo,
1529 963 1713 1008 inquiunt,
1742 965 1863 998 misces
1882 963 2149 1010 Philosophiam

1163 1014 1240 1046 voci
1265 1014 1426 1054 coelesti,
1455 1021 1488 1047 et
1510 1014 1659 1047 dilutam
1683 1027 1722 1047 ac
1746 1017 1992 1049 confusaneam
2020 1019 2150 1051 doctri-

1162 1076 1242 1097 nam
1259 1064 1455 1110 proponis'.>

1263 1130 1342 1163 Scio
1368 1127 1433 1163 hoc
1460 1130 1561 1163 uobis
1584 1129 1689 1163 obiici
1715 1131 1758 1162 ab
1785 1130 1956 1172 indoctis,
1991 1135 2051 1178 qni
2077 1135 2148 1168 suis

1161 1181 1371 1225 quibusdam
1401 1181 1592 1213 barbaricis
1615 1181 1845 1224 opinionibus
1871 1183 2029 1217 fascinati
2056 1193 2146 1219 sunt.

1159 1231 1229 1264 Sed
1248 1229 1314 1264 hoc
1340 1231 1518 1270 volumus,
1550 1242 1650 1263 suum
1674 1231 1799 1276 cuique
1823 1234 1941 1275 generi
1968 1235 2148 1269 doctrinae

1159 1282 1274 1315 locum
1292 1293 1376 1315 esse.
1426 1280 1599 1314 immensa
1618 1281 1774 1315 bonitate
1785 1283 1882 1316 Deus
1898 1284 2056 1328 loquitur
2074 1298 2147 1319 ser-

1158 1344 1261 1365 mone
1280 1340 1419 1372 nostro,
1447 1339 1486 1365 ut
1503 1332 1732 1374 intelligatur.
1783 1332 1853 1366 Nec
1880 1336 2065 1369 confundit
2089 1349 2146 1379 ge-

1159 1395 1239 1416 nera
1261 1384 1522 1423 doctrinarum,
1548 1383 1608 1427 qui
1627 1383 1730 1421 dicit,
1759 1384 1932 1417 sermonis
1950 1387 2146 1430 proprieta-

1157 1440 1226 1467 tem
1257 1437 1461 1467 sumendam
1493 1445 1564 1466 esse
1595 1445 1613 1466 a
1648 1433 1901 1467 Grammatico.
1976 1436 2145 1470 Nominat

1158 1484 1281 1525 ficum,
1308 1485 1527 1530 amygdalas,
1553 1495 1804 1529 sycomoream.
1859 1484 1930 1518 Nec
1958 1489 2146 1521 confundit

1157 1546 1282 1578 genera
1311 1535 1572 1572 doctrinarum,
1606 1534 1665 1579 qui
1694 1535 1885 1578 interrogat
1916 1533 2145 1571 hortulanum

1155 1587 1198 1618 de
1214 1583 1338 1619 harum
1356 1587 1523 1619 arborum
1543 1585 1686 1618 naturis.

1257 1652 1370 1686 Curae
1387 1653 1431 1687 sit
1449 1653 1627 1693 omnibus,
1654 1659 1691 1685 ut
1709 1653 1822 1686 sontes
1840 1654 1996 1688 coelestis
2014 1656 2145 1688 doctri-

1157 1714 1221 1736 nae
1239 1711 1402 1736 maneant
1424 1703 1639 1746 incorrupti,
1669 1710 1699 1736 et
1725 1704 1840 1737 nativa
1859 1706 2029 1739 sententia
2050 1707 2143 1740 vocis

1157 1753 1299 1786 divinae
1324 1755 1528 1789 retineatur.
1582 1753 1744 1787 Caeterae
1769 1767 1850 1787 vero
1878 1763 1985 1796 artes,
2019 1763 2057 1790 nt
2081 1770 2143 1789 an-

1157 1804 1256 1837 cillae
1275 1811 1480 1848 sequantur:
1510 1816 1547 1836 ac
1569 1804 1627 1836 ubi
1647 1816 1735 1848 opus
1751 1811 1818 1844 est,
1847 1806 1999 1839 serviant
2026 1807 2143 1850 legen-

1158 1855 1250 1888 tibus
1273 1855 1309 1887 in
1330 1867 1408 1887 vera
1428 1854 1649 1888 enarratione
1668 1856 1850 1890 sermonis.

1257 1928 1325 1962 Sed
1341 1928 1444 1962 multi
1461 1929 1543 1961 odio
1561 1928 1761 1968 literarum,
1791 1929 1890 1961 inulti
1908 1936 1946 1963 ut
1964 1929 2140 1963 licentiam

1132 1990 1133 2001 ³
1157 1978 1308 2013 habeant
1325 1979 1497 2012 infinitam
1515 1980 1666 2021 tingendi
1686 1980 1871 2022 opiniones
1893 1992 1955 2013 sno
1982 1981 2141 2019 arbitrio,

1132 2046 1133 2051 ¹
1157 2038 1315 2064 excutere
1333 2031 1460 2063 altiuni
1480 2029 1618 2062 xincula
1637 2037 1826 2070 conantur,
1861 2044 1917 2075 qn
1912 2043 1948 2063 ie
1966 2032 2006 2064 ad
2025 2039 2141 2065 custo-

1131 2104 1133 2133 4
1156 2082 1320 2114 diendam
1335 2081 1497 2124 propriet
1494 2087 1580 2113 item
1601 2082 1812 2119 conducere,
1840 2082 2062 2115 manifestum
2081 2089 2139 2115 est.

1131 2131 1263 2164 ὒΙῙιιΙίί
1282 2132 1359 2165 ten-i
1379 2143 1526 2171 errores,
1555 2137 1586 2164 et
1603 2143 1659 2175 q¹¹
1653 2132 1727 2163 ῑειειΙ
1730 2144 1773 2163 nn
1791 2132 2028 2165 abominandi
2046 2133 2140 2165 idola

1157 2182 1192 2214 ἰιι
1209 2181 1427 2216 Ecclesiam
1419 2195 1475 2214 inx
1481 2188 1552 2214 ecta
1575 2188 1673 2219 sunt,
1701 2181 1829 2225 quibus
1854 2189 1885 2215 et
1903 2181 1995 2215 Deus
2016 2190 2141 2216 contu-

1131 2243 1133 2267 ῑ
1157 2233 1259 2265 melia
1277 2233 1454 2270 adficitur,
1482 2239 1513 2265 et
1534 2243 1664 2275 poenae
1682 2244 1719 2264 ac
1737 2233 1944 2265 xastationes
1963 2233 1996 2265 in
2017 2246 2141 2276 genere

1130 2270 1132 2315 l
1157 2282 1311 2316 humano
1340 2284 1492 2315 acceisit
1497 2295 1524 2314 ne
1550 2288 1648 2321 sunt,
1681 2283 1760 2326 qnia
1787 2284 1957 2315 sermonis
1982 2285 2140 2327 proprie-

1156 2342 1224 2374 taS‚
1251 2341 1283 2367 et
1305 2334 1431 2366 artium
1452 2340 1561 2366 metae
1584 2333 1758 2375 nezglectie
1784 2340 1884 2373 sunt,
1922 2340 1953 2367 et
1974 2335 2139 2378 permissa

1130 2380 1132 2400 ²
1157 2384 1294 2417 licentia
1324 2384 1492 2421 indoctis,
1526 2390 1585 2416 ant
1611 2383 1789 2423 fanaticis,
1819 2384 1974 2427 fingendi
1998 2385 2139 2428 opinio—

1130 2404 1133 2473 l
1157 2447 1216 2468 nes
1240 2442 1271 2468 et
1296 2434 1440 2467 numina
1469 2446 1531 2467 sno
1554 2433 1711 2466 arbitrie.
1763 2431 2000 2473 Cohorresco,
2027 2448 2139 2468 exem-

1157 2487 1211 2530 pla
1232 2485 1390 2519 omnium
1407 2493 1601 2528 temporum
1626 2496 1697 2517 non
1714 2496 1820 2527 pauca
1842 2486 2015 2529 cogitans,
2043 2497 2141 2529 quae,

1157 2537 1237 2582 qnia
1265 2535 1423 2569 insuavia
1453 2542 1535 2568 sunt
1561 2535 1702 2575 auditu,
1739 2536 1882 2568 recitare
1916 2536 2010 2568 nolo.
2069 2536 2138 2569 Sed

1159 2599 1218 2621 vos
1235 2587 1413 2620 auditores
1432 2593 1572 2629 propter
1591 2586 1736 2628 gloriam
1756 2584 1841 2626 Dei,
1868 2594 1898 2618 et
1919 2593 2058 2629 propter
2073 2584 2142 2618 Ec-

1158 2638 1280 2672 clesiae
1313 2637 1498 2670 utilitatem
1531 2637 1706 2676 obtestor,
1740 2643 1778 2669 ut
1805 2637 2018 2674 doctrinam,
2054 2647 2141 2680 quae

1159 2690 1270 2723 lucem
1294 2689 1407 2722 adfert
1435 2688 1588 2720 sermoni
1613 2686 1772 2728 coelesti,
1804 2687 1933 2720 ametis.
1993 2685 2143 2731 Conspi-

1450 2735 1533 2773 59*
