2338 2958
161 111 207 146 71
887 107 1047 144 DECL.
1082 107 1155 145 DE

171 197 251 231 odia
276 197 476 232 mortalium
498 197 590 231 iuter
611 207 646 229 se
665 201 859 237 execretur,
883 195 1017 230 mederi
1040 203 1155 230 tamen

169 255 240 282 tam
282 249 487 293 perniciosis
528 247 661 280 morbis
703 247 845 291 patitur.
913 247 1032 291 Quare
1071 247 1156 279 vitia

171 300 331 332 damnari
352 301 480 343 patiar,
508 298 701 330 remedium
720 309 782 341 par
804 304 873 349 est,
899 305 939 331 ut
957 305 1055 341 grato
1079 297 1158 330 ani-

171 362 228 383 mo
245 351 524 394 complectamur.
570 346 671 382 Furit
687 345 744 380 liic
759 349 933 381 vindictae
951 348 1157 392 cupiditate:

173 400 232 433 ille
263 413 317 433 res
345 399 488 433 alterius
521 399 643 431 fraude
673 405 829 441 occupat.
892 399 990 441 Quos
1016 410 1094 431 cum
1121 398 1156 430 in

174 451 265 483 viam
294 462 364 483 non
388 455 528 483 revocet
551 449 678 492 pietas,
704 450 860 482 iudicum
880 449 1085 483 auctoritate
1103 449 1160 482 su-

174 513 234 534 ror
257 500 510 544 comprimitur.
562 498 660 533 Nihil
683 499 816 540 David,
844 499 979 540 Moses,
1014 499 1159 533 Solomo

176 558 378 595 peccarunt,
405 551 631 595 quantumvis
650 551 820 594 improbis
840 551 1078 583 nebulonibus
1095 549 1160 582 ali-

176 602 256 635 cubi
280 602 336 635 ius
358 601 524 636 dixerint.
577 601 732 634 Proinde
754 599 934 641 Christus,
960 608 998 634 ut
1020 601 1162 644 litigan-

176 659 243 686 tem
267 664 305 685 ac
328 652 504 685 vindictae
528 664 645 684 amore
662 653 842 685 ardentem
860 653 1020 692 damnet,
1046 659 1160 685 tamen

175 714 254 736 suas
277 703 455 736 iudicibus
480 709 592 746 partes
618 702 781 746 reliquit,
814 703 887 736 sive
910 715 948 735 ex
973 702 1162 745 gentilibus

175 754 321 797 legibus,
347 753 419 786 sive
436 765 475 785 ex
491 753 650 786 mosaicis
666 753 720 786 ius
738 754 867 788 dicant.
904 752 1073 786 Gentium
1090 764 1164 786 res—

177 805 335 849 publicas
366 804 676 841 administrarunt,
716 801 857 847 loseph,
890 804 1036 846 Daniel,
1071 803 1163 837 Naa-

177 867 278 896 man,
312 854 498 893 Centurio,
533 854 612 899 qui,
647 854 676 886 si
706 854 876 897 flagitium
910 861 960 887 est
987 854 1163 898 Rempub.

177 917 305 949 gerere,
329 905 382 937 vel
399 905 590 946 gentilibus
608 905 742 947 legibus
760 905 831 942 uti,
855 905 980 938 ordine
999 904 1161 937 movendi

176 963 269 989 sunt.
321 954 454 988 Verum
478 955 561 988 nolo
585 953 640 989 bic
663 955 802 997 longius
828 955 1020 990 immorari.
1074 954 1162 988 Nam

177 1015 210 1041 et
228 1007 312 1040 alias
328 1013 486 1039 accurate
505 1003 588 1040 haec
605 1007 827 1046 excussimus,
853 1013 886 1040 ct
903 1007 969 1051 piis
987 1006 1164 1039 mentibus

177 1058 200 1091 ii
220 1057 285 1091 loci
303 1068 389 1102 quos
408 1057 636 1100 produximus
652 1057 891 1090 satisfecerint.
935 1056 1091 1090 Tantum
1109 1068 1163 1089 re-

177 1109 328 1142 clamant
353 1105 408 1147 tii,
441 1107 501 1152 qui
529 1119 592 1141 nec
616 1119 730 1140 sacras
758 1120 820 1140 nec
844 1105 1044 1152 prophanas
1074 1108 1165 1150 leges

178 1159 275 1204 pensi
299 1156 440 1193 liabent.
493 1155 655 1191 Christus
677 1159 808 1201 optima
833 1158 899 1191 fide
925 1170 1066 1191 censum
1084 1157 1163 1190 Ma-

176 1210 333 1253 gistratui
354 1216 534 1249 numerat,
561 1216 599 1242 ut
623 1209 818 1253 exemplum
845 1209 1070 1242 colendarum
1099 1221 1165 1252 pn-

177 1261 347 1294 blicarum
368 1260 482 1302 legum
508 1260 680 1302 proderet.
735 1259 771 1292 Id
792 1260 878 1292 adeo
904 1260 1032 1292 imitari
1060 1271 1164 1302 opor—

179 1312 270 1345 tebat
292 1323 349 1343 eos
362 1338 370 1350 ‚
398 1311 456 1355 qui
475 1307 712 1343 Christianam
730 1310 925 1343 libertatem
943 1310 1075 1355 ubique
1094 1310 1164 1342 sor-

176 1363 258 1396 titer
281 1361 419 1394 iactant.
474 1359 521 1393 Et
543 1373 621 1393 cum
640 1361 762 1393 divino
788 1361 954 1403 suffragio
974 1361 1026 1392 ius
1048 1360 1166 1403 publi—

178 1425 256 1446 cum
273 1412 538 1455 comprobatum
558 1411 612 1450 sit,
641 1411 749 1454 pietas
767 1411 889 1454 exigit,
912 1417 949 1444 ut
967 1417 1000 1443 et
1016 1410 1166 1452 diligen-

178 1471 231 1497 ter
250 1469 497 1505 cognoscatur,
525 1468 558 1494 et
583 1462 744 1503 religiose
769 1461 904 1494 colatur
929 1468 962 1494 et
989 1467 1165 1494 tractetur.

178 1513 442 1557 Legumlatores
459 1518 590 1545 veteres
606 1523 738 1551 omnes,
765 1524 834 1556 quo
853 1512 931 1555 plns
949 1511 1166 1544 auctoritatis

177 1565 248 1598 suis
272 1564 407 1606 legibus
433 1563 618 1602 adderent,
651 1561 806 1595 Deorum
831 1562 981 1594 oraculis
1003 1562 1166 1605 prob-tas

178 1615 440 1649 adseverabant.
496 1613 616 1646 Minos
633 1613 827 1655 fingebatur
843 1624 969 1644 novem
990 1624 1164 1645 annorum

178 1666 294 1710 spacio
324 1665 418 1698 Iovis
447 1675 529 1697 usus
556 1663 719 1696 familiari
748 1663 1019 1703 consuetudine,
1054 1663 1097 1694 ab
1126 1675 1165 1695 eo

180 1717 444 1750 constituendae
471 1714 572 1757 Reip.
600 1715 773 1747 rationem
805 1714 978 1747 didicisse.
1032 1713 1165 1758 Lycur-

179 1780 260 1811 gum
287 1768 403 1799 serunt
423 1773 454 1799 et
474 1767 515 1797 ab
534 1765 701 1808 Apolline
719 1763 830 1797 Deum
849 1765 1060 1808 appellatum
1086 1776 1167 1802 esse,

179 1827 209 1852 et
231 1831 291 1851 sua
315 1818 425 1849 edicta
452 1813 584 1861 ῥήτρας
600 1827 737 1848 vocasse
751 1843 758 1854 ,
785 1817 877 1860 quud
895 1816 1034 1847 oracula
1055 1815 1165 1847 videri

181 1871 294 1902 vellet.

180 1919 305 1962 Egeria
331 1929 544 1959 congressus.

180 1972 303 2004 divino
322 1970 451 2002 iudicio
469 1968 680 2012 adprobatae
697 1968 787 2009 leges
805 1968 1028 2004 viderentur,
1057 1966 1166 2010 pluris

182 2023 314 2055 sterent.
351 2021 493 2062 Quanto
513 2019 665 2052 sanctius
683 2031 699 2051 a
715 2018 816 2051 nobis
835 2019 886 2050 ius
905 2019 1084 2061 publicum
1101 2017 1165 2050 coli

181 2074 280 2105 ‹lo-liet
294 2100 302 2112 ,
329 2084 406 2103 cuin
426 2072 456 2103 id
478 2083 548 2103 nnn
566 2069 808 2102 commenticia
828 2069 987 2106 oracula,
1015 2070 1071 2101 sed
1093 2081 1167 2101 cer-

182 2124 333 2157 tissimae
359 2135 456 2154 voces
479 2122 620 2154 divinae
646 2121 747 2153 nobis
767 2120 970 2163 gravissime
989 2132 1168 2152 commen-

182 2175 322 2207 darino?

282 2223 392 2257 Porro
417 2235 494 2254 curn
523 2230 671 2262 constet,
699 2221 787 2255 nihil
813 2234 967 2265 pugnare
987 2234 1065 2253 rum
1084 2221 1169 2253 rixi-

184 2277 275 2309 libus
303 2275 434 2315 legibus
461 2274 683 2314 religionen»,
718 2281 750 2307 et
775 2274 809 2305 in
843 2274 945 2305 relius
977 2270 1169 2315 propltanis

187 2326 382 2360 iudicandis
412 2326 461 2357 sas
492 2336 580 2363 esse,
616 2325 668 2356 vel
705 2324 894 2367 gentilibus
926 2324 978 2355 vel
1010 2323 1170 2355 mosaicis

184 2378 316 2419 legibus
335 2376 396 2411 uti.
420 2375 716 2418 expostulat-imus
732 2376 910 2419 aliquanto
928 2374 1071 2406 liberius
1090 2386 1167 2406 cum

184 2429 225 2462 lis
254 2428 312 2473 qui
349 2426 488 2469 publico
526 2426 591 2457 iuri
623 2435 755 2468 prat-ter
784 2426 945 2458 ιιιιϊίίιιιιι
975 2425 1168 2469 iniquiores

182 2488 276 2513 sunt.

183 2531 324 2563 stitnere
351 2540 508 2571 possum,
543 2527 671 2559 morosi
708 2527 742 2559 lii
765 2525 850 2559 milii
876 2527 1061 2559 xideantur
1091 2533 1168 2559 tan-

183 2589 276 2621 tum,
303 2591 346 2611 an
366 2590 506 2621 prorsus
531 2580 661 2610 furere:
691 2591 769 2610 nam
794 2585 826 2609 ut
853 2577 1057 2610 illiberalem
1082 2589 1167 2609 con—

184 2632 298 2665 vivam
318 2642 388 2663 csse
410 2641 606 2667 reiisemns,
634 2629 692 2672 qui
711 2629 802 2672 apud
829 2629 978 2660 :unicum
1005 2639 1166 2671 praesen-

182 2691 250 2717 tem
267 2681 401 2726 copiam
419 2687 579 2721 nauseat,
602 2680 646 2712 ita
664 2680 723 2723 qui
742 2686 937 2723 praesentes
955 2690 1085 2719 mores,
1111 2678 1166 2711 in-

356 1868 507 1901 Numam
541 1866 639 1899 aiunt
670 1867 850 1899 simulasse
872 1873 1063 1899 nocturnos
1089 1877 1166 1898 cum

617 1917 855 1959 Fingebantur
890 1915 991 1956 haec,
1027 1923 1065 1949 nt
1088 1928 1165 1949 cum

332 2477 410 2511 Non
428 2477 519 2515 satis,
547 2477 592 2510 ita
612 2490 665 2508 ine
687 2477 772 2508 lit-nr·
789 2483 902 2508 ament
927 2475 1058 2513 Musae,
1084 2488 1169 2507 enn-

1187 107 1458 144 LEGIBUS.
2142 113 2194 148 72

1205 194 1324 228 stituta
1341 206 1378 227 ac
1395 194 1487 237 leges
1501 200 1629 227 temere
1644 194 1795 237 fastidit,
1821 196 1942 241 opicus
1964 195 2053 231 mihi
2078 203 2110 230 et
2133 209 2196 242 pa-

1206 258 1284 279 rum
1309 246 1466 278 urbanus
1483 245 1635 278 videtur.
1685 247 1836 280 Etcum
1862 248 1898 280 in
1922 249 2020 282 omni
2047 249 2116 282 vita
2141 260 2198 281 sa-

1207 296 1414 340 pientissimi
1451 293 1613 328 homines
1646 298 1906 341 praeceperint,
1949 299 2200 332 communibus

1208 347 1369 379 moribus
1405 353 1572 391 tanquam
1610 358 1731 381 scenae
1765 349 2078 382 obsecundandum
2115 361 2199 388 esse,

1210 397 1311 429 valde
1328 397 1449 430 iniusti
1467 403 1565 437 sunt,
1593 397 1653 441 qui
1676 404 1842 443 tanquam
1859 412 1938 432 cum
1955 401 2058 432 rebus
2072 398 2199 433 liuma-

1211 447 1264 479 nis
1296 448 1427 480 bellum
1456 447 1607 490 gesturi,
1646 456 1781 491 praeter
1807 461 1885 490 sua,
1919 450 2010 482 nihil
2038 451 2198 494 probant.

1211 497 1382 531 Sordidus
1398 510 1436 531 ac
1456 498 1609 542 plebeios
1625 499 1762 531 animos
1777 500 1849 533 sere
1865 501 2099 544 praesentium
2118 512 2202 545 poe-

1213 549 1317 589 nitet,
1343 549 1420 593 qui,
1447 561 1526 581 cum
1547 549 1696 582 libidine
1718 561 1798 590 sua,
1824 562 1896 584 non
1920 552 2056 584 ratione
2081 551 2202 585 omnia

1212 599 1414 639 metiantur,
1442 599 1532 632 miro
1549 601 1700 644 quodam
1719 601 1872 633 novandi
1893 603 2008 635 studio
2025 608 2202 637 tenentur.

1213 649 1333 694 Neque
1350 650 1444 683 ullus
1459 648 1624 694 Euripus,
1645 651 1757 684 ullum
1775 651 1904 685 fretum
1922 659 1991 685 tarn
2007 653 2123 686 varios
2138 649 2203 685 ha-

1215 703 1271 734 bet
1285 708 1398 733 aestus
1419 712 1458 733 ac
1477 701 1603 734 fluctus
1614 728 1622 741 ,
1644 713 1748 746 qnam
1764 702 1850 735 varii
1866 702 1961 746 vulgi
1978 710 2093 736 motus
2109 709 2203 737 sunt.

1214 750 1453 796 Quaecunque
1479 752 1708 785 commoverit
1731 758 1932 796 tempestas,
1965 753 2081 787 subito
2104 753 2203 795 furit,

1215 802 1404 846 miscetque
1423 802 1552 836 omnia.
1586 801 1730 841 Contra,
1754 815 1941 845 generosae
1959 810 2092 837 mentes
2108 816 2204 837 com-

1214 852 1382 884 munibus
1404 864 1440 885 se
1465 853 1623 885 moribus
1649 860 1900 897 attemperant,
1933 855 2118 899 solentque
2146 857 2205 888 υἱὲ

1215 914 1352 947 cunque
1368 909 1400 935 et
1416 903 1616 947 ubicunque
1634 916 1721 947 opus
1736 904 1861 944 suerit,
1887 905 2053 950 obsequi,
2080 917 2204 950 quem-

1215 954 1405 986 admodum
1422 953 1482 985 ille
1499 953 1736 987 Terentianus
1751 963 1848 997 pater
1865 962 1995 990 monet.
2039 954 2111 989 lam
2129 967 2204 989 non

1215 1004 1361 1047 simplex
1379 1004 1564 1043 rusticitas,
1590 1005 1648 1037 sed
1665 1004 1764 1037 furor
1781 1012 1830 1038 est
1845 1005 1956 1049 plane,
1980 1006 2112 1050 patrios
2127 1018 2206 1040 rno-

1216 1067 1270 1088 res
1298 1065 1336 1087 ac
1363 1054 1476 1098 patria
1502 1054 1660 1088 instituta
1684 1055 1808 1088 odisse.
1870 1053 2014 1090 Etenim
2039 1069 2118 1090 cum
2142 1068 2207 1100 pa-

1216 1106 1302 1139 triae
1323 1112 1482 1139 sanctum
1500 1106 1674 1150 quendam
1701 1118 1855 1139 amorem
1878 1107 2046 1140 omnibus
2064 1107 2208 1140 indide-

1217 1157 1262 1189 rit
1279 1162 1414 1197 natura,
1441 1167 1585 1199 prorsus
1602 1156 1702 1189 obliti
1723 1157 1777 1189 sui
1798 1157 1972 1199 videntur,
1999 1158 2060 1203 qui
2078 1157 2206 1202 patrias

1218 1207 1308 1249 leges
1326 1213 1506 1250 tantopere
1524 1214 1741 1240 aversantur.
1796 1207 2082 1251 sapientissimus
2098 1208 2206 1242 Poeta

1217 1257 1315 1299 fingit
1342 1256 1499 1302 Ulyssem
1525 1264 1664 1301 optare,
1701 1265 1739 1291 ut
1767 1258 1821 1290 vel
1847 1259 1981 1292 sumum
2010 1260 2053 1291 de
2083 1259 2208 1303 patriis

1218 1307 1430 1341 exorientem
1448 1308 1533 1340 focis
1551 1309 1681 1341 videat:
1709 1308 1744 1340 hi
1764 1309 1854 1352 leges
1871 1316 2120 1348 contemnunt,
2147 1321 2208 1343 or-

1217 1365 1422 1391 uamentum
1448 1359 1579 1401 patriae
1603 1357 1901 1401 pulcherrimum,
1928 1373 2078 1404 quarum
2099 1361 2208 1393 bene-

1219 1408 1294 1440 ficio
1316 1408 1380 1451 ipsi
1410 1415 1440 1440 ct
1460 1409 1620 1446 aluntur,
1649 1416 1678 1441 et
1701 1417 1902 1450 servantur,
1929 1417 1967 1443 nt
1994 1423 2037 1443 ne
2063 1417 2208 1444 naturae

1218 1459 1360 1503 quidem
1384 1459 1462 1502 plus
1486 1471 1590 1503 qnam
1616 1456 1669 1491 liis
1693 1460 1854 1494 debeant.
1908 1461 2043 1494 Mirum
2064 1461 2098 1493 ni
2119 1461 2208 1494 Vul-

1219 1509 1312 1542 turio
1338 1509 1414 1552 plus
1440 1515 1489 1541 est
1515 1507 1679 1549 liumani,
1710 1523 1814 1554 quam
1841 1508 1922 1543 huic
1946 1511 2076 1554 generi.
2133 1510 2207 1555 Ego

1219 1560 1391 1603 prosectu,
1427 1559 1564 1603 quoties
1587 1561 1812 1603 defatigatum
1836 1562 1995 1595 animum
2032 1562 2208 1596 remittere

1219 1621 1442 1655 recreareque
1465 1610 1567 1650 libet,
1602 1611 1699 1643 nulla
1726 1611 1762 1644 in
1787 1623 1822 1644 re
1851 1613 2011 1652 suavius,
2043 1620 2146 1658 atque
2170 1613 2209 1646 in

1220 1661 1350 1704 patriae
1368 1661 1608 1693 recordatione
1628 1662 1818 1706 acquiesco.
1874 1661 1911 1695 ld
1931 1664 2023 1708 quod
2042 1664 2113 1697 ficri
2133 1675 2206 1697 nou

1221 1718 1353 1752 posset,
1380 1711 1446 1744 nisi
1474 1712 1602 1744 mirurn
1631 1714 1805 1757 quendam
1838 1713 1911 1746 eius
1936 1727 2090 1747 amorem
2116 1715 2209 1747 inse-

1220 1762 1320 1794 visset
1348 1769 1483 1795 natura.
1544 1762 1674 1795 videor
1692 1761 1777 1795 milii
1804 1763 1871 1795 iain
1889 1776 1989 1805 agros
2017 1765 2208 1808 pervagari,

1221 1813 1288 1844 iam
1309 1813 1343 1844 iu
1364 1810 1474 1845 hortis
1493 1820 1649 1856 reptare,
1678 1814 1744 1846 iam
1763 1815 1804 1846 ad
1826 1815 1954 1847 flumen
1972 1816 2207 1851 deambulare.

1221 1862 1286 1895 llic
1305 1870 1449 1896 naturae
1467 1875 1566 1906 opvs,
1595 1864 1803 1896 industriam
1823 1865 2030 1898 colonorum
2049 1877 2208 1899 uteorum

1221 1914 1348 1946 tivinun
1369 1914 1491 1946 tacitus
1509 1915 1738 1957 contemplor,
1765 1916 1920 1948 admiror
1937 1917 2107 1950 maiorum
2124 1929 2209 1960 pru-

1220 1965 1394 2002 dentiam,
1422 1965 1480 2009 qui
1506 1977 1622 2007 agros,
1650 1966 1708 2010 qai
1729 1967 1897 2009 oppidum
1921 1967 2033 2009 ipsum
2056 1968 2208 2009 diligen—

1221 2015 1351 2048 tissime
1367 2023 1539 2049 ornarunt
1557 2022 1589 2048 et
1611 2017 1827 2050 munierunt.
1882 2016 1975 2050 llaec
1993 2030 2070 2050 cuni
2088 2018 2208 2050 animo

1221 2067 1421 2105 considero,
1450 2073 1482 2099 et
1508 2068 1760 2110 propemodum
1788 2067 1944 2105 intueor,
1971 2069 2137 2101 mediocri
2165 2080 2209 2101 ue

1222 2130 1275 2149 nie
1299 2117 1475 2160 xoluptate
1501 2117 1629 2161 perfrui
1654 2118 1824 2150 censetis?
1861 2118 1917 2151 M·-
1936 2131 2017 2151 vero
2036 2132 2114 2152 cunt
2139 2119 2207 2152 loci

1221 2168 1411 2200 amoenitas
1430 2180 1489 2210 per
1509 2180 1580 2200 sese
1599 2169 1741 2201 delectat
1755 2195 1762 2206 ,
1792 2176 1863 2201 tuin
1884 2169 1964 2213 qni-t
1991 2170 2120 2213 patriae
2141 2182 2207 2202 no-

1222 2232 1300 2251 meu
1318 2219 1469 2258 acra-dit,
1497 2219 1595 2251 val-le
1614 2219 1767 2253 adlit-ior.
1821 2219 1891 2252 λοι·
1916 2220 2032 2252 minus
2058 2221 2117 2253 t..ti
2145 2233 2207 2264 pa·

1222 2270 1285 2302 tria
1305 2270 1439 2313 capior,
1468 2282 1570 2314 quam
1601 2270 1657 2301 ille
1684 2267 1819 2307 ltltaca„
1845 2271 1904 2315 qui
1923 2272 2082 2315 qumnxis
2105 2272 2208 2304 steri-

1223 2321 1308 2356 lem.
1337 2329 1367 2353 et
1395 2321 1429 2352 in
1455 2320 1654 2362 asperi-iniis
1671 2321 1760 2352 saxis
1780 2329 1944 2365 tanquam
1963 2323 2123 2355 nidulum
2144 2322 2206 2354 ad-

1932 2371 1972 2406 Et
1993 2385 2070 2405 cuni
2091 2379 2206 2405 tanto-

1222 2435 1299 2465 pere
1319 2423 1432 2455 solum
1451 2423 1562 2465 ipsun»
1579 2429 1726 2459 ametur,
1755 2435 1824 2455 nou
1845 2435 1982 2466 possum
2003 2436 2071 2455 non
2091 2423 2206 2456 t‘awre

1219 2481 1251 2506 et
1273 2473 1422 2514 tvgitms,
1447 2473 1576 2517 quilius
1594 2473 1722 2504 cixiutn
1742 2473 1831 2506 iuter
1853 2486 1887 2506 se
1911 2475 2023 2506 studia
2042 2474 2205 2506 volunta-

1220 2532 1340 2569 tesque
1366 2523 1600 2556 conciliantur
1625 2531 1656 2556 et
1682 2524 1951 2564 devinciuntur,
1977 2538 2064 2568 quae
2085 2526 2205 2556 donax

1219 2575 1338 2607 stiram
1375 2575 1617 2618 disciplinatu,
1660 2575 1770 2607 bonos
1804 2587 1937 2614 mines,
1982 2575 2204 2619 popularium

1220 2626 1415 2658 libertatem
1443 2632 1605 2664 tuentur,
1633 2637 1720 2670 qnae
1739 2626 1891 2669 profecto
1910 2639 1980 2658 non
2006 2627 2121 2659 'ninus
2142 2636 2206 2659 ιιοι

1219 2690 1323 2722 quarn
1350 2677 1437 2710 lares
1463 2677 1592 2718 nostri,
1622 2677 1805 2712 delectant.

1222 2372 1341 2408 lix-tin,
1371 2371 1482 2415 plut-is
1503 2371 1761 2403 innn‹·rt.·lit.·te
1787 2372 1876 2404 fecit.

1867 2676 2020 2710 Proinde
2044 2690 2122 2711 cum
2149 2677 2205 2710 in—
