2338 2958
182 143 255 179 467

183 282 299 326 ipsum
321 290 382 323 per
407 288 441 309 se
467 272 637 306 delectare
660 269 837 302 auditores
861 273 993 311 potest,
1022 265 1126 299 etiam
1145 265 1174 297 si

185 332 259 366 sine
293 325 460 362 Oratorio
496 321 683 366 splendore
718 318 894 352 recitetur.
948 315 1047 350 Nihil
1080 315 1174 349 enim

185 380 356 416 efficacius
380 382 431 409 est
454 375 496 407 ad
517 371 710 405 movendos
726 369 862 403 animos
881 369 1077 407 bonorum,
1102 366 1175 410 ipsa
1202 404 1204 410 k

1202 416 1204 427 ¹
1230 413 1411 445 literarum
1431 409 1660 450 beneficium,
1686 409 1816 454 quibus
1832 410 2018 453 debemus,
2040 414 2133 458 quod
2155 413 2220 445 ali-

185 433 325 465 virtute.
376 422 670 460 Commemorabo
686 427 820 460 autem,
848 420 1025 464 quoddam
1045 419 1174 450 factum

186 477 411 524 Imperatoris
427 473 611 509 Chnnradi
625 471 744 512 Suevi,
763 470 858 515 quod
874 469 1010 503 utinam
1027 480 1089 511 ego
1106 474 1176 500 tam

186 531 335 565 dicendo
362 537 488 561 ornare
512 535 667 569 possem,
694 533 799 567 quam
825 520 1022 564 exemplum
1043 530 1177 551 memo-

186 581 296 615 rabile
332 586 402 617 est,
444 584 476 611 et
503 575 647 620 plenum
685 570 934 611 humanitatis,
971 579 1177 612 summaque

185 633 290 665 laude
314 630 474 672 dignum.
534 625 733 658 Plurimum
762 635 844 655 vero
873 621 1052 659 moribus,
1093 616 1178 651 haec

186 680 440 716 moderationis
475 684 507 711 et
545 674 748 708 clementiae
778 672 933 715 exempla
965 671 1179 708 conducunt,

187 733 268 778 quia
287 733 323 764 in
345 731 393 764 eis
411 727 452 763 τὸ
478 723 634 772 ἠθικὸν,
664 725 758 769 quod
777 730 816 756 ut
833 722 1080 755 suavissimum
1094 746 1103 760 ,
1131 719 1178 752 ita

187 785 224 817 in
241 783 364 828 primis
379 780 528 814 amabile
547 783 614 814 est,
642 774 827 818 praecipue
846 773 947 806 lucet.
1000 770 1046 804 Et
1063 770 1178 803 nescio

186 847 230 868 an
248 845 403 878 unquam
419 829 528 872 magis
544 837 632 871 opus
647 825 765 864 suerit,
791 823 943 868 proponi
960 822 1055 859 talia,
1074 832 1178 866 quam

186 883 254 918 hoc
272 890 393 917 nostro
415 892 494 913 vere
516 877 718 912 calamitoso
739 883 771 908 et
797 872 1103 907 turbulentissimo
1127 883 1180 904 se-

188 936 288 976 culo,
323 945 391 979 qno
414 938 510 965 tanta
534 935 584 962 est
614 925 800 960 bominum
824 932 927 970 atque
956 923 1179 967 ingeniorum

186 986 306 1019 feritas
332 991 365 1018 et
390 979 569 1018 violentia,
597 984 763 1023 quantam
779 976 837 1008 vix
855 975 949 1008 credi
968 980 1081 1019 potest
1098 972 1181 1006 ullis

188 1044 282 1070 retro
308 1032 526 1078 temporibus
552 1029 669 1062 fuisse.
725 1026 856 1060 Merito
881 1038 964 1059 vero
983 1036 1048 1058 nos
1071 1023 1182 1066 magis

189 1094 327 1126 nostra,
361 1096 465 1130 quam
492 1088 632 1115 externa
655 1085 815 1112 movent:
855 1089 937 1109 nam
962 1075 1180 1119 ingratitudo

191 1138 361 1184 quaedam
385 1142 453 1174 est,
482 1138 616 1167 tantum
642 1129 824 1173 peregrina
847 1135 880 1160 et
903 1127 1025 1170 procul
1051 1125 1181 1157 adscita

191 1187 377 1226 admirari,
404 1196 464 1218 sua
488 1196 525 1216 ac
544 1180 734 1214 domestica
761 1178 949 1220 negligere.
1002 1175 1184 1218 Quemad-

191 1239 338 1272 modum
355 1236 447 1269 enim
469 1233 612 1279 quidam
630 1227 792 1263 homines
810 1225 876 1260 hoc
893 1226 980 1260 vitio
998 1225 1184 1259 oculorum

192 1291 374 1328 laborant,
402 1292 440 1319 ut
455 1290 592 1317 tantum
612 1292 700 1326 quae
723 1278 846 1324 procul
872 1277 983 1321 posita
1001 1282 1103 1316 sunt,
1132 1274 1184 1306 vi-

193 1343 316 1379 deant,
354 1336 510 1381 proxima
538 1345 641 1370 vero,
682 1341 841 1376 quaeque
865 1335 944 1361 ante
973 1327 1077 1371 pedes
1103 1331 1186 1381 sunt.

195 1392 279 1431 sita,
312 1400 385 1422 non
412 1385 712 1420 animadvertant:
749 1381 796 1414 ita
823 1379 966 1424 quidam
992 1375 1057 1410 lioc
1076 1376 1186 1409 aiiimi

194 1441 320 1476 morbo
344 1438 457 1472 affecti
483 1442 585 1475 sunt,
617 1439 655 1466 ut
677 1429 770 1465 nibil
796 1436 913 1463 ament
936 1428 1005 1461 nisi
1032 1426 1187 1472 peregri-

195 1504 282 1527 num
311 1497 344 1524 et
370 1487 493 1534 procul
511 1486 673 1530 petitum:
702 1482 883 1516 fastidiant
911 1487 1015 1524 atque
1042 1479 1188 1522 adsper—

196 1550 347 1582 nentur,
369 1538 543 1585 quidquid
562 1534 802 1573 vernaculum,
829 1539 861 1565 et
877 1530 973 1564 domi
989 1536 1110 1563 natum
1127 1534 1188 1561 est.

197 1594 270 1638 Qui
292 1604 375 1625 vero
405 1589 535 1623 rectius
566 1592 682 1619 mente
709 1584 844 1620 valent,
878 1580 915 1614 hi
947 1593 1008 1614 sua
1034 1580 1186 1624 primum

196 1647 292 1679 bona
316 1646 511 1685 agnoscunt
537 1644 570 1671 et
595 1635 865 1679 amplectuntur.
908 1631 997 1664 Nam
1014 1642 1091 1663 cum
1109 1641 1187 1662 ora—

199 1696 279 1730 culo
299 1693 462 1727 iubemur
480 1701 543 1723 nos
561 1688 655 1731 ipsos
678 1697 800 1724 nosse,
828 1683 863 1716 id
879 1694 953 1714 eam
973 1681 1103 1725 opinor
1117 1679 1187 1712 vim

199 1745 340 1784 habere,
366 1750 404 1777 ut
420 1749 492 1776 tum
510 1739 606 1779 vitia,
629 1738 657 1770 si
676 1748 743 1780 qua
763 1735 798 1768 in
816 1733 920 1766 nobis
936 1730 1094 1771 haerent,
1115 1738 1189 1764 tum

201 1798 305 1832 etiam
332 1795 423 1828 bona
449 1799 567 1825 nostra
594 1797 797 1826 noscamus,
827 1784 887 1817 illa
911 1790 950 1817 ut
975 1782 1190 1825 corrigamus

201 1861 239 1882 ac
258 1847 426 1883 vitemus,
446 1841 530 1876 haec
547 1847 586 1873 ut
601 1838 800 1877 excitemus,
827 1841 858 1868 et
877 1844 1077 1877 augeamus,
1096 1833 1190 1864 iuxta

201 1898 329 1932 veteris
347 1893 525 1941 proverbii
541 1889 767 1924 sententiam:
795 1886 977 1930 Spartam,
1004 1895 1110 1940 quam
1128 1894 1191 1939 na-

203 1957 279 1984 ctus
296 1959 348 1988 es,
375 1958 450 1979 eam
469 1954 583 1977 ornes.
636 1939 699 1974 Est
716 1950 798 1970 vero
822 1947 948 1980 operae
966 1945 1121 1979 precium
1139 1945 1191 1964 vi-

204 2002 305 2040 dete,
331 2003 460 2044 quanta
486 1992 591 2028 suerit
614 1989 838 2034 simplicitas,
865 1986 1039 2031 probitas,
1064 1991 1097 2017 et
1124 1981 1192 2016 hu-

204 2051 353 2085 manitas
382 2047 554 2080 maiorum
580 2048 782 2076 nostrorum
809 2045 966 2071 veterum
994 2035 1194 2069 Germano-

205 2115 302 2141 rum,
329 2110 479 2145 quernm
498 2097 596 2132 sacta,
623 2093 650 2125 si
671 2090 780 2125 literis
798 2089 950 2133 prodita,
976 2087 1004 2119 si
1023 2086 1066 2118 ab
1083 2083 1194 2117 bisto-

207 2154 258 2186 ria
274 2153 386 2184 lucem
403 2147 624 2192 accepissent,
650 2149 689 2175 nt
704 2153 793 2187 quae
813 2152 830 2172 a
846 2137 1019 2173 Romanis
1034 2144 1067 2170 et
1082 2135 1193 2169 Grae-

207 2205 256 2237 cis
280 2208 370 2244 gesta
394 2206 494 2238 sunt,
521 2209 599 2230 cum
621 2193 778 2237 utrisque
802 2188 897 2223 baud
923 2188 1048 2227 dubie,
1083 2193 1193 2219 essent

208 2254 303 2287 omni
331 2263 455 2293 genere
489 2243 864 2292 praestantissimarum
890 2240 1059 2273 virtutum
1086 2244 1195 2270 certa-

210 2313 300 2339 tura.
339 2294 420 2335 VSed
440 2301 503 2333 suit
524 2299 582 2331 illa
607 2303 697 2328 aetas
717 2294 898 2326 literarum
919 2299 951 2324 et
976 2288 1195 2333 eloquentiae

209 2356 325 2391 rudis,
352 2365 439 2398 quac
458 2363 519 2383 nec
543 2347 739 2381 describere
765 2342 967 2378 commode,
993 2340 1104 2372 multo
1130 2338 1196 2371 mi-

210 2418 276 2440 nus
293 2416 417 2437 ornare
440 2409 489 2435 tot
510 2398 658 2440 iusignia
681 2397 787 2434 sarta,
814 2401 844 2426 ct
863 2405 916 2426 res
941 2391 1116 2436 praeclare
1139 2401 1196 2432 ge-

211 2465 280 2492 stas
307 2455 436 2499 potuit,
472 2450 653 2493 Principes
684 2459 765 2479 vero
793 2445 856 2489 ipsi
889 2443 997 2485 magis
1020 2442 1197 2473 effectores

210 2518 416 2549 magnarum
443 2515 579 2539 rerum,
606 2511 710 2545 quam
735 2501 965 2529 ostentatores
989 2504 1060 2525 esse
1080 2492 1196 2524 stude-

210 2561 306 2594 bant.
370 2555 460 2588 llinr.
491 2554 619 2585 sartum
647 2556 715 2588 est,
748 2554 785 2580 nt
814 2546 922 2579 multa
949 2542 1197 2578 illustrissima,

211 2618 245 2645 et
262 2605 482 2643 admirabilia
500 2601 637 2634 virtutis
654 2611 776 2643 opera,
800 2596 1014 2630 diuturnitas
1032 2592 1197 2636 temporis

212 2669 243 2695 et
269 2658 400 2693 oblivio
427 2652 633 2688 aboleverit:
666 2650 838 2695 quaedam
870 2654 1006 2684 tamen,
1040 2644 1135 2677 velut
1157 2655 1196 2675 ex

212 2709 376 2746 incendio
394 2713 453 2740 aut
471 2704 573 2738 ruina
594 2709 728 2744 erepta,
754 2700 795 2732 ad
822 2705 959 2731 nostrae
977 2707 1087 2741 nsque
1103 2699 1197 2727 acta-

723 129 882 167 DECL.
924 127 1000 164 DE
1035 121 1313 163 GUELPHO
1345 119 1496 158 DUCE
1530 119 1656 160 BAV.

2147 124 2220 162 468

183 229 320 265 Deinde
345 227 427 273 quia
451 219 622 257 eiusmodi
647 223 892 261 argumentum
918 215 1044 255 affero,
1077 215 1173 260 quod
1200 226 1204 263 ᾖ
1227 211 1271 244 tis
1287 207 1496 242 memoriam
1512 215 1776 252 permanarunt.
1822 207 1876 243 Ex
1894 210 2023 255 quibus
2038 210 2140 244 facile
2158 211 2222 244 ad-

1227 266 1346 305 paret,
1373 270 1479 304 quam
1502 258 1614 291 multa
1633 258 1829 302 praeclara,
1855 267 1888 294 et
1911 261 2103 295 immortali
2128 261 2220 294 sama

1228 318 1332 356 atque
1350 308 1587 342 admiratione
1605 308 1730 351 digna,
1758 308 1977 352 interierint,
2008 318 2041 345 et
2058 312 2114 345 vel
2137 309 2221 344 binc

1230 360 1407 395 aestimari
1429 366 1559 403 potest,
1593 365 1765 404 quantum
1791 359 1835 393 sit
1862 360 1899 392 in
1927 362 2032 395 rebus
2055 359 2221 395 humanis

1230 462 1335 508 quid,
1362 461 1536 506 quidquid
1554 466 1614 500 est,
1638 457 1754 493 adhuc
1771 472 1893 494 eorum
1911 468 2031 503 restat,
2055 464 2220 508 quodque

1230 525 1303 546 non
1321 513 1364 545 ad
1382 523 1493 545 unum
1513 510 1643 551 omnia,
1669 522 1739 544 una
1754 523 1833 544 cum
1852 512 2072 555 corporibus,
2098 514 2221 547 eodem

1231 564 1375 608 pulvere
1393 563 1519 595 obruta
1537 573 1575 594 ac
1589 561 1723 605 sepulta
1741 567 1832 594 sunt.
1866 561 1939 595 Nos
1955 574 2037 595 vero
2056 562 2110 603 iis,
2133 575 2222 608 quae

1231 620 1361 652 extant,
1381 612 1514 657 perfrui
1533 613 1639 646 decet.
1667 610 1893 656 Quapropter
1910 610 2094 646 historiam
2110 625 2223 658 quan-

1232 666 1312 698 dam
1341 664 1409 704 rei,
1450 676 1469 696 a
1492 660 1686 697 Chunrado
1713 661 1829 696 suevo
1857 662 2069 707 Imperatore
2101 670 2225 707 gestae,

1232 713 1298 748 hoc
1316 715 1353 747 in
1372 714 1467 754 loco,
1494 720 1532 747 ut
1549 719 1691 757 potem,
1719 724 1994 747 commemorare
2010 714 2162 755 decrevi,
2185 714 2224 747 in

1233 777 1301 810 qua
1321 765 1439 797 videre
1457 771 1507 797 est
1532 763 1669 807 insigne
1690 764 1889 807 exemplum
1913 764 2071 808 pietatis,
2098 762 2226 798 huma-

1232 815 1354 848 nitatis
1382 827 1421 847 ac
1441 825 1597 847 summae
1621 814 1885 849 moderationis.
1935 813 2024 848 Eam
2043 816 2127 848 dum
2147 815 2227 849 bre·

1234 866 1323 899 viter
1339 877 1476 909 expono
1487 889 1495 902 ,
1517 875 1579 897 vos
1597 865 1749 907 benigne
1765 876 1878 909 spero,
1902 877 1965 908 pro
1980 872 2095 899 vestra
2110 865 2226 899 facili-

1235 923 1304 951 tate
1321 923 1425 961 atque
1443 914 1716 960 aequanimitate
1734 916 1991 949 auscultaturos
2009 928 2091 950 esse.
2137 915 2228 950 Ges-

1235 969 1279 1001 sit
1296 965 1364 1005 bic,
1391 978 1496 1011 quem
1514 966 1613 1006 dico,
1636 964 1832 1010 Imperator
1846 963 2061 1000 Chunradus
2078 965 2227 1007 Suevus,

1236 1030 1314 1052 cum
1338 1017 1407 1050 alia
1431 1016 1542 1050 multa
1565 1015 1676 1054 bella,
1704 1022 1849 1060 propter
1874 1016 1989 1060 legum
2014 1023 2046 1051 et
2071 1016 2229 1050 iusticiae

1236 1068 1495 1105 defensionem,
1522 1073 1556 1100 et
1571 1067 1853 1110 componendam
1869 1078 1908 1100 ac
1925 1067 2173 1100 stabiliendam
2190 1067 2230 1100 in

1238 1118 1391 1162 Imperio
1407 1128 1528 1161 pacem
1539 1143 1548 1157 ,
1574 1122 1649 1149 tum
1668 1128 1751 1149 vero
1766 1123 1887 1150 contra
1903 1115 2073 1151 Guelsum
2090 1117 2232 1152 diutur-

1237 1181 1343 1207 num,
1377 1167 1546 1212 varioque
1568 1173 1696 1200 eventu
1721 1166 1855 1200 bellum
1881 1167 1995 1210 gessit.
2055 1166 2109 1202 De
2131 1168 2231 1203 cuius

1239 1219 1322 1253 belli
1346 1218 1477 1257 causis,
1509 1228 1582 1249 non
1606 1217 1721 1250 dicam
1746 1217 1783 1249 in
1811 1218 2029 1261 praesentia,
2064 1230 2109 1252 ne
2130 1217 2231 1258 mihi,

1239 1271 1323 1303 dum
1348 1268 1486 1311 singula
1517 1279 1730 1312 persequor,
1759 1274 1931 1302 accrescat
1955 1268 2090 1307 oratio,
2125 1281 2230 1314 quam

1239 1332 1323 1363 ego,
1350 1326 1389 1352 ut
1412 1317 1529 1351 brevis
1545 1318 1608 1357 sit,
1637 1317 1674 1350 in
1695 1330 1804 1361 pauca
1822 1318 1980 1362 redigere
2001 1320 2144 1361 studeo,
2170 1321 2231 1354 sed

1240 1378 1357 1405 tamen
1387 1369 1470 1402 satis
1497 1379 1618 1411 graves
1648 1380 1688 1401 ac
1714 1369 1924 1402 necessarias
1947 1369 2054 1402 fuisse
2077 1376 2232 1411 const-³13

1240 1434 1323 1454 nam
1347 1420 1459 1454 nostri
1483 1416 1648 1453 homines
1669 1430 1741 1452 non
1765 1426 1912 1458 temere,
1938 1432 2002 1453 nec
2027 1420 2163 1454 levibus
2188 1421 2232 1454 de

1241 1471 1372 1511 causis,
1401 1470 1493 1504 bella
1513 1470 1706 1514 suscipere,
1731 1476 1790 1503 aut
1808 1482 1904 1503 arma
1922 1482 2063 1504 movere
2083 1483 2232 1504 consue—

1241 1529 1379 1557 verunt.
1413 1520 1501 1555 Erat
1517 1527 1634 1554 autem
1651 1520 1711 1554 ille
1728 1519 1878 1554 Guelfus
1894 1519 2111 1555 Bavarorum
2128 1520 2234 1555 Prin-

1242 1585 1338 1618 ceps,
1364 1580 1397 1606 et
1412 1571 1586 1605 nonnulla
1605 1571 1754 1605 Sueviae
1772 1571 1902 1615 oppida
1920 1573 2070 1606 tenebat.
2117 1570 2234 1617 Atque

1242 1624 1286 1656 ab
1310 1635 1349 1656 ea
1371 1622 1505 1656 familia
1520 1621 1677 1655 Comites
1690 1634 1708 1655 a
1722 1621 1886 1660 Zollern,
1913 1623 2041 1656 deinde
2061 1622 2233 1666 originem

1243 1673 1400 1711 duxisse,
1434 1679 1640 1715 argumento
1663 1678 1731 1713 est,
1764 1672 1901 1705 catulus
1930 1672 2066 1716 insigne
2090 1673 2233 1716 gentili-

1244 1725 1332 1758 tium
1351 1724 1426 1757 eius
1442 1722 1606 1763 familiae,
1632 1735 1736 1767 quem
1754 1729 1786 1756 et
1805 1721 2032 1756 Marchiones
2047 1722 2235 1757 Branden-

1245 1777 1452 1818 burgenses,
1485 1774 1545 1818 qui
1575 1775 1716 1807 eosdem
1746 1773 1799 1806 sui
1827 1774 1964 1816 generis
1988 1786 2027 1807 ac
2053 1774 2235 1817 sanguinis

1245 1833 1384 1860 autores
1400 1825 1517 1857 serunt
1530 1850 1539 1864 ,
1565 1831 1604 1857 ut
1623 1830 1777 1857 vetustae
1801 1824 1947 1867 originis
1964 1831 2234 1858 monumentum

1246 1878 1281 1909 in
1306 1875 1414 1919 galeis
1438 1881 1584 1918 gestant.
1644 1873 1740 1908 lnter
1762 1872 1856 1908 hunc
1878 1874 1985 1918 igitur
2007 1875 2176 1909 Guell'um
2202 1882 2237 1910 et

1245 1926 1478 1960 (lliunradum
1495 1925 1670 1965 snex-um,
1697 1937 1775 1958 cum
1795 1937 1856 1969 per
1872 1925 2007 1971 aliquot
2025 1938 2147 1967 annos,
2174 1938 2237 1960 va—

1247 1980 1359 2011 riante
1377 1978 1518 2010 fortuna
1535 1983 1712 2016 eventum,
1734 1975 1977 2020 belligeratum
1998 1983 2095 2015 esset.
2121 1983 2153 2010 et
2171 1988 2236 2010 an-

1247 2029 1343 2072 cipiti
1360 2039 1460 2072 saepe
1480 2026 1595 2060 Marte
1613 2033 1824 2070 pugnatum,
1850 2026 1995 2060 vulnera
2014 2027 2121 2060 multa
2141 2039 2237 2061 nune

1249 2081 1362 2120 illata,
1390 2091 1484 2111 nunc
1501 2077 1654 2110 vicissim
1675 2084 1832 2121 accepta,
1860 2078 2002 2110 tandem
2021 2078 2177 2112 constitit
2200 2079 2236 2112 id

1249 2131 1380 2163 bellum
1404 2131 1445 2162 ad
1471 2129 1640 2172 oppidum
1660 2128 1870 2171 wius-berg.
1923 2128 2038 2171 Quem
2059 2129 2095 2161 in
2120 2129 2235 2163 locum

1249 2182 1399 2214 uuelsus
1415 2191 1537 2213 omnes
1552 2179 1642 2212 vires
1659 2191 1738 2213 suas
1755 2179 1962 2218 contulerat,
1978 2191 2127 2225 eumque
2141 2192 2238 2213 eom-

1250 2232 1436 2269 munierat.
1461 2238 1510 2270 ιιι,
1532 2243 1610 2263 cum
1630 2230 1736 2262 armis
1756 2236 1867 2263 tutare
1885 2230 1999 2274 impar
2019 2238 2117 2271 esset,
2144 2231 2237 2264 vallo

1249 2297 1286 2316 ac
1311 2283 1497 2316 moenibus
1520 2292 1592 2314 sese
1613 2287 1796 2314 tutaretur.
1858 2278 2033 2314 Obsessos
2056 2287 2106 2315 est
2131 2281 2240 2325 igitur

1249 2348 1266 2367 a
1284 2332 1496 2372 (limitando,
1522 2339 1552 2365 et
1572 2339 1646 2375 post
1664 2332 1791 2364 multas
1815 2342 1853 2363 ac
1875 2331 2036 2365 difficiles
2057 2343 2239 2376 oppugna-

1250 2387 1382 2424 tiones,
1409 2395 1494 2429 quas
1515 2382 1678 2415 sustinuit
1703 2382 1860 2424 sortiter,
1888 2383 2028 2415 tandem
2054 2382 2180 2422 armis,
2205 2389 2237 2416 ct

1250 2444 1402 2469 extremo
1423 2433 1658 2467 bumanorum
1680 2433 1875 2470 malornm.
1903 2433 1993 2465 faint·
2011 2440 2238 2476 expugnatus,

1251 2494 1388 2519 rosetus
1404 2494 1453 2519 est
1470 2485 1556 2517 irato
1574 2497 1586 2514 x
1599 2485 1712 2522 icturi,
1739 2485 2007 2529 quibuscunque
2022 2483 2239 2517 conditioni·

1251 2539 1334 2575 bus,
1361 2549 1396 2570 se
1414 2545 1445 2570 et
1467 2547 1547 2569 suos
1566 2536 1702 2569 dedere.
1760 2535 1810 2567 lbi
1835 2533 2027 2577 imperator
2054 2535 2239 2577 praecepit,

1251 2596 1285 2621 nt
1307 2589 1468 2627 Guell'ns,
1494 2587 1699 2630 caeterique,
1715 2585 1773 2630 qui
1791 2597 1869 2617 rum
1888 2597 1928 2616 eo
1944 2585 2073 2617 obsessi
2092 2585 2240 2625 fuerant,

1252 2639 1408 2673 llarones
1433 2646 1465 2672 et
1491 2638 1659 2682 equestris·
1682 2635 1818 2669 ordinis
1843 2634 1908 2667 xici
1929 2635 2035 2668 vincti
2063 2636 2098 2668 in
2119 2643 2236 2668 custo·

1250 2693 1346 2726 ‹li-uu
1374 2691 1614 2728 traderentur,
1649 2694 1685 2721 ut
1720 2687 1757 2719 in
1793 2697 1851 2719 cos
1880 2686 1955 2718 iure
1984 2686 2067 2719 belli
2097 2693 2238 2731 propter
