2338 2958
101 90 148 125 15

101 173 284 219 spirantes,
328 167 381 202 De
395 165 530 200 artibus
545 162 725 205 hactenus,
748 175 837 210 quae
853 175 983 207 organa
999 169 1091 204 sunt,

101 232 134 258 ct
154 221 253 268 quasi
272 219 444 266 quaedam
462 216 646 261 praeludia
664 227 810 259 magnae
825 215 920 248 illius
937 213 1014 248 Diis
1032 226 1091 258 ge-

100 275 194 308 nitae
218 270 426 316 sapientiae,
453 269 583 314 quibus
604 267 794 301 instructae
818 273 952 299 mentes
976 263 1092 299 homi-

100 337 198 365 num,
224 322 292 357 Dei
309 333 441 355 numen
459 320 566 353 coelis
578 319 769 352 demissum
781 318 938 361 excipere
951 323 1090 362 queant.

99 376 171 410 Nec
196 375 247 407 fas
272 380 355 418 puto
381 373 423 404 de
446 371 504 404 illa
531 371 632 414 plura
656 368 907 407 commentari,
942 368 1091 413 quisque

99 439 217 460 secum
248 425 362 458 bonus
387 423 442 455 vir
464 422 564 455 anxie
589 421 733 464 cogitet,
767 431 855 464 quae
881 419 934 451 illi
958 416 1091 466 γνησίη

101 473 323 521 οὐλύμποιο,
352 482 392 509 ut
415 470 653 507 Callimachus
675 471 739 504 ait:
768 469 847 515 Ipsa
870 477 920 504 est
943 482 1031 515 quae
1053 470 1090 502 in

100 528 218 562 medio
248 527 378 561 artium
406 522 514 559 choro
542 521 736 556 communis
762 521 928 555 omnibus
952 521 1091 561 desidit,

100 579 262 613 omnium
279 590 397 611 rerum
412 583 502 610 certa
518 574 674 608 scientia.
718 572 776 607 Sic
787 571 990 617 Apollinem
1009 584 1091 616 pru-

100 631 187 664 dens
209 629 401 674 antiquitas
418 628 455 660 in
472 624 597 658 mediis
615 623 729 658 Musis
748 624 862 668 pinxit
879 623 1092 657 universita-
1117 620 1119 650 ¹,

100 688 169 715 tem
201 693 343 714 omnem
372 676 504 713 cithara
538 681 810 720 temperantem,
843 682 882 709 ut
911 682 962 709 est
998 675 1091 719 apud

99 730 308 777 Orpheum:

184 777 286 811 πάντα
310 778 405 809 πόλον
427 778 545 818 κιθαρῇ
568 775 764 817 πολυκρέκτῳ

831 773 983 817 ‘Angusta

98 833 221 878 Capita
246 832 394 870 artium,
423 841 625 875 nomenque
651 831 714 874 τῆς
737 826 888 875 σοφίας,
917 836 955 863 ut
980 828 1092 868 licuit,
1118 847 1119 850 =

97 883 304 917 brevissime
320 881 436 926 attigi,
465 894 539 915 non
556 882 592 914 in
614 879 679 913 hoc
695 888 872 921 versatus,
900 887 938 914 ut
955 880 1096 923 magui-⁷
1118 884 1119 925 J

97 935 159 968 fiee
183 935 374 969 laudarem.
425 931 574 976 Egregie
598 932 729 965 nobilis
750 932 865 976 pictor
883 929 1091 965 Timanthes

95 984 285 1031 Cyclopem
317 985 354 1017 in
387 984 526 1023 tabula,
560 983 611 1017 uti
635 983 773 1023 ferunt,
806 983 985 1016 brevicula
1009 983 1092 1015 dor—

97 1038 263 1070 mientem
281 1035 492 1076 delineavit,
521 1035 594 1068 eius
611 1046 688 1067 cum
707 1041 795 1067 esset
811 1034 1091 1076 magnitudinem

97 1099 341 1131 expressurus,
369 1087 463 1120 iuxta
489 1085 632 1131 Satyros
656 1082 777 1131 thyrso
802 1085 964 1129 pollicem
989 1097 1092 1118 mon-

95 1138 159 1172 stri
182 1138 405 1172 dimetientes
422 1137 515 1170 secit.
569 1136 761 1180 Quomodo
780 1148 844 1170 nos
861 1137 1019 1179 angustis
1035 1136 1092 1168 in-

95 1189 208 1232 geniis
241 1187 404 1222 homines
434 1188 589 1232 ingentia
617 1188 804 1226 molimur,
840 1185 1090 1232 Philosophiae

94 1240 233 1281 laudes,
268 1252 332 1273 nec
361 1240 434 1273 fere
463 1239 531 1272 nisi
563 1239 774 1273 dormientis
797 1239 988 1283 sapientiae
1013 1251 1092 1272 oras

95 1291 343 1335 contingimus.
395 1289 573 1335 Equidem
601 1303 679 1324 curn
703 1297 934 1335 temperarem
959 1288 1048 1323 mihi
1072 1301 1091 1322 a

95 1342 280 1381 laudibus,
313 1354 399 1387 quas
428 1342 533 1375 multi
563 1341 691 1375 multas
713 1342 930 1385 ineptissime
953 1341 1090 1374 effutire

94 1392 220 1433 solent,
243 1391 309 1425 hoc
321 1393 373 1434 egi
386 1399 535 1431 tantum,
558 1399 715 1435 utquam
732 1390 898 1424 honestae
912 1403 965 1423 res
978 1397 1091 1423 essent

95 1450 203 1481 artes,
231 1442 362 1488 quippe
380 1454 516 1480 sacrae,
544 1441 800 1484 intelligeretis.
856 1441 950 1475 Tum
971 1449 1010 1475 ut
1027 1442 1090 1474 ad-

94 1505 275 1526 monerem
299 1493 538 1532 iuventutem,
571 1492 710 1525 easdem
734 1492 856 1525 Musas
880 1504 970 1533 esse,
1004 1503 1090 1537 quas

93 1541 201 1576 hodie
225 1549 353 1575 vocant
376 1550 479 1577 artes,
539 1541 656 1585 Proba
681 1542 770 1575 ratio
794 1550 862 1583 est,
897 1555 960 1576 cur
981 1543 1088 1576 velim

92 1594 333 1628 adulescentes
358 1591 424 1627 hoc
449 1605 571 1627 omnes
596 1594 788 1627 rectissime
811 1594 943 1630 norint.
1005 1593 1089 1627 Pas-

92 1645 159 1679 sim
191 1651 352 1689 prostant
375 1644 500 1678 Musae
526 1646 563 1678 in
587 1645 778 1689 poematis,
813 1645 900 1679 vitio
926 1646 1089 1679 indocto-

93 1708 171 1730 rum
196 1697 449 1741 interpretum,
482 1697 543 1742 qui
568 1708 641 1729 rem
665 1697 778 1730 multo
802 1697 946 1740 dignam
970 1697 1087 1730 studio

93 1748 294 1791 negligunt,
328 1754 361 1781 et
386 1755 560 1793 quantum
585 1747 757 1788 coniicio,
784 1748 948 1781 iuventae
969 1760 1090 1792 operas

92 1799 175 1832 vani
205 1798 387 1832 distinent.
445 1798 543 1833 Idem
569 1796 766 1832 Mercurius
795 1806 845 1832 est
876 1799 994 1843 pueri,
1028 1799 1088 1844 qui

94 1850 233 1883 animus
248 1850 369 1891 nobis,
394 1847 456 1884 καὶ
475 1845 581 1889 οὗτος
600 1847 698 1884 ἐστὶν
717 1847 735 1883 ὁ
753 1851 966 1896 στρογαῖος.
1017 1848 1089 1883 Ea-

94 1901 174 1933 dem
194 1899 330 1939 Musae,
358 1901 486 1934 deinde
502 1908 536 1935 et
551 1897 672 1933 eadem
690 1898 855 1943 chordae,
882 1913 971 1947 quae
986 1908 1089 1942 artes,

93 1951 205 1984 animi
227 1963 305 1984 cum
323 1949 446 1985 habitu
465 1963 527 1985 suo
546 1952 793 1995 consonantia,
819 1952 931 1998 Lyrae
945 1950 1087 1986 harmo-

93 2002 165 2037 nia.
220 2001 293 2046 lam
316 2003 395 2047 quis
413 2010 462 2036 est
482 2015 499 2036 e
513 2003 631 2043 vobis,
657 2003 718 2048 qui
734 2015 807 2036 non
826 2001 952 2037 harum
969 2016 1086 2037 rerum

93 2051 278 2087 honestate
299 2054 480 2098 capiatur?
530 2052 774 2088 Conveniebat
800 2055 945 2088 sortasse
968 2062 1008 2089 ut
1031 2056 1087 2088 in-

94 2101 255 2138 hortarer
279 2115 341 2138 vos
366 2106 409 2138 ad
433 2105 618 2144 virtutem,
645 2106 704 2138 sed
730 2112 843 2139 vestra
866 2106 936 2139 iam
961 2113 1086 2150 sponte

92 2162 284 2190 currentes.
344 2156 447 2199 Agite
478 2156 636 2201 exempla
665 2157 764 2190 vobis
787 2169 996 2201 magnorum
1022 2155 1087 2191 ho-

93 2206 230 2239 minum
244 2233 252 2247 ,
279 2207 341 2252 qui
355 2219 410 2240 me
423 2207 679 2241 circumsidunt
694 2208 825 2252 capite,
850 2208 939 2252 agite
958 2209 1087 2243 intenti

94 2267 190 2301 spem
224 2257 356 2301 patriae
385 2258 489 2302 longe
517 2256 814 2302 pulcherrimam,
848 2266 929 2293 ante
954 2261 1087 2302 oculos,

95 2307 282 2352 ipsumque
313 2309 424 2342 animi
456 2321 597 2343 sensum
622 2310 763 2354 ponite,
800 2323 871 2356 quo
897 2308 989 2344 nihil
1015 2323 1086 2345 esse

93 2359 289 2402 optandum
322 2359 441 2408 vobis,
481 2357 574 2394 nihil
603 2362 911 2403 contendendum,
950 2370 1087 2407 praeter

93 2405 258 2443 honestas
295 2410 431 2451 literas,
480 2418 618 2455 praeter
653 2413 821 2447 virtutem
860 2414 1086 2457 cognoscatis.

93 2458 211 2493 Nullis
235 2461 389 2503 deliciis,
414 2462 515 2495 nullo
537 2474 655 2497 errore
678 2461 886 2505 hominum,
913 2465 1005 2508 regia
1030 2466 1084 2498 via

93 2511 260 2545 excedite:
289 2513 388 2546 nulla
411 2525 474 2547 vos
499 2514 628 2558 cupido
653 2515 781 2549 avellat
807 2515 948 2548 infamis
971 2528 990 2550 a
1011 2516 1084 2549 vir-

93 2567 179 2596 tute.
233 2561 405 2597 Infamem
429 2565 589 2609 adpello,
614 2577 704 2610 quae
729 2567 841 2600 aliena
861 2566 904 2600 sit
922 2579 940 2600 a
957 2567 1084 2601 studiis

91 2611 285 2656 literarum,
307 2621 410 2661 atque
421 2616 465 2650 ab
477 2616 531 2659 iis,
555 2616 684 2662 quibus
697 2618 829 2652 addicti
843 2618 949 2652 sacris
960 2631 1084 2652 omnes

619 76 778 114 DECL.
811 75 884 112 DE
914 75 1173 112 ARTIBUS
1207 74 1622 113 LIBERALIBUS.

2095 79 2140 113 14

1147 163 1238 197 estis.
1291 161 1481 206 Eleganter
1505 164 1671 198 admonet
1693 164 1831 208 dialogo
1853 164 2048 204 Lucianus,
2076 166 2138 211 qui

1144 214 1271 247 ssuctus
1298 213 1350 246 illi
1374 212 1603 249 abhorrentes
1628 227 1647 248 a
1671 215 1800 249 virtute
1829 215 2030 261 Musisque:
2057 228 2138 250 eum

1144 260 1435 311 quandoCasper
1445 261 1590 306 Cur-rer,
1616 267 1790 300 bonorum
1807 267 2005 301 studiorum
2016 279 2139 300 aman-

1144 316 1300 349 tissimus
1330 315 1486 357 iuvenis,
1522 316 1689 351 Latinum
1713 318 1812 358 fecit,
1847 316 1941 351 haud
1967 319 2139 361 gravatim

1144 367 1304 402 referam.
1367 366 1525 400 Iucunda
1555 375 1604 401 est
1625 369 1754 402 fabula.
1817 369 1875 403 Sic
1898 369 1991 401 enim
2018 369 2138 402 Venus

1145 425 1267 451 natum
1295 418 1498 463 compellat:
1534 417 1629 461 Quid
1654 432 1673 452 o
1700 419 1840 465 Cupido
1867 427 2020 454 caeteros
2044 419 2138 454 Deos

1144 469 1312 512 subegisti
1337 481 1477 510 omnes,
1507 468 1646 510 lovem,
1669 469 1892 515 Neptunum,
1919 470 2137 515 Apollinem,

1117 528 1120 564 ξ
1145 519 1339 562 Iunonem,
1364 527 1584 565 matremque
1610 521 1720 565 ipsam
1740 534 1813 563 me,
1837 522 1908 555 sola
1927 534 2010 556 vero
2028 523 2138 555 absti-

1117 575 1120 615 1
1143 583 1206 604 nes
1229 570 1391 610 Pallade,
1424 584 1463 605 ac
1494 573 1678 605 adversum
1701 572 1802 606 istam
1828 573 1919 605 nulli
1944 573 2137 607 facularum

1117 662 1119 678 1
1145 623 1260 666 ignes,
1291 635 1400 657 vacua
1431 623 1508 656 telis
1536 620 1719 667 pharetra,
1754 631 1792 657 tu
1817 624 1969 669 denique
1993 624 2138 658 inermis

1117 686 1119 719 j
1144 687 1226 707 arcu
1251 674 1401 720 pilisque
1417 674 1536 707 cares'?
1586 669 1680 720 Cup.
1706 674 1918 708 Pertimesco
1937 675 2046 718 ipsam
2063 687 2139 708 ma-

1118 729 1119 760 ἰ
1144 732 1215 765 ter,
1243 723 1420 759 horrenda
1445 734 1495 760 est
1518 725 1631 766 enim,
1659 738 1697 758 ac
1714 732 1814 759 torva
1832 732 1991 770 aspectu,
2015 727 2138 759 admo-

1117 763 1120 796 l
1144 778 1301 822 dumque
1327 777 1452 812 virilis,
1507 775 1627 822 ltaque
1650 777 1788 822 quoties
1806 777 1942 810 intento
1961 789 2036 809 eam
2055 788 2139 809 arcu

1144 828 1329 873 iaculoque
1353 835 1456 872 peto,
1484 839 1649 861 concussa
1666 840 1720 861 me
1738 828 1834 872 galea
1853 827 2000 869 excutit,
2027 834 2139 861 exter-

1143 886 1214 920 ret,
1241 880 1442 924 caduntque
1466 879 1629 912 manibus
1646 880 1816 913 continuo
1833 879 1988 923 sagittae.
2045 876 2137 912 Ven.

1117 929 1201 971 ssAn
1234 943 1306 963 non
1340 937 1413 963 erat
1444 927 1508 963 hac
1534 929 1632 963 Mars
1664 930 1949 964 formidabilior?
1984 937 2018 964 et
2042 927 2139 963 hunc

1117 978 1261 1015 ¹tamen
1294 982 1399 1014 armis
1433 982 1621 1025 spoliatum
1652 982 1868 1026 expugnasti.
1936 974 2028 1027 Cup.
2063 979 2138 1013 Imo

1117 1023 1204 1065 {ille
1245 1033 1370 1066 lubens
1405 1045 1460 1065 me
1491 1033 1636 1077 recipit,
1685 1033 1893 1078 invitatque.
1972 1031 2139 1066 Blinerva

1145 1096 1227 1117 vero
1258 1084 1421 1118 obductis
1453 1084 1649 1129 superciliis
1681 1085 1844 1118 observat
1873 1095 2020 1128 semper.
2079 1081 2138 1116 Ad

1143 1148 1219 1169 eam
1238 1136 1266 1168 si
1285 1136 1428 1181 quando
1447 1135 1611 1168 advolavi
1627 1142 1775 1177 temere,
1800 1135 1934 1169 facibus
1950 1134 2139 1174 advolutis,

1142 1187 1191 1221 ait
1207 1186 1287 1220 ista:
1316 1186 1384 1220 Per
1403 1185 1540 1227 Iovem,
1564 1186 1594 1219 si
1610 1199 1664 1220 me
1683 1199 1770 1231 puer
1789 1187 1932 1220 adortus
1949 1185 2077 1223 fueris,
2105 1192 2138 1218 te

1142 1238 1390 1279 transfodiam,
1418 1244 1479 1271 aut
1499 1244 1678 1282 arreptum
1700 1238 1788 1282 pede
1813 1238 1850 1270 in
1875 1243 2003 1270 tartara
2023 1236 2137 1270 conii-

1116 1319 1120 1336 ι
1143 1290 1243 1330 ciam,
1272 1289 1326 1322 vel
1342 1289 1416 1334 ipsa
1432 1296 1466 1323 te
1481 1289 1658 1322 dilanians
1675 1289 1882 1333 discerpam.
1936 1288 2029 1322 Tum
2047 1288 2139 1321 acri-

1117 1339 1118 1344 ’
1143 1342 1208 1373 bus
1233 1341 1392 1373 intuetur
1415 1340 1545 1378 oculis,
1571 1348 1604 1374 et
1625 1340 1756 1373 circum
1779 1347 1899 1384 pectus
1925 1346 2032 1382 gestat
2049 1339 2138 1371 ima—

1141 1391 1343 1433 giunculam
1376 1391 1555 1435 quandam
1586 1391 1715 1433 viperis
1741 1391 1949 1434 capillorum
1978 1390 2052 1423 vice
2078 1402 2138 1422 co-

1141 1449 1281 1475 matam.
1330 1439 1432 1474 Hanc
1449 1438 1676 1474 vehementer
1691 1441 1853 1486 equidem
1869 1441 2035 1480 formido,
2057 1452 2138 1484 per-

1141 1498 1249 1525 terret
1263 1491 1357 1524 enim
1374 1503 1446 1531 me,
1473 1491 1640 1536 sugioque
1656 1492 1793 1537 quoties
1811 1493 1985 1536 adspecto.
2042 1488 2136 1525 Ven.

1141 1540 1189 1576 At
1206 1543 1266 1588 qui
1282 1541 1485 1576 Minervam
1501 1543 1644 1588 quidem
1662 1543 1807 1583 metuis,
1835 1549 1938 1588 atque
1952 1540 2058 1575 huius
2076 1554 2136 1586 ge-

1142 1601 1276 1627 stamen
1301 1605 1479 1637 gorgona,
1518 1594 1579 1638 qui
1604 1592 1698 1627 Iovis
1723 1594 1859 1627 fulmen
1884 1605 1958 1627 non
1983 1605 2134 1637 expave-

1141 1645 1240 1678 scas'?
1291 1644 1382 1679 Dein
1409 1651 1524 1678 autem
1544 1644 1668 1678 Musae
1694 1657 1757 1678 cur
1779 1645 1889 1678 nullis
1914 1651 2049 1689 queunt
2075 1645 2136 1677 abs

1140 1703 1173 1730 te
1195 1696 1403 1730 vulneribus
1427 1696 1569 1736 confici,
1596 1703 1748 1741 suntque
1773 1697 1869 1741 quod
1894 1695 2014 1736 aiunt,
2040 1703 2135 1729 extra

1140 1748 1229 1788 tela,
1255 1760 1341 1781 num
1365 1747 1481 1791 galeas
1506 1754 1540 1781 et
1564 1744 1628 1780 hae
1656 1747 1854 1788 incutiunt,
1879 1754 1939 1781 aut
1963 1757 2136 1790 gorgonas

1139 1797 1339 1833 obiiciunt?
1392 1792 1484 1845 Cup.
1504 1797 1600 1843 Ipsas
1616 1810 1678 1842 ego
1695 1810 1858 1831 revereor
1872 1805 1996 1838 mater,
2023 1805 2135 1832 castae

1140 1857 1239 1891 sunt,
1267 1857 1300 1884 et
1317 1861 1455 1894 semper
1470 1849 1605 1894 aliquid
1623 1862 1726 1883 curae
1740 1849 1942 1889 molientes,
1965 1849 2134 1882 continuo

1139 1907 1244 1935 cantu
1268 1908 1466 1945 occupatae.
1521 1900 1631 1945 Saepe
1655 1901 1763 1944 igitur
1787 1901 1910 1934 adsum
1929 1900 1999 1933 illis
2017 1900 2135 1933 suavi-

1139 1959 1207 1986 tate
1224 1953 1390 1986 carminis
1405 1952 1584 1986 delinitus.
1640 1950 1732 1987 Ven.
1751 1951 1866 1985 Sinito
1881 1958 1913 1985 et
1925 1951 2014 1989 illas,
2038 1951 2134 1996 quod

1139 2005 1360 2037 venerandae
1390 2003 1462 2037 sint
1493 2003 1641 2036 scilicet:
1676 2002 1828 2036 Dianam
1864 2014 1926 2036 cur
1953 2014 2026 2035 non
2054 2002 2133 2034 vul-

1139 2055 1266 2088 neras?
1317 2051 1410 2101 Cup.
1435 2054 1476 2087 ln
1502 2066 1636 2087 summa
1660 2065 1883 2099 nequaquam
1900 2053 2067 2098 possibile
2083 2059 2134 2085 est

1139 2106 1284 2152 adsequi
1301 2118 1377 2139 eam
1389 2133 1398 2146 ‚
1426 2117 1562 2150 semper
1579 2118 1641 2149 per
1659 2111 1794 2138 montes
1810 2104 2022 2148 fugientem,
2044 2103 2131 2148 quin

1140 2157 1199 2190 illa
1216 2169 1278 2191 suo
1295 2158 1448 2202 quodam
1466 2157 1589 2199 flagrat
1606 2155 1782 2200 cupidine.
1839 2154 1932 2191 Ven.
1948 2154 2030 2198 Quo
2047 2166 2133 2198 gna-

1139 2208 1199 2242 te?
1250 2202 1344 2255 Cup.
1370 2207 1507 2240 venatu
1535 2208 1678 2252 quidem
1702 2218 1885 2240 cervorum
1904 2218 1942 2239 ac
1958 2204 2132 2239 hinnulo-

1138 2271 1217 2293 rum
1229 2284 1238 2298 ,
1265 2271 1353 2305 quos
1368 2258 1560 2292 insectatur
1576 2265 1613 2292 ut
1631 2258 1762 2302 capiat,
1787 2270 1825 2291 ac
1841 2257 1954 2291 iaculo
1970 2257 2069 2299 figat,
2093 2268 2131 2289 ac

1139 2322 1299 2355 prorsum
1317 2317 1388 2344 tota
1406 2322 1522 2343 rerum
1540 2309 1712 2343 eiusmodi
1729 2309 1845 2342 studio
1865 2315 2015 2348 tenetur,
2041 2314 2132 2340 tarn-

1138 2362 1201 2396 etsi
1226 2362 1370 2395 fratrem
1399 2361 1473 2394 eius
1502 2360 1614 2394 iaculo
1640 2367 1838 2405 potentem,
1860 2371 1899 2393 ac
1924 2359 2060 2392 eminus
2080 2358 2131 2391 se-

1137 2413 1207 2446 rire
1225 2413 1380 2447 solitum.
1440 2409 1532 2447 Ven.
1555 2411 1635 2446 Scio
1655 2418 1777 2455 gnate,
1804 2421 2056 2455 saepenumero
2073 2421 2131 2442 ar-

1136 2477 1190 2497 ma
1212 2471 1391 2508 expertum
1410 2470 1481 2497 tua.
1533 2462 1628 2496 Haec
1647 2462 1764 2496 fabula
1783 2468 1833 2495 est
1851 2461 2034 2505 profutura
2054 2472 2130 2493 mo-

1136 2515 1234 2549 ribus
1266 2515 1410 2554 vestris,
1445 2515 1473 2548 si
1505 2515 1724 2560 frequentem
1757 2513 1875 2546 animo
1899 2511 2129 2556 agitaveritis:

1107 2574 1112 2648 j
1136 2565 1195 2601 Sic
1211 2566 1304 2600 enim
1323 2573 1357 2601 et
1375 2577 1488 2610 nugae
1505 2566 1593 2599 seria
1612 2566 1751 2600 ducent.
1804 2562 1900 2597 Dixi.

1107 2652 1112 2664 .
