2338 2958
235 125 307 159 225

341 207 472 243 Extant
489 207 525 240 in
540 202 733 251 praeceptis
747 198 901 245 politicis
916 196 1048 232 multae
1061 195 1224 241 gravissi-
1248 210 1251 214 ·

239 273 317 296 mae
341 259 551 297 sententiae,
578 265 666 301 quae
690 249 882 298 prohibent
904 261 976 283 non
996 247 1224 282 necessariam

239 314 356 356 legum
371 309 614 344 mutationem.
657 303 726 339 Sed
742 302 886 336 recitare
907 300 1007 345 plura
1026 297 1225 333 testimonia

241 365 387 407 longum
405 365 509 399 esset,
530 363 667 392 tantum
686 352 967 388 commemorabo
981 361 1092 383 unum
1110 348 1226 394 quod-

241 416 321 448 dam
347 409 560 454 exemplum,
590 405 684 452 quod
709 411 802 438 extat
821 403 913 448 apud
939 397 1226 436 Demosthenem.

241 463 364 498 Locris
387 461 434 495 ait
464 461 573 502 legem
600 457 725 497 fuisse,
760 467 805 488 ne
826 460 885 487 aut
912 457 1111 496 praesentes
1136 450 1228 507 leges

243 517 514 557 abrogarentur,
548 516 608 542 aut
640 519 753 540 novae
780 507 973 543 serrentur3
1006 501 1064 534 sed
1091 500 1119 533 si
1149 512 1228 545 quis

242 571 329 599 esset
350 570 409 597 aut
425 563 656 604 abrogaturus
671 558 836 602 aliquam,
862 561 921 587 aut
939 564 1066 586 novam
1084 552 1231 590 laturus,
1253 556 1257 601 ⁸

242 620 454 660 proponeret
477 623 575 645 suain
598 609 808 643 seutentiam
833 604 990 649 publice,
1024 609 1118 636 stans
1138 601 1228 634 collo

242 668 374 699 inserto
400 665 437 697 in
467 664 652 708 laqueum,
681 666 720 692 ut
742 657 771 691 si
800 656 854 689 lex
879 653 1063 699 placuisset
1087 652 1231 708 populo,

241 717 481 751 dimitteretur
505 719 607 746 autor
629 711 742 744 laxato
762 708 903 752 laqueo:
940 705 995 738 sin
1018 710 1133 737 autem
1157 703 1231 735 dis-

242 767 440 812 plicuisset,
483 765 605 808 laquco
636 759 824 794 constricto
850 769 930 790 mox
955 754 1233 797 strangularetur

243 825 356 853 autor.
421 812 519 850 Nihil
543 819 593 845 est
619 809 788 845 incertius
809 807 931 852 populi
962 805 1121 843 iudiciis,
1153 803 1232 836 ideo

244 869 346 904 annis
361 865 540 904 ducentis,
568 875 671 896 nemo
690 872 794 894 ansus
808 865 859 892 est
879 857 997 891 subire
1014 854 1118 889 huius
1139 854 1233 887 iudi-

244 921 290 954 cii
319 917 535 963 periculum,
573 926 637 947 nec
664 912 736 945 ulla
763 921 853 943 nova
882 908 935 941 lex
963 905 1140 952 proposita
1170 911 1232 941 est,

242 977 380 1016 praeter
397 979 513 1001 uuam:
542 964 590 1000 Ut
605 963 707 997 ambo
723 961 816 996 oculi
833 959 1072 993 effoderentur
1088 956 1157 997 isti,
1174 955 1234 1000 qui
1259 967 1262 989 ι

244 1020 399 1055 unoculo
429 1017 606 1051 effodisset
637 1025 750 1048 unum
776 1011 877 1044 illum
901 1009 1056 1043 oculum.
1111 1007 1235 1039 Videte

246 1078 379 1118 quanta
420 1068 603 1102 severitate
645 1071 778 1097 veteres
826 1061 1071 1104 legumlatores
1113 1069 1235 1091 cavere

245 1120 447 1157 temerarias
465 1119 580 1161 legum
597 1114 811 1149 mutationes
827 1112 1028 1145 voluerunt.
1074 1108 1236 1142 Providit

248 1175 340 1207 idem
360 1171 485 1204 callide
500 1169 699 1214 Lycurgus,
726 1164 785 1209 qui
802 1175 880 1196 cum
897 1168 1085 1205 exponeret
1101 1159 1237 1193 civilius

248 1237 284 1258 se
307 1222 549 1257 consulturum
577 1217 758 1251 oraculum
779 1215 820 1247 de
841 1213 976 1256 legibus
993 1209 1236 1255 proniiilgati5‚

248 1287 287 1310 ac
305 1279 434 1318 peteret
454 1278 492 1304 ut
508 1268 755 1302 iusiurandum
772 1265 915 1303 darent,
941 1274 976 1295 se
995 1261 1133 1295 interim
1154 1261 1237 1292 dum
1262 1261 1266 1318 3

250 1327 401 1364 abesset,
439 1334 512 1354 uon
530 1320 776 1353 immutaturus
799 1326 870 1347 esse
895 1314 994 1356 leges,
1048 1311 1239 1345 Discedens
1263 1324 1266 1354 ἡ

249 1376 378 1420 igitur,
412 1384 484 1405 non
510 1377 561 1404 est
588 1378 766 1405 reversus,
801 1371 842 1398 ut
871 1370 1039 1408 perpetuo
1067 1362 1240 1402 obligatos
1263 1355 1267 1383 Ι

250 1426 421 1470 religione
436 1419 624 1456 iuramenti
643 1423 785 1452 teneret.
841 1414 889 1448 lta
907 1414 1125 1447 duraverunt
1150 1411 1240 1451 leges

252 1478 334 1511 illae
367 1466 478 1509 annos
503 1471 725 1517 quingentos.
777 1465 872 1499 llaec
902 1471 1005 1509 atque
1030 1464 1098 1495 alia
1130 1462 1240 1494 multa

253 1542 271 1563 a
297 1527 409 1561 doctis
434 1528 700 1569 proponuntur,
736 1529 781 1551 ue
805 1517 880 1549 iura
906 1527 989 1548 vero
1015 1513 1162 1547 consilio
1186 1524 1241 1569 re-

255 1586 372 1623 cepta‚
405 1583 532 1610 temere
558 1577 750 1604 mutentur.
811 1566 1002 1609 Praecipue
1027 1577 1110 1598 vcro
1136 1561 1241 1596 (ltu-1-

254 1631 386 1664 stianos
410 1628 508 1659 decet
533 1633 673 1659 cavere,
702 1632 775 1653 non
802 1616 1012 1650 necessarias
1034 1613 1242 1658 disputatio·

255 1692 335 1721 nes,
359 1689 438 1712 cum
456 1681 596 1720 propter
610 1672 723 1706 Deum
742 1669 878 1713 legibus
895 1674 929 1701 et
942 1667 1126 1701 universae
1153 1664 1243 1720 poli-—

257 1732 325 1766 tiae
348 1726 579 1763 reverentiam
603 1724 764 1757 debeant.
818 1718 889 1753 Nec
912 1718 1082 1756 dubium,
1109 1715 1195 1761 quin
1216 1727 1243 1747 si

258 1782 477 1817 amitteretur
505 1775 588 1810 haec
620 1773 755 1807 erudita
785 1771 871 1804 iuris
895 1769 1078 1807 doctrina,
1118 1777 1244 1808 magna

259 1831 418 1868 confusio
446 1836 479 1862 et
503 1825 679 1861 barbaries
701 1824 735 1855 in
763 1820 903 1855 iudiciis
926 1827 959 1853 et
978 1819 1135 1853 motibus
1149 1829 1244 1850 secu-

259 1892 337 1919 tura
355 1887 460 1919 esset,
484 1890 588 1924 quam
606 1883 645 1909 ut
663 1871 847 1919 prohibeat
862 1870 975 1911 Deus,
1002 1870 1062 1915 qui
1079 1876 1129 1903 cst
1147 1875 1248 1901 :nitor

261 1934 346 1968 boui
365 1939 472 1967 status
491 1927 643 1974 politici,
669 1932 764 1970 opto.
817 1921 910 1956 Dixi.

576 2032 600 2037 ,,
616 2032 620 2036 ,
644 2031 685 2036 .-.
692 2024 1249 2035 *-—.....-...—-.-.--..-.,--

1089 2116 1135 2134 on.
1161 2104 1251 2134 1532.

1075 2148 1244 2162 Μ

281 2116 347 2150 ΝΟ.
364 2113 423 2147 29.

466 2212 537 2253 De
569 2209 742 2251 Ioanne
776 2206 903 2247 Duce
935 2203 1052 2246 Sam.

339 2303 416 2336 Apud
437 2302 512 2325 Crat.
534 2297 601 2330 &ty-l,
621 2307 645 2329 p.
660 2296 710 2321 455
725 2305 800 2329 sqq..
827 2294 853 2318 in
872 2290 1072 2332 tiectamaulu'tss
1091 2289 1123 2314 ll.
1140 2289 1254 2331 '2⁵⁹⁹ss

373 2340 397 2363 iu
414 2338 529 2362 servu«.
543 2332 558 2357 'l
569 2351 575 2357 .
593 2332 624 2357 ΙΙ.
641 2341 663 2365 p.
676 2331 733 2355 5⁸9.
747 2335 771 2354 ct
787 2329 855 2363 apud
872 2327 995 2353 ttnehard.
1018 2326 1042 2351 l.
1055 2325 1087 2350 ll.
1102 2332 1127 2358 p.
1141 2326 1202 2349 01⁴.

296 2421 418 2453 Oratio
448 2410 620 2460 sinit-bris
647 2413 684 2444 in
711 2413 865 2443 nwrlem
895 2409 939 2440 10
952 2408 1087 2439 (triviis
1111 2405 1229 2438 Ducis

545 2464 751 2502 Samonion,
787 2458 880 2494 Phil.
900 2458 989 2492 illel.

272 2535 472 2588 Postquam
503 2538 657 2580 l‘rincipi
688 2536 818 2579 optime
848 2536 891 2566 dc
924 2533 1085 2566 universa
1116 2529 1254 2573 nepot».

270 2595 396 2629 merito
413 2592 477 2625 linc
496 2598 707 2633 postte-innui
727 2600 762 2619 ar
779 2586 936 2617 debiturn
954 2583 1106 2615 «illirium
1125 2580 1253 2625 persol-

272 2648 423 2679 seudum
459 2643 541 2678 tuit,
575 2647 608 2671 ut
646 2637 746 2680 lit-ip.
775 2644 1056 2679 {incerniari-tuus,
1093 2645 1163 2664 non
1193 2628 1255 2663 tnnc

273 2697 357 2731 mitti
378 2708 496 2734 suino,
525 2698 559 2723 ut
580 2701 750 2722 munnam
771 2687 985 2719 nnn-stisiam
1005 2695 1201 2729 procerum,
1226 2688 1255 2713 rt

807 110 967 149 DECL.
1019 107 1092 148 DE
1124 105 1346 144 IOANNE
1379 104 1533 143 DUCE
1567 105 1688 144 SAX.

2185 109 2260 146 224

1274 191 1482 239 amplissimi
1507 192 1644 227 ordinis
1672 193 1832 227 oratione
1861 193 1998 237 levem,
2027 192 2087 239 qui
2111 193 2265 228 acerbis—

1275 246 1362 279 sime
1378 245 1498 287 lugent
1513 242 1694 277 interitum
1709 242 1897 289 Principis,
1921 251 1952 279 et
1973 251 2117 290 propter
2132 251 2265 288 gratam

1276 295 1482 329 memoriam
1505 293 1647 328 virtutis
1676 299 1709 327 et
1738 295 1907 329 bonitatis
1933 295 2024 337 eius,
2058 302 2093 329 et
2121 301 2267 340 propter

1276 345 1430 390 Reipub.
1451 344 1624 389 pericula,
1650 356 1738 389 quae
1761 342 1828 379 hoc
1850 346 2019 387 extincto,
2045 346 2107 392 qui
2128 357 2268 391 semper

1278 397 1371 441 pacis
1388 403 1490 430 autor
1504 395 1589 436 fuit,
1616 395 1819 439 impendent
1843 397 2014 440 plurima3
2050 397 2148 430 nulla
2172 396 2267 430 enim

1278 447 1390 482 oratio
1418 445 1571 479 inveniri
1596 453 1655 478 aut
1679 457 1741 490 par
1763 447 1998 490 magnitudini
2017 447 2151 481 doloris
2169 447 2269 481 istius

1280 504 1407 543 potest,
1433 504 1494 531 aut
1509 508 1598 542 quae
1615 497 1751 530 animos
1770 508 1788 529 a
1805 503 1898 531 tanta
1915 497 2087 532 moestitia
2109 498 2270 531 videatur

1279 555 1505 589 revocatura,
1539 559 1607 593 qna
1624 547 1767 592 quidem
1793 558 1855 591 ego
1880 560 2020 594 quoque
2044 560 2132 593 pene
2151 547 2271 581 exani-

1280 611 1368 634 mor.
1421 598 1490 633 Sed
1515 597 1683 643 quoniam
1707 599 1748 631 ad
1777 599 1946 642 populum
1971 599 2083 633 oratio
2106 596 2271 641 habetur,

1281 649 1624 683 commonefacienda
1651 648 1754 682 nobis
1776 656 1826 683 est
1847 648 2055 691 multitudo,
2081 657 2119 684 ut
2138 661 2273 682 memo-

1281 702 1369 734 riam
1398 700 1538 733 virtutis
1571 711 1610 732 ac
1644 699 1898 733 beneficiorum
1926 700 2067 734 extincti
2096 699 2272 744 Principis

1283 757 1482 791 conservet,
1514 762 1623 795 eaque
1648 750 1685 783 iu
1709 762 1746 783 re
1770 750 1932 794 pietatem
1957 758 1988 784 et
2012 751 2273 794 gratitudinem,

1283 813 1388 847 quam
1410 799 1504 834 Deus
1527 800 1710 844 praecipue
1738 801 1836 835 iubet
1865 802 2012 834 reddere
2038 801 2275 845 Principibus,

1285 859 1443 896 praestet.
1496 852 1597 893 Quae
1620 851 1714 884 enim
1739 851 1976 895 ingratitudo,
2003 864 2091 897 quae
2115 851 2276 896 impietas

1284 903 1353 936 dici
1374 902 1486 934 maior
1500 901 1627 945 possit,
1655 913 1758 946 quam
1777 903 1855 935 talis
1875 902 1942 935 viri
1960 903 2106 936 interitu
2124 915 2196 936 nou
2213 902 2277 936 ad-

1285 953 1368 986 fici?
1401 952 1500 986 cuius
1523 959 1641 986 extant
1662 953 1699 984 in
1721 952 1923 986 universam
1940 953 2066 998 Remp.
2086 953 2197 987 multa
2221 953 2277 986 in·
2319 954 2322 956 ’

1286 1003 1402 1048 guntin
1427 1003 1613 1043 beneficia,
1650 1015 1719 1047 quo
1748 1003 1895 1044 amisso,
1927 1016 2015 1049 quae
2046 1010 2279 1048 tempestateS,

1288 1067 1376 1100 qnae
1397 1053 1612 1087 mutationes
1634 1065 1752 1087 rerum
1775 1053 2020 1098 impendeant,
2054 1051 2176 1088 horret
2200 1053 2278 1087 ani-

1287 1117 1365 1138 mus
1403 1104 1531 1138 dicere.
1604 1103 1725 1149 Itaque
1775 1111 1813 1138 ut
1858 1105 2062 1138 memoriam
2105 1105 2279 1139 virtutum

1289 1168 1326 1189 ac
1369 1154 1576 1188 meritorum
1613 1155 1686 1187 eius
1721 1166 1984 1195 conservemus,
2029 1157 2199 1201 quaedam
2239 1167 2279 1188 ex

1262 1245 1264 1256 <
1290 1206 1398 1250 ipsius
1424 1201 1570 1238 historia
1595 1211 1749 1248 repetam
1774 1205 1947 1245 breviter,
1982 1207 2157 1250 impedior
2185 1205 2279 1239 enim

1289 1257 1412 1290 dolore
1447 1262 1480 1289 et
1514 1252 1722 1300 lachrymis,
1757 1268 1826 1300 quo
1856 1256 1973 1289 minus
2008 1257 2136 1299 possim
2171 1256 2281 1290 multa

1290 1308 1417 1341 dicere.
1476 1303 1575 1339 Nihil
1611 1304 1667 1338 hic
1702 1307 1744 1339 de
1772 1307 1908 1349 generis
1936 1307 2120 1341 nobilitate
2149 1307 2281 1345 dicam,

1291 1369 1360 1402 qna
1394 1356 1567 1390 Saxoniae
1601 1355 1719 1390 Duces
1754 1357 1952 1390 abundant:
1993 1355 2083 1390 nihil
2119 1358 2162 1391 de
2196 1358 2282 1391 ado-

1293 1407 1475 1441 lescentiae
1509 1406 1653 1446 studiis,
1691 1419 1893 1452 quanquam
1932 1405 2016 1441 haec
2052 1408 2088 1441 in
2120 1408 2187 1442 isto
2219 1405 2283 1441 ha-

1294 1459 1378 1492 bent
1404 1457 1565 1490 eximiam
1591 1457 1730 1490 laudem
1758 1458 1949 1491 modestiae
1971 1465 2075 1504 atque
2097 1458 2283 1492 continen-

1294 1510 1381 1549 tiae,
1408 1506 1498 1540 nihil
1523 1508 1636 1540 dicam
1661 1508 1703 1540 de
1730 1508 1867 1553 reliquo
1889 1509 1978 1542 vitae
1997 1522 2118 1549 cursu,
2145 1516 2283 1544 tantum

1294 1560 1382 1592 illud
1407 1566 1540 1601 tempus
1565 1559 1751 1600 attingam,
1779 1572 1848 1604 quo
1875 1560 1961 1594 rexit
1988 1558 2080 1593 hunc
2100 1559 2284 1600 Ducatum,

1295 1611 1400 1644 fratre
1423 1609 1604 1642 Fridcrico
1631 1608 1835 1642 Clarissimo
1860 1609 2025 1655 Principe
2057 1617 2213 1651 mortuo3
2249 1611 2284 1644 id

1296 1661 1389 1694 enim
1411 1660 1622 1703 multiplices
1643 1657 1764 1693 habuit
1784 1672 1901 1700 casus,
1926 1661 1960 1693 iu
1981 1661 2110 1707 anbus
2134 1661 2285 1707 perspici

1295 1711 1404 1746 Ducis
1421 1710 1563 1743 loannis
1581 1710 1689 1754 pictas
1713 1723 1790 1754 erga
1809 1710 1941 1753 Deum,
1967 1713 2180 1754 constantia,
2210 1725 2286 1747 mo-

1296 1761 1444 1800 deratio,
1472 1761 1627 1794 studium
1646 1761 1751 1805 pacis,
1780 1770 1810 1795 et
1828 1770 1983 1796 caeterae
2001 1763 2145 1797 virtutes
2161 1764 2287 1807 dignae

1298 1814 1392 1847 bono
1410 1811 1576 1856 Principe
1601 1821 1758 1856 possunt.
1811 1811 1861 1845 Ac
1883 1813 2035 1858 primum
2063 1814 2170 1854 illud,
2197 1827 2287 1860 quae

1297 1861 1484 1907 trophaea,
1512 1875 1598 1907 quas
1622 1863 1872 1905 gratulationes
1894 1872 2064 1905 merctur,
2091 1866 2186 1910 quod
2214 1871 2287 1899 tur-

1300 1913 1543 1949 bulentissimo
1572 1920 1727 1957 tempore
1751 1913 1941 1958 praestitit,
1975 1922 2010 1948 ut
2035 1912 2100 1949 hae
2129 1916 2288 1959 regiones

1300 1973 1413 2000 essent
1430 1964 1640 2009 tranquillae
1657 1971 1688 1997 et
1715 1972 1873 2009 pacatae,
1900 1978 1977 1998 cuin
1996 1966 2138 2011 quiden·
2164 1979 2288 2012 perpe-

1300 2025 1360 2051 tuo
1391 2016 1601 2048 molirentur
1630 2027 1701 2047 nou
1731 2015 1830 2060 pauci
1854 2016 1987 2049 lwttum
2008 2017 2194 2051 adversum
2215 2029 2290 2059 nos,

1303 2067 1431 2102 hortun
1456 2074 1600 2099 conatus
1634 2067 1787 2110 profecto
1810 2066 1981 2100 divinitus
2015 2068 2163 2112 repressi
2194 2076 2288 2104 sunt.

1302 2120 1369 2152 Sed
1387 2126 1502 2152 tamen
1521 2117 1554 2149 id
1573 2129 1713 2162 quoque
1729 2116 1904 2160 Principis
1920 2118 2073 2151 osticium
2090 2127 2156 2158 est.
2183 2132 2288 2165 quem

1305 2170 1397 2203 Deus
1421 2168 1593 2213 propitius
1619 2167 1714 2203 texit.
1765 2166 1902 2201 Deinde
1926 2169 2033 2202 multa
2062 2169 2096 2202 in
2128 2167 2183 2203 his
2208 2171 2291 2215 ipsis

1306 2222 1407 2254 rebus
1433 2220 1616 2252 mint-runt
1641 2218 1715 2251 cius
1739 2219 1924 2259 autoritas,
1959 2221 2172 2261 incudm-atio,
2208 2221 2290 2258 dili,-

1305 2272 1436 2313 ganist,
1470 2282 1558 2315 quac
1583 2276 1799 2303 extorserunt
1825 2270 2011 2315 aliquoties
2033 2284 2129 2305 artua
2152 2274 2195 2305 de
2219 2286 2290 2306 ins:—

1307 2323 1408 2355 nibus
1425 2321 1647 2367 quorundam
1664 2321 1892 2364 cupidorum,
1923 2319 2011 2354 nihi!
2030 2322 2123 2355 enim
2140 2323 2292 2357 atrocius

1307 2375 1430 2407 diram.
1485 2369 1526 2405 Et
1546 2383 1650 2416 quain
1679 2371 1744 2404 latr.
1771 2378 1881 2415 pateat
1903 2369 1968 2405 hoc
1991 2373 2217 2413 beneficium,
2241 2374 2292 2407 sa-

1307 2425 1369 2457 cih·
1390 2422 1535 2456 iudicari
1555 2428 1683 2466 potu-st,
1709 2422 1789 2467 qnia
1813 2435 1850 2456 ea
1871 2436 1971 2456 musa
1991 2436 2094 2468 quani
2119 2425 2293 2464 tuebatur,

1309 2489 1378 2508 nou
1401 2476 1440 2507 :id
1469 2486 1573 2506 unani
1592 2473 1746 2517 aliquam
1772 2481 1927 2515 gente-in,
1955 2477 2012 2506 scd
2032 2476 2072 2506 ad
2092 2475 2292 2509 universam

1308 2525 1535 2559 Germaniam
1564 2524 1723 2565 pertint-t.
1776 2524 1813 2557 Si
1831 2526 1922 2570 quod
1948 2525 2123 2558 exarsisset
2151 2526 2294 2565 lwlluvn,

1309 2576 1400 2609 haud
1425 2576 1530 2607 dubi·-
1556 2577 1712 2608 futui-mn
1740 2583 1832 2614 vuit,
1860 2583 1896 2608 ut
1923 2575 2201 2610 inflammaretur
2223 2585 2291 2611 tnta

1311 2627 1514 2660 <iri-inania.
1580 2625 1696 2669 ltaque
1730 2627 1812 2657 duni
1849 2639 1966 2669 μανι-ιιι
2004 2627 2099 2658 «Ιινιυί
2133 2628 2294 2664 retinuit.

1311 2679 1499 2723 praestitit.
1534 2684 1566 2709 ut
1597 2676 1767 2719 plurimae
1790 2676 1876 2709 ali-uc
1903 2677 2061 2710 nationes
2085 2678 2293 2723 traniquillae
