2338 2958
178 141 253 178 543

180 239 286 272 quam
320 226 427 260 multa
461 225 499 258 in
531 235 586 256 me
617 222 694 255 iure
719 221 983 263 desiderentur,
1017 232 1106 266 quae
1131 221 1175 254 ad

182 277 406 323 eloquentiae
429 276 568 310 laudem
595 273 793 318 pertinent,
821 279 939 306 tamen
963 284 1043 306 cum
1072 279 1106 306 et
1121 284 1176 305 me

183 336 218 363 et
243 335 397 362 caeteros
421 325 515 360 hunc
539 337 672 359 morem
688 335 895 359 conservare
912 324 1050 365 deceat,
1076 323 1176 357 nolui

183 391 296 413 meam
322 390 463 422 operam
488 377 604 410 deesse
627 374 868 420 Reipublicae.
922 374 1087 408 Vicissim
1113 374 1177 407 erit

185 438 318 464 vestrae
342 427 587 466 humanitatis,
622 427 817 461 orationem
844 438 956 471 meam
984 426 1070 460 honi
1093 438 1178 459 con—

185 481 313 514 sulere:
349 480 444 524 quod
475 486 514 513 ut
545 477 698 517 faciatis,
734 489 796 511 vos
818 477 921 512 etiam
947 484 1049 523 atque
1074 477 1177 510 etiam

184 544 262 565 oro.
311 530 473 575 Cumque
497 529 532 563 in
555 527 622 563 hoc
646 530 722 563 loco
743 530 785 561 de
804 529 932 562 artium
951 541 989 562 ac
1006 536 1177 562 certarum

185 582 356 615 virtutum
373 581 544 624 dignitate
560 592 660 625 saepe
678 581 810 613 dictum
827 579 890 619 sit,
914 592 975 623 ego
997 578 1178 612 historiam

185 634 529 666 commemorandam
556 643 627 665 esse
652 631 792 675 putavi,
824 631 914 664 vitae
939 631 1071 663 scilicet
1096 629 1179 662 Ari—

185 684 331 719 stotelis.
393 683 474 717 Non
497 684 612 717 solum
638 682 719 727 quia
743 682 821 725 plus
844 681 1035 725 voluptatis
1059 693 1098 714 ex
1124 678 1180 712 hi-

187 736 294 769 storia
325 734 536 779 percipitur,
578 734 725 767 delectat
752 732 845 765 enim
870 732 1007 765 animos
1033 732 1182 764 varietas

186 786 415 829 negociorum
443 792 477 818 et
499 791 705 824 eventuum,
739 784 798 816 sed
824 783 928 817 etiam
952 784 1033 828 quia
1060 782 1181 816 multis

186 838 230 870 de
253 837 365 870 causis
391 837 533 881 prodest
557 847 658 868 nosse
682 846 891 878 magnorum
916 834 1073 867 virorum
1096 845 1182 867 con-

188 888 284 926 silia,
312 888 420 927 dicta,
447 888 546 921 facta.

291 937 508 972 Accenditur
538 937 632 970 enim
664 936 803 970 animus
828 938 872 970 ad
899 937 1087 977 virtutem,
1127 935 1182 968 in-

188 996 289 1024 tuens
313 990 349 1022 in
376 989 519 1022 illorum
543 987 712 1032 exempla.
763 987 900 1021 Deinde
923 990 966 1021 de
988 987 1110 1022 multis
1128 999 1182 1020 re-

188 1042 254 1075 bus
286 1042 531 1075 admonemur.
608 1039 721 1073 Multa
751 1039 881 1072 imitari
916 1039 1094 1083 Scipionis
1125 1046 1182 1072 aut

188 1091 346 1125 Caesaris
370 1091 517 1125 consilia
537 1089 734 1134 Imperator
756 1097 887 1134 potest,
915 1091 961 1124 ita
988 1102 1053 1123 nos
1072 1090 1107 1122 in
1128 1087 1183 1122 his

188 1143 315 1176 studiis
338 1143 487 1182 nostris,
513 1154 590 1175 curn
615 1142 879 1175 consideramus
897 1141 1182 1175 doctissimorum

190 1192 377 1227 hominum
398 1194 434 1226 in
456 1192 679 1238 inquirendis
696 1199 727 1225 et
744 1193 925 1226 tradendis
944 1193 1080 1226 artibus
1098 1205 1183 1236 pru-

189 1246 346 1279 (lentiam
369 1257 407 1278 ac
432 1244 623 1284 rationem,
649 1244 758 1277 multa
781 1244 909 1277 rectius
928 1243 1085 1277 iudicare
1104 1255 1183 1287 pos-

189 1308 320 1330 sumus.
381 1295 540 1329 Multum
563 1294 704 1328 collatio
732 1294 985 1339 praestantium
1010 1295 1182 1328 artificum

189 1349 231 1382 ad
258 1348 414 1380 acuenda
438 1346 694 1390 sormandaque
719 1345 849 1379 iudicia
874 1345 1050 1378 conducit.
1120 1344 1183 1378 Di-

190 1411 264 1433 cam
289 1398 396 1441 igitur
419 1398 462 1430 de
481 1395 690 1437 Aristotele,
719 1408 790 1429 non
816 1403 856 1430 ut
876 1396 914 1430 fit
936 1396 972 1429 in
992 1395 1184 1441 Panegyri-

189 1450 256 1489 cis,
289 1450 349 1483 sed
378 1448 532 1482 breviter
554 1460 611 1488 ea,
638 1459 726 1492 quae
751 1449 795 1480 de
819 1447 889 1481 vita
914 1447 988 1481 eius
1009 1447 1184 1491 comperi-

190 1513 287 1539 mus,
322 1500 522 1534 recensebo.
557 1497 695 1532 Deinde
719 1500 762 1531 de
785 1510 910 1541 genere
934 1495 1184 1542 Philosophiae

191 1560 224 1586 et
246 1553 288 1585 de
307 1551 445 1595 scriptis
464 1550 538 1583 eius
555 1550 691 1594 aliquid
712 1550 894 1589 adiiciam,
921 1557 958 1583 ut
975 1551 1183 1582 admoneam

190 1604 449 1642 adolescentes,
483 1601 578 1646 quod
612 1598 863 1645 Philosophiae.
895 1612 1005 1643 {gt-nus
1034 1600 1184 1633 maxime

191 1655 415 1700 probandum
441 1659 544 1697 atque
571 1653 803 1694 expetendum
830 1652 892 1691 sit,
933 1658 962 1684 et
990 1652 1184 1689 ostendam,

191 1713 362 1751 quantum
389 1703 499 1748 prosit
518 1703 560 1736 ad
582 1701 844 1736 Aristotelicam
863 1702 1036 1735 rationem
1056 1715 1094 1736 ac
1110 1714 1181 1734 me-

191 1757 340 1791 thodum
367 1755 597 1788 assuefactum
621 1765 704 1787 esse.
774 1752 823 1787 lta
849 1753 943 1795 enim
969 1761 1083 1788 statuo
1108 1753 1184 1786 sine

857 133 1013 170 DECL.
1049 133 1123 169 DE
1160 131 1558 170 ARISTOTELE.

191 1806 258 1842 hoc
284 1807 461 1840 neminem
483 1817 639 1850 unquam
657 1805 732 1838 sore
748 1804 916 1838 artificem
933 1802 1088 1838 methodi
1108 1804 1184 1837 ullo
1210 1843 1211 1846 Ἰ

192 1861 226 1893 111
243 1859 381 1901 genere.
434 1856 506 1890 Nec
523 1868 605 1889 vero
622 1856 695 1889 fieri
715 1863 844 1900 potest,
872 1856 959 1900 quin
975 1856 1083 1889 multa
1100 1856 1184 1888 salsa
1209 1853 1212 1911 Ἰ
1239 1853 1342 1886 laude
1364 1853 1522 1903 florebat.
1575 1851 1665 1886 Cum
1684 1860 1808 1886 natura
1827 1853 2028 1896 contigisset
2049 1853 2233 1888 Aristoteli

190 1908 380 1955 sophistice
406 1908 573 1941 misceant
598 1904 655 1947 hi,
681 1907 809 1952 quibus
834 1907 951 1950 ignota
978 1914 1027 1940 est
1050 1907 1105 1940 via
1126 1907 1184 1939 illa

191 1961 361 1998 docendi,
387 1971 491 2005 quam
511 1965 680 1992 monstrat
700 1958 918 1993 Aristoteles.
972 1958 1083 1992 l'orro
1102 1955 1185 1990 haec

191 2011 390 2057 Sophistica
416 2017 588 2055 quantum
613 2009 702 2053 parit
725 2021 886 2042 errorum
910 2022 949 2042 ac
968 2009 1184 2043 tumultuum

193 2065 229 2098 in
247 2062 401 2098 Ecclesia
427 2068 460 2095 et
483 2061 518 2094 in
538 2059 702 2105 Repub.'?
756 2059 795 2093 ln
820 2061 948 2093 fabulis
972 2067 1042 2099 est,
1071 2059 1184 2093 lxioni

192 2128 271 2149 cum
303 2113 490 2158 appetisset
515 2111 706 2151 lunonem,
742 2112 915 2145 obiectam
947 2123 1020 2145 esse
1044 2112 1186 2149 nubem,

194 2165 341 2200 lunonis
370 2164 503 2207 specie,
538 2176 575 2195 ev(
607 2176 674 2207 qua
709 2163 780 2197 nati
814 2163 983 2196 dicuntur
1006 2162 1185 2197 Centauri.

194 2217 244 2252 lta
275 2216 407 2249 indocti
441 2227 480 2247 ex
514 2215 608 2247 salsis
640 2214 872 2258 opinionibus
902 2226 939 2246 ac
966 2212 1186 2257 sophisticis,

192 2269 341 2312 gignunt
372 2267 538 2300 sactiones
565 2264 739 2299 Ecclesiae
767 2265 939 2300 exitiosas.
1006 2266 1074 2298 Sed
1103 2263 1185 2298 haec

194 2328 311 2364 postea
336 2324 440 2351 erunt
465 2317 634 2357 dicenda;
663 2317 760 2361 prius
777 2316 871 2350 enim
890 2316 958 2351 vita
976 2328 1183 2360 percurren-

193 2373 236 2405 da
259 2377 317 2403 est.

297 2421 405 2454 Natus
438 2426 488 2453 est
517 2417 721 2453 Aristoteles
752 2419 788 2452 in
816 2418 1046 2459 Macedonia,
1090 2425 1185 2462 patre

195 2472 337 2507 Medico
354 2470 458 2511 Regis
477 2471 661 2516 Amyntae.
714 2470 856 2503 Constat
878 2471 1070 2503 tinniturum
1089 2469 1184 2503 testi—

194 2524 322 2557 moniis
347 2535 454 2563 genus
470 2522 544 2553 eius
560 2523 603 2554 ah
622 2521 835 2565 llippocrate
851 2529 967 2555 ortum
986 2534 1075 2561 esse;
1104 2532 1185 2553 nam

195 2575 378 2620 posteritas
403 2572 625 2616 Hippocratis
649 2574 740 2614 degit
767 2573 802 2605 iu
830 2571 1032 2612 Thessalia,
1059 2585 1097 2605 ac
1124 2571 1185 2605 diu

2149 135 2224 173 344

1229 219 1437 260 suetudine,
1474 218 1607 263 optima
1641 225 1675 254 et
1699 218 1886 264 purissima
1908 220 2138 267 Hippocratis
2161 222 2227 258 do>

1230 271 1342 305 ctrina
1357 271 1514 304 imbutus
1530 277 1592 311 est,
1614 283 1721 316 quam
1738 271 1880 316 quidem
1897 273 1972 307 eius
1986 273 2115 319 scripta
2131 274 2226 308 mula

1231 322 1275 356 tis
1300 322 1336 354 in
1361 322 1446 355 locis
1468 321 1641 356 redolent.
1699 320 1880 355 Interdum
1900 323 2005 357 etiam
2020 336 2093 358 non
2109 325 2225 360 solum

1231 373 1439 413 sententias,
1466 373 1525 406 sed
1551 373 1658 406 verba
1680 385 1821 418 quoque
1844 374 1888 406 ab
1910 372 2125 419 Hippocrate
2146 377 2226 410 muss

1233 431 1362 458 tuatur.
1415 421 1562 468 Egoque
1584 423 1630 456 ita
1649 430 1782 464 statuo,
1808 424 2010 458 universam
2027 424 2227 461 Aristotelis

1232 475 1430 509 doctrinam
1454 486 1494 507 eo
1513 486 1586 508 esse
1603 475 1855 517 simpliciorem
1876 482 1909 509 et
1925 476 2035 519 magis
2048 475 2227 512 methodi-

1233 539 1329 566 cam,
1357 526 1439 571 quia
1466 537 1553 569 puer
1576 526 1619 558 ad
1639 524 1865 569 Hippocratis
1881 524 2149 572 Philosophiam
2173 533 2228 562 ab}

1234 578 1406 611 suesactus
1424 583 1485 610 est.
1539 575 1652 610 Erant
1668 577 1760 610 enim
1777 589 1816 610 eo
1835 585 1992 621 tempore
2008 584 2042 612 et
2058 576 2116 612 alii
2132 575 2228 625 Phy-

1234 628 1315 669 sici,
1342 627 1584 661 Democritum
1599 634 1757 661 autorem
1774 635 1968 673 sequentes,
1995 641 2146 675 quorum
2163 629 2230 664 do·

1235 679 1346 713 ctrina
1365 679 1466 723 plena
1487 679 1553 712 suit
1572 679 1854 723 prodigiosarum
1872 679 2084 724 opinionum
2099 686 2133 715 et
2148 691 2230 725 per-

1236 731 1416 774 plexarum
1435 730 1730 774 disputationum.
1782 729 1856 763 Hos
1874 731 1902 763 si
1920 728 2129 766 Aristoteles
2147 731 2230 765 imi-

1236 787 1327 815 tatus
1349 787 1456 819 esset,
1492 793 1713 826 nequaquam
1739 778 1806 814 hoc
1830 781 2128 825 elegantissimum
2154 793 2229 816 me-

1237 829 1337 865 thodi
1349 831 1446 864 filum
1458 838 1491 865 et
1503 830 1592 866 hanc
1606 832 1853 876 proprietatem
1867 833 2047 867 tenuisset.
2087 832 2230 877 Quanta

1238 889 1354 916 autem
1387 894 1536 916 cura-ac
1563 883 1702 916 solertia
1725 883 1762 917 in
1788 883 1847 917 illa
1871 885 2060 919 domestica
2086 884 2231 919 institu-

1237 934 1332 968 tione
1351 933 1406 967 usi
1426 933 1496 967 sint
1513 932 1738 978 Hippocratis
1758 935 1905 978 posteri,
1932 947 1973 969 ex
1990 947 2032 970 eo
2049 935 2129 970 licet
2142 947 2231 970 con-

1239 985 1359 1025 iicere,
1386 985 1480 1030 quod
1501 984 1660 1019 Galenus
1683 985 1748 1019 ait:
1782 984 1863 1019 ldeo
1887 986 2042 1030 primum
2065 998 2138 1021 non
2156 998 2230 1021 esse

1237 1037 1383 1080 scriptas
1413 1036 1628 1075 anatonlias,
1672 1036 1754 1081 quia
1785 1037 1975 1071 domestica
2006 1037 2232 1072 institutione

1239 1095 1341 1121 notae
1367 1087 1518 1128 suerint3
1551 1087 1674 1121 solitos
1697 1087 1791 1120 enim
1818 1086 2045 1132 Hippocratis
2071 1095 2231 1133 posteros

1238 1138 1334 1172 domi
1358 1150 1473 1171 secare
1495 1150 1641 1182 corpora
1658 1138 1893 1172 animantium
1912 1145 2017 1185 atque
2032 1136 2232 1181 hominum,

1238 1197 1272 1224 et
1299 1189 1436 1232 singula
1469 1190 1624 1222 membra
1658 1189 1780 1223 liberis
1811 1189 1893 1222 inde
1918 1202 2030 1236 usque
2056 1203 2074 1224 a
2100 1190 2231 1224 teneris

1237 1241 1426 1285 spectanda
1450 1252 1658 1285 proponere.
1711 1240 1832 1286 ltaque
1855 1253 1933 1274 cnm
1951 1249 2038 1276 esset
2055 1239 2232 1276 Aristote-

1238 1292 1286 1325 les
1311 1293 1355 1325 ab
1373 1291 1456 1336 ipsis
1475 1292 1662 1325 cunabulis
1679 1292 1891 1326 assuefactus
1909 1304 1983 1325 non
1999 1293 2042 1326 ad
2061 1293 2184 1326 inanes
2199 1299 2233 1327 et

1239 1343 1421 1387 perplexas
1444 1340 1689 1389 λογομαχίας,
1717 1344 1775 1376 sed
1801 1343 1843 1375 ad
1870 1355 1988 1376 rerum
2013 1343 2232 1387 agnitionem

1238 1400 1270 1427 et
1294 1394 1338 1426 ad
1355 1394 1581 1438 ⁴quaerendas
1598 1405 1735 1434 causas,
1763 1406 1801 1426 ex
1820 1390 1885 1426 hac
1900 1394 2027 1438 puerili
2044 1401 2234 1429 consuetu-

1238 1445 1322 1478 dine
1336 1445 1423 1477 duas
1440 1445 1593 1488 egregias
1609 1445 1766 1486 virtutes,
1785 1451 1818 1479 et
1834 1444 1871 1476 in
1887 1445 2010 1488 primis
2021 1446 2145 1489 dignas
2154 1445 2233 1480 viro

1238 1497 1341 1529 docto
1371 1502 1578 1529 consecutus
1610 1502 1679 1536 est,
1720 1495 1902 1536 videlicet,
1940 1496 2158 1540 diligentiam
2193 1497 2232 1530 in

1238 1548 1437 1592 quaerenda
1465 1544 1633 1580 methodo
1658 1554 1691 1581 ct
1719 1559 1874 1580 amorem
1899 1547 2074 1590 veritatis3
2101 1549 2234 1583 abeunt

1238 1598 1331 1630 enim
1349 1598 1462 1630 studia
1483 1597 1518 1629 in
1534 1610 1659 1633 mores.
1709 1598 1827 1640 Quare
1843 1597 2027 1640 diligentia
2043 1599 2233 1633 evolvendi

1238 1660 1292 1682 res
1308 1649 1474 1682 obscuras
1490 1649 1616 1682 ordine
1633 1660 1671 1681 ac
1690 1649 1831 1694 proprie
1843 1676 1851 1688 ‚
1879 1650 2034 1683 studium
2052 1651 2232 1696 quoddam

1238 1706 1272 1734 et
1295 1711 1450 1733 amorem
1476 1699 1632 1734 veritatis
1659 1699 1694 1732 in
1722 1700 1818 1733 omni
1847 1699 1916 1733 vita
1941 1701 2042 1744 parit.
2106 1700 2233 1736 Postea

1241 1757 1343 1784 natus
1366 1762 1478 1784 annos
1501 1751 1554 1785 17.
1581 1751 1709 1784 missus
1734 1758 1785 1785 cst
1801 1748 1958 1784 Athenas
1984 1753 2026 1785 ad
2047 1751 2232 1786 Platonem

1239 1802 1475 1842 audiendum,
1502 1801 1563 1847 qui
1590 1809 1674 1835 tunc
1693 1814 1827 1835 summa
1846 1802 1979 1845 ingenii
1999 1810 2030 1837 et
2050 1803 2232 1837 doctrinae

1238 1903 1398 1937 omnium
1423 1904 1691 1947 disciplinarum
1715 1916 1841 1948 capax,
1868 1915 1993 1947 inagna
2021 1902 2105 1939 haec
2130 1905 2233 1939 foeli-

1239 1956 1323 1989 citas
1355 1955 1439 1995 suit,
1474 1957 1567 2000 quod
1603 1955 1757 1999 primum
1791 1955 1981 1989 donmstica
2008 1955 2232 1991 institutione

1241 2006 1423 2049 ingenium
1454 2007 1638 2039 excitatum
1666 2014 1697 2040 et
1723 2014 1967 2050 praeparatum
1990 2014 2058 2046 est.
2102 2007 2232 2042 deinde

1239 2059 1332 2103 quod
1355 2057 1496 2090 accessit
1521 2057 1580 2091 ille
1604 2057 1922 2101 praestantissimus
1947 2056 2133 2101 Magister,
2169 2059 2232 2105 qui

1240 2117 1400 2142 naturam
1427 2108 1686 2142 soelicissimam
1712 2109 1913 2153 perpoliret.
1967 2107 2080 2149 llaec,
2105 2116 2144 2144 ut
2166 2121 2231 2153 ego

1239 2160 1380 2205 quidem
1406 2160 1577 2197 arbitror,
1613 2159 1657 2193 ita
1681 2159 1890 2203 gubernavit
1919 2157 2031 2201 Deus,
2058 2167 2096 2194 ut
2117 2161 2232 2205 perfe-

1239 2219 1331 2245 ctum
1350 2211 1516 2244 artificem
1534 2209 1741 2243 haberemus
1757 2210 1831 2243 eius
1847 2210 1952 2254 partis
1969 2208 2232 2257 Philosophiae,

1241 2263 1275 2295 in
1292 2275 1360 2307 qua
1378 2262 1570 2295 elaboravit
1588 2260 1803 2295 Aristoteles.
1859 2262 2007 2297 Audivit
2022 2270 2138 2296 autem
2148 2261 2232 2297 Pta-

1240 2321 1357 2347 tonem
1374 2325 1487 2347 annos
1505 2313 1646 2357 viginti,
1677 2310 1742 2345 hoc
1760 2321 1826 2352 est.
1854 2314 1925 2347 sere
1940 2314 1983 2346 ad
2003 2314 2230 2358 quadragesi-

1241 2378 1336 2397 mum
1368 2376 1478 2409 usque
1511 2364 1631 2398 aetatis
1662 2376 1742 2397 suae
1773 2377 1918 2398 aunum.
1985 2363 2055 2398 Nec
2087 2364 2229 2400 interim

1239 2414 1375 2449 scholas
1401 2413 1542 2454 hahuit,
1569 2415 1625 2448 sed
1650 2415 1722 2458 ipse
1747 2426 1819 2449 sese
1839 2415 1991 2449 exercuit
2009 2415 2045 2448 in
2062 2415 2230 2450 omnibus

1239 2467 1448 2511 disciplinis.
1499 2464 1705 2511 inquisivit,
1734 2467 1832 2509 legit,
1859 2466 2006 2501 excussit
2028 2479 2149 2500 omnes
2165 2479 2230 2501 au-

1240 2526 1349 2558 tores,
1375 2519 1481 2556 adeo,
1507 2525 1543 2550 111
1562 2526 1704 2561 propter
1720 2518 1921 2552 varietatem
1936 2516 2096 2551 lectionis
2111 2529 2150 2552 ac
2165 2519 2231 2552 do-

1239 2571 1371 2603 rtriuae
1399 2569 1636 2613 appellaretur
1669 2581 1686 2601 a
1715 2567 1861 2603 Platone
1883 2568 2019 2603 Lector.
2084 2567 2161 2604 lloc
2191 2569 2229 2604 in

196 2626 448 2671 pussessionem
478 2623 634 2656 ,xli-‹tim-
657 2625 741 2657 artis
765 2624 930 2663 retinuit,
957 2637 1035 2657 cum
1061 2635 1186 2667 paren-
1210 2659 1212 2669 y
1240 2622 1316 2654 loro
1346 2621 1438 2653 suhit
1471 2620 1638 2652 admirari
1664 2620 1885 2663 prudentiam
1910 2619 2134 2661 Aristoteles,
2168 2619 2229 2667 qui

195 2686 245 2711 tes
276 2685 386 2711 artem
418 2675 538 2708 liberis
563 2676 688 2707 ordine
713 2675 810 2719 quasi
836 2687 898 2719 per
923 2688 1048 2709 manus
1071 2675 1185 2707 trade-

196 2736 284 2765 rent.
340 2727 388 2761 lta
413 2733 444 2760 et
463 2724 669 2759 Aristotcles
694 2738 711 2758 a
741 2727 868 2759 teneris
891 2727 1081 2761 domestica
1100 2738 1184 2759 con-

1209 2680 1212 2694 ·
1241 2681 1309 2707 tam
1346 2673 1407 2704 11111
1442 2669 1589 2704 haeserit
1625 2672 1716 2714 apiul
1747 2670 1975 2713 Magistrum.
2014 2683 2076 2705 nec
2098 2671 2229 2716 putarit

1207 2703 1355 2759 lsuhito
1390 2723 1464 2756 eius
1496 2723 1693 2756 doctrinam
1725 2719 1901 2757 exhauriri
1936 2733 2047 2767 posse.
2098 2720 2162 2757 Est
2193 2729 2229 2758 et
