2338 2958
180 148 253 184 819

181 235 218 267 ἰη
242 241 311 268 tam
335 233 434 268 brevi
461 232 550 265 vitae
574 229 769 270 curriculo,
805 228 875 262 nisi
897 229 959 263 illa
982 228 1112 263 mentis
1135 239 1175 262 ae

181 285 333 330 pectoris
350 282 511 317 incendia
527 281 623 316 Deus
639 287 673 314 et
688 280 832 314 fovisset
847 286 881 314 et
896 280 1106 314 adiuvisset:
1134 285 1175 313 ut

181 337 270 371 solet
295 337 464 369 immensa
487 333 645 366 bonitate
660 333 702 365 ad
726 331 963 365 restituendas
980 337 1014 365 et
1030 342 1174 365 conser-

180 388 312 421 vandas
328 392 420 419 artes
438 384 528 417 vitae
545 383 756 418 necessarias
772 382 810 415 in
829 383 926 415 omni
947 393 1072 426 genere
1090 382 1174 416 sub-

180 439 264 471 inde
281 437 428 470 excitare
452 443 484 470 et
500 435 669 468 adiuvare
686 434 845 469 artifices.
898 432 1060 467 Profecto
1077 433 1172 466 enim

178 488 244 523 Dei
270 487 422 527 aeterni,
454 487 515 532 qui
539 487 618 519 sons
641 492 691 519 est
719 484 928 530 sapientiae,
963 484 1172 518 beneficium

179 546 240 580 est,
264 538 393 572 artium
410 545 443 571 et
458 537 699 571 doctrinarum
716 537 752 569 in
770 547 896 579 genere
913 533 1071 569 humano
1089 547 1174 568 con-

178 590 342 625 servatio,
385 588 478 623 Huic
495 588 604 632 igitur
620 588 748 631 gratias
765 598 924 631 agamus,
952 587 1101 620 subinde
1118 598 1174 619 re-

179 641 338 675 stituenti
362 641 476 674 lucem
494 640 757 679 doctrinarum,
785 644 818 671 et
835 649 993 678 oremus,
1019 649 1063 670 ne
1082 637 1174 670 sinat

178 704 253 726 eam
279 691 445 736 extingui.
499 690 585 724 Vult
609 697 724 723 autem
749 689 793 722 ad
810 700 908 721 snam
926 688 1172 722 liberalitatem

178 744 281 777 etiam
301 743 464 777 accedere
483 741 697 775 mediocrem
722 740 758 772 in
784 740 887 773 nobis
904 739 1124 783 diligentiam
1142 744 1175 772 et

178 794 416 828 sedulitatem:
446 793 522 826 vult
540 804 613 825 non
630 791 779 825 fastidiis
798 797 830 824 et
848 796 1053 834 contemptu
1069 789 1173 823 abiici

178 857 238 878 sua
263 857 429 884 munera,
465 844 559 889 quod
584 843 621 875 in
648 842 814 887 parabola
838 842 881 874 de
911 841 1174 885 negotiantibus

179 897 282 929 etiam
317 896 354 929 in
387 901 596 938 argumento
625 893 786 937 graviore
813 892 1041 936 significatur,
1101 891 1174 925 Nec

177 948 329 980 absurde
355 946 488 980 dictum
514 952 563 979 est
587 957 605 978 a
631 945 778 978 Platone
802 944 864 979 lib.
891 942 926 977 4.
954 944 997 977 de
1018 943 1172 986 legibus:

178 996 227 1037 ὥς
245 996 332 1037 θεὸς
351 994 421 1042 μὲν
438 994 501 1031 καὶ
516 994 643 1042 καιρὸς
660 993 706 1030 τὰ
723 993 951 1041 ἀνθρώπινα
973 992 1175 1040 διακυβερ-

176 1051 269 1084 νῶσι
287 1045 483 1093 ξύμπαντα
492 1074 506 1091 ,
534 1043 769 1093 ἡμερώτερον
784 1045 861 1092 μὴν
878 1043 1007 1092 τρίτον
1030 1046 1173 1093 ξυγχω-

177 1102 285 1147 ρῆσαι
311 1096 454 1138 τούτοις
476 1097 555 1133 δεῖν
575 1098 731 1133 ἔπεσθαι
754 1096 896 1142 τίχνην.
925 1097 959 1130 id
978 1103 1044 1130 est:
1076 1098 1174 1130 Deus

176 1152 340 1197 quidem,
367 1158 398 1184 et
419 1150 572 1188 occasio,
600 1149 758 1183 universi
777 1149 893 1193 operis
917 1160 1090 1181 summam
1109 1159 1173 1191 gu-

177 1203 319 1236 bernat:
348 1203 406 1235 sed
424 1209 538 1236 tamen
556 1201 728 1245 placidius
745 1207 805 1241 est,
833 1200 1036 1239 concedere,
1063 1206 1172 1231 artem

175 1266 317 1299 quoque
330 1252 591 1296 adiungendam
610 1263 692 1291 esse,
719 1257 757 1284 ut
775 1251 812 1283 in
830 1249 931 1291 navi3
959 1249 1023 1283 etsi
1041 1255 1175 1293 tempe-

176 1312 245 1338 stas
260 1304 475 1344 dominatur,
503 1310 620 1337 tamen
637 1314 709 1334 non
729 1302 799 1335 sint
816 1301 923 1335 ociosi
941 1300 1100 1344 remiges,
1126 1301 1172 1333 ita

177 1363 211 1390 et
242 1367 388 1389 munera
414 1354 535 1388 divina
567 1360 769 1387 reverenter
798 1352 1030 1396 accipiamus,
1064 1358 1098 1385 et
1125 1351 1174 1384 eis

175 1407 331 1442 studiose
354 1406 535 1446 fruamur,
564 1416 672 1450 eaque
699 1410 842 1449 propter
865 1403 1014 1447 gloriam
1045 1401 1111 1436 Dei
1142 1409 1174 1435 et

175 1469 399 1492 communem
418 1457 618 1497 utilitatem,
643 1462 816 1502 quantum
833 1454 1002 1487 mediocri
1020 1453 1174 1498 diligen-

176 1510 222 1544 tia
238 1519 443 1553 possumus,
473 1515 646 1546 tueamur,
675 1514 713 1541 ut
728 1506 897 1550 scriptum
917 1512 985 1539 est:
1014 1503 1092 1538 IIoc
1110 1505 1173 1538 ssa-

175 1561 318 1604 gitauir,
344 1566 383 1593 ut
400 1559 519 1592 fideles
537 1559 657 1600 simus,
681 1565 785 1603 atque
800 1555 865 1590 hac
883 1557 956 1601 ipsa
971 1557 1007 1589 in
1025 1568 1062 1589 re
1078 1554 1174 1589 bunc

174 1611 501 1655 Regiomontanum
520 1609 717 1643 imitemur:
747 1608 802 1641 cui
823 1620 901 1641 cum
919 1607 1014 1641 Deus
1039 1607 1173 1651 ingenii
1200 1624 1201 1627 =

176 1670 210 1698 et
235 1661 393 1706 corporis
417 1661 507 1694 vires
531 1660 677 1694 discenti
704 1659 936 1699 necessarias,
971 1666 1174 1702 praecepto-

176 1726 249 1748 rem
266 1712 491 1747 excellentem
503 1739 510 1753 ,
533 1711 644 1745 libros
661 1710 861 1745 studiorum
877 1709 990 1743 socios
1007 1709 1173 1750 dedisset,

175 1763 238 1799 has
256 1764 456 1798 occasiones
474 1775 547 1797 non
566 1762 738 1806 neglexit,
766 1773 839 1794 non
856 1767 894 1794 ut
911 1760 1014 1794 multi
1032 1760 1091 1792 alii
1111 1773 1173 1793 vo-

176 1817 327 1860 luptates
345 1822 379 1849 et
395 1814 579 1859 pecuniam
598 1813 782 1857 praetulit,
809 1813 868 1845 sed
884 1811 1050 1845 omnibus
1075 1811 1173 1855 inge-

176 1868 227 1901 nii
253 1873 359 1912 atque
383 1865 492 1899 animi
515 1865 652 1898 viribus
677 1865 713 1897 in
741 1861 825 1897 haec
851 1863 965 1897 studia
999 1862 1174 1903 incubuit,

176 1918 351 1964 qnaesivit
374 1918 506 1962 ubique
524 1916 699 1954 eruditos,
727 1927 879 1960 quorum
901 1913 1071 1959 sapientia
1091 1926 1172 1947 ern-

177 1971 330 2004 dirctur:
359 1975 391 2002 et
409 1967 561 2001 vicissim
575 1995 583 2008 ‚
612 1974 783 2013 quantum
803 1966 935 2010 potuit,
962 1965 1034 1998 suis
1055 1965 1173 2009 operi-

175 2023 242 2056 bus
267 2028 358 2054 artes
380 2019 581 2054 illustravit.
636 2018 756 2061 Quare
777 2024 810 2051 et
832 2017 903 2051 Deo
931 2028 1072 2060 agamus
1093 2028 1173 2059 gra-

176 2074 254 2113 tias,
271 2072 331 2118 qui
347 2068 432 2104 haec
450 2082 510 2104 sna
530 2082 676 2104 munera
694 2081 764 2102 non
784 2068 931 2102 omnino
950 2067 1062 2111 perire
1077 2068 1173 2107 sinit,

177 2131 209 2158 et
240 2124 478 2160 voluntatem,
516 2122 750 2155 intentionem
787 2127 820 2154 et
858 2119 1105 2152 adsiduitatem
1137 2119 1170 2151 in

175 2174 460 2217 Regiomontano
491 2173 690 2207 laudemus:
721 2183 806 2217 quas
831 2171 940 2215 ipsius
964 2170 1111 2204 virtutes
1135 2177 1172 2204 nt

176 2226 322 2271 propius
340 2224 533 2269 aspiciatis,
562 2225 685 2258 itinera
711 2223 785 2256 eius
804 2222 1012 2265 cognoscite.
1069 2221 1172 2255 Post--

177 2290 282 2323 quam
307 2277 342 2309 in
367 2276 477 2320 patria
498 2275 763 2309 Grammatieen
782 2274 924 2313 didicit,
953 2285 1040 2316 Puer
1056 2270 1171 2306 adhue

176 2329 273 2362 venit
302 2329 337 2360 in
364 2327 590 2361 Academiam
626 2326 829 2372 Lypsicam=
869 2325 930 2358 nbi
958 2323 1170 2357 Dialectiren

175 2388 206 2413 et
226 2381 397 2412 elementa
418 2379 452 2411 in
474 2376 651 2422 sphaerica
669 2377 870 2411 avidissime
893 2375 1052 2420 arripuit.

637 142 797 179 DECL.
838 141 912 178 DE
941 139 1211 177 IOHANNE
1243 139 1756 179 REGIOMONTANO.

1100 2375 1168 2409 Sed
1196 2352 1199 2399 l

2149 147 2225 182 820

1227 227 1574 272 Regiomontanum,
1606 240 1686 261 cum
1718 234 1865 262 naturae
1896 230 1968 263 vim
1996 236 2029 264 et
2060 230 2226 266 volunta—

1228 286 1296 313 tem
1323 279 1555 313 adolescentis
1571 278 1843 318 considerasset,
1871 292 1945 314 non
1970 281 2084 315 solum
2102 278 2224 317 horta-

1228 337 1302 371 tor,
1328 331 1387 364 sed
1405 330 1510 364 etiam
1535 331 1606 364 dux
1629 330 1695 364 fuit
1718 331 1755 363 in
1773 330 1848 374 ipsa
1867 331 1968 377 adyta
1990 332 2223 367 sacratissima

1228 379 1355 415 harum
1382 381 1523 415 artium.
1586 379 1726 415 Horum
1755 382 2064 424 consuetudinem,
2097 384 2225 426 studia,

1228 432 1419 466 certamina
1436 433 1521 466 dum
1540 432 1667 476 cogito,
1683 438 1816 466 veteres
1833 433 1938 466 etiam
1954 431 2088 468 scholas
2106 442 2225 469 mente

1228 484 1388 524 intueor,
1414 495 1564 529 quarum
1589 483 1772 526 diligentia
1802 480 1868 516 hae
1897 490 1989 517 artes
2014 493 2225 530 propagatae

1228 542 1321 568 sunt.
1366 534 1426 569 Sic
1442 532 1640 573 Theletem‚
1669 533 1851 568 Metonem
1877 541 1910 568 et
1939 533 2127 569 Eudoxum
2145 548 2226 571 eru—

1228 586 1370 619 dierunt
1392 586 1588 620 sacerdotes
1612 584 1795 631 Aegyptii,
1832 583 2004 620 Eudoxus
2027 585 2225 623 Platonem.

1228 636 1286 671 Sic
1302 644 1402 671 antea
1421 635 1522 670 Atlas
1539 636 1669 670 dicitur
1680 634 1812 670 Orioni
1829 633 1921 670 hanc
1937 637 2135 671 doctrinam
2153 645 2226 673 tra-

1228 687 1376 721 didisse:
1410 688 1482 721 imo
1508 694 1546 721 ut
1563 687 1741 728 existimo,
1768 687 1816 720 sic
1838 687 2000 732 longaevi
2025 688 2078 722 illi
2102 689 2227 734 primis

1228 739 1353 772 mundi
1381 739 1621 784 temporibus,
1648 737 1782 780 Adam,
1809 735 1929 780 Noha,
1956 738 2056 781 Sem,
2084 737 2226 784 loseph,

1229 790 1376 834 posteris
1395 788 1486 823 hanc
1508 789 1705 823 doctrinam
1726 789 1970 829 tradiderunt,
1995 802 2034 824 ac
2054 791 2225 835 possessio

1229 842 1303 875 eius
1319 842 1354 874 in
1373 839 1534 886 Aegypto
1552 847 1687 874 retenta
1704 847 1754 874 est
1770 841 1853 873 inde
1867 853 1979 887 usque
2001 853 2018 875 a
2036 839 2161 887 Ioseph
2181 843 2224 876 ad

1228 891 1420 926 Ptolemaei
1450 898 1620 932 aetatem,
1655 898 1687 925 et
1716 891 1897 937 aliquanto
1932 893 2104 937 amplius,
2146 893 2227 938 plus

1228 944 1369 977 duobus
1393 943 1553 977 millibus
1577 955 1765 977 annorum.
1819 941 1909 976 Tam
1929 944 1990 977 diu
2013 945 2174 978 stabilem
2193 951 2227 978 et

1228 1002 1356 1029 certam
1378 993 1459 1028 huic
1476 994 1659 1028 doctrinae
1674 994 1792 1027 sedem
1809 991 1906 1028 Deus
1924 995 2106 1037 attribuit,
2133 995 2228 1029 inter

1229 1047 1343 1080 varias
1374 1042 1662 1079 monarchiarum
1694 1045 1922 1081 mutationes.
1983 1045 2052 1080 Sed
2079 1058 2117 1080 ea
2141 1053 2227 1080 tunc

1228 1098 1294 1130 snit
1311 1098 1580 1142 praecipuorum
1599 1093 1872 1129 monarcharum
1890 1096 2073 1141 sapientia,
2098 1104 2135 1131 ut
2153 1109 2226 1131 non

1228 1160 1307 1181 cum
1325 1148 1478 1188 artibus,
1505 1148 1565 1180 sed
1590 1159 1668 1180 cum
1689 1144 1850 1180 hostibus
1873 1148 1964 1181 bella
1984 1149 2135 1192 gerenda
2153 1160 2226 1182 esse

1228 1199 1376 1239 scirent,
1404 1205 1437 1232 et
1460 1199 1497 1230 in
1515 1198 1640 1231 mediis
1655 1198 1758 1231 bellis
1774 1198 1955 1231 literarum
1974 1199 2167 1241 domicilia,
2193 1206 2227 1234 et

1228 1251 1413 1283 doctorum
1438 1255 1557 1283 coetus
1581 1255 1818 1293 protegerent.
1870 1248 1974 1283 Nunc
1998 1248 2088 1295 proh
2110 1251 2227 1291 dolor,

1228 1307 1375 1345 vagatur
1392 1298 1477 1334 baec
1493 1300 1663 1344 sapientia
1689 1300 1766 1334 sine
1790 1300 1949 1344 patronis
1975 1307 2008 1334 et
2036 1301 2113 1335 sine
2133 1308 2226 1335 certa

1227 1353 1326 1393 sede,
1362 1359 1400 1385 ut
1424 1351 1590 1386 interitus
1615 1348 1740 1385 harum
1757 1344 1895 1384 *artium
1929 1353 2140 1386 metuendus
2170 1352 2226 1386 sit.

1228 1403 1301 1438 Sed
1318 1401 1433 1437 Deum
1449 1408 1608 1436 autorem
1628 1414 1780 1440 oremus,
1806 1414 1850 1435 ne
1867 1413 1928 1435 sua
1945 1415 2091 1437 munera
2111 1403 2227 1448 perire

1228 1455 1329 1489 sinat.
1382 1453 1472 1488 Cum
1495 1461 1611 1488 autem
1633 1465 1768 1487 summa
1794 1459 1881 1486 esset
1906 1454 2128 1489 familiaritas
2147 1466 2226 1488 cum

1229 1502 1450 1540 Purbacchio
1464 1530 1472 1544 ‚
1501 1511 1534 1539 et
1559 1504 1698 1538 assidua
1719 1504 1975 1538 sententiarum
1996 1505 2139 1540 collatio
2158 1505 2227 1539 cir-

1228 1558 1314 1591 citer
1331 1556 1562 1597 decenninm,
1587 1556 1717 1590 multas
1734 1557 1899 1590 obscuras
1922 1557 2105 1596 materias,
2132 1563 2172 1592 ut
2190 1557 2228 1591 fit

1228 1604 1338 1642 σι’νντε
1360 1605 1442 1642 δύω
1473 1605 1689 1653 ἀρχομένω,
1726 1608 1923 1648 illustrant,
1957 1607 2011 1640 vel
2037 1608 2227 1642 observant

1229 1665 1366 1697 motus,
1394 1671 1432 1691 ac
1450 1656 1724 1702 deprehendunt
1739 1657 1866 1691 Martis
1888 1664 2023 1692 motum
2043 1671 2116 1692 non
2142 1670 2228 1693 con-

1227 1722 1351 1753 gruere
1368 1710 1409 1742 ad
1431 1710 1587 1750 tabulas,
1614 1710 1671 1742 sed
1691 1710 1843 1742 duorum
1871 1721 2131 1755 nonnunquam
2147 1721 2227 1753 gra-

1228 1763 1338 1795 duum
1364 1772 1519 1793 errorem
1543 1771 1625 1793 esse.
1690 1759 1869 1804 Incipiunt
1893 1760 2001 1802 igitur
2025 1761 2226 1795 tabularum

1228 1811 1523 1845 emendationem.
1588 1810 1694 1844 Forte
1729 1809 1915 1843 Bessarion
1929 1838 1937 1849 ,
1974 1811 2029 1844 vir
2057 1810 2228 1852 Graecus,

1228 1863 1388 1897 doctrina
1408 1863 1597 1902 excellens,
1625 1874 1705 1895 cum
1725 1868 1813 1895 esset
1830 1860 2049 1903 Cardinalis,
2078 1869 2162 1897 tunc
2183 1863 2226 1896 ad

1229 1914 1447 1948 Fridericum
1473 1914 1722 1957 imperatorem
1739 1912 1889 1956 Legatus
1908 1919 1993 1946 erat.
2039 1911 2072 1946 Is
2087 1925 2165 1947 cnm
2183 1915 2227 1947 de

1228 1965 1420 1999 Ptolemaei
1439 1965 1598 1998 doctrina
1618 1962 1878 1998 Purbacchium
1903 1964 2017 1997 multa
2032 1964 2226 1999 sciscitatus

1228 2023 1326 2057 esset,
1353 2023 1386 2050 et
1404 2016 1645 2050 dexteritatem
1663 2016 1737 2049 eins
1755 2015 1789 2047 in
1808 2015 2014 2059 explicando
2033 2016 2226 2050 admirare-

1228 2075 1303 2106 tur,
1332 2067 1455 2112 petixit
1481 2067 1525 2099 al)
1549 2079 1610 2110 eo,
1636 2073 1673 2100 nt
1689 2065 1880 2111 Epitomen
1906 2074 2132 2111 componeret
2151 2067 2226 2100 eius

1228 2119 1328 2159 libri,
1357 2118 1411 2152 cui
1438 2118 1562 2152 titulus
1587 2124 1635 2151 est
1657 2114 1799 2166 μεγάλη
1826 2113 2007 2157 σύνταξις.
2070 2117 2108 2151 ld
2136 2130 2226 2163 opus

1228 2171 1463 2214 interruptum
1510 2176 1624 2203 morte
1664 2166 1874 2203 Purbaccliii
1918 2168 2226 2212 Regiomontanus

1226 2221 1394 2254 absolvit:
1432 2221 1513 2266 quia
1548 2228 1586 2255 ut
1624 2220 1696 2264 ipse
1733 2227 1870 2261 narrat,
1905 2221 2099 2254 moriturus
2135 2219 2223 2254 Pur-

1227 2270 1411 2311 bacchius,
1454 2272 1548 2305 inter
1583 2278 1734 2305 extrema
1769 2272 1933 2305 mandata
1969 2271 2002 2305 id
2042 2272 2224 2316 petiverat.

1226 2325 1305 2367 Qua
1323 2324 1358 2356 in
1384 2335 1419 2356 re
1439 2323 1540 2356 valde
1562 2323 1764 2356 mirandum
1786 2330 1855 2361 est,
1882 2329 1965 2356 tunc
1983 2323 2059 2356 sine
2078 2322 2224 2356 Graecis

1225 2375 1384 2408 sontibus
1402 2375 1611 2408 sententiam
1631 2386 1689 2406 eos
1707 2387 1745 2407 ex
1773 2374 1842 2407 illis
1862 2373 2032 2407 Arabicae
2051 2374 2222 2407 versionis

176 2438 303 2465 natura
341 2430 488 2471 flagrans
521 2429 678 2463 discendi
719 2428 929 2473 cupiditate,
971 2427 1170 2472 requirebat
1195 2416 1198 2461 l
1226 2427 1378 2461 tenebris
1397 2438 1518 2459 eruere
1540 2425 1703 2469 potuisse.
1751 2424 1787 2458 ld
1805 2437 1887 2458 vero
1906 2425 1978 2458 fieri
1998 2437 2221 2471 nequaquam

175 2481 281 2516 lmins
307 2481 413 2514 studii
441 2482 546 2514 duces
574 2493 612 2514 ac
637 2480 750 2514 socios
776 2477 1005 2524 pulcherrimi
1030 2478 1170 2517 laboris,
1195 2469 1198 2494 ι
1225 2478 1414 2522 potuisset,
1438 2477 1504 2510 nisi
1530 2483 1674 2521 propter
1700 2488 1866 2519 magnum
1884 2487 1986 2510 usum
2010 2476 2046 2510 in
2063 2483 2135 2510 toto
2159 2476 2220 2510 illo

175 2542 206 2568 et
227 2533 400 2566 Viennam
426 2531 585 2566 andierat
607 2531 833 2576 praecipuum
860 2543 931 2563 esse
948 2529 1169 2563 domicilium
1194 2515 1197 2558 l
1223 2530 1351 2563 artium
1372 2529 1457 2562 orbe
1481 2528 1800 2562 denumstrationes
1823 2528 1871 2561 eis
1895 2527 2038 2566 obviae,
2066 2534 2098 2561 et
2121 2527 2222 2561 facile

176 2583 281 2618 liuius
305 2579 566 2625 Philosophiae.
622 2584 741 2625 Quare
770 2582 804 2614 in
837 2580 1015 2616 Austriam
1046 2581 1170 2613 admo·
1223 2580 1458 2625 penetrabiles
1481 2579 1639 2614 fuissent.
1692 2579 1761 2614 Sed
1779 2586 1895 2613 tamen
1912 2575 1978 2612 hoc
2000 2578 2114 2623 ipsum
2131 2590 2220 2624 opus

175 2638 259 2669 dnm
293 2635 494 2668 adolescens
530 2634 770 2677 proficiscitur.
834 2632 886 2666 lbi
916 2632 1051 2665 invenit
1079 2631 1168 2665 l‘nr-
1223 2631 1529 2674 llegiomontanus
1553 2636 1670 2675 postea
1688 2630 1841 2666 Romae.
1868 2641 1946 2662 cum
1974 2629 2108 2663 (iraece
2126 2630 2219 2663 ‹lidi-

176 2685 357 2721 bacchium
385 2684 578 2722 Bavarum,
614 2685 934 2726 ingeniosissimum
964 2684 1100 2722 virum,
1135 2691 1167 2717 et
1192 2726 1193 2730 Ἰ
1223 2684 1340 2721 risset,
1368 2690 1400 2716 et
1420 2679 1603 2715 'l'lieoneui
1624 2683 1817 2719 conferret.
1846 2682 2060 2714 emendavit.
2113 2679 2219 2715 Extat

174 2747 280 2773 aetati·
315 2751 351 2771 ac.
390 2736 575 2769 autoritate
611 2736 805 2769 florentem.
870 2734 935 2768 Hi«-
967 2735 1167 2778 romplvxus
1192 2741 1193 2757 z
1221 2733 1381 2779 Epistola
1395 2732 1668 2777 Regiomontani
1686 2733 1788 2777 plena
1806 2732 1956 2777 pietatis.
1979 2732 2015 2765 in
2032 2745 2099 2778 qua
2117 2745 2219 2777 prae-

2294 852 2315 1094 ·.⁴:⁴›19÷w.x
2299 654 2316 844 »μώρῳ-φ,
2301 611 2317 640 x,
2306 577 2315 595 -.

2294 2147 2304 2196 4η-
2291 1988 2306 2137 -αέω,
2294 1928 2307 1970 *4
2303 1868 2305 1878 „.

2294 2367 2303 2458 -.-§.
2288 2321 2303 2337 2
