2338 2958
207 125 281 161 639

211 217 290 244 vata
311 208 520 254 aequalitate
543 216 648 250 quam
672 202 784 236 sancit
805 200 920 242 Deus,
945 212 1024 234 cum
1049 199 1114 232 ait:
1138 197 1203 232 Di-

211 263 299 306 ligas
314 259 513 305 proximum
531 257 620 290 sicut
636 261 668 288 te
685 254 812 299 ipsum.
869 253 973 286 ltem:
1001 251 1080 285 Non
1095 246 1205 282 hahe-

212 313 268 347 bis
298 312 434 345 diversa
467 309 625 351 pondera
658 306 695 337 in
728 306 846 345 lance,
883 303 994 336 maius
1019 309 1052 335 et
1075 301 1204 335 minus.

211 358 431 398 Denter-25.
484 358 678 393 Aversatur
705 356 800 390 enim
829 355 925 389 Deus
956 352 1041 387 haec
1073 352 1206 385 facien-

213 422 295 449 tem.
349 411 418 444 Sed
445 406 593 445 humani
617 407 705 442 iuris
729 415 798 448 est,
825 418 869 439 ne
884 411 1043 449 regentes
1060 402 1207 448 provin-

215 465 322 503 ciam,
348 469 380 496 et
399 460 460 505 qui
479 463 570 495 circa
590 471 649 493 eos
666 465 766 497 sunt,
793 458 1030 501 negotientur.
1081 452 1205 488 Divini

214 515 304 548 iuris
321 520 370 546 est
387 511 608 557 coniugium:
636 508 782 543 humani
802 510 888 542 iuris
905 515 971 548 est,
997 518 1041 539 ne
1058 506 1207 539 fratrum

215 565 281 599 filii
312 571 346 598 et
377 563 469 596 filiae
501 562 679 597 connubia
713 557 935 594 contrahant.
987 556 1034 591 Et
1062 562 1209 593 constat,

215 616 311 651 unde
335 621 461 648 notum
480 616 525 649 sit
542 612 680 647 bomini
699 612 754 645 ius
770 611 931 644 divinum
944 635 952 648 ‚
980 615 1014 642 et
1031 606 1209 652 quomodo

215 667 285 702 Dei
307 664 481 700 sententia
503 673 642 699 aeterna
666 670 699 696 et
722 660 953 695 immutabilis
974 658 1147 692 transfusa
1166 656 1210 689 sit

218 719 263 753 ad
286 717 460 754 homines,
513 716 680 750 Fatemur
704 724 825 745 omnes
843 710 939 744 hunc
955 710 1116 743 ordinem
1135 720 1212 740 mo-

217 777 320 804 tuum
336 768 540 803 coelestium
552 795 560 808 ,
588 772 621 799 et
638 773 836 808 temporum
853 763 962 801 vices,
988 759 1213 804 tempestivas

219 820 463 865 irrigatione5‚
488 817 713 861 tempestivos
735 821 866 854 aestus,
895 812 959 846 Dei
978 823 1082 856 opera
1102 817 1135 843 et
1151 810 1213 843 be-

217 871 342 905 neficia
359 881 443 904 esse.
496 870 588 904 Sunt
604 867 698 900 enim
715 866 752 898 in
771 871 958 908 conspectu
977 869 1009 895 et
1026 861 1137 895 oculis
1155 872 1213 893 ex-

220 924 345 968 posita.
417 919 485 955 Sed
524 932 598 953 non
636 917 744 961 magis
785 927 912 950 ornare
950 914 1086 947 coelum
1119 910 1215 945 Deus

219 974 354 1012 voluit,
390 983 494 1016 quam
526 969 729 1008 hominem,
762 979 866 1012 quem
897 964 1010 998 voluit
1033 975 1104 997 esse
1128 962 1216 995 ima-

221 1026 337 1071 ginem
368 1035 478 1058 suam.
546 1019 726 1065 Impressit
758 1018 866 1062 igitur
897 1014 1037 1050 homini
1068 1013 1216 1048 noticias

223 1084 352 1116 certas,
379 1086 497 1113 veras,
524 1071 773 1114 immutabiles,
800 1075 955 1111 sumptas
968 1079 1008 1099 ex
1023 1078 1083 1099 sua
1100 1070 1216 1097 mente

224 1134 376 1162 aeterna.
428 1126 505 1160 Hae
528 1136 607 1157 cum
631 1123 702 1155 sint
723 1121 838 1164 legum
857 1119 988 1158 sontes,
1017 1123 1149 1150 certum
1167 1121 1218 1148 est

224 1180 302 1213 iura
335 1189 414 1212 cum
447 1176 502 1211 his
532 1174 691 1208 sontibus
719 1170 949 1214 congruentia
982 1168 1102 1200 divina
1133 1177 1216 1199 esse.

223 1230 297 1263 Nec
329 1226 435 1263 habet
464 1226 619 1260 lmmana
647 1229 772 1256 natura
803 1222 937 1254 bonum
967 1219 1063 1251 aliud
1094 1217 1219 1256 mains,

225 1292 331 1326 quam
355 1279 418 1313 has
443 1277 609 1315 noticias,
636 1285 725 1319 quae
750 1279 783 1305 et
805 1276 1002 1304 monstrant
1020 1269 1159 1306 Deum,
1187 1272 1219 1299 et

225 1334 354 1365 docent
379 1331 492 1376 qualis
519 1328 563 1360 sit
587 1326 700 1365 Deus,
735 1336 813 1356 cum
843 1322 1050 1354 discernunt
1072 1317 1219 1352 lionesta

228 1390 261 1416 et
289 1383 421 1427 turpia:
460 1379 569 1414 Insita
599 1383 648 1409 est
680 1374 810 1408 noticia
841 1372 1003 1406 omnium
1031 1369 1221 1409 mentibus,

228 1445 300 1467 esse
316 1432 431 1467 Deum
457 1437 610 1464 mentem
636 1434 812 1460 aeternam
837 1423 1068 1457 conditricem
1091 1432 1222 1460 rerum,

228 1493 262 1520 et
287 1487 436 1525 bonam,
465 1489 499 1516 et
522 1479 634 1526 qualis
653 1478 716 1517 sit,
744 1483 777 1510 et
802 1475 980 1521 quomodo
1005 1473 1034 1506 ei
1054 1471 1222 1505 obedien-

229 1539 314 1571 dum
329 1537 386 1577 sit,
408 1534 541 1568 indicat
557 1530 745 1565 discrimen
762 1525 990 1560 honestorum
1008 1532 1040 1557 et
1054 1523 1223 1566 turpium.

228 1588 412 1622 Beneficus
439 1592 506 1625 est,
534 1589 565 1615 et
590 1582 719 1619 iustus,
748 1591 785 1611 ac
809 1576 964 1621 aequalis
989 1587 1067 1617 erga
1089 1583 1224 1611 omnes,

231 1651 355 1679 verax,
382 1647 502 1671 amans
520 1631 707 1669 castitatiS,
733 1629 818 1662 tales
836 1628 928 1660 enim
947 1638 1010 1658 nos
1027 1636 1098 1658 esse.
1116 1624 1224 1659 iubet,

232 1698 265 1725 et
286 1687 371 1723 haec
395 1687 462 1721 sibi
486 1683 598 1719 officia
627 1679 793 1726 praestari
820 1679 926 1711 iubet.
979 1675 1052 1709 llas
1078 1674 1226 1708 noticias

233 1741 356 1786 aspicit
387 1737 626 1781 magistratus,
667 1744 745 1765 cum
777 1729 950 1762 divinitus
981 1727 1150 1760 excitatur
1183 1724 1223 1756 ad

233 1791 441 1837 disciplinae
466 1785 740 1821 restitutionem:
769 1788 807 1814 ut
834 1791 934 1823 saepe
961 1778 1055 1811 Deus
1080 1776 1226 1819 imperia

234 1843 436 1890 perturbata
457 1846 490 1872 et
509 1837 671 1874 confusa,
699 1831 851 1866 restitnit
869 1829 1024 1863 excitatis
1042 1827 1178 1870 magnis
1197 1832 1227 1858 et

235 1894 387 1930 heroicis
418 1891 525 1927 viris,
560 1886 619 1932 qui
645 1886 759 1927 legum
786 1881 936 1915 vinculis
962 1881 1088 1913 iterum
1116 1888 1229 1910 mores

235 1946 423 1981 hominurn
457 1945 626 1983 regerent.
694 1935 793 1968 Talis
824 1933 889 1966 fnit
922 1932 1124 1973 Augustus,
1169 1928 1228 1972 qni

236 2005 315 2044 post
331 1996 422 2029 bella
438 1991 553 2026 civilia
573 1986 794 2030 disciplinam
814 1992 843 2016 et
864 1983 993 2016 indicia
1012 1979 1231 2013 instauraxit.

237 2050 338 2084 Talis
360 2046 427 2079 suit
446 2051 478 2076 et
496 2038 770 2076 Constantinus,
798 2036 856 2080 qui
878 2046 956 2066 rum
976 2044 1086 2065 annos
1103 2041 1230 2063 novem

238 2098 381 2145 grassati
407 2101 517 2129 essent
545 2093 579 2125 in
606 2097 678 2124 toto
704 2088 789 2121 orbe
807 2085 963 2132 tyranni,
992 2082 1233 2116 Diocletianus

240 2160 273 2185 et
295 2147 553 2184 Maximianus,
587 2149 618 2174 et
642 2140 721 2179 alii,
755 2137 878 2171 deletis
901 2135 1079 2180 tyrannis,
1105 2133 1233 2166 deiude

240 2204 332 2245 leges
348 2209 472 2243 aequas
493 2203 521 2227 et
543 2194 644 2227 utiles
665 2189 837 2224 Ecclesiae
856 2195 885 2220 et
907 2187 979 2230 pari
999 2185 1090 2219 tulit.
1143 2183 1232 2216 Cum

243 2261 358 2287 autem
385 2260 527 2291 magnae
555 2243 733 2277 extiterint
758 2241 839 2272 inde
859 2250 968 2283 nsque
987 2238 1030 2270 al»
1048 2236 1150 2269 initio
1169 2236 1233 2267 im-

244 2304 422 2349 periorum
446 2307 478 2334 et
506 2295 637 2341 politici
665 2291 801 2326 ordinis
818 2289 1060 2328 confusiones,
1091 2296 1234 2319 mox-en-

245 2364 302 2389 tur
333 2351 396 2385 bac
424 2348 644 2383 deformitate
670 2343 777 2377 animi
808 2341 1020 2374 multorum.
1055 2346 1089 2371 ut
1118 2335 1235 2370 existi-

246 2412 341 2440 ment
366 2405 456 2442 leges
481 2412 560 2432 rasn
578 2405 611 2430 et
629 2397 703 2428 sine
723 2394 844 2426 dixino
864 2399 949 2424 nutu
971 2398 1068 2423 natas
1086 2400 1176 2424 esse,
1204 2394 1234 2419 et
1262 2387 1263 2390 ’

249 2455 392 2501 imperia
417 2451 542 2492 negligi
569 2463 584 2481 a
606 2447 692 2480 Deo.
746 2445 915 2477 Videmus
940 2443 974 2474 in
998 2440 1146 2484 imperio
1164 2437 1236 2472 Ro-

247 2520 352 2543 mano
378 2516 504 2548 pancos
529 2501 632 2533 [uisse
652 2496 798 2539 Augnsti
820 2494 972 2531 similes,
1002 2494 1114 2524 bonos
1134 2497 1163 2523 et
1183 2501 1237 2521 sa-

247 2563 377 2594 lutares
409 2553 593 2598 principi-⁵.
663 2547 789 2590 Qualis
814 2557 907 2578 tinne.
933 2551 981 2577 est
1008 2541 1237 2586 imperiorum

246 2607 473 2646 deformitas?
526 2601 634 2634 'l‘nrri
662 2610 823 2639 magnam
850 2603 983 2640 partem
1010 2593 1146 2636 generis
1172 2589 1238 2624 lm-

249 2661 342 2696 mani
361 2655 560 2692 tristissima
579 2651 743 2684 serxitnte
763 2654 1023 2692 oppresserunt.
1060 2644 1237 2687 Agnosca-

248 2725 324 2747 mus
350 2712 458 2743 satum
483 2705 627 2739 ultimae
652 2708 808 2733 senectae
834 2698 974 2735 mundi,
1012 2704 1043 2729 et
1069 2697 1239 2728 sateanmr

794 114 951 150 DECL.
998 112 1070 148 DE
1105 109 1245 147 lURE
1281 109 1651 148 POSSIDENDI.

2170 113 2248 149 640

1256 198 1402 243 imperia
1419 198 1538 232 futura
1553 198 1663 242 magis
1677 198 1878 234 turbulenta
1894 207 1928 234 et
1942 199 2125 234 deformia.
2177 197 2246 232 Sed

1256 258 1374 284 tamen
1396 248 1513 289 Deus,
1541 261 1606 282 nec
1629 247 1822 282 Ecclesiam
1849 262 1991 294 prorsus
2014 250 2124 284 deleri
2148 248 2271 289 sinet„

1258 313 1321 334 nec
1352 300 1537 343 politicum
1570 300 1732 333 ordinem
1760 299 1899 343 penitus
1924 302 2057 335 aboleri
2085 299 2250 345 patietur.

1257 351 1405 386 Curabit
1426 351 1530 384 etiam
1550 351 1667 396 aliqua
1684 349 1863 384 Ecclesiae
1880 348 2051 395 hospitia,
2079 358 2116 385 ut
2134 349 2250 384 studia

1259 403 1440 437 doctrinae
1463 410 1658 436 serventur.
1709 401 1800 434 vNam
1826 399 1910 434 haec
1936 402 1973 435 in
1996 400 2151 436 Ecclesia
2177 413 2252 433 ma-

1261 465 1344 487 nere
1368 464 1506 486 necesse
1529 460 1594 486 est:
1623 461 1657 486 et
1675 464 1838 486 mansura
1856 463 1947 493 esse,
1972 450 2132 487 Christus
2150 452 2251 486 toties

1263 504 1455 550 promittit,
1489 503 1623 536 etiamsi
1648 504 1746 537 locus
1771 509 1885 536 certus
1909 501 2083 537 Ecclesiae
2104 515 2178 537 non
2203 509 2252 535 est

1262 557 1472 595 attributus,
1499 561 1538 587 ut
1560 555 1604 587 ad
1628 561 1765 598 tempus
1781 560 1854 587 erat
1872 554 1910 586 in
1929 554 2054 588 ludaea
2071 561 2184 587 certus
2200 553 2252 586 lo-

1263 618 1334 641 cus.
1386 604 1433 639 Et
1457 605 1598 650 quidem
1621 603 1658 638 Bt
1684 605 1726 637 iis
1749 605 1834 638 locis
1849 605 1983 638 diutius
1998 611 2116 638 manet
2130 602 2254 638 Eccle-

1264 659 1334 697 sia,
1361 657 1423 690 ubi
1447 657 1624 700 principes
1648 663 1730 689 sunt
1749 655 1999 693 modestiores,
2025 662 2058 689 et
2076 655 2113 688 in
2131 654 2254 689 foven-

1265 709 1318 742 dis
1339 709 1407 752 piis
1430 708 1556 741 studiis
1572 707 1831 751 diligentiores,
1857 713 1889 740 et
1908 706 1970 739 ubi
1988 706 2107 739 lumen
2125 705 2255 740 doetri-

1266 771 1331 793 nae
1352 758 1478 792 maiori
1498 768 1579 792 cura
1598 759 1786 798 retinetur,
1814 765 1847 791 et
1866 757 2016 802 populus
2033 755 2255 801 disciplinam

1267 822 1339 843 non
1362 816 1579 853 aspernatur.
1631 809 1712 852 Quo
1733 809 1867 842 maiora
1885 809 1979 842 dona
1999 814 2082 842 suut
2096 806 2258 841 salutaris

1266 867 1376 895 status
1399 858 1596 899 Ecclesiae,
1627 867 1660 893 et
1689 859 1822 903 politici
1855 859 2016 899 ordines,
2050 870 2091 892 eo
2124 858 2260 891 maiore

1268 925 1349 946 cura
1380 912 1509 945 tuenda
1537 917 1630 945 sunt.
1690 910 1730 945 Si
1753 911 1961 945 confusione
1985 921 2190 949 movemur,
2222 914 2263 941 ut.
2287 939 2289 941 .

1269 963 1472 996 dubitemus
1501 963 1596 995 unde
1624 961 1693 994 sint
1715 962 1808 1004 leges
1831 969 1864 995 et
1888 961 2052 1005 imperia,
2087 960 2262 993 discamus

1271 1013 1515 1048 confusionem
1534 1025 1607 1046 non
1623 1024 1696 1045 esse
1712 1025 1729 1045 a
1745 1011 1840 1052 Deo,
1865 1013 1923 1045 sed
1940 1012 2025 1045 oriri
2042 1024 2059 1045 a
2077 1017 2262 1044 contuma-

1271 1066 1322 1098 cia
1340 1063 1579 1098 humanorum
1597 1063 1833 1107 ingeniorum,
1863 1069 1898 1096 et
1911 1075 1929 1095 a
1944 1061 2100 1095 diabolo.
2144 1059 2263 1094 Eton-

1273 1123 1323 1149 tra
1349 1127 1432 1148 vero
1456 1122 1628 1159 quantum
1655 1115 1740 1147 boni
1765 1114 1902 1147 ordinis
1925 1113 2103 1158 reliquum
2129 1118 2199 1152 est,
2232 1117 2264 1144 et

1273 1166 1531 1200 restitutionem
1556 1166 1670 1208 legum
1695 1171 1728 1198 et
1753 1165 1839 1198 boni
1861 1171 1987 1203 status,
2013 1163 2078 1197 Dei
2096 1161 2265 1196 beneficia

1273 1229 1356 1250 esse.
1417 1215 1513 1248 Haec
1535 1216 1565 1248 si
1589 1216 1909 1255 considerabimus,
1943 1226 2016 1247 non
2039 1214 2153 1247 solum
2176 1213 2265 1246 illud

1274 1267 1463 1310 Augustini
1488 1266 1641 1306 dictum,
1676 1267 1719 1299 de
1740 1278 1810 1311 quo
1834 1265 2004 1306 disserui,
2028 1265 2130 1298 facile
2155 1264 2267 1308 expli-

1274 1319 1448 1352 cabimus:
1477 1318 1537 1350 sed
1561 1317 1665 1350 etiam
1689 1317 1781 1361 ipsas
1803 1317 1894 1360 leges
1917 1323 1950 1349 et
1969 1315 2152 1359 politicum
2167 1315 2268 1348 ordi·

1276 1381 1355 1403 nem
1392 1369 1501 1411 magis
1537 1368 1805 1405 venerabimur,
1849 1374 1881 1401 et
1917 1366 2007 1400 tueri
2037 1365 2268 1400 Studebimus.

1277 1421 1376 1454 Plato
1394 1419 1520 1464 inquit,
1541 1416 1634 1452 hunc
1651 1431 1722 1452 esse
1739 1419 1912 1462 optimum
1931 1418 2053 1457 civem,
2075 1417 2135 1462 qui
2154 1416 2269 1450 nullas

1279 1472 1462 1509 victorias,
1496 1470 1614 1503 nullos
1643 1467 1862 1513 triumphos,
1894 1469 2013 1501 nullos
2044 1465 2196 1502 honores
2230 1468 2267 1500 in

1278 1522 1474 1565 Republica
1501 1521 1612 1564 pluris
1638 1521 1719 1554 sacit
1744 1533 1849 1565 quam
1874 1519 1942 1553 dici
1961 1519 2072 1552 civem
2089 1519 2270 1563 obtempe-

1279 1580 1414 1606 rantem
1433 1573 1578 1615 legibus.
1619 1570 1878 1614 EtAgesilaum
1897 1571 2054 1611 landant,
2081 1571 2174 1615 quod
2190 1582 2269 1603 cum

1279 1625 1469 1657 instructus
1485 1623 1648 1658 exercitu,
1674 1623 1740 1655 iam
1760 1623 1794 1654 in
1812 1633 1914 1654 cursu
1932 1621 2158 1655 victoriarum
2175 1629 2272 1659 esset,

1279 1682 1311 1708 et
1336 1674 1593 1707 existimaretur
1615 1685 1707 1705 imus
1730 1685 1800 1705 esse
1826 1673 1879 1705 vir
1895 1679 1926 1705 et
1945 1672 2028 1705 Dux
2048 1672 2271 1715 praestantis-

1280 1726 1389 1758 simus
1424 1724 1582 1757 omnium
1619 1721 1802 1756 hominnm
1837 1735 1918 1756 suae
1950 1723 2091 1758 aetatis,
2133 1731 2271 1766 accepta

1282 1775 1487 1809 brevissima
1514 1775 1658 1818 epistola
1685 1775 1787 1807 missa
1812 1787 1852 1807 ex
1869 1774 1993 1818 Sparta
2021 1787 2037 1806 a
2063 1781 2184 1808 senatu
2212 1785 2273 1818 pa·

1282 1827 1387 1863 triae,
1420 1838 1487 1871 qua
1525 1827 1774 1862 revocabatur,
1811 1837 1891 1857 mox
1922 1825 2077 1867 paruerit
2113 1836 2151 1857 ac
2179 1825 2272 1858 iuxta

1285 1879 1374 1919 leges
1391 1876 1552 1915 redierit,
1576 1888 1653 1909 cum
1673 1888 1749 1919 spes
1765 1888 1835 1908 non
1853 1875 1960 1909 dubia
1979 1883 2064 1909 esset
2084 1876 2275 1919 potiundae

1286 1929 1399 1963 Asiae.
1462 1927 1529 1961 Sed
1565 1927 1753 1969 gloriosius
1779 1938 1851 1959 esse
1877 1926 1995 1963 duxit.
2029 1927 2119 1968 leges
2144 1927 2276 1971 patriae

1285 1980 1452 2013 omnibus
1481 1978 1559 2011 aliis
1589 1978 1693 2010 rebus
1723 1979 1907 2012 anteferre.
1976 1976 2078 2010 Nunc
2104 1978 2275 2022 sapientia

1286 2038 1428 2075 putatur
1454 2041 1543 2068 esse,
1571 2029 1730 2062 deridere
1754 2036 1784 2062 et
1810 2028 1966 2061 caxillari
1994 2029 2103 2070 leges.
2133 2036 2163 2062 et
2188 2029 2221 2061 ri
2240 2041 2277 2062 ac

1287 2082 1409 2115 fraude
1445 2091 1571 2123 augere
1603 2079 1795 2124 potentiam
1825 2086 1855 2112 et
1885 2079 2112 2121 dignitatem.
2148 2087 2184 2113 nt
2216 2093 2277 2112 vo—

1287 2139 1377 2167 cant.
1438 2131 1506 2165 Sed
1535 2129 1624 2164 lianc
1649 2142 1846 2174 perversam
1874 2130 2080 2174 sapientiam
2106 2131 2278 2164 comitan-

1289 2192 1345 2217 tur
1362 2182 1443 2215 satis
1461 2182 1573 2215 tristes
1592 2194 1740 2226 poenae,
1768 2194 1853 2226 quas
1869 2181 2003 2213 utinam
2023 2180 2117 2214 Deus
2135 2182 2280 2224 mitiget.

1290 2236 1502 2279 Quanquam
1535 2239 1649 2266 autem
1683 2244 1806 2274 magna
1840 2239 1869 2265 et
1904 2230 2086 2265 liorribilis
2115 2230 2280 2278 Europae

1262 2321 1263 2325 Ἰ
1290 2285 1508 2330 perturbatio
1532 2291 1599 2324 est,
1627 2291 1742 2317 tamen
1767 2284 1846 2328 quia
1868 2295 1946 2327 spes
1962 2291 2008 2316 est
2030 2295 2192 2317 mansura
2208 2295 2281 2317 esse

1291 2337 1407 2382 aliqua
1425 2333 1599 2369 Ecclesiae
1620 2335 1818 2368 domicilia.
1848 2347 1929 2371 nos,
1958 2346 2045 2379 quos
2069 2333 2280 2379 Respublica

1293 2389 1325 2420 in
1345 2386 1435 2419 lianc
1455 2386 1639 2420 stationem
1658 2386 1841 2418 collocarit
1857 2413 1864 2423 ,
1887 2393 1922 2418 ut
1944 2386 2060 2419 literas
2076 2394 2106 2420 et
2124 2385 2282 2430 discipli-

1292 2451 1353 2471 nas
1378 2438 1481 2471 utiles
1505 2437 1595 2469 vitae
1620 2448 1885 2472 conservemus,
1922 2444 1950 2469 et
1979 2438 2020 2469 ad
2044 2437 2280 2480 posteritatem

1292 2488 1587 2524 transmittamus.
1616 2501 1688 2520 non
1706 2488 1912 2521 abiiciamus
1930 2487 2042 2520 studia
2059 2495 2196 2525 nostra,
2223 2491 2281 2522 sed

1292 2540 1487 2573 doctrinam
1513 2539 1603 2571 xitae
1629 2539 1875 2572 necessariam.
1902 2545 2072 2582 qnantum
2091 2539 2285 2582 possumus,

1293 2603 1532 2636 propagemus.
1590 2590 1667 2623 Non
1693 2590 1855 2626 Servius,
1881 2601 1950 2621 non
1977 2588 2184 2629 Trebatius,
2211 2603 2282 2625 non

1295 2643 1384 2677 l‘iso.
1415 2654 1484 2674 non
1502 2641 1639 2684 Capito,
1664 2653 1742 2674 cum
1761 2640 1917 2673 viderent
1936 2641 2058 2672 ardere
2076 2642 2197 2675 orbem
2215 2649 2283 2676 ter-

1294 2707 1410 2727 rarntn
1431 2693 1531 2725 bellis
1549 2693 1594 2725 cix
1607 2692 1728 2726 ilibus.
1759 2691 1875 2725 literas
1892 2691 2108 2726 deserebant.
2134 2693 2192 2726 sed
2211 2706 2284 2727 me-
