2338 2958
0 2619 2 2685 l

0 2722 1 2769 l

87 135 163 171 589

88 221 171 255 bani
196 217 388 254 Bacchum:
421 229 481 251 vos
503 217 655 252 Romani
683 231 768 263 pene
791 220 891 253 obliti
916 226 1072 252 veterum

87 282 281 310 sacrorum,
321 269 443 302 urbem
472 270 664 303 barbaricis
697 270 824 304 ritibus
852 270 1071 313 implevistis.

88 321 138 356 At
155 322 191 354 in
206 319 362 353 Ecclesia
379 326 496 353 nostra
513 327 615 353 sonat
635 332 704 353 una
723 328 754 353 et
773 322 892 354 eadem
909 319 1071 363 Evange-

88 373 128 405 lii
150 382 216 404 vox
241 382 259 402 a
278 370 399 413 primis
418 371 620 413 parentibus
645 377 809 414 perpetua
834 372 942 409 serie,
969 371 1070 404 certis

86 420 293 455 testimoniis
311 427 516 464 propagata:
537 428 569 454 ct
585 427 623 454 ut
639 421 837 454 testimonia
858 428 971 454 essent
987 421 1069 453 illu-

84 471 228 510 striora,
254 471 342 503 ritus
359 471 469 503 additi
489 478 569 505 suut
585 472 670 505 alias
687 472 764 511 alii,
791 472 850 516 qui
871 479 1066 514 temporum

84 521 250 555 articulos
283 521 537 562 discernerent,
579 529 610 554 et
640 529 805 565 tanquam
836 522 993 566 symbola
1025 523 1068 554 de

84 571 242 605 doctrina
276 578 485 614 spectatores
523 573 763 606 admonerent.
829 571 875 605 Et
911 572 1067 605 discendi

83 633 183 655 causa
202 621 354 655 instituti
373 628 454 655 sunt
471 622 667 666 frequentes
684 627 717 654 et
740 620 876 654 honesti
895 629 1012 655 coetus
1029 634 1067 655 ac

81 683 285 717 panegyres,
338 672 407 706 Sed
425 672 583 705 doctrina
598 672 665 705 fuit
684 684 753 704 una
770 673 959 717 eademque
977 684 1068 705 sem-

83 734 162 766 per,
193 735 297 767 quam
322 723 359 755 in
380 729 449 755 tam
471 722 600 755 crebris
627 734 744 755 rerum
776 719 1010 756 humanarum
1035 730 1068 757 et

81 773 241 806 omnium
266 773 490 816 imperiorum
515 773 788 813 mutationibus,
816 773 853 805 in
879 780 929 807 tot
954 774 1068 814 bellis,

83 824 348 863 vastationibus,
372 822 513 855 excidiis
529 823 633 856 etiam
652 835 769 856 earum
787 824 955 866 gentium,
979 836 1067 869 quae

82 874 298 917 praebebunt
324 871 515 915 hospitium
535 872 729 912 Ecclesiae,
757 875 884 907 deinde
907 875 944 907 in
962 875 1067 908 tantis

81 924 246 967 periculis
264 930 354 956 recte
376 923 601 957 sentientium
627 932 864 958 conservatam
889 937 960 959 esse
985 938 1067 969 pro-

80 974 176 1025 fectq
187 973 386 1006 mirandum
405 980 466 1007 est.

166 1040 304 1074 Deinde
322 1048 353 1074 et
370 1041 442 1084 ipsa
461 1042 644 1075 doctorum
663 1043 767 1075 series
785 1049 930 1076 testatur
946 1042 1066 1085 singu-

80 1092 152 1124 lare
172 1091 235 1125 Dei
254 1092 461 1124 beneficium
481 1104 570 1131 esse,
597 1090 701 1125 huius
720 1094 899 1126 doctrinae
925 1105 1066 1126 conser-

79 1143 268 1176 vationem.
323 1141 367 1175 Ut
392 1143 427 1173 in
451 1142 524 1174 acie
545 1143 704 1185 dispositi
724 1150 806 1176 sunt
823 1150 916 1177 certo
941 1144 1066 1176 ordine

80 1193 228 1232 milites,
255 1199 294 1226 ut
318 1193 355 1224 in
378 1192 582 1235 praeliando
607 1193 665 1225 alii
684 1194 761 1226 aliis
784 1195 990 1227 succedant:
1019 1194 1065 1227 ita

79 1243 116 1276 in
135 1241 289 1276 Ecclesia
313 1243 434 1275 divino
462 1243 609 1275 consilio
633 1244 791 1277 doctores
810 1251 843 1277 et
866 1251 967 1278 testes
985 1256 1065 1277 vera

79 1293 264 1326 autoritate
291 1293 440 1336 praediti
467 1293 544 1326 aliis
576 1301 824 1329 successerunt.
878 1294 1064 1328 Viventem

80 1342 195 1376 Adam
211 1344 398 1376 audierunt
415 1343 549 1387 aliquot
566 1344 689 1377 seculis
706 1342 803 1382 Seth,
830 1343 928 1378 Enos
945 1352 978 1378 et
994 1344 1067 1377 He-

80 1392 185 1427 noch.
240 1392 425 1426 Vix-entem
449 1391 546 1426 Enos
568 1395 704 1428 audivit
725 1392 847 1435 Noha,
875 1393 970 1428 hunc
988 1401 1066 1438 post

80 1443 252 1477 diluvium
276 1443 404 1488 posteri
429 1455 540 1476 annos
564 1451 735 1477 trecentos
759 1452 791 1478 et
810 1445 1065 1490 quinquaginta

79 1494 286 1534 audierunt,
319 1494 373 1526 cui
392 1493 473 1527 Sem
493 1495 584 1527 filius
611 1495 670 1538 qui
697 1495 870 1539 principes
892 1494 1066 1528 Ecclesiae

81 1551 161 1578 ante
195 1545 369 1577 diluvium
404 1551 437 1577 et
463 1552 578 1588 postea
605 1557 732 1577 novam
757 1557 874 1578 rerum
902 1552 1063 1578 naturam

81 1596 191 1634 vidit,
217 1593 558 1627 successit‘Abrahae
587 1595 760 1637 magister.
814 1594 902 1628 Nam
927 1603 960 1628 et
979 1596 1065 1628 vici-

80 1656 142 1678 nas
160 1646 257 1678 sedes
277 1642 492 1684 habuerunt,
518 1651 551 1678 et
567 1651 698 1678 veteres
716 1643 934 1678 Ebraeorum
954 1643 1065 1678 histo-

79 1696 152 1729 riae
176 1697 301 1728 docent
323 1694 403 1728 Sem
428 1695 533 1728 fuisse
559 1707 636 1727 eum
662 1695 886 1733 Pontificem,
921 1696 975 1729 cui
1001 1708 1066 1728 no-
1092 1709 1093 1720 ³

598 1745 668 1778 Nec
693 1747 842 1779 dubium
869 1753 918 1780 est
946 1744 1067 1789 laphet
1092 1753 1093 1783 ξ

80 1758 161 1779 men
189 1752 240 1779 est
265 1743 539 1780 Melchizedech.

81 1803 244 1840 paternae
269 1796 448 1828 doctrinae
471 1796 648 1828 custodem
676 1796 735 1828 diu
761 1797 878 1829 fuisse.
935 1796 1066 1829 Mansit

81 1847 188 1887 igitur
211 1846 344 1890 aliquot
370 1845 512 1882 seculis,
546 1846 648 1877 etiam
678 1846 713 1878 in
738 1846 868 1879 dissitis
892 1847 1064 1887 gentibus.

82 1895 256 1934 Ecclesia,
285 1895 346 1929 etsi
364 1895 531 1938 paulatim
558 1893 621 1927 hos
645 1896 828 1937 magistros
846 1897 947 1929 multi
969 1898 1066 1929 dese-

82 1953 246 1986 ruerunt,
279 1946 443 1990 venitque
461 1946 613 1979 deterior
628 1953 740 1986 aetas,
772 1958 839 1991 qua
865 1947 991 1990 passim
1010 1948 1066 1980 fu·-

81 2009 159 2041 gere
178 1998 309 2041 pudor,
337 2008 527 2041 verumque
544 1996 708 2040 fidesque.

182 2066 277 2108 Inque
294 2067 401 2095 horum
417 2067 531 2095 subiere
550 2068 647 2094 locum
668 2066 845 2106 fraudesque
868 2067 1001 2107 dolique,

184 2117 370 2158 Insidiaeque
389 2124 415 2146 et
431 2120 472 2146 vis
488 2125 515 2145 et
531 2128 614 2145 amor
628 2119 782 2146 sceleratus
801 2117 938 2146 habendi.

82 2181 211 2224 Magna
238 2190 287 2214 est
314 2180 447 2213 diaboli
477 2179 649 2222 potentia,
685 2180 883 2213 insidiantis
912 2178 1066 2213 humano
1092 2200 1093 2210 i

81 2232 211 2275 generi,
239 2242 361 2273 magna
380 2228 564 2262 hominum
582 2230 775 2263 iufirmitas.
831 2229 912 2263 ldeo
932 2243 1066 2275 semper

82 2288 190 2315 ruunt
209 2293 320 2314 mores
337 2281 372 2312 in
389 2281 553 2319 deterius,
581 2293 619 2312 ac
637 2281 765 2313 mirum
781 2288 829 2313 est
850 2281 885 2313 in
904 2280 1065 2315 Sodomis

82 2339 218 2366 tautum
243 2331 406 2364 exarsisse
428 2332 600 2371 furorem,
634 2343 712 2363 cuin
738 2328 908 2364 habereut
934 2332 1066 2365 vicinos

82 2384 240 2416 doctores
257 2381 337 2415 Sem
354 2388 386 2413 et
404 2378 594 2419 Abraham,
618 2394 655 2413 ar
673 2382 782 2413 civem
803 2380 906 2414 Loth.
953 2381 1066 2416 Testis

85 2434 154 2466 illis
185 2441 255 2465 erat
284 2431 409 2465 diluvii
434 2431 532 2471 Sem,
561 2429 739 2464 Abraham
768 2432 970 2465 liberaverat
999 2432 1065 2466 So-

82 2485 225 2516 domeos
242 2483 423 2526 prossiguto
442 2479 560 2513 hostili
580 2482 742 2515 exercitu.
785 2482 852 2515 Sed
872 2495 933 2514 nec
952 2494 1064 2515 exem-

83 2535 180 2577 plum
202 2533 346 2573 diluvii,
375 2544 436 2565 uec
461 2539 571 2564 metus
598 2532 747 2564 ullarum
768 2545 976 2575 poenarum,
1003 2545 1064 2567 nec

84 2583 251 2617 anteritas
277 2581 402 2616 horum
432 2583 606 2621 virorum,
645 2594 706 2614 nee
734 2583 897 2615 beneficia
925 2583 1064 2623 divina,

83 2645 171 2678 quae
197 2646 255 2676 per
273 2631 336 2665 hos
352 2633 567 2674 contigerant
589 2633 724 2664 flectere
747 2634 789 2665 ad
811 2633 970 2666 meliores
987 2646 1063 2667 mo-

84 2696 137 2717 res
155 2681 246 2717 hanc
269 2684 531 2717 multitudinem
554 2689 755 2727 potuerunt.
816 2683 883 2716 Sed
903 2685 1006 2717 redeo
1020 2685 1063 2718 ad

761 134 936 178 ‚DEcn
989 132 1062 168 DE
1095 130 1421 168 AMssssosto.

1091 2354 1094 2366 l

2036 139 2110 174 590

1127 224 1282 250 nostram
1306 217 1588 260 disputationem.
1642 219 1853 266 Quanquam
1878 222 2010 255 oblivio
2033 235 2113 256 coe-

1126 267 1220 300 lestis
1246 268 1424 300 doctrinae
1452 276 1527 310 post
1551 267 1673 303 Noliae
1697 272 1785 304 filios
1809 273 1901 306 inter
1925 280 2042 315 gentes
2059 285 2112 306 se-

1125 324 1202 350 cuta
1224 325 1292 358 est,
1318 324 1433 351 tamen
1458 320 1584 352 mansit
1601 319 1773 362 Ecclesia,
1801 330 1831 356 et
1849 323 2007 356 doctrina
2026 324 2110 355 sub-

1125 368 1206 400 inde
1224 375 1335 401 certos
1350 375 1451 401 testes
1467 376 1499 402 et
1519 372 1677 404 custodes
1695 370 1829 407 habuit.
1873 373 2108 407 Gravissimas

1124 430 1241 450 causas
1260 416 1384 451 habuit
1402 418 1482 451 Sem
1500 431 1561 451 cur
1577 422 1665 462 patri
1691 424 1860 456 crederet:
1888 421 1982 457 hunc
2007 423 2107 457 audi-

1123 469 1172 501 vit
1190 466 1369 501 Abraham
1383 495 1391 508 ,
1419 469 1517 501 cuius
1534 472 1661 512 posteri
1679 473 1892 514 doctrinam,
1920 481 1952 507 et
1968 486 2109 507 conser-

1123 526 1251 552 varunt
1285 525 1316 551 et
1351 518 1455 551 latius
1488 529 1699 562 sparserunt.
1754 523 1840 556 Nam
1875 522 1999 568 loseph
2033 536 2108 557 eam

1121 568 1302 614 Aegyptiis
1319 569 1474 609 tradidit,
1502 576 1619 613 postea
1638 584 1698 614 per
1713 572 1851 606 Moisen
1867 581 2030 608 renovata
2048 582 2108 616 est,

1122 632 1225 664 quam
1247 619 1364 659 losue,
1393 617 1542 653 Phinees
1559 628 1590 654 et
1606 622 1665 654 alii
1682 624 1878 657 audierunt.
1915 624 1960 658 Et
1977 625 2107 658 consti-

1121 677 1235 703 tutum
1259 677 1308 703 est
1333 670 1518 713 collegium
1544 670 1772 707 Sacerdotum
1791 676 1832 707 ad
1859 677 2022 708 tuendam
2042 677 2107 709 do-

1121 721 1267 754 ctrinam
1280 747 1288 761 ‚
1316 728 1349 753 et
1365 721 1447 753 iibri
1463 722 1547 754 certi
1563 725 1795 757 commendati
1813 733 1905 759 sunt.
1947 725 2105 759 Subinde

1121 778 1237 804 tamen
1263 771 1422 804 excitavit
1445 770 1538 804 Deus
1565 772 1814 808 instauratores
1837 776 2034 816 doctrinae,
2066 783 2106 810 ut

1121 821 1339 861 Samuelem,
1372 822 1471 854 cuius
1495 823 1673 857 auditores
1702 826 1796 858 suere
1819 824 1977 865 Nathan,
2013 825 2105 864 Gad,

1120 871 1246 907 David.
1281 871 1356 904 Hos
1372 873 1486 906 statim
1504 881 1640 907 secutus
1652 875 1759 908 Abias
1770 876 1952 910 Silonites:
1978 877 2105 909 deinde

1120 922 1235 964 Elias,
1266 921 1420 960 Eliseus,
1447 921 1584 962 Esaias,
1620 924 1800 967 Ieremias,
1827 926 2007 967 Ezechiel,
2034 927 2105 960 Da-

1120 974 1211 1013 niel,
1244 972 1394 1012 Esdras,
1432 971 1640 1015 Nehemias‚
1685 975 1910 1017 Machabaei,
1949 977 2105 1017 Simeon,

1119 1025 1266 1056 Ioannes
1288 1023 1442 1067 Baptista
1463 1036 1535 1056 non
1559 1025 1672 1068 longis
1691 1027 1884 1060 intervallis
1902 1028 1938 1060 in
1958 1029 2103 1060 eandem

1118 1074 1304 1108 stationem
1321 1081 1576 1114 successerunt,
1604 1074 1667 1109 hos
1681 1078 1789 1110 secuti
1805 1076 1978 1117 Christus,
2006 1077 2104 1121 Apo-

1119 1125 1198 1158 stoli
1231 1131 1264 1158 et
1298 1122 1425 1157 horum
1451 1125 1614 1169 discipuli
1639 1125 1872 1170 Evangelium
1901 1134 2104 1172 sparserunt

1120 1176 1211 1208 inter
1227 1182 1364 1217 gentes,
1390 1176 1525 1217 magnis
1543 1178 1800 1211 certaminibus.

1220 1225 1335 1258 Multa
1361 1232 1462 1265 sunt,
1496 1239 1583 1270 quae
1608 1229 1735 1260 bonam
1761 1235 1909 1261 mentem
1934 1229 2104 1262 delectare

1121 1283 1276 1319 possunt,
1303 1276 1330 1307 si
1347 1276 1470 1308 seriem
1489 1277 1683 1311 consideret
1701 1280 1882 1312 doctorum
1902 1286 2101 1312 nostrorum

1119 1327 1202 1358 inde
1230 1338 1340 1371 usque
1365 1326 1408 1358 ab
1426 1327 1537 1359 Adam
1565 1329 1607 1359 ad
1630 1327 1880 1372 Apostolorum
1899 1330 2103 1372 discipulos-

1118 1376 1276 1409 Primum
1312 1376 1525 1419 conspicitur
1555 1378 1621 1411 Dei
1651 1380 1869 1422 providentia
1900 1380 1936 1412 in
1971 1381 2102 1412 tuenda

1119 1427 1294 1463 doctrina,
1321 1426 1402 1471 qui,
1430 1427 1491 1460 etsi
1517 1440 1640 1471 magna
1666 1430 1701 1462 in
1721 1429 1825 1463 lsrael
1850 1437 1881 1463 et
1901 1430 2002 1470 luda,
2031 1429 2102 1463 Re-

1118 1488 1199 1519 gum
1216 1489 1254 1509 ac
1269 1476 1516 1516 sacerdotum,
1546 1485 1620 1511 tum
1639 1481 1859 1523 negligentia,
1887 1488 1960 1514 tum
1978 1480 2102 1524 impie-

1118 1534 1168 1560 tas
1194 1527 1277 1564 fuit,
1309 1534 1341 1560 et
1363 1538 1507 1569 magnae
1529 1529 1643 1562 clades
1670 1538 1828 1575 acceptae
1853 1538 1952 1572 sunt,
1987 1538 2102 1563 tamen

1119 1577 1324 1610 excellentes
1347 1578 1596 1619 gubernatores
1618 1580 1683 1623 piis
1698 1583 1847 1625 quadarn
1866 1582 2031 1615 continua
2050 1593 2103 1614 se-

1118 1628 1168 1660 rie
1185 1627 1293 1660 dedit.
1337 1626 1413 1659 Hoc
1432 1629 1536 1660 modo
1553 1641 1663 1675 usque
1684 1633 1725 1663 ad
1742 1632 1863 1665 mundi
1883 1632 1986 1664 finem
2005 1632 2103 1664 Deus

1119 1676 1310 1710 Ecclesiam
1330 1678 1586 1720 gubernaturus
1611 1688 1678 1721 est,
1702 1682 1737 1714 in
1755 1695 1821 1727 qua
1838 1683 1899 1715 etsi
1919 1689 2038 1721 erunt,
2065 1689 2104 1716 ut

1119 1728 1188 1760 iam
1224 1729 1379 1771 exempla
1407 1729 1538 1761 Ariana
1568 1730 1738 1772 vidimus,
1779 1733 1893 1775 magni
1922 1733 2104 1772 tumultus,

1120 1785 1236 1810 tamen
1256 1779 1351 1812 Deus
1369 1778 1506 1823 aliquos
1531 1781 1680 1813 subinde
1697 1783 1895 1816 defensores
1917 1790 1948 1815 et
1970 1783 2103 1816 instau—

1119 1835 1250 1860 ratores
1267 1840 1365 1860 verae
1381 1829 1559 1862 doctrinae
1578 1832 1752 1867 excitabit.
1798 1832 1935 1865 Deinde
1952 1834 2034 1878 quid
2054 1840 2104 1867 est

1120 1878 1324 1917 iucundius,
1358 1891 1461 1923 quam
1490 1880 1608 1914 videre
1633 1883 1733 1915 talem
1759 1883 1926 1917 Senatum
1948 1896 2103 1917 summo-

1119 1941 1197 1961 rum
1218 1929 1395 1969 virorum,
1423 1930 1482 1973 qui
1501 1929 1676 1965 Ecclesiae
1693 1934 1797 1966 duces
1815 1934 1967 1971 fuerunt,
1992 1941 2025 1967 et
2041 1946 2104 1966 an-

1120 1979 1353 2024 tecelluerunt
1370 1980 1431 2012 toti
1447 1982 1565 2022 generi
1584 1980 1738 2016 humano
1756 1984 1935 2027 sapientia,
1963 1984 2106 2025 iustitia,

1120 2029 1299 2069 doctrina,
1333 2031 1574 2072 magnitudine
1596 2033 1721 2073 animi,
1755 2035 1934 2068 sanctitate
1955 2046 2105 2076 morum,

1120 2079 1230 2121 gloria
1255 2091 1371 2111 rerum
1403 2089 1594 2123 gestarum,
1635 2084 1787 2128 (lenique
1813 2097 1873 2128 per
1897 2097 1984 2129 quos
2010 2086 2104 2118 viros

1120 2129 1215 2162 Deus
1237 2141 1272 2162 se
1296 2127 1451 2163 humano
1474 2133 1592 2174 generi
1616 2135 1797 2176 patefecit?
1850 2135 1953 2177 Quod
1973 2144 2105 2178 specta-

1120 2181 1238 2213 culum
1255 2181 1399 2223 cogitari
1424 2182 1613 2217 iucundius
1635 2191 1764 2227 potest,
1791 2197 1894 2230 quam
1913 2186 2031 2219 videre
2052 2193 2106 2220 ta-

1120 2231 1187 2263 lem
1204 2231 1364 2263 coetum?

1221 2280 1336 2322 Quam
1365 2288 1402 2314 tu
1425 2279 1511 2314 mihi
1535 2284 1656 2315 seriem
1679 2283 1887 2329 Symmache
1912 2293 2106 2320 vestrorum

1121 2332 1303 2364 doctorum
1326 2331 1471 2364 recitare
1498 2334 1616 2375 potes?
1657 2334 1813 2368 Mino'e‘m
1832 2337 1925 2369 dices
1945 2336 2036 2370 lovis
2054 2339 2106 2371 fa-

1120 2381 1319 2414 miliaritate
1337 2389 1368 2414 et
1387 2383 1563 2426 colloquio
1584 2396 1684 2416 usum
1703 2397 1814 2418 annos
1832 2399 1969 2421 novem.
2030 2387 2106 2421 Nu—

1118 2444 1208 2464 mam
1226 2431 1329 2464 etiam
1348 2433 1541 2465 recensebis
1559 2431 1704 2476 Egeriae
1723 2435 1868 2470 monitis
1888 2437 1979 2480 leges
2002 2445 2034 2471 et
2051 2451 2105 2471 ce-

1119 2482 1293 2515 remonias
1312 2490 1577 2525 proponentem.
1628 2482 1703 2517 Etsi
1729 2493 1810 2519 sunt
1829 2487 1979 2521 absurda
1998 2501 2105 2532 quae-

1117 2533 1196 2565 dam
1215 2532 1249 2563 in
1261 2531 1406 2565 Graecis
1422 2533 1565 2575 legibus,
1589 2536 1790 2577 praesertim
1809 2537 1852 2569 de
1869 2539 2056 2571 connubiis
2073 2545 2106 2571 et

1116 2582 1297 2622 sodalitiis,
1315 2590 1429 2616 tamen
1446 2584 1622 2617 adsentior
1639 2585 1743 2619 fuisse
1757 2587 1942 2631 aliquoties
1960 2599 2103 2630 magnos

1116 2634 1379 2675 gubernatores,
1405 2634 1464 2677 qui
1482 2635 1600 2668 civiles
1619 2647 1731 2669 mores
1748 2639 2037 2675 emendaverunt,
2065 2649 2104 2669 ac

1117 2683 1337 2728 disciplinam
1357 2685 1399 2716 ad
1419 2691 1561 2718 naturae
1580 2685 1688 2728 leges,
1717 2695 1886 2731 quantum
1913 2694 2104 2730 potuerunt
