2338 2958
230 140 303 177 283

229 222 453 261 Aristotelem
478 217 664 264 praecipue
687 210 863 257 sequitur,
904 215 937 243 et
965 218 1073 242 unam
1102 216 1216 251 quan-

230 278 309 311 dam
329 273 521 318 simplicem
549 280 586 302 ac
600 264 746 300 minime
772 258 997 306 sophisticam
1021 256 1216 292 doctrinam

232 327 377 371 expetit,
405 321 583 356 interdum
599 323 632 350 et
650 317 693 349 ab
709 313 786 348 aliis
803 311 986 346 autoribus
999 319 1135 342 sumere
1153 306 1219 340 ali-

232 379 316 424 quid
347 379 469 420 potest.
530 369 578 404 Ut
602 367 697 401 enim
725 364 851 399 Musae
874 373 954 396 cum
970 366 1074 394 cantu
1090 364 1220 392 certas-

232 436 308 463 sent
332 437 410 459 cum
436 420 640 459 Sirenibus,
676 427 801 461 easque
827 413 1012 452 vicissent,
1039 421 1079 443 ex
1095 407 1221 454 pennis

233 489 351 513 earum
371 483 518 508 coronas
536 470 604 504 sibi
621 469 797 507 fecerunt,
822 464 870 498 ita
889 470 922 497 et
941 463 979 496 in
997 459 1118 500 sectis,
1143 465 1178 492 et
1193 457 1221 490 si

233 542 302 563 uua
342 524 489 559 maxime
516 520 697 566 probanda
729 524 799 554 est,
833 523 950 549 tamen
981 512 1158 545 interdum
1183 520 1223 541 ex

233 580 311 613 aliis
331 575 464 620 aliquid
488 573 561 606 veri
586 573 832 613 decerpamus,
859 577 929 610 quo
947 570 1066 597 nostra
1082 567 1224 595 senten-

235 631 280 663 tia
298 634 455 662 ornetur.

335 703 405 738 Sed
423 703 465 735 de
485 710 609 744 genere
627 689 878 737 Philosophiae
901 696 935 723 et
958 694 1131 722 sectarum
1153 685 1223 718 dis-

233 755 382 791 crimine
420 752 504 785 alias
537 747 725 782 dicendum
760 742 837 777 erit.
896 737 992 774 Mihi
1030 738 1072 771 ad
1112 746 1226 769 mores

236 808 340 842 etiam
365 803 562 838 conducere
593 798 752 835 videtur,
787 793 915 836 eligere
947 796 1099 828 sectam,
1138 798 1227 832 quae

236 857 393 893 studium
411 852 539 887 habeat
554 861 627 883 non
646 844 806 884 rixandi,
834 843 893 877 sed
917 839 1150 885 inquirendae
1168 849 1228 869 ve-

237 908 366 945 ritatis,
400 903 528 938 deinde
557 911 646 945 quae
680 903 771 931 amet
802 894 1000 928 moderatas
1031 889 1229 934 opiniones,

237 971 310 994 non
327 962 442 1001 captet
457 954 599 998 plausus
618 950 860 985 indoctorum,
895 941 1092 988 praestigiis
1107 939 1228 982 dispu-

237 1010 412 1046 tationum
438 1012 471 1039 et
495 1001 657 1037 absurdis
687 996 880 1032 sententiis.
940 992 1078 1026 Harum
1109 1001 1228 1024 rerum

240 1057 458 1096 consuetudo
477 1053 626 1100 pessima
641 1057 710 1090 est,
734 1055 767 1082 et
783 1047 842 1093 qui
862 1056 937 1079 eam
957 1044 1001 1077 ad
1021 1053 1134 1076 sacras
1150 1040 1229 1075 lite-

239 1123 296 1146 ras
313 1110 482 1147 ass‘erunt,
507 1105 557 1138 ibi
574 1114 656 1136 vero
675 1101 834 1143 ingentes
852 1095 1022 1141 procellas
1037 1093 1141 1127 cient.
1183 1089 1230 1124 At

240 1161 326 1196 haec
350 1158 494 1203 simplex
516 1149 765 1196 Philosophia,
800 1149 843 1182 de
864 1158 932 1192 qua
956 1145 1052 1185 dico,
1077 1143 1231 1188 primum

241 1212 308 1247 hoc
322 1210 477 1245 studium
504 1205 627 1243 habet,
653 1214 698 1236 ne
720 1200 805 1246 quid
828 1199 978 1232 affirmet
993 1196 1068 1228 sine
1084 1195 1232 1228 demon-

242 1263 430 1300 stratione,
463 1259 508 1291 ita
539 1255 640 1289 facile
672 1252 814 1295 effugiet
837 1248 1006 1283 absurdas
1035 1245 1234 1289 opiniones,

242 1315 324 1360 quia
343 1310 407 1345 hae
424 1321 495 1343 non
514 1306 647 1341 habent
658 1299 994 1338 demonstrationes,
1021 1297 1078 1329 sed
1095 1302 1232 1330 tantum

243 1362 440 1411 praestigiis
463 1356 661 1403 sophisticis
683 1353 930 1387 defendentur.
987 1347 1171 1381 Postremo
1198 1345 1233 1377 in

242 1416 449 1450 universum
473 1414 617 1455 propter
647 1403 739 1438 banc
770 1412 910 1436 causam
941 1398 1046 1433 etiam
1061 1395 1235 1443 ‚conducit

242 1464 420 1501 Ecclesiae
443 1459 615 1496 eruditio,
652 1455 732 1501 quia
761 1451 894 1486 indocti
919 1455 999 1483 sunt
1019 1455 1053 1482 et
1069 1446 1235 1481 audacio-

245 1529 299 1551 res
319 1522 350 1550 et
378 1510 658 1556 negligentiores.
719 1503 891 1538 Doctrina
915 1501 1054 1533 frenum
1072 1497 1184 1531 iniicit
1203 1503 1236 1529 et

244 1569 287 1603 ad
303 1563 522 1609 diligentiam
543 1555 735 1593 assuefacit.
788 1553 904 1587 Multa
923 1550 1017 1584 enim
1033 1548 1179 1582 eruditis
1198 1547 1234 1579 iu

245 1624 398 1653 mentem
418 1613 585 1651 veniunt,
611 1619 700 1654 quae
717 1612 799 1639 sunt
821 1603 936 1636 vicina
956 1600 1008 1633 illi
1026 1611 1166 1637 causae,
1194 1599 1237 1630 (le

248 1681 316 1715 qua
346 1673 396 1700 est
419 1659 744 1709 pronunciandum:
779 1655 900 1687 vident
927 1663 1032 1698 quam
1063 1649 1163 1684 facile
1194 1648 1238 1682 sit

247 1719 319 1754 labi
344 1730 382 1751 ac
407 1714 539 1759 decipi,
573 1718 607 1744 et
632 1710 668 1743 in
693 1707 771 1741 aliis
795 1706 929 1739 artibus
953 1701 1135 1736 assuefacti
1157 1706 1239 1734 sunt

248 1771 292 1806 ad
311 1766 530 1815 quaerendos
555 1757 937 1802 fontes'negociorum,
967 1753 1010 1787 ad
1034 1751 1239 1797 explicanda

250 1822 310 1856 illa
335 1829 423 1865 quae
445 1816 611 1849 videntur
629 1812 778 1845 obstare.
839 1804 885 1840 Et
908 1805 1039 1838 abeunt
1062 1802 1176 1837 studia
1202 1801 1240 1834 in

248 1882 382 1910 mores,
409 1879 515 1913 quare
534 1863 617 1898 haec
642 1863 714 1907 ipsa
734 1857 937 1901 diligentia,
960 1866 1048 1901 quae
1067 1854 1104 1887 in
1122 1853 1241 1898 inqui-

250 1923 376 1958 sitione
399 1919 561 1964 ponitur,
592 1914 703 1958 gignit
725 1908 944 1944 modestiam.
996 1905 1109 1939 Porro
1130 1904 1242 1937 auda-

250 1974 301 2008 cia
328 1984 405 2005 cuin
435 1966 645 2012 negligentia
680 1962 888 1999 coniuncta,
923 1964 1094 2003 quantum
1121 1955 1243 1988 asserat

251 2023 418 2070 periculi,
457 2018 617 2053 omnium
643 2020 793 2048 actatum
819 2009 973 2053 exempla
1007 2008 1044 2040 in
1077 2005 1243 2040 omnibus

252 2073 453 2109 civitatibus
474 2077 507 2103 et
532 2069 568 2101 in
595 2068 667 2111 ipsa
685 2062 841 2098 Ecclesia
859 2060 1067 2099 ostendunt,
1094 2068 1183 2103 quae
1200 2056 1243 2089 ab

255 2124 405 2159 indoctis
422 2130 548 2156 temere
565 2116 767 2154 ruentibus,
792 2120 824 2146 et
840 2118 940 2145 autea
958 2121 1058 2154 saepe
1075 2109 1244 2142 dilacera-

256 2185 287 2210 ta
306 2182 354 2208 est
368 2202 376 2213 ,
404 2180 435 2206 ct
455 2170 519 2204 hoc
540 2178 696 2213 ternpore
714 2163 902 2199 crudeliter
921 2161 1142 2194 dilaceratur.

358 2251 477 2295 ltaque
504 2260 583 2286 vos,
613 2244 737 2288 optimi
765 2242 962 2281 auditores,
996 2239 1151 2284 primum
1184 2237 1246 2269 ad-

257 2305 400 2341 hortor,
438 2309 473 2334 ut
500 2297 656 2338 cogitetis
682 2295 795 2328 studia
827 2300 939 2326 vestra
964 2303 1043 2323 vere
1069 2290 1110 2322 ad
1138 2287 1246 2322 Reiu-

255 2356 339 2401 pul),
359 2361 390 2386 et
411 2351 598 2385 Ecclesiam
626 2347 816 2391 pertinere,
845 2356 925 2376 uani
945 2341 1125 2375 doctrinae
1150 2338 1245 2383 puri-

257 2416 306 2441 tas
341 2412 371 2437 et
401 2401 606 2437 concordia,
642 2399 786 2430 salutem
815 2403 846 2429 et
880 2392 1103 2427 concordiam
1132 2388 1247 2423 homi-

258 2469 362 2493 num,
396 2467 430 2486 ar
459 2451 642 2496 prae-cipue
672 2446 844 2481 Ecclesiae
863 2450 1057 2478 conservat.
1111 2440 1248 2475 Deinde

260 2521 320 2541 xus
338 2512 478 2551 propter
498 2503 643 2542 gloriani
661 2498 724 2531 Dvi
737 2526 744 2536 ,
772 2510 874 2542 (plain
893 2491 1248 2528 :111t·=s‹=rre‹›=nnitms

259 2561 364 2593 reims
390 2556 573 2589 ‹lelna-uuus,
616 2551 742 2582 ‹lu-iud«—
777 2554 919 2592 propter
952 2544 1125 2579 Ecclesiae
1155 2542 1247 2575 salu-

261 2619 350 2647 ιριῃ,
379 2619 465 2651 qum*
490 2604 590 2636 nul-is
609 2603 707 2632 ‹lo-lwt
731 2612 801 2631 esse
828 2596 1048 2634 charissima,
1083 2595 1248 2628 obtestor,

261 2669 297 2694 ut
315 2658 374 2692 has
393 2657 540 2699 optimas
559 2652 778 2694 disi-ipliuas,
806 2661 890 2693 quas
916 2643 1144 2690 Philosophia
1165 2656 1247 2677 cou-

260 2713 364 2747 fiwt,
388 2705 644 2741 [nitzo-rimulas
662 2714 731 2733 csse
745 2700 921 2737 statuitis,
948 2706 979 2732 et
998 2699 1031 2730 in
1046 2709 1101 2730 eas
1116 2695 1248 2729 maiore

864 118 1023 158 DECL.
1055 116 1131 155 DE
1162 110 1583 152 PHILOSOPHIA.

2179 103 2253 140 2⁸4

1266 201 1382 237 studio
1403 196 1634 238 incumbatis,
1659 202 1699 230 ut
1717 195 1866 228 solidam
1885 192 2079 228 doctrinam
2099 189 2199 225 vobis
2221 196 2255 225 et

1266 254 1388 288 utilem
1406 249 1564 285 humano
1580 246 1701 291 generi
1717 245 1936 290 comparetis.
1987 241 2256 288 Epaminondas

1268 305 1517 346 interrogatus,
1542 299 1628 345 quid
1647 298 1679 331 ei
1704 297 1740 329 in
1757 297 1827 330 vita
1850 294 2144 329 iucundissimum
2163 291 2255 325 acci-

1270 356 1393 395 disset,
1425 350 1625 396 respondit:
1663 346 1750 381 Inde
1776 358 1811 380 se
1836 345 2024 378 maximam
2040 344 2255 388 voluptatem

1271 405 1419 450 cepisse,
1444 402 1539 448 quod
1556 400 1646 433 vivis
1662 397 1866 443 parentibus
1890 396 2069 429 liberasset
2089 393 2257 427 servitute

1273 455 1440 501 patriam,
1479 452 1580 486 victis
1622 448 1758 494 ingenti
1791 447 1923 492 praelio
1955 443 2258 479 Lacedaemoniis.

1273 507 1435 541 Testatus
1465 510 1515 538 est
1540 502 1633 536 enim
1655 508 1833 544 utrunque
1853 497 1920 531 sibi
1944 496 2132 529 maximam
2156 494 2258 527 volu-

1275 565 1402 602 ptatem
1440 554 1614 594 attulisse,
1657 550 1788 596 patriae
1816 549 1965 582 salutem
2006 553 2040 580 et
2073 551 2257 590 parentum

1276 608 1468 648 laeticiam,
1494 616 1597 650 quam
1614 603 1685 636 illis
1703 600 1877 635 attulisset
1894 598 1956 631 filii
1979 596 2123 630 victoris
2148 595 2261 628 virtus

1275 666 1308 692 et
1331 658 1453 702 gloria.
1516 653 1659 689 Utinam
1682 652 1730 686 sic
1754 662 1834 694 erga
1853 648 2046 683 Ecclesiam
2069 645 2186 681 affecti
2213 645 2262 678 si-

1277 721 1372 749 mus,
1397 715 1437 742 ut
1455 705 1544 740 hanc
1559 716 1731 739 summam
1754 703 1966 745 voluptatem
1993 699 2181 738 ducamus,
2208 695 2263 728 vi-

1276 761 1359 793 dere
1388 759 1571 792 florentem
1606 762 1641 789 et
1673 753 1901 798 tranquillam
1933 747 2143 788 Ecclesiam,
2175 758 2264 792 quae

1277 810 1394 844 verius
1417 816 1467 842 est
1488 806 1619 852 patria,
1647 816 1752 850 quam
1775 803 1863 836 illud
1882 801 2014 840 solum,
2043 799 2095 832 illi
2114 803 2265 843 penates,

1278 861 1339 907 qui
1354 872 1418 893 nos
1433 863 1646 901 exceperunt
1667 861 1858 892 nascenteS,
1873 859 1906 886 et
1924 859 2116 896 praestare,
2143 855 2181 882 ut
2195 846 2266 882 Ec-

1278 912 1400 949 clesia,
1426 908 1493 943 hoc
1515 915 1584 948 est,
1611 907 1775 940 coelestes
1791 903 1918 947 Angeli
1936 909 1969 936 et
1985 902 2172 935 universus
2187 911 2267 933 coe-

1278 970 1334 999 tus
1352 962 1493 1007 piorum
1507 987 1516 1000 ,
1543 970 1647 1004 quem
1665 963 1704 990 ut
1720 962 1879 1000 parentes
1896 952 2007 986 vereri
2025 958 2058 986 et
2075 962 2189 985 amare
2206 950 2269 984 de-

1280 1021 1351 1054 cet,
1374 1024 1414 1045 ex
1439 1010 1569 1045 nostris
1591 1007 1782 1042 benefactis
1805 1005 1955 1039 solidam
1979 1003 2194 1046 voluptatem
2212 1013 2269 1034 ca-

1280 1065 1391 1110 piant.
1456 1060 1612 1096 Econtra
1638 1058 1758 1092 nullos
1779 1056 1953 1090 cruciatus
1976 1053 2172 1087 acerbiores
2197 1062 2270 1085 esse

1281 1122 1492 1151 statuamus,
1519 1122 1625 1157 quam
1651 1109 1771 1142 videre
1796 1105 1989 1141 Ecclesiam
2012 1104 2216 1147 dissipatam
2237 1108 2273 1136 et

1282 1167 1425 1212 quidem
1447 1162 1578 1197 nostris
1601 1159 1856 1205 cupiditatibus
1875 1156 2050 1190 coniectos
2068 1153 2224 1197 Angelos
2239 1159 2273 1186 et

1283 1224 1420 1251 coetum
1444 1215 1584 1260 piorum
1607 1212 1643 1244 in
1660 1211 1792 1244 luctum
1812 1221 1850 1242 ac
1869 1207 2039 1241 dolorem.
2094 1204 2175 1239 Non
2193 1203 2274 1237 dico

1284 1267 1341 1302 hic
1365 1268 1408 1300 de
1432 1263 1614 1310 praemiis,
1642 1263 1740 1296 decet
1764 1260 1858 1294 enim
1878 1270 1941 1291 nos
1960 1257 2087 1290 virtute
2106 1255 2178 1300 ipsa
2196 1266 2275 1288 mo-

1285 1319 1377 1358 veri,
1404 1317 1535 1350 debent
1558 1314 1648 1359 apud
1675 1324 1738 1345 nos
1763 1311 1878 1344 valere
1894 1307 2070 1343 Ecclesiae
2095 1306 2221 1340 caritas
2240 1312 2275 1339 et

1285 1369 1375 1403 ratio
1399 1366 1527 1407 officii,
1554 1365 1650 1410 quod
1667 1362 1744 1397 Deo
1768 1361 1928 1395 debetur.
1980 1358 2048 1393 Sed
2067 1364 2183 1391 tamen
2202 1367 2277 1390 non

1285 1420 1448 1453 defutura
1480 1423 1561 1451 sunt
1594 1414 1698 1448 etiam
1730 1410 1884 1456 praemia
1917 1415 2009 1443 recte
2038 1407 2276 1447 discentibus;

1286 1470 1382 1504 Deus
1415 1468 1508 1502 enim
1541 1465 1676 1510 inquit:
1711 1461 1959 1496 Glorificantes
1985 1471 2040 1493 me
2062 1457 2279 1502 glorificabo,

1287 1519 1333 1555 Et
1358 1520 1385 1552 si
1405 1529 1525 1552 sumus
1543 1514 1756 1553 Christiani,
1784 1511 1849 1547 hac
1867 1524 1926 1556 spe
1944 1510 2098 1544 officium
2116 1515 2277 1543 nostrum

1287 1573 1399 1605 facere
1419 1570 1606 1607 debemus,
1633 1573 1671 1599 ut
1693 1564 1884 1599 sentiamus
1901 1573 1965 1595 nos
1981 1560 2057 1595 Deo
2077 1572 2180 1594 curae
2195 1570 2279 1600 esse,

1289 1634 1334 1656 ne
1354 1631 1515 1665 egeamus
1540 1629 1604 1651 nos
1629 1624 1662 1650 et
1685 1615 1787 1648 liberi
1806 1613 1930 1648 nostri.
1984 1611 2059 1645 lmo
2074 1612 2197 1645 scitote
2214 1623 2280 1644 no-

1290 1680 1359 1707 stra
1376 1683 1478 1706 causa
1491 1697 1499 1711 ,
1524 1680 1597 1702 non
1615 1667 1868 1713 Tyrannorum
1880 1689 1888 1703 ‚
1916 1676 1988 1697 non
2006 1674 2126 1696 eorum
2144 1662 2205 1707 qui
2223 1661 2281 1706 pia

1291 1723 1407 1759 studia
1422 1723 1596 1759 oderunt,
1622 1716 1712 1752 hanc
1727 1724 1834 1752 totam
1853 1727 1969 1749 rerum
1990 1721 2150 1747 naturam
2169 1724 2187 1746 a
2205 1711 2281 1746 Deo

1292 1773 1512 1813 conservari,
1539 1771 1649 1805 solem
1671 1769 1776 1806 oriri,
1802 1767 1937 1801 efficere
1961 1772 2159 1809 temporum
2176 1763 2283 1797 vicis-

1292 1825 1482 1864 situdines,
1508 1829 1546 1857 ut
1561 1821 1632 1865 agri
1650 1821 1731 1853 liant
1750 1817 1925 1852 foecundi.
1980 1814 2090 1850 Recte
2105 1812 2172 1848 hoc
2188 1813 2283 1848 Stoi-

1294 1878 1344 1918 ci,
1371 1875 1504 1910 Omnia
1520 1885 1592 1907 esse
1608 1870 1692 1911 Dei3
1722 1866 1957 1913 Philosophus
1975 1873 2089 1899 autem
2106 1877 2178 1899 esse
2196 1864 2285 1898 ami-

1295 1941 1352 1961 cos
1377 1925 1459 1960 Dei:
1488 1936 1595 1970 quare
1615 1922 1733 1955 omnia
1752 1921 1856 1954 etiam
1874 1926 1954 1952 suut
1973 1913 2285 1962 Philosophorum.

1298 1979 1418 2023 ltaque
1443 1975 1576 2020 ingenti
1601 1973 1721 2007 animo
1739 1969 1823 2005 haec
1841 1970 1955 2004 studia
1973 1969 2155 2001 literarum
2172 1973 2206 2000 et
2223 1967 2285 2000 de-

1297 2031 1496 2065 fendamus,
1521 2033 1553 2060 et
1578 2026 1613 2058 in
1637 2022 1702 2057 hac
1725 2022 1874 2057 statione
1901 2019 2072 2054 divinitus
2097 2018 2287 2051 collocatos

1298 2093 1361 2114 nus
1383 2091 1454 2113 esse
1477 2077 1691 2115 iudicemus,
1718 2084 1864 2118 eamque
1888 2072 1933 2105 ob
1950 2081 2088 2105 causam
2107 2076 2138 2103 et
2155 2068 2288 2102 maiore

1298 2144 1379 2165 cura
1407 2130 1575 2163 faciamus
1592 2126 1765 2162 osticium,
1792 2131 1825 2158 et
1843 2122 1953 2156 nostri
1980 2120 2111 2155 laboris
2133 2118 2289 2164 praemia

1298 2196 1315 2217 a
1333 2182 1405 2216 Deo
1423 2187 1652 2225 expectemus,
1704 2175 1797 2210 Dixi.

1504 2468 1663 2526 Praef.
1697 2471 1742 2510 in
1772 2466 2100 2508 arithmeticen.

1378 2564 1456 2595 Apud
1478 2563 1551 2588 (leat.
1576 2560 1644 2594 Myl.
1666 2569 1690 2593 p.
1713 2559 1772 2583 ⁴⁸21.
1811 2557 1839 2582 ln
1858 2555 2007 2581 tit-clami.
2023 2555 2055 2581 Τ.
2073 2553 2092 2578 Ι.
2107 2562 2131 2587 p.
2148 2553 2225 2587 88⁶..
2246 2553 2290 2579 ubi

1404 2599 1580 2624 imm-imme.-
1609 2595 1665 2626 „do-
1689 2593 1802 2619 utilitate
1826 2590 2006 2615 arithmetico
2031 2589 2143 2614 oratio.''
2182 2589 2209 2614 ln
2227 2589 2290 2614 Ser·

1409 2639 1472 2658 veit.
1489 2633 1522 2657 T.
1538 2634 1557 2658 1.
1574 2640 1598 2662 p.
1612 2630 1687 2657 55⁴..
1721 2626 1838 2654 theb-ut
1861 2625 1893 2650 T.
1913 2624 1929 2649 1.
1950 2634 1973 2657 p.
1994 2623 2052 2649 ³⁸2.
2090 2625 2139 2657 Ap.
2161 2625 2233 2649 Cen,
2248 2632 2290 2649 η.

1405 2674 1445 2694 cle
1463 2667 1617 2693 inscribatur
