2338 2958
71 117 146 154 553

71 213 133 236 nes
149 202 186 235 in
201 200 347 245 speciem
364 199 563 243 probabiles
574 227 584 241 ,
607 200 644 233 in
669 198 902 234 humanarum
926 199 1054 233 volun-

70 259 178 288 tatum
195 249 410 289 actionibus,
438 261 526 294 quae
544 262 604 283 sua
621 257 746 284 natura
765 252 954 284 admodum
973 255 1054 283 sunt

71 301 254 341 flexibiles,
281 306 314 333 et
339 307 482 344 propter
503 301 705 335 varietatem
729 313 911 334 causarum
936 307 970 334 et
985 300 1054 333 cir-

69 351 346 386 cunstantiarum
361 350 485 393 agitari
503 351 598 384 varie
617 357 774 395 possunt.

450 111 612 149 DECL.
653 113 726 149 DE
758 112 1112 160 AEQUITATE
1146 112 1218 148 ET
1255 113 1404 150 tURE
1437 115 1716 154 STRICTO.

1077 338 1081 356 t

167 400 287 443 Quare
310 401 486 433 laudanda
520 409 569 435 est
594 399 866 434 Atheniensium
891 400 1054 444 gravitas,
1077 437 1080 443 Δ

66 451 126 497 qui
146 451 220 494 lege
236 451 510 490 constituerunt,
539 459 578 485 ut
593 452 671 485 lecti
691 452 822 485 iudices
841 451 996 484 iurarent
1019 462 1054 483 se

65 502 360 546 pronunciaturos
377 513 449 534 esse
466 502 559 535 iuxta
577 503 685 545 leges,
713 499 778 534 hoc
795 508 841 534 est
854 528 863 542 ‚
889 513 960 534 non
980 501 1054 544 pri·
1077 519 1080 540 4

65 558 143 586 vato
161 553 308 585 arbitrio
321 579 330 591 ‚
357 564 429 585 non
447 553 687 586 commenticia
703 553 820 597 aliqua
843 552 956 594 legum
977 563 1054 583 mo-

65 602 256 637 deratione.
312 600 536 645 Experientia
565 602 684 636 docuit
708 603 813 635 vitam
849 613 922 634 non
953 613 1052 645 posse

64 664 179 686 carere
196 653 324 696 scripto
345 653 437 693 iure,
459 654 517 685 sed
538 663 598 685 vos
616 664 688 685 non
706 653 818 685 solum
838 652 1053 696 experientia

63 703 293 744 moveamini,
330 704 388 736 sed
424 703 534 735 multo
562 703 672 746 magis
709 703 890 736 voluntate
917 703 1052 736 divina:

62 751 158 786 Deus
182 754 256 786 vult
280 754 408 796 scripto
434 753 509 784 iure
538 752 644 785 vitam
669 754 758 797 regi,
791 766 809 786 a
838 765 907 798 quo
929 753 1053 786 silicet

64 804 241 837 discedere
266 804 401 847 privato
433 803 598 841 arbitrio,
635 804 721 836 levis
746 804 811 837 erit
839 805 892 836 ius
919 804 1053 837 autori-

63 860 134 894 tas,
161 861 194 887 et
216 861 383 898 quantum
402 853 437 885 in
457 854 614 897 exemplo
638 854 719 887 mali
738 862 798 889 est.
852 852 988 887 Deinde
1006 854 1053 888 ita

63 904 195 941 sentio,
223 910 262 937 ut
278 902 499 946 Magistratui
517 904 669 937 officium
693 912 783 938 recte
802 905 942 938 facienti
959 904 1053 938 Deus
1078 919 1079 931 ι

61 965 126 987 nos
150 965 269 997 parere
299 954 414 993 iussit,
452 954 498 987 ita
525 955 639 997 legum
667 955 742 988 voci
770 957 963 999 parendum
991 961 1053 990 est.

62 1002 192 1037 Melius
209 1004 316 1046 igitur
335 1002 527 1038 Architecti
549 1006 728 1039 dixerunt:
767 1005 869 1048 Lapis
889 1006 930 1038 ad
949 1017 1052 1048 regu—

60 1054 148 1094 lam,
175 1067 247 1087 non
274 1055 392 1095 regula
419 1056 461 1088 ad
484 1055 634 1099 lapidem
659 1057 957 1089 accommodanda
985 1065 1051 1089 est:

59 1104 95 1137 id
116 1106 224 1147 magis
247 1106 466 1148 probandum
487 1112 556 1145 est,
585 1118 689 1150 quain
713 1107 804 1151 quod
827 1108 870 1139 de
888 1107 1051 1150 plumbea

60 1156 178 1198 regula
198 1156 284 1188 dixit
298 1155 511 1189 Aristoteles.
556 1155 664 1189 Recte
682 1157 788 1200 igitur
805 1164 917 1189 textus
934 1164 1052 1189 noster

60 1205 96 1238 in
115 1206 188 1249 lege
206 1205 361 1247 Placuit,
396 1207 492 1239 iubet
521 1206 683 1250 scriptam
709 1208 917 1251 aequitatem
945 1207 1051 1252 sequi.

61 1254 171 1301 quue
195 1268 330 1299 semper
354 1256 603 1301 aequissimum
629 1269 700 1289 esse
718 1265 928 1297 statuamus,
957 1259 1049 1302 quod
1076 1267 1078 1304 J

60 1307 98 1339 in
136 1307 210 1349 lege
245 1307 340 1350 graxi
374 1307 520 1339 consilio
560 1315 694 1350 recepta
730 1308 959 1341 constitutum
988 1315 1077 1343 esc]

59 1357 135 1390 Cur
151 1357 259 1399 igitur
273 1357 439 1390 discernit
457 1364 569 1390 textus
587 1357 644 1390 ille
662 1359 824 1401 scriptam
840 1358 1049 1402 aequitatem

60 1420 78 1440 a
98 1407 173 1439 iure
186 1407 328 1445 stricto,
355 1408 447 1451 quod
468 1408 562 1439 aliud
583 1420 653 1439 non
673 1409 812 1441 videtur
829 1420 918 1446 esse,
946 1420 1049 1453 quam

59 1457 182 1501 scripti
208 1458 333 1497 verba,
370 1459 428 1490 sed
457 1469 519 1500 ego
543 1457 699 1490 strictum
730 1459 782 1490 ius
810 1456 875 1491 hoc
901 1459 976 1490 loco
995 1471 1050 1490 ca—

59 1507 272 1542 lumniosam
294 1507 617 1551 interpretationem
636 1508 806 1551 intelligo.
862 1508 980 1541 ludaei
1000 1515 1050 1541 te-

60 1559 191 1592 nebant
208 1559 313 1591 verba
336 1558 454 1601 scripti
474 1559 516 1590 de
535 1559 697 1596 sabbato,
723 1571 767 1591 ne
784 1559 906 1591 fierent
924 1570 1050 1601 operae

59 1609 212 1643 serviles.
272 1608 354 1641 ldeo
379 1608 415 1640 in
440 1608 582 1641 sabbato
609 1620 703 1641 nunc
722 1620 862 1653 quoque
883 1609 969 1641 adeo
991 1620 1049 1642 su-

57 1659 295 1704 perstitiosum
314 1665 363 1691 est
379 1658 503 1695 otium,
531 1665 569 1691 ut
586 1671 657 1691 non
676 1659 789 1692 solum
807 1671 880 1692 non
895 1666 1050 1704 coquant

58 1722 98 1743 eo
113 1710 186 1749 die,
216 1720 287 1742 non
305 1710 495 1742 accendant
511 1709 607 1752 ignes
624 1709 660 1741 in
677 1710 900 1750 fornacibus,
926 1710 983 1742 sed
1005 1722 1048 1742 ne

58 1761 200 1806 quidem
229 1751 349 1792 mneos
383 1760 571 1802 decerpant
602 1771 662 1792 sua
698 1772 807 1793 manu
848 1771 866 1792 a
900 1757 1048 1804 lychnis.

56 1810 206 1845 Causam
236 1810 359 1843 dicunt
397 1821 469 1842 non
500 1821 616 1842 rerum
648 1810 946 1853 magnitudinem,
989 1817 1046 1842 aut

58 1860 228 1905 parvitate
252 1860 465 1892 aestimanda
491 1871 563 1892 esse.
585 1857 668 1892 haec
694 1861 826 1900 officia,
853 1861 910 1892 sed
932 1859 1045 1902 legum

58 1910 187 1944 verbis.
260 1909 422 1953 Speciosa
449 1916 497 1942 est
525 1910 637 1943 oratio
659 1917 692 1942 et
714 1922 814 1954 saepe
839 1910 945 1942 valet:
988 1912 1044 1943 sed

58 1969 176 1996 tamen
209 1957 274 1993 hae
306 1961 494 1993 verborum
529 1960 726 2003 angustiae,
769 1973 839 1994 non
874 1973 953 1993 raro
986 1973 1047 2004 pa-

57 2012 155 2046 riunt
175 2011 345 2044 absurdas
369 2010 578 2049 sententias,
605 2017 639 2044 ct
659 2011 806 2044 rectiora
833 2011 944 2044 officia
962 2023 1046 2044 con-

57 2063 213 2097 turbant.
976 2059 987 2073 '

158 2112 248 2145 lllud
268 2111 376 2154 igitur
398 2111 525 2145 rectius
544 2117 609 2151 est,
636 2123 714 2144 cum
737 2110 911 2155 quaelibet
930 2111 982 2144 lex
1002 2113 1044 2144 (le

57 2175 129 2196 uno
155 2163 273 2207 aliquo
295 2174 374 2194 casu
408 2163 467 2206 qui
494 2162 689 2206 plerunque
717 2161 840 2194 accidit
868 2161 1044 2206 loquatur.

57 2212 127 2246 llic
142 2223 239 2245 casus
254 2211 289 2243 in
306 2213 599 2245 accommodanda
619 2213 690 2254 lege
707 2212 898 2244 intuendus
914 2219 981 2254 est,
1006 2219 1043 2246 ut

58 2263 103 2296 sit
126 2274 248 2295 norma
281 2261 620 2305 iuterprvtationum.
680 2261 751 2295 Lex
782 2274 871 2307 quae
904 2263 1042 2305 capitali

57 2313 229 2356 supplicio
253 2312 345 2344 fures
371 2312 492 2355 punit,
521 2312 682 2354 intelligit
709 2319 917 2355 grassatores
937 2320 968 2346 et
989 2313 1041 2345 in-

57 2364 256 2401 sidiatores,
290 2373 439 2406 quorum
465 2370 556 2396 aetas
581 2371 613 2396 et
639 2364 853 2396 consuetudo
873 2363 1040 2396 intuenda

56 2422 118 2450 est.
171 2412 251 2447 Alia
278 2424 330 2445 res
352 2419 419 2451 est,
455 2413 481 2445 si
513 2425 598 2456 puer
620 2415 777 2446 nondum
802 2413 884 2446 satis
910 2413 1042 2446 intelli-

57 2477 140 2509 gens
163 2469 334 2509 quantum
353 2463 399 2496 sit
423 2463 457 2495 in
485 2463 578 2495 furto
603 2464 851 2507 turpitudinis,
885 2463 1037 2497 alienum

57 2517 204 2560 quadam
231 2513 350 2547 aetatis
374 2513 524 2546 stulticia
548 2514 698 2554 auferat,
733 2521 792 2547 aut
815 2514 843 2546 si
867 2514 945 2558 quis
962 2527 1039 2548 mo-

58 2567 191 2606 destus,
222 2577 283 2609 per
311 2564 557 2607 negligentiam
592 2576 662 2597 non
688 2565 843 2598 reddidit
868 2565 1037 2599 alienum:

57 2617 100 2649 de
125 2613 180 2648 bis
196 2615 332 2648 casibus
351 2614 458 2657 legem
477 2627 547 2647 non
573 2614 668 2659 loqui
687 2622 957 2648 consentaneum
975 2623 1035 2650 est.

55 2665 156 2701 Esset
176 2665 283 2709 igitur
305 2665 462 2699 strictum
487 2665 541 2699 ius
560 2665 835 2707 calumniosum,
862 2665 964 2699 verba
981 2678 1036 2700 re—

2022 120 2094 158 554

1107 198 1196 231 ferre
1213 200 1253 231 ad
1273 211 1389 233 casum
1407 201 1560 235 alienum
1581 215 1598 235 a
1619 203 1804 247 principali
1829 206 2023 239 intentione
2043 206 2095 239 le-

1106 248 1170 290 gis.
1231 247 1317 283 Erat
1347 251 1384 282 in
1417 252 1490 294 lege
1516 252 1660 287 Sabbati
1691 256 1896 299 principalis
1927 257 2093 289 intentio:

1107 295 1302 332 Prohibere
1319 312 1442 343 operas
1466 304 1626 344 serviles,
1655 302 1720 338 hoc
1736 313 1802 344 est,
1830 307 2003 346 assiduas,
2032 308 2091 339 ab-

1106 349 1272 382 ducentes
1286 362 1304 382 a
1320 353 1526 385 ceremoniis
1543 354 1684 388 divinis.
1739 355 1799 389 Est
1818 357 1924 400 igitur
1934 357 2092 390 strictum

1107 399 1178 438 ius,
1206 400 1239 431 id
1255 407 1303 433 est
1320 401 1574 435 calumniosum
1587 431 1594 443 ,
1621 407 1802 449 complecti
1818 420 1915 441 casus
1929 415 2094 448 caeteros,

1106 449 1139 481 id
1159 456 1206 482 est
1225 451 1435 484 domesticae
1447 454 1658 487 necessitatis
1675 468 1813 498 operas,
1839 471 1926 503 quae
1941 471 2013 491 non
2031 459 2093 491 ab-

1105 500 1239 533 ducunt
1264 512 1282 532 a
1306 503 1524 537 ceremoniis.
1586 503 1704 549 ltaque
1735 515 1852 541 noster
1872 516 1983 542 textus
2014 520 2094 541 sen-

1105 550 1248 584 tentiam
1282 551 1403 584 utilem
1437 553 1546 594 vitae,
1587 556 1764 596 moribus,
1808 560 1883 600 paci
1922 559 2093 592 continet.

1104 598 1192 633 Cum
1223 601 1320 634 iubet
1349 602 1511 645 scriptam
1543 606 1749 649 aequitatem
1775 609 1890 652 sequi,
1930 607 2092 653 prohibet

1105 651 1307 696 tyrannides
1345 659 1377 685 et
1406 655 1607 696 potentibus
1637 657 1774 689 frenum
1808 658 1936 699 iniicit,
1975 672 2018 692 ne
2052 672 2091 692 ex

1105 701 1241 744 privato
1265 702 1411 735 arbitrio
1441 717 1494 736 res
1519 706 1686 742 iudicent.
1747 707 1840 741 Deus
1856 710 1948 741 enim
1967 710 2039 742 vult
2059 717 2093 743 et

1105 752 1198 795 ipsos
1217 754 1467 795 gubernatores
1483 757 1592 788 teneri
1613 757 1763 799 legibus,
1789 771 1860 791 non
1887 760 1961 796 vult
1978 772 2092 793 caecas

1105 815 1225 835 eorum
1249 804 1457 847 cupiditates
1483 807 1678 848 dominari,
1713 809 1788 841 vult
1812 810 1946 853 legibus
1962 810 2091 843 civium

1104 853 1231 893 vitam,
1259 866 1421 898 corpora,
1449 857 1625 897 fortunas,
1653 860 1831 892 connubia
1851 861 1984 893 nnmita
2009 873 2091 895 esse.

1104 903 1184 936 ‚Nou
1210 904 1315 946 igitur
1338 908 1546 939 sumendum
1572 916 1618 941 est
1645 921 1683 941 ex
1711 910 1934 943 facultatibus
1962 911 2091 943 civium

1105 962 1275 998 quantum
1307 956 1407 988 aulae
1437 965 1581 1000 possunt
1615 960 1845 1001 profundere,
1876 973 1947 994 non
1970 968 2091 995 contra

1104 1004 1267 1048 scriptam
1293 1006 1503 1050 aequitatem
1530 1009 1755 1043 saeviendum
1779 1011 1815 1043 in
1838 1023 2005 1055 corpora,
2033 1019 2093 1045 aut

1105 1055 1210 1087 vitam
1235 1057 1473 1090 modestorum
1506 1059 1647 1093 civium.
1710 1060 1830 1094 Cernit
1853 1060 1948 1095 Deus
1973 1062 2091 1095 omnia

1104 1104 1251 1145 vindex,
1280 1107 1339 1151 qui
1359 1114 1538 1149 potentum
1559 1110 1686 1143 ininsta
1701 1111 1854 1144 facinora
1871 1113 2004 1155 magnis
2023 1113 2093 1145 cla-

1103 1156 1207 1189 dibus
1220 1158 1344 1199 punire
1357 1158 1455 1191 solet.
1495 1158 1672 1203 Scriptum
1690 1169 1754 1194 cst:
1782 1161 1976 1205 Regnuina
1992 1171 2092 1206 gente

1104 1206 1138 1238 in
1159 1213 1296 1249 gentem
1322 1210 1545 1249 transfertur,
1574 1219 1715 1254 propter
1738 1212 1894 1247 iniurias.
1953 1212 2092 1247 Rursus

1103 1257 1205 1288 etiam
1241 1263 1354 1291 textus
1390 1266 1508 1292 noster
1533 1262 1685 1294 occurrit
1721 1263 1821 1295 alteri
1852 1264 1961 1303 malo,
1996 1265 2090 1308 quod

1103 1314 1282 1350 praetextu
1305 1309 1424 1352 scripti
1452 1317 1572 1343 contra
1598 1312 1765 1345 iustitiam
1792 1314 1890 1351 facit,
1928 1314 2091 1348 videlicet

1103 1354 1328 1400 sophisticae,
1356 1371 1415 1391 seu
1430 1360 1665 1394 calumniosae
1682 1363 1979 1406 interpretationi,
2009 1377 2090 1397 nam

1104 1407 1139 1439 in
1169 1414 1260 1440 textu
1286 1416 1405 1441 nostro
1434 1411 1590 1443 strictum
1620 1412 1672 1445 ius
1689 1415 1732 1446 de
1750 1414 1967 1447 calumnioso
1986 1415 2086 1447 intel—

1103 1457 1242 1500 ligitur,
1269 1471 1348 1491 cum
1376 1457 1440 1492 hoc
1465 1471 1602 1505 semper
1626 1471 1755 1506 pugnat
1779 1466 1905 1507 scripta
1923 1466 2091 1510 aequitas.

1102 1507 1182 1540 Non
1202 1515 1251 1540 est
1274 1516 1388 1541 autem
1417 1522 1534 1542 rarum
1554 1513 1672 1556 scripti
1693 1522 1868 1557 praetextu
1890 1516 2030 1557 ludere,
2057 1523 2091 1549 et

1101 1570 1140 1589 ex
1160 1557 1294 1599 legibus
1312 1559 1444 1602 optimo
1462 1567 1495 1593 et
1511 1561 1633 1594 divino
1649 1564 1796 1597 consilio
1814 1566 1964 1599 conditis
1981 1578 2018 1599 ac
2036 1578 2089 1599 re-

1101 1608 1208 1651 ceptis
1225 1607 1428 1642 Cothurnos
1446 1610 1574 1652 facere,
1599 1613 1658 1656 qni
1675 1625 1799 1657 magna
1824 1615 1971 1659 imperia
1989 1628 2088 1658 saepe

1099 1658 1252 1700 graviter
1277 1667 1538 1694 concusserunt.
1600 1661 1680 1695 Dixi
1707 1665 1750 1697 de
1782 1672 1877 1698 textu
1904 1667 1989 1710 legis
2009 1666 2090 1700 Pla-

1101 1709 1188 1749 cuit,
1215 1717 1385 1753 quantnm
1404 1707 1509 1743 huius
1527 1714 1693 1755 temporis
1706 1717 1863 1757 angustia
1880 1717 1955 1752 fert.
2007 1715 2090 1751 Esi-

1100 1771 1167 1802 que
1185 1770 1319 1792 summa
1337 1760 1385 1792 rei
1398 1785 1406 1797 ,
1434 1773 1471 1792 cx
1497 1763 1634 1805 scriptis
1651 1764 1786 1806 legibus
1805 1778 1858 1799 res
1886 1767 2089 1801 iudicandas

1100 1820 1190 1849 esse,
1219 1821 1282 1842 nec
1299 1811 1580 1852 concedendum,
1607 1821 1643 1846 ut
1661 1815 1806 1857 privatis
1824 1817 1995 1856 arbitriis,
2024 1819 2089 1850 fm-

1099 1866 1227 1902 gantur
1265 1861 1544 1900 moderationes,
1593 1865 1650 1896 sed
1688 1869 1910 1900 statuendum
1948 1868 1981 1901 id
2017 1880 2089 1901 esse

1099 1909 1368 1954 aequissimum,
1396 1913 1489 1955 quod
1510 1925 1589 1945 vere
1617 1916 1719 1948 sentit
1745 1916 1814 1956 lex,
1842 1930 1954 1962 neque
1971 1926 2087 1952 tamen

1099 1960 1315 1993 calumniose
1352 1961 1631 2006 interpretandas
1667 1977 1747 1999 esse.
1822 1967 1890 2000 lam
1929 1970 2088 2012 cogitate,

1098 2022 1202 2054 quam
1220 2010 1373 2043 difficilis
1391 2019 1421 2044 et
1440 2025 1563 2055 magna
1582 2026 1635 2047 res
1655 2016 1718 2054 sit,
1747 2017 1939 2061 simplicem
1959 2019 2087 2052 verita-

1098 2067 1166 2093 tem
1187 2061 1222 2092 in
1241 2067 1310 2094 tam
1333 2062 1547 2096 flexibilibus
1572 2066 1725 2099 materiis
1752 2069 1901 2101 retinere
1925 2077 1959 2103 et
1986 2071 2086 2103 tueri.

1097 2110 1176 2144 Sint
1201 2111 1307 2153 igitur
1336 2114 1496 2146 custodes
1531 2114 1615 2148 iuris
1646 2117 1798 2160 primum
1825 2119 1891 2152 viri
1914 2121 2018 2159 boni,
2054 2127 2086 2154 et

1096 2169 1250 2194 amantes
1267 2162 1422 2196 veritatis
1439 2171 1470 2196 et
1484 2164 1651 2206 iustitiam
1677 2167 1804 2200 deinde
1826 2170 1927 2202 etiam
1947 2171 2087 2211 cruditi,

1096 2211 1297 2254 vigilantes,
1337 2214 1524 2247 exercitati.
1587 2215 1676 2249 Nam
1713 2225 1742 2251 et
1777 2220 1858 2252 lnoni
1894 2221 2084 2265 aliquando

1095 2262 1207 2305 specie
1230 2263 1312 2296 recti
1339 2263 1518 2300 labuntur.
1575 2264 1655 2299 ldeo
1672 2269 1842 2302 acerrimo
1862 2271 1978 2304 studio
1995 2284 2083 2316 opus

1094 2319 1163 2351 est,
1188 2319 1226 2345 ut
1241 2313 1331 2346 intra
1352 2320 1458 2347 metas
1477 2321 1509 2348 et
1529 2323 1622 2359 septa
1641 2318 1796 2353 veritatis
1814 2321 1999 2364 opiniones
2019 2335 2084 2356 no-

1093 2370 1179 2395 stras
1197 2363 1428 2399 includamus.
1482 2364 1586 2407 Quod
1607 2368 1642 2400 in
1657 2367 1811 2412 Reipub.
1828 2372 2083 2413 gubernatione

1094 2425 1222 2446 munus
1246 2422 1364 2448 noster
1389 2416 1476 2448 ordo
1505 2417 1692 2457 sustineat,
1719 2432 1791 2453 non
1817 2428 1866 2456 est
1884 2424 2083 2463 obscurum,

1093 2464 1220 2496 nostris
1245 2465 1401 2497 consiliis
1425 2474 1456 2500 et
1482 2469 1664 2502 sententiis
1690 2470 1838 2510 iudicia,
1865 2473 2025 2513 foedera,
2050 2481 2082 2506 et

1092 2526 1179 2558 pene
1205 2515 1322 2548 omnia
1350 2515 1489 2549 vincula
1513 2518 1607 2560 pacis
1623 2520 1693 2561 regi
1712 2522 1837 2556 solent.
1897 2522 1933 2556 ld
1954 2534 2080 2556 munus

1092 2565 1193 2607 longe
1214 2565 1326 2598 maius
1353 2573 1419 2607 est,
1454 2579 1558 2611 quam
1582 2571 1636 2603 cui
1658 2568 1809 2606 hnmana
1832 2573 2000 2618 sapientia
2020 2585 2081 2615 par

1089 2627 1160 2649 esse
1191 2616 1316 2659 possit,
1349 2617 1407 2650 sed
1435 2615 1531 2651 Deus
1557 2619 1720 2655 facientes
1746 2623 1900 2657 adiuvat.
1965 2622 2080 2662 Fides,

1088 2666 1289 2709 diligentia,
1317 2667 1492 2710 studium,
1518 2670 1626 2703 animi
1648 2673 1839 2706 moderatio
1867 2685 1884 2706 a
1904 2673 2006 2706 nobis
2026 2685 2079 2706 re-
