<?xml version="1.0" encoding="UTF-8"?>
<!DOCTYPE html PUBLIC "-//W3C//DTD XHTML 1.0 Transitional//EN"
    "http://www.w3.org/TR/xhtml1/DTD/xhtml1-transitional.dtd">
<html xmlns="http://www.w3.org/1999/xhtml" xml:lang="en" lang="en">
 <head>
  <title>
</title>
<meta http-equiv="Content-Type" content="text/html;charset=utf-8" />
  <meta name='ocr-system' content='tesseract 3.04.00' />
  <meta name='ocr-capabilities' content='ocr_page ocr_carea ocr_par ocr_line ocrx_word'/>
</head>
<body>
  <div class='ocr_page' id='page_1' title='image "./operaquaesupersu11melauoft_0279.png"; bbox 0 0 2338 2958; ppageno 0'>
   <div class='ocr_carea' id='block_1_1' title="bbox 8 87 14 687">
    <p class='ocr_par' dir='ltr' id='par_1_1' title="bbox 8 87 14 687">
     <span class='ocr_line' id='line_1_1' title="bbox 8 87 14 687; baseline 0 0"><span class='ocrx_word' id='word_1_1' title='bbox 8 87 14 687; x_wconf 95' lang='lat' dir='ltr'> </span> 
     </span>
    </p>
   </div>
   <div class='ocr_carea' id='block_1_2' title="bbox 0 1747 11 2023">
    <p class='ocr_par' dir='ltr' id='par_1_2' title="bbox 0 1747 11 2023">
     <span class='ocr_line' id='line_1_2' title="bbox 0 1747 11 2023; baseline 0 935"><span class='ocrx_word' id='word_1_2' title='bbox 0 1747 11 2023; x_wconf 95' lang='lat' dir='ltr'> </span> 
     </span>
    </p>
   </div>
   <div class='ocr_carea' id='block_1_3' title="bbox 1 1786 8 2462">
    <p class='ocr_par' dir='ltr' id='par_1_3' title="bbox 1 1786 8 2462">
     <span class='ocr_line' id='line_1_3' title="bbox 1 1786 8 2462; baseline 0 0"><span class='ocrx_word' id='word_1_3' title='bbox 1 1786 8 2462; x_wconf 95' lang='lat' dir='ltr'> </span> 
     </span>
    </p>
   </div>
   <div class='ocr_carea' id='block_1_4' title="bbox 65 129 139 167">
    <p class='ocr_par' dir='ltr' id='par_1_4' title="bbox 65 129 139 167">
     <span class='ocr_line' id='line_1_4' title="bbox 65 129 139 167; baseline -0.014 0"><span class='ocrx_word' id='word_1_4' title='bbox 65 129 139 167; x_wconf 79' lang='lat'>541</span> 
     </span>
    </p>
   </div>
   <div class='ocr_carea' id='block_1_5' title="bbox 63 210 1064 2430">
    <p class='ocr_par' dir='ltr' id='par_1_5' title="bbox 63 210 1064 2430">
     <span class='ocr_line' id='line_1_5' title="bbox 66 210 1060 257; baseline -0.006 -7"><span class='ocrx_word' id='word_1_5' title='bbox 66 215 183 256; x_wconf 88' lang='lat' dir='ltr'>mina,</span> <span class='ocrx_word' id='word_1_6' title='bbox 209 211 358 248; x_wconf 88' lang='lat' dir='ltr'>summis</span> <span class='ocrx_word' id='word_1_7' title='bbox 370 212 614 257; x_wconf 86' lang='lat' dir='ltr'>prosequenda</span> <span class='ocrx_word' id='word_1_8' title='bbox 630 210 845 253; x_wconf 88' lang='lat' dir='ltr'>honoribus,</span> <span class='ocrx_word' id='word_1_9' title='bbox 873 210 908 246; x_wconf 96' lang='grc' dir='ltr'>Ο</span> <span class='ocrx_word' id='word_1_10' title='bbox 925 211 1060 246; x_wconf 91' lang='lat' dir='ltr'>suavis-</span> 
     </span>
     <span class='ocr_line' id='line_1_6' title="bbox 67 260 1060 309; baseline -0.005 -9"><span class='ocrx_word' id='word_1_11' title='bbox 67 267 176 301; x_wconf 85' lang='lat' dir='ltr'>simae</span> <span class='ocrx_word' id='word_1_12' title='bbox 201 262 455 307; x_wconf 82' lang='lat' dir='ltr'>discipulorum</span> <span class='ocrx_word' id='word_1_13' title='bbox 482 263 672 305; x_wconf 80' lang='lat' dir='ltr'><strong>ductrices,</strong></span> <span class='ocrx_word' id='word_1_14' title='bbox 697 276 785 309; x_wconf 90' lang='lat' dir='ltr'>quae</span> <span class='ocrx_word' id='word_1_15' title='bbox 809 260 901 296; x_wconf 88' lang='lat' dir='ltr'>nihil</span> <span class='ocrx_word' id='word_1_16' title='bbox 918 273 1060 307; x_wconf 86' lang='lat' dir='ltr'>prorsus</span> 
     </span>
     <span class='ocr_line' id='line_1_7' title="bbox 69 313 1059 358; baseline -0.004 -8"><span class='ocrx_word' id='word_1_17' title='bbox 69 317 107 350; x_wconf 89' lang='lat' dir='ltr'>in</span> <span class='ocrx_word' id='word_1_18' title='bbox 121 315 252 348; x_wconf 90' lang='lat' dir='ltr'>mundo</span> <span class='ocrx_word' id='word_1_19' title='bbox 270 313 409 356; x_wconf 76' lang='lat' dir='ltr'>aggredi</span> <span class='ocrx_word' id='word_1_20' title='bbox 428 314 636 349; x_wconf 81' lang='lat' dir='ltr'>formidatis,</span> <span class='ocrx_word' id='word_1_21' title='bbox 689 313 763 348; x_wconf 69' lang='lat' dir='ltr'>Vos</span> <span class='ocrx_word' id='word_1_22' title='bbox 781 322 894 350; x_wconf 89' lang='lat' dir='ltr'>terrae</span> <span class='ocrx_word' id='word_1_23' title='bbox 910 314 1059 358; x_wconf 87' lang='lat' dir='ltr'>profun-</span> 
     </span>
     <span class='ocr_line' id='line_1_8' title="bbox 67 363 1058 405; baseline -0.004 -5"><span class='ocrx_word' id='word_1_24' title='bbox 67 366 213 400; x_wconf 88' lang='lat' dir='ltr'>ditatem</span> <span class='ocrx_word' id='word_1_25' title='bbox 246 364 482 405; x_wconf 86' lang='lat' dir='ltr'>dimetimini‚</span> <span class='ocrx_word' id='word_1_26' title='bbox 519 376 581 398; x_wconf 90' lang='lat' dir='ltr'>vos</span> <span class='ocrx_word' id='word_1_27' title='bbox 613 365 790 399; x_wconf 91' lang='lat' dir='ltr'>coelorum</span> <span class='ocrx_word' id='word_1_28' title='bbox 824 363 1058 398; x_wconf 79' lang='lat' dir='ltr'>conscenditis</span> 
     </span>
     <span class='ocr_line' id='line_1_9' title="bbox 65 414 1059 459; baseline -0.003 -9"><span class='ocrx_word' id='word_1_29' title='bbox 65 415 213 459; x_wconf 81' lang='lat' dir='ltr'>fastigia.</span> <span class='ocrx_word' id='word_1_30' title='bbox 264 414 384 449; x_wconf 88' lang='lat' dir='ltr'>Solem</span> <span class='ocrx_word' id='word_1_31' title='bbox 401 415 531 448; x_wconf 89' lang='lat' dir='ltr'>centies</span> <span class='ocrx_word' id='word_1_32' title='bbox 547 416 699 459; x_wconf 82' lang='lat' dir='ltr'>sexagies</span> <span class='ocrx_word' id='word_1_33' title='bbox 715 416 822 449; x_wconf 84' lang='lat' dir='ltr'>sexies</span> <span class='ocrx_word' id='word_1_34' title='bbox 838 422 930 449; x_wconf 90' lang='lat' dir='ltr'>terra</span> <span class='ocrx_word' id='word_1_35' title='bbox 948 414 1059 448; x_wconf 90' lang='lat' dir='ltr'>maio-</span> 
     </span>
     <span class='ocr_line' id='line_1_10' title="bbox 64 465 1058 511; baseline -0.003 -11"><span class='ocrx_word' id='word_1_36' title='bbox 64 477 159 507; x_wconf 85' lang='lat' dir='ltr'>rem,</span> <span class='ocrx_word' id='word_1_37' title='bbox 192 465 331 499; x_wconf 89' lang='lat' dir='ltr'>Lunam</span> <span class='ocrx_word' id='word_1_38' title='bbox 366 472 482 499; x_wconf 88' lang='lat' dir='ltr'>autem</span> <span class='ocrx_word' id='word_1_39' title='bbox 508 466 793 511; x_wconf 84' lang='lat' dir='ltr'>quadragesimae</span> <span class='ocrx_word' id='word_1_40' title='bbox 825 466 915 510; x_wconf 89' lang='lat' dir='ltr'>parti</span> <span class='ocrx_word' id='word_1_41' title='bbox 946 472 1058 499; x_wconf 91' lang='lat' dir='ltr'>terrae</span> 
     </span>
     <span class='ocr_line' id='line_1_11' title="bbox 64 515 1058 562; baseline -0.003 -11"><span class='ocrx_word' id='word_1_42' title='bbox 64 528 154 562; x_wconf 90' lang='lat' dir='ltr'>pene</span> <span class='ocrx_word' id='word_1_43' title='bbox 169 516 351 561; x_wconf 90' lang='lat' dir='ltr'>aequalem</span> <span class='ocrx_word' id='word_1_44' title='bbox 367 517 626 551; x_wconf 85' lang='lat' dir='ltr'>demonstratis.</span> <span class='ocrx_word' id='word_1_45' title='bbox 677 516 800 551; x_wconf 84' lang='lat' dir='ltr'>Sidera</span> <span class='ocrx_word' id='word_1_46' title='bbox 816 523 939 550; x_wconf 89' lang='lat' dir='ltr'>cuncta</span> <span class='ocrx_word' id='word_1_47' title='bbox 956 515 1058 549; x_wconf 88' lang='lat' dir='ltr'>certis</span> 
     </span>
     <span class='ocr_line' id='line_1_12' title="bbox 64 567 1057 612; baseline -0.003 -10"><span class='ocrx_word' id='word_1_48' title='bbox 64 568 131 602; x_wconf 85' lang='lat' dir='ltr'>sub</span> <span class='ocrx_word' id='word_1_49' title='bbox 147 567 437 612; x_wconf 83' lang='lat' dir='ltr'>proportionibus</span> <span class='ocrx_word' id='word_1_50' title='bbox 463 568 507 600; x_wconf 90' lang='lat' dir='ltr'>ad</span> <span class='ocrx_word' id='word_1_51' title='bbox 531 574 643 601; x_wconf 88' lang='lat' dir='ltr'>terrae</span> <span class='ocrx_word' id='word_1_52' title='bbox 666 567 860 610; x_wconf 86' lang='lat' dir='ltr'>grossitiem</span> <span class='ocrx_word' id='word_1_53' title='bbox 877 577 1057 611; x_wconf 89' lang='lat' dir='ltr'>compara-</span> 
     </span>
     <span class='ocr_line' id='line_1_13' title="bbox 63 616 1055 662; baseline -0.002 -10"><span class='ocrx_word' id='word_1_54' title='bbox 63 618 118 653; x_wconf 79' lang='lat' dir='ltr'>tis.</span> <span class='ocrx_word' id='word_1_55' title='bbox 176 616 367 651; x_wconf 85' lang='lat' dir='ltr'>Coelorum</span> <span class='ocrx_word' id='word_1_56' title='bbox 391 617 635 662; x_wconf 91' lang='lat' dir='ltr'>spissitudines</span> <span class='ocrx_word' id='word_1_57' title='bbox 650 617 874 658; x_wconf 87' lang='lat' dir='ltr'>scrutamini,</span> <span class='ocrx_word' id='word_1_58' title='bbox 907 628 1055 650; x_wconf 86' lang='lat' dir='ltr'>massam</span> 
     </span>
     <span class='ocr_line' id='line_1_14' title="bbox 63 667 1059 713; baseline -0.003 -10"><span class='ocrx_word' id='word_1_59' title='bbox 63 668 154 703; x_wconf 79' lang='lat' dir='ltr'>fumi</span> <span class='ocrx_word' id='word_1_60' title='bbox 177 669 281 702; x_wconf 87' lang='lat' dir='ltr'>terrei</span> <span class='ocrx_word' id='word_1_61' title='bbox 308 668 345 702; x_wconf 86' lang='lat' dir='ltr'>in</span> <span class='ocrx_word' id='word_1_62' title='bbox 371 679 533 713; x_wconf 88' lang='lat' dir='ltr'>suprema</span> <span class='ocrx_word' id='word_1_63' title='bbox 551 668 661 702; x_wconf 74' lang='lat' dir='ltr'>ae&#39;eris</span> <span class='ocrx_word' id='word_1_64' title='bbox 678 668 821 711; x_wconf 88' lang='lat' dir='ltr'>regione</span> <span class='ocrx_word' id='word_1_65' title='bbox 838 667 1059 707; x_wconf 83' lang='lat' dir='ltr'>inflammati,</span> 
     </span>
     <span class='ocr_line' id='line_1_15' title="bbox 65 717 1058 765; baseline -0.001 -12"><span class='ocrx_word' id='word_1_66' title='bbox 65 731 172 765; x_wconf 89' lang='lat' dir='ltr'>quam</span> <span class='ocrx_word' id='word_1_67' title='bbox 194 726 322 753; x_wconf 81' lang='lat' dir='ltr'>vocant</span> <span class='ocrx_word' id='word_1_68' title='bbox 340 717 540 758; x_wconf 89' lang='lat' dir='ltr'>Cometam‚</span> <span class='ocrx_word' id='word_1_69' title='bbox 575 719 720 764; x_wconf 92' lang='lat' dir='ltr'>eiusque</span> <span class='ocrx_word' id='word_1_70' title='bbox 741 731 760 752; x_wconf 89' lang='lat' dir='ltr'>a</span> <span class='ocrx_word' id='word_1_71' title='bbox 784 725 876 752; x_wconf 91' lang='lat' dir='ltr'>terra</span> <span class='ocrx_word' id='word_1_72' title='bbox 891 719 1058 752; x_wconf 87' lang='lat' dir='ltr'>remotio-</span> 
     </span>
     <span class='ocr_line' id='line_1_16' title="bbox 63 768 1058 815; baseline -0.002 -12"><span class='ocrx_word' id='word_1_73' title='bbox 63 782 146 803; x_wconf 88' lang='lat' dir='ltr'>nem</span> <span class='ocrx_word' id='word_1_74' title='bbox 171 769 288 811; x_wconf 85' lang='lat' dir='ltr'>metiri</span> <span class='ocrx_word' id='word_1_75' title='bbox 312 768 540 813; x_wconf 84' lang='lat' dir='ltr'>pollicemini.</span> <span class='ocrx_word' id='word_1_76' title='bbox 603 768 704 812; x_wconf 90' lang='lat' dir='ltr'>Quos</span> <span class='ocrx_word' id='word_1_77' title='bbox 726 769 856 803; x_wconf 88' lang='lat' dir='ltr'>limites</span> <span class='ocrx_word' id='word_1_78' title='bbox 877 769 978 815; x_wconf 90' lang='lat' dir='ltr'>aquei</span> <span class='ocrx_word' id='word_1_79' title='bbox 997 781 1058 802; x_wconf 86' lang='lat' dir='ltr'>va-</span> 
     </span>
     <span class='ocr_line' id='line_1_17' title="bbox 64 819 1058 865; baseline -0.002 -11"><span class='ocrx_word' id='word_1_80' title='bbox 64 832 168 865; x_wconf 88' lang='lat' dir='ltr'>pores</span> <span class='ocrx_word' id='word_1_81' title='bbox 193 820 437 854; x_wconf 85' lang='lat' dir='ltr'>transcendere</span> <span class='ocrx_word' id='word_1_82' title='bbox 460 831 534 852; x_wconf 93' lang='lat' dir='ltr'>non</span> <span class='ocrx_word' id='word_1_83' title='bbox 557 819 693 859; x_wconf 82' lang='lat' dir='ltr'>ausint,</span> <span class='ocrx_word' id='word_1_84' title='bbox 728 820 938 854; x_wconf 81' lang='lat' dir='ltr'>mortalibus</span> <span class='ocrx_word' id='word_1_85' title='bbox 963 820 1058 853; x_wconf 89' lang='lat' dir='ltr'>indi-</span> 
     </span>
     <span class='ocr_line' id='line_1_18' title="bbox 65 869 1059 916; baseline -0.001 -11"><span class='ocrx_word' id='word_1_86' title='bbox 65 870 179 905; x_wconf 83' lang='lat' dir='ltr'>castis.</span> <span class='ocrx_word' id='word_1_87' title='bbox 232 869 331 904; x_wconf 88' lang='lat' dir='ltr'>Vane</span> <span class='ocrx_word' id='word_1_88' title='bbox 354 869 516 914; x_wconf 86' lang='lat' dir='ltr'>opinatos</span> <span class='ocrx_word' id='word_1_89' title='bbox 545 882 618 903; x_wconf 90' lang='lat' dir='ltr'>esse</span> <span class='ocrx_word' id='word_1_90' title='bbox 641 871 869 912; x_wconf 83' lang='lat' dir='ltr'>convincitis,</span> <span class='ocrx_word' id='word_1_91' title='bbox 895 871 956 916; x_wconf 90' lang='lat' dir='ltr'>qui</span> <span class='ocrx_word' id='word_1_92' title='bbox 975 869 1059 904; x_wconf 83' lang='lat' dir='ltr'>Ete-</span> 
     </span>
     <span class='ocr_line' id='line_1_19' title="bbox 65 920 1060 967; baseline -0.001 -12"><span class='ocrx_word' id='word_1_93' title='bbox 65 921 195 956; x_wconf 82' lang='lat' dir='ltr'>mentis</span> <span class='ocrx_word' id='word_1_94' title='bbox 222 920 427 954; x_wconf 88' lang='lat' dir='ltr'>continuam</span> <span class='ocrx_word' id='word_1_95' title='bbox 453 921 653 955; x_wconf 89' lang='lat' dir='ltr'>attribuunt</span> <span class='ocrx_word' id='word_1_96' title='bbox 681 922 1060 967; x_wconf 83' lang='lat' dir='ltr'>proportionalitatem,</span> 
     </span>
     <span class='ocr_line' id='line_1_20' title="bbox 65 971 1059 1016; baseline -0.001 -11"><span class='ocrx_word' id='word_1_97' title='bbox 65 982 182 1016; x_wconf 91' lang='lat' dir='ltr'>neque</span> <span class='ocrx_word' id='word_1_98' title='bbox 199 978 238 1005; x_wconf 91' lang='lat' dir='ltr'>ut</span> <span class='ocrx_word' id='word_1_99' title='bbox 257 971 295 1004; x_wconf 90' lang='lat' dir='ltr'>in</span> <span class='ocrx_word' id='word_1_100' title='bbox 313 972 460 1016; x_wconf 90' lang='lat' dir='ltr'>decupla</span> <span class='ocrx_word' id='word_1_101' title='bbox 479 972 710 1016; x_wconf 89' lang='lat' dir='ltr'>proportione</span> <span class='ocrx_word' id='word_1_102' title='bbox 725 984 797 1006; x_wconf 89' lang='lat' dir='ltr'>sese</span> <span class='ocrx_word' id='word_1_103' title='bbox 814 973 981 1006; x_wconf 86' lang='lat' dir='ltr'>excedant</span> <span class='ocrx_word' id='word_1_104' title='bbox 997 973 1059 1005; x_wconf 87' lang='lat' dir='ltr'>ad-</span> 
     </span>
     <span class='ocr_line' id='line_1_21' title="bbox 63 1021 1060 1068; baseline -0.001 -12"><span class='ocrx_word' id='word_1_105' title='bbox 63 1021 214 1056; x_wconf 84' lang='lat' dir='ltr'>mittitis.</span> <span class='ocrx_word' id='word_1_106' title='bbox 282 1021 381 1065; x_wconf 85' lang='lat' dir='ltr'>Quot</span> <span class='ocrx_word' id='word_1_107' title='bbox 418 1023 580 1055; x_wconf 87' lang='lat' dir='ltr'>maximis</span> <span class='ocrx_word' id='word_1_108' title='bbox 619 1024 794 1068; x_wconf 88' lang='lat' dir='ltr'>superiori</span> <span class='ocrx_word' id='word_1_109' title='bbox 830 1030 942 1057; x_wconf 88' lang='lat' dir='ltr'>aetate</span> <span class='ocrx_word' id='word_1_110' title='bbox 974 1022 1060 1055; x_wconf 89' lang='lat' dir='ltr'>viris</span> 
     </span>
     <span class='ocr_line' id='line_1_22' title="bbox 63 1073 1058 1118; baseline -0.001 -11"><span class='ocrx_word' id='word_1_111' title='bbox 63 1079 242 1107; x_wconf 86' lang='lat' dir='ltr'>aeternam</span> <span class='ocrx_word' id='word_1_112' title='bbox 275 1073 458 1117; x_wconf 88' lang='lat' dir='ltr'>peperistis</span> <span class='ocrx_word' id='word_1_113' title='bbox 485 1073 757 1108; x_wconf 82' lang='lat' dir='ltr'>claritudinem?</span> <span class='ocrx_word' id='word_1_114' title='bbox 806 1073 1058 1118; x_wconf 85' lang='lat' dir='ltr'>Hippocratem</span> 
     </span>
     <span class='ocr_line' id='line_1_23' title="bbox 63 1123 1059 1169; baseline -0.002 -11"><span class='ocrx_word' id='word_1_115' title='bbox 63 1135 183 1158; x_wconf 91' lang='lat' dir='ltr'>amore</span> <span class='ocrx_word' id='word_1_116' title='bbox 195 1130 310 1157; x_wconf 88' lang='lat' dir='ltr'>vestro</span> <span class='ocrx_word' id='word_1_117' title='bbox 327 1131 466 1168; x_wconf 89' lang='lat' dir='ltr'>captum</span> <span class='ocrx_word' id='word_1_118' title='bbox 478 1150 487 1164; x_wconf 94' lang='lat'>,</span> <span class='ocrx_word' id='word_1_119' title='bbox 514 1125 557 1157; x_wconf 89' lang='lat' dir='ltr'>ad</span> <span class='ocrx_word' id='word_1_120' title='bbox 570 1125 820 1169; x_wconf 88' lang='lat' dir='ltr'>quadraturam</span> <span class='ocrx_word' id='word_1_121' title='bbox 833 1124 956 1158; x_wconf 89' lang='lat' dir='ltr'>circuli</span> <span class='ocrx_word' id='word_1_122' title='bbox 974 1123 1059 1157; x_wconf 88' lang='lat' dir='ltr'>scri-</span> 
     </span>
     <span class='ocr_line' id='line_1_24' title="bbox 64 1174 1058 1219; baseline -0.002 -10"><span class='ocrx_word' id='word_1_123' title='bbox 64 1175 218 1209; x_wconf 86' lang='lat' dir='ltr'>bendam</span> <span class='ocrx_word' id='word_1_124' title='bbox 235 1174 436 1218; x_wconf 89' lang='lat' dir='ltr'>impulistis.</span> <span class='ocrx_word' id='word_1_125' title='bbox 491 1174 727 1215; x_wconf 80' lang='lat' dir='ltr'>Avicennam,</span> <span class='ocrx_word' id='word_1_126' title='bbox 755 1175 932 1219; x_wconf 83' lang='lat' dir='ltr'>egregium</span> <span class='ocrx_word' id='word_1_127' title='bbox 951 1176 994 1208; x_wconf 90' lang='lat' dir='ltr'>de</span> <span class='ocrx_word' id='word_1_128' title='bbox 1016 1175 1058 1207; x_wconf 91' lang='lat' dir='ltr'>li-</span> 
     </span>
     <span class='ocr_line' id='line_1_25' title="bbox 63 1225 1058 1270; baseline -0.002 -11"><span class='ocrx_word' id='word_1_129' title='bbox 63 1225 140 1259; x_wconf 90' lang='lat' dir='ltr'>neis</span> <span class='ocrx_word' id='word_1_130' title='bbox 158 1231 193 1259; x_wconf 86' lang='lat' dir='ltr'>et</span> <span class='ocrx_word' id='word_1_131' title='bbox 213 1225 371 1258; x_wconf 88' lang='lat' dir='ltr'>numeris</span> <span class='ocrx_word' id='word_1_132' title='bbox 395 1225 603 1268; x_wconf 87' lang='lat' dir='ltr'>scriptorem</span> <span class='ocrx_word' id='word_1_133' title='bbox 621 1226 828 1270; x_wconf 89' lang='lat' dir='ltr'>accepimus.</span> <span class='ocrx_word' id='word_1_134' title='bbox 881 1225 1058 1268; x_wconf 85' lang='lat' dir='ltr'>Quantam</span> 
     </span>
     <span class='ocr_line' id='line_1_26' title="bbox 63 1275 1059 1321; baseline -0.003 -11"><span class='ocrx_word' id='word_1_135' title='bbox 63 1275 213 1321; x_wconf 87' lang='lat' dir='ltr'>gloriam</span> <span class='ocrx_word' id='word_1_136' title='bbox 249 1281 506 1310; x_wconf 89' lang='lat' dir='ltr'>commentator</span> <span class='ocrx_word' id='word_1_137' title='bbox 537 1277 702 1321; x_wconf 90' lang='lat' dir='ltr'>adeptum</span> <span class='ocrx_word' id='word_1_138' title='bbox 734 1289 769 1310; x_wconf 92' lang='lat' dir='ltr'>se</span> <span class='ocrx_word' id='word_1_139' title='bbox 800 1277 997 1320; x_wconf 75' lang='lat' dir='ltr'>putaverit,</span> <span class='ocrx_word' id='word_1_140' title='bbox 1031 1275 1059 1308; x_wconf 90' lang='lat' dir='ltr'>si</span> 
     </span>
     <span class='ocr_line' id='line_1_27' title="bbox 64 1324 1060 1368; baseline -0.002 -7"><span class='ocrx_word' id='word_1_141' title='bbox 64 1324 331 1361; x_wconf 83' lang='lat' dir='ltr'>Astronomiam</span> <span class='ocrx_word' id='word_1_142' title='bbox 357 1326 616 1360; x_wconf 90' lang='lat' dir='ltr'>concentricam</span> <span class='ocrx_word' id='word_1_143' title='bbox 645 1328 865 1368; x_wconf 87' lang='lat' dir='ltr'>tradidisset,</span> <span class='ocrx_word' id='word_1_144' title='bbox 901 1328 1060 1360; x_wconf 87' lang='lat' dir='ltr'>testimo-</span> 
     </span>
     <span class='ocr_line' id='line_1_28' title="bbox 66 1377 1059 1422; baseline 0 -13"><span class='ocrx_word' id='word_1_145' title='bbox 66 1377 128 1412; x_wconf 88' lang='lat' dir='ltr'>nio</span> <span class='ocrx_word' id='word_1_146' title='bbox 152 1387 215 1409; x_wconf 89' lang='lat' dir='ltr'>suo</span> <span class='ocrx_word' id='word_1_147' title='bbox 239 1377 426 1415; x_wconf 86' lang='lat' dir='ltr'>docemur,</span> <span class='ocrx_word' id='word_1_148' title='bbox 455 1377 517 1422; x_wconf 91' lang='lat' dir='ltr'>qui</span> <span class='ocrx_word' id='word_1_149' title='bbox 540 1384 648 1411; x_wconf 90' lang='lat' dir='ltr'>totam</span> <span class='ocrx_word' id='word_1_150' title='bbox 669 1378 779 1411; x_wconf 86' lang='lat' dir='ltr'>ferme</span> <span class='ocrx_word' id='word_1_151' title='bbox 802 1384 949 1412; x_wconf 88' lang='lat' dir='ltr'>aetatem</span> <span class='ocrx_word' id='word_1_152' title='bbox 967 1377 1005 1409; x_wconf 91' lang='lat' dir='ltr'>in</span> <span class='ocrx_word' id='word_1_153' title='bbox 1021 1388 1059 1409; x_wconf 91' lang='lat' dir='ltr'>ea</span> 
     </span>
     <span class='ocr_line' id='line_1_29' title="bbox 66 1428 1060 1471; baseline -0.002 -10"><span class='ocrx_word' id='word_1_154' title='bbox 66 1439 105 1461; x_wconf 87' lang='lat' dir='ltr'>re</span> <span class='ocrx_word' id='word_1_155' title='bbox 130 1438 361 1465; x_wconf 76' lang='lat' dir='ltr'>consumenS,</span> <span class='ocrx_word' id='word_1_156' title='bbox 394 1428 593 1471; x_wconf 88' lang='lat' dir='ltr'>desperasse</span> <span class='ocrx_word' id='word_1_157' title='bbox 626 1429 767 1461; x_wconf 90' lang='lat' dir='ltr'>tandem</span> <span class='ocrx_word' id='word_1_158' title='bbox 798 1440 833 1461; x_wconf 88' lang='lat' dir='ltr'>se</span> <span class='ocrx_word' id='word_1_159' title='bbox 862 1428 1060 1461; x_wconf 81' lang='lat' dir='ltr'>confitetur.</span> 
     </span>
     <span class='ocr_line' id='line_1_30' title="bbox 66 1477 1060 1523; baseline -0.003 -11"><span class='ocrx_word' id='word_1_160' title='bbox 66 1477 195 1512; x_wconf 90' lang='lat' dir='ltr'>Nonne</span> <span class='ocrx_word' id='word_1_161' title='bbox 222 1477 457 1511; x_wconf 89' lang='lat' dir='ltr'>influentiales</span> <span class='ocrx_word' id='word_1_162' title='bbox 484 1478 671 1523; x_wconf 90' lang='lat' dir='ltr'>qualitates</span> <span class='ocrx_word' id='word_1_163' title='bbox 701 1479 881 1522; x_wconf 88' lang='lat' dir='ltr'>signorum</span> <span class='ocrx_word' id='word_1_164' title='bbox 903 1477 1060 1517; x_wconf 86' lang='lat' dir='ltr'>Zodiaci,</span> 
     </span>
     <span class='ocr_line' id='line_1_31' title="bbox 67 1525 1060 1569; baseline -0.004 -6"><span class='ocrx_word' id='word_1_165' title='bbox 67 1540 107 1563; x_wconf 89' lang='lat' dir='ltr'>ac</span> <span class='ocrx_word' id='word_1_166' title='bbox 130 1528 198 1562; x_wconf 89' lang='lat' dir='ltr'>alia</span> <span class='ocrx_word' id='word_1_167' title='bbox 223 1525 490 1569; x_wconf 87' lang='lat' dir='ltr'>Astronomica,</span> <span class='ocrx_word' id='word_1_168' title='bbox 525 1541 546 1561; x_wconf 93' lang='lat' dir='ltr'>o</span> <span class='ocrx_word' id='word_1_169' title='bbox 562 1527 710 1562; x_wconf 91' lang='lat' dir='ltr'>Domini</span> <span class='ocrx_word' id='word_1_170' title='bbox 732 1528 883 1569; x_wconf 87' lang='lat' dir='ltr'>Medici,</span> <span class='ocrx_word' id='word_1_171' title='bbox 909 1527 1060 1561; x_wconf 90' lang='lat' dir='ltr'>Parente</span> 
     </span>
     <span class='ocr_line' id='line_1_32' title="bbox 66 1577 1061 1624; baseline -0.002 -12"><span class='ocrx_word' id='word_1_172' title='bbox 66 1585 182 1613; x_wconf 90' lang='lat' dir='ltr'>vestro</span> <span class='ocrx_word' id='word_1_173' title='bbox 200 1577 415 1623; x_wconf 89' lang='lat' dir='ltr'>Hippocrate</span> <span class='ocrx_word' id='word_1_174' title='bbox 432 1579 670 1623; x_wconf 82' lang='lat' dir='ltr'>suscepimus?</span> <span class='ocrx_word' id='word_1_175' title='bbox 705 1579 805 1624; x_wconf 89' lang='lat' dir='ltr'>quasi</span> <span class='ocrx_word' id='word_1_176' title='bbox 823 1591 928 1612; x_wconf 90' lang='lat' dir='ltr'>nemo</span> <span class='ocrx_word' id='word_1_177' title='bbox 946 1579 1061 1612; x_wconf 86' lang='lat' dir='ltr'>bonus</span> 
     </span>
     <span class='ocr_line' id='line_1_33' title="bbox 66 1628 1061 1674; baseline -0.004 -10"><span class='ocrx_word' id='word_1_178' title='bbox 66 1628 230 1664; x_wconf 85' lang='lat' dir='ltr'>Medicus</span> <span class='ocrx_word' id='word_1_179' title='bbox 261 1630 408 1662; x_wconf 85' lang='lat' dir='ltr'>evadere</span> <span class='ocrx_word' id='word_1_180' title='bbox 437 1629 565 1673; x_wconf 86' lang='lat' dir='ltr'>possit,</span> <span class='ocrx_word' id='word_1_181' title='bbox 601 1629 670 1662; x_wconf 90' lang='lat' dir='ltr'>nisi</span> <span class='ocrx_word' id='word_1_182' title='bbox 712 1630 810 1674; x_wconf 86' lang='lat' dir='ltr'>prius</span> <span class='ocrx_word' id='word_1_183' title='bbox 838 1628 1061 1672; x_wconf 88' lang='lat' dir='ltr'>Astrologiae</span> 
     </span>
     <span class='ocr_line' id='line_1_34' title="bbox 66 1678 1060 1723; baseline -0.004 -8"><span class='ocrx_word' id='word_1_184' title='bbox 66 1679 251 1715; x_wconf 85' lang='lat' dir='ltr'>studuerit.</span> <span class='ocrx_word' id='word_1_185' title='bbox 312 1678 434 1723; x_wconf 90' lang='lat' dir='ltr'>Longe</span> <span class='ocrx_word' id='word_1_186' title='bbox 463 1691 481 1712; x_wconf 89' lang='lat' dir='ltr'>a</span> <span class='ocrx_word' id='word_1_187' title='bbox 507 1678 707 1714; x_wconf 86' lang='lat' dir='ltr'>Maioribus</span> <span class='ocrx_word' id='word_1_188' title='bbox 730 1681 854 1714; x_wconf 89' lang='lat' dir='ltr'>vestris</span> <span class='ocrx_word' id='word_1_189' title='bbox 876 1691 938 1713; x_wconf 76' lang='lat' dir='ltr'>vos</span> <span class='ocrx_word' id='word_1_190' title='bbox 956 1681 1060 1722; x_wconf 88' lang='lat' dir='ltr'>dege-</span> 
     </span>
     <span class='ocr_line' id='line_1_35' title="bbox 65 1729 1060 1775; baseline -0.004 -10"><span class='ocrx_word' id='word_1_191' title='bbox 65 1743 210 1772; x_wconf 87' lang='lat' dir='ltr'>nerare,</span> <span class='ocrx_word' id='word_1_192' title='bbox 234 1731 292 1763; x_wconf 88' lang='lat' dir='ltr'>sed</span> <span class='ocrx_word' id='word_1_193' title='bbox 310 1730 500 1775; x_wconf 89' lang='lat' dir='ltr'>reprimam</span> <span class='ocrx_word' id='word_1_194' title='bbox 523 1742 594 1763; x_wconf 91' lang='lat' dir='ltr'>me:</span> <span class='ocrx_word' id='word_1_195' title='bbox 623 1731 754 1764; x_wconf 91' lang='lat' dir='ltr'>multos</span> <span class='ocrx_word' id='word_1_196' title='bbox 778 1731 943 1775; x_wconf 87' lang='lat' dir='ltr'>deinceps</span> <span class='ocrx_word' id='word_1_197' title='bbox 967 1729 1060 1763; x_wconf 90' lang='lat' dir='ltr'>luris</span> 
     </span>
     <span class='ocr_line' id='line_1_36' title="bbox 65 1779 1061 1827; baseline -0.005 -10"><span class='ocrx_word' id='word_1_198' title='bbox 65 1782 251 1827; x_wconf 86' lang='lat' dir='ltr'>utriusque</span> <span class='ocrx_word' id='word_1_199' title='bbox 262 1780 481 1814; x_wconf 83' lang='lat' dir='ltr'>Professores</span> <span class='ocrx_word' id='word_1_200' title='bbox 496 1793 516 1814; x_wconf 93' lang='grc' dir='ltr'>ο</span> <span class='ocrx_word' id='word_1_201' title='bbox 526 1779 710 1826; x_wconf 89' lang='lat' dir='ltr'>Nymphae</span> <span class='ocrx_word' id='word_1_202' title='bbox 720 1782 926 1826; x_wconf 88' lang='lat' dir='ltr'>spectabiles</span> <span class='ocrx_word' id='word_1_203' title='bbox 942 1781 1061 1824; x_wconf 88' lang='lat' dir='ltr'>splen-</span> 
     </span>
     <span class='ocr_line' id='line_1_37' title="bbox 67 1829 1061 1873; baseline -0.003 -7"><span class='ocrx_word' id='word_1_204' title='bbox 67 1833 154 1870; x_wconf 89' lang='lat' dir='ltr'>dore</span> <span class='ocrx_word' id='word_1_205' title='bbox 174 1838 291 1865; x_wconf 80' lang='lat' dir='ltr'>vestro</span> <span class='ocrx_word' id='word_1_206' title='bbox 317 1831 489 1865; x_wconf 80' lang='lat' dir='ltr'>effecistis.</span> <span class='ocrx_word' id='word_1_207' title='bbox 552 1830 671 1873; x_wconf 87' lang='lat' dir='ltr'>Quam</span> <span class='ocrx_word' id='word_1_208' title='bbox 698 1832 839 1865; x_wconf 87' lang='lat' dir='ltr'>crebrae</span> <span class='ocrx_word' id='word_1_209' title='bbox 858 1829 1061 1873; x_wconf 81' lang='lat' dir='ltr'>Theologo-</span> 
     </span>
     <span class='ocr_line' id='line_1_38' title="bbox 66 1879 1061 1923; baseline -0.004 -6"><span class='ocrx_word' id='word_1_210' title='bbox 66 1895 147 1917; x_wconf 88' lang='lat' dir='ltr'>rum</span> <span class='ocrx_word' id='word_1_211' title='bbox 170 1881 308 1916; x_wconf 80' lang='lat' dir='ltr'>fueritis</span> <span class='ocrx_word' id='word_1_212' title='bbox 332 1888 365 1915; x_wconf 89' lang='lat' dir='ltr'>et</span> <span class='ocrx_word' id='word_1_213' title='bbox 388 1879 496 1914; x_wconf 91' lang='lat' dir='ltr'>hodie</span> <span class='ocrx_word' id='word_1_214' title='bbox 523 1880 598 1915; x_wconf 88' lang='lat' dir='ltr'>sitis</span> <span class='ocrx_word' id='word_1_215' title='bbox 623 1880 802 1923; x_wconf 86' lang='lat' dir='ltr'>Comites,</span> <span class='ocrx_word' id='word_1_216' title='bbox 836 1880 930 1915; x_wconf 86' lang='lat' dir='ltr'>hand</span> <span class='ocrx_word' id='word_1_217' title='bbox 960 1881 1061 1914; x_wconf 78' lang='lat' dir='ltr'>facile</span> 
     </span>
     <span class='ocr_line' id='line_1_39' title="bbox 68 1931 1061 1977; baseline -0.004 -9"><span class='ocrx_word' id='word_1_218' title='bbox 68 1934 202 1968; x_wconf 82' lang='lat' dir='ltr'>dixero.</span> <span class='ocrx_word' id='word_1_219' title='bbox 260 1932 435 1977; x_wconf 88' lang='lat' dir='ltr'>Nunquid</span> <span class='ocrx_word' id='word_1_220' title='bbox 460 1931 664 1965; x_wconf 90' lang='lat' dir='ltr'>Bessarioni</span> <span class='ocrx_word' id='word_1_221' title='bbox 695 1932 845 1973; x_wconf 76' lang='lat' dir='ltr'>Nioeuo,</span> <span class='ocrx_word' id='word_1_222' title='bbox 878 1931 1061 1966; x_wconf 87' lang='lat' dir='ltr'>Cardinali</span> 
     </span>
     <span class='ocr_line' id='line_1_40' title="bbox 67 1981 1061 2027; baseline -0.003 -9"><span class='ocrx_word' id='word_1_223' title='bbox 67 1996 107 2019; x_wconf 89' lang='lat' dir='ltr'>ac</span> <span class='ocrx_word' id='word_1_224' title='bbox 131 1981 355 2018; x_wconf 90' lang='lat' dir='ltr'>Patriarchae</span> <span class='ocrx_word' id='word_1_225' title='bbox 387 1981 784 2027; x_wconf 86' lang='lat' dir='ltr'>Constantinopolitano</span> <span class='ocrx_word' id='word_1_226' title='bbox 815 1983 1061 2016; x_wconf 88' lang='lat' dir='ltr'>immortalita-</span> 
     </span>
     <span class='ocr_line' id='line_1_41' title="bbox 66 2033 1061 2078; baseline -0.004 -8"><span class='ocrx_word' id='word_1_227' title='bbox 66 2042 138 2070; x_wconf 85' lang='lat' dir='ltr'>tem</span> <span class='ocrx_word' id='word_1_228' title='bbox 163 2033 391 2074; x_wconf 89' lang='lat' dir='ltr'>abdicabitis,</span> <span class='ocrx_word' id='word_1_229' title='bbox 424 2033 485 2078; x_wconf 90' lang='lat' dir='ltr'>qui</span> <span class='ocrx_word' id='word_1_230' title='bbox 503 2034 801 2078; x_wconf 89' lang='lat' dir='ltr'>quemadmodum</span> <span class='ocrx_word' id='word_1_231' title='bbox 825 2033 864 2066; x_wconf 91' lang='lat' dir='ltr'>in</span> <span class='ocrx_word' id='word_1_232' title='bbox 880 2040 990 2068; x_wconf 90' lang='lat' dir='ltr'>aetate</span> <span class='ocrx_word' id='word_1_233' title='bbox 1005 2045 1061 2066; x_wconf 88' lang='lat' dir='ltr'>re·-</span> 
     </span>
     <span class='ocr_line' id='line_1_42' title="bbox 68 2082 1059 2129; baseline -0.003 -9"><span class='ocrx_word' id='word_1_234' title='bbox 68 2085 218 2121; x_wconf 90' lang='lat' dir='ltr'>centiori</span> <span class='ocrx_word' id='word_1_235' title='bbox 239 2085 304 2118; x_wconf 89' lang='lat' dir='ltr'>sub</span> <span class='ocrx_word' id='word_1_236' title='bbox 328 2082 489 2119; x_wconf 90' lang='lat' dir='ltr'>Gemisto</span> <span class='ocrx_word' id='word_1_237' title='bbox 511 2091 734 2129; x_wconf 88' lang='lat' dir='ltr'>praeceptore</span> <span class='ocrx_word' id='word_1_238' title='bbox 758 2095 822 2118; x_wconf 85' lang='lat' dir='ltr'>vos</span> <span class='ocrx_word' id='word_1_239' title='bbox 846 2096 968 2118; x_wconf 90' lang='lat' dir='ltr'>omnes</span> <span class='ocrx_word' id='word_1_240' title='bbox 995 2084 1059 2117; x_wconf 91' lang='lat' dir='ltr'>do-</span> 
     </span>
     <span class='ocr_line' id='line_1_43' title="bbox 69 2135 1061 2180; baseline -0.003 -10"><span class='ocrx_word' id='word_1_241' title='bbox 69 2136 221 2170; x_wconf 87' lang='lat' dir='ltr'>ctissime</span> <span class='ocrx_word' id='word_1_242' title='bbox 250 2135 410 2179; x_wconf 89' lang='lat' dir='ltr'>collegit,</span> <span class='ocrx_word' id='word_1_243' title='bbox 444 2135 491 2169; x_wconf 90' lang='lat' dir='ltr'>ita</span> <span class='ocrx_word' id='word_1_244' title='bbox 514 2135 670 2180; x_wconf 88' lang='lat' dir='ltr'>reliquos</span> <span class='ocrx_word' id='word_1_245' title='bbox 694 2135 786 2168; x_wconf 88' lang='lat' dir='ltr'>vitae</span> <span class='ocrx_word' id='word_1_246' title='bbox 809 2147 890 2168; x_wconf 89' lang='lat' dir='ltr'>suae</span> <span class='ocrx_word' id='word_1_247' title='bbox 906 2135 979 2168; x_wconf 90' lang='lat' dir='ltr'>dies</span> <span class='ocrx_word' id='word_1_248' title='bbox 998 2147 1061 2179; x_wconf 90' lang='lat' dir='ltr'>pro</span> 
     </span>
     <span class='ocr_line' id='line_1_44' title="bbox 71 2183 1064 2229; baseline -0.003 -9"><span class='ocrx_word' id='word_1_249' title='bbox 71 2187 181 2220; x_wconf 88' lang='lat' dir='ltr'>salute</span> <span class='ocrx_word' id='word_1_250' title='bbox 221 2183 443 2220; x_wconf 85' lang='lat' dir='ltr'>Christianae</span> <span class='ocrx_word' id='word_1_251' title='bbox 485 2185 667 2229; x_wconf 86' lang='lat' dir='ltr'>religionis</span> <span class='ocrx_word' id='word_1_252' title='bbox 707 2186 842 2229; x_wconf 84' lang='lat' dir='ltr'>exigere</span> <span class='ocrx_word' id='word_1_253' title='bbox 886 2185 1064 2219; x_wconf 74' lang='lat' dir='ltr'>instituit?</span> 
     </span>
     <span class='ocr_line' id='line_1_45' title="bbox 69 2234 1061 2280; baseline -0.003 -9"><span class='ocrx_word' id='word_1_254' title='bbox 69 2235 197 2271; x_wconf 86' lang='lat' dir='ltr'>Nonne</span> <span class='ocrx_word' id='word_1_255' title='bbox 211 2237 279 2268; x_wconf 85' lang='lat' dir='ltr'>iam</span> <span class='ocrx_word' id='word_1_256' title='bbox 297 2236 433 2280; x_wconf 87' lang='lat' dir='ltr'>pridem</span> <span class='ocrx_word' id='word_1_257' title='bbox 444 2235 629 2270; x_wconf 77' lang='lat' dir='ltr'>Nicolaum</span> <span class='ocrx_word' id='word_1_258' title='bbox 645 2237 688 2269; x_wconf 95' lang='lat' dir='ltr'>de</span> <span class='ocrx_word' id='word_1_259' title='bbox 703 2234 813 2277; x_wconf 69' lang='lat' dir='ltr'>Casa,</span> <span class='ocrx_word' id='word_1_260' title='bbox 839 2237 948 2270; x_wconf 91' lang='lat' dir='ltr'>sancti</span> <span class='ocrx_word' id='word_1_261' title='bbox 966 2235 1061 2270; x_wconf 87' lang='lat' dir='ltr'>Petri</span> 
     </span>
     <span class='ocr_line' id='line_1_46' title="bbox 70 2285 1062 2332; baseline -0.003 -10"><span class='ocrx_word' id='word_1_262' title='bbox 70 2287 116 2322; x_wconf 86' lang='lat' dir='ltr'>ad</span> <span class='ocrx_word' id='word_1_263' title='bbox 139 2286 280 2320; x_wconf 86' lang='lat' dir='ltr'>vincula</span> <span class='ocrx_word' id='word_1_264' title='bbox 303 2285 546 2327; x_wconf 88' lang='lat' dir='ltr'>Cardinalem,</span> <span class='ocrx_word' id='word_1_265' title='bbox 581 2288 624 2320; x_wconf 92' lang='lat' dir='ltr'>ad</span> <span class='ocrx_word' id='word_1_266' title='bbox 656 2288 906 2332; x_wconf 85' lang='lat' dir='ltr'>quadraturam</span> <span class='ocrx_word' id='word_1_267' title='bbox 941 2287 1062 2321; x_wconf 92' lang='lat' dir='ltr'>circuli</span> 
     </span>
     <span class='ocr_line' id='line_1_47' title="bbox 71 2336 1062 2384; baseline 0 -13"><span class='ocrx_word' id='word_1_268' title='bbox 71 2337 308 2384; x_wconf 86' lang='lat' dir='ltr'>quaerendam</span> <span class='ocrx_word' id='word_1_269' title='bbox 344 2336 561 2380; x_wconf 84' lang='lat' dir='ltr'>instigastis&#39;?</span> <span class='ocrx_word' id='word_1_270' title='bbox 608 2337 790 2381; x_wconf 88' lang='lat' dir='ltr'>Quantum</span> <span class='ocrx_word' id='word_1_271' title='bbox 824 2336 980 2381; x_wconf 87' lang='lat' dir='ltr'>Baptista</span> <span class='ocrx_word' id='word_1_272' title='bbox 1019 2339 1062 2371; x_wconf 90' lang='lat' dir='ltr'>de</span> 
     </span>
     <span class='ocr_line' id='line_1_48' title="bbox 71 2386 1063 2430; baseline -0.001 -8"><span class='ocrx_word' id='word_1_273' title='bbox 71 2388 250 2429; x_wconf 83' lang='lat' dir='ltr'>Albertis,</span> <span class='ocrx_word' id='word_1_274' title='bbox 282 2386 413 2420; x_wconf 90' lang='lat' dir='ltr'>Paulus</span> <span class='ocrx_word' id='word_1_275' title='bbox 435 2386 680 2430; x_wconf 88' lang='lat' dir='ltr'>Florentinus,</span> <span class='ocrx_word' id='word_1_276' title='bbox 718 2388 866 2421; x_wconf 91' lang='lat' dir='ltr'>loannes</span> <span class='ocrx_word' id='word_1_277' title='bbox 889 2389 932 2421; x_wconf 90' lang='lat' dir='ltr'>de</span> <span class='ocrx_word' id='word_1_278' title='bbox 954 2387 1063 2422; x_wconf 91' lang='lat' dir='ltr'>Blan-</span> 
     </span>
    </p>
   </div>
   <div class='ocr_carea' id='block_1_6' title="bbox 71 2436 1089 2584">
    <p class='ocr_par' dir='ltr' id='par_1_6' title="bbox 71 2436 1089 2584">
     <span class='ocr_line' id='line_1_49' title="bbox 72 2436 1088 2484; baseline -0.001 -11"><span class='ocrx_word' id='word_1_279' title='bbox 72 2436 208 2480; x_wconf 75' lang='lat' dir='ltr'>thinis,</span> <span class='ocrx_word' id='word_1_280' title='bbox 234 2438 365 2483; x_wconf 88' lang='lat' dir='ltr'>aliique</span> <span class='ocrx_word' id='word_1_281' title='bbox 382 2438 485 2471; x_wconf 89' lang='lat' dir='ltr'>multi</span> <span class='ocrx_word' id='word_1_282' title='bbox 503 2438 570 2471; x_wconf 82' lang='lat' dir='ltr'>viri</span> <span class='ocrx_word' id='word_1_283' title='bbox 586 2439 769 2473; x_wconf 80' lang='lat' dir='ltr'>clarissimi</span> <span class='ocrx_word' id='word_1_284' title='bbox 786 2441 889 2472; x_wconf 83' lang='lat' dir='ltr'>decus</span> <span class='ocrx_word' id='word_1_285' title='bbox 909 2446 1061 2472; x_wconf 83' lang='lat' dir='ltr'>vestrum</span> <span class='ocrx_word' id='word_1_286' title='bbox 1087 2472 1088 2484; x_wconf 16' lang='grc' dir='ltr'><strong>χ</strong></span> 
     </span>
     <span class='ocr_line' id='line_1_50' title="bbox 71 2486 1089 2532; baseline -0.001 -9"><span class='ocrx_word' id='word_1_287' title='bbox 71 2486 178 2523; x_wconf 83' lang='lat' dir='ltr'>hodie</span> <span class='ocrx_word' id='word_1_288' title='bbox 193 2495 432 2527; x_wconf 85' lang='lat' dir='ltr'>revereantur,</span> <span class='ocrx_word' id='word_1_289' title='bbox 459 2489 573 2532; x_wconf 89' lang='lat' dir='ltr'>palam</span> <span class='ocrx_word' id='word_1_290' title='bbox 585 2490 751 2523; x_wconf 88' lang='lat' dir='ltr'>omnibus</span> <span class='ocrx_word' id='word_1_291' title='bbox 767 2490 947 2523; x_wconf 87' lang='lat' dir='ltr'>recitarem</span> <span class='ocrx_word' id='word_1_292' title='bbox 958 2517 967 2531; x_wconf 87' lang='lat'>‚</span> <span class='ocrx_word' id='word_1_293' title='bbox 994 2491 1061 2524; x_wconf 91' lang='lat' dir='ltr'>nisi</span> <span class='ocrx_word' id='word_1_294' title='bbox 1087 2525 1089 2531; x_wconf 59' lang='grc'><strong>,</strong></span> 
     </span>
     <span class='ocr_line' id='line_1_51' title="bbox 75 2538 1089 2584; baseline 0 -11"><span class='ocrx_word' id='word_1_295' title='bbox 75 2540 161 2573; x_wconf 88' lang='lat' dir='ltr'>ordo</span> <span class='ocrx_word' id='word_1_296' title='bbox 179 2540 410 2573; x_wconf 90' lang='lat' dir='ltr'>dicendorum</span> <span class='ocrx_word' id='word_1_297' title='bbox 429 2540 472 2573; x_wconf 91' lang='lat' dir='ltr'>ad</span> <span class='ocrx_word' id='word_1_298' title='bbox 500 2540 619 2573; x_wconf 87' lang='lat' dir='ltr'>laudes</span> <span class='ocrx_word' id='word_1_299' title='bbox 642 2538 892 2574; x_wconf 82' lang='lat' dir='ltr'>Astronomiae</span> <span class='ocrx_word' id='word_1_300' title='bbox 908 2541 1063 2584; x_wconf 88' lang='lat' dir='ltr'>singula-</span> <span class='ocrx_word' id='word_1_301' title='bbox 1088 2549 1089 2552; x_wconf 77' lang='grc'>’</span> 
     </span>
    </p>
   </div>
   <div class='ocr_carea' id='block_1_7' title="bbox 73 2589 1065 2741">
    <p class='ocr_par' dir='ltr' id='par_1_7' title="bbox 73 2589 1065 2741">
     <span class='ocr_line' id='line_1_52' title="bbox 74 2589 1062 2636; baseline 0.001 -13"><span class='ocrx_word' id='word_1_302' title='bbox 74 2589 160 2624; x_wconf 87' lang='lat' dir='ltr'>riter</span> <span class='ocrx_word' id='word_1_303' title='bbox 180 2603 235 2623; x_wconf 89' lang='lat' dir='ltr'>me</span> <span class='ocrx_word' id='word_1_304' title='bbox 260 2593 414 2624; x_wconf 54' lang='lat' dir='ltr'>§ocare-t:</span> <span class='ocrx_word' id='word_1_305' title='bbox 451 2590 550 2624; x_wconf 90' lang='lat' dir='ltr'>cuius</span> <span class='ocrx_word' id='word_1_306' title='bbox 586 2592 883 2636; x_wconf 83' lang='lat' dir='ltr'>quemadmodum</span> <span class='ocrx_word' id='word_1_307' title='bbox 910 2592 1062 2634; x_wconf 87' lang='lat' dir='ltr'>generali</span> 
     </span>
     <span class='ocr_line' id='line_1_53' title="bbox 73 2641 1064 2687; baseline 0.002 -14"><span class='ocrx_word' id='word_1_308' title='bbox 73 2641 246 2674; x_wconf 82' lang='lat' dir='ltr'>vocabulo</span> <span class='ocrx_word' id='word_1_309' title='bbox 269 2647 339 2675; x_wconf 91' lang='lat' dir='ltr'>tam</span> <span class='ocrx_word' id='word_1_310' title='bbox 356 2647 517 2675; x_wconf 88' lang='lat' dir='ltr'>motuum</span> <span class='ocrx_word' id='word_1_311' title='bbox 539 2641 811 2686; x_wconf 87' lang='lat' dir='ltr'>speculationem</span> <span class='ocrx_word' id='word_1_312' title='bbox 824 2667 832 2681; x_wconf 94' lang='lat'>‚</span> <span class='ocrx_word' id='word_1_313' title='bbox 860 2654 964 2687; x_wconf 90' lang='lat' dir='ltr'>quam</span> <span class='ocrx_word' id='word_1_314' title='bbox 980 2643 1064 2676; x_wconf 81' lang='lat' dir='ltr'>effe-</span> 
     </span>
     <span class='ocr_line' id='line_1_54' title="bbox 74 2691 1065 2741; baseline 0.001 -16"><span class='ocrx_word' id='word_1_315' title='bbox 74 2697 191 2725; x_wconf 88' lang='lat' dir='ltr'>ctuum</span> <span class='ocrx_word' id='word_1_316' title='bbox 217 2691 475 2737; x_wconf 87' lang='lat' dir='ltr'>providentiam</span> <span class='ocrx_word' id='word_1_317' title='bbox 497 2693 691 2739; x_wconf 85' lang='lat' dir='ltr'>exprimere</span> <span class='ocrx_word' id='word_1_318' title='bbox 711 2693 825 2726; x_wconf 91' lang='lat' dir='ltr'>solent</span> <span class='ocrx_word' id='word_1_319' title='bbox 842 2691 1065 2741; x_wconf 85' lang='lat' dir='ltr'>Philosophi,</span> 
     </span>
    </p>
   </div>
   <div class='ocr_carea' id='block_1_8' title="bbox 725 123 1416 164">
    <p class='ocr_par' dir='ltr' id='par_1_8' title="bbox 725 123 1416 164">
     <span class='ocr_line' id='line_1_55' title="bbox 725 123 1416 164; baseline 0 -3"><span class='ocrx_word' id='word_1_320' title='bbox 725 125 891 164; x_wconf 91' lang='lat' dir='ltr'>DECL.</span> <span class='ocrx_word' id='word_1_321' title='bbox 932 125 1010 162; x_wconf 90' lang='lat' dir='ltr'>DE</span> <span class='ocrx_word' id='word_1_322' title='bbox 1043 123 1416 162; x_wconf 85' lang='lat' dir='ltr'><strong>ALFRAGANO.</strong></span> 
     </span>
    </p>
   </div>
   <div class='ocr_carea' id='block_1_9' title="bbox 1086 1691 1090 2656">
    <p class='ocr_par' dir='ltr' id='par_1_9' title="bbox 1086 1691 1090 2656">
     <span class='ocr_line' id='line_1_56' title="bbox 1086 1691 1090 2656; baseline 0 0"><span class='ocrx_word' id='word_1_323' title='bbox 1086 1691 1090 2656; x_wconf 95' lang='lat' dir='ltr'> </span> 
     </span>
    </p>
   </div>
   <div class='ocr_carea' id='block_1_10' title="bbox 2017 124 2093 161">
    <p class='ocr_par' dir='ltr' id='par_1_10' title="bbox 2017 124 2093 161">
     <span class='ocr_line' id='line_1_57' title="bbox 2017 124 2093 161; baseline 0 -1"><span class='ocrx_word' id='word_1_324' title='bbox 2017 124 2093 161; x_wconf 75' lang='lat'>542</span> 
     </span>
    </p>
   </div>
   <div class='ocr_carea' id='block_1_11' title="bbox 1108 209 2107 2738">
    <p class='ocr_par' dir='ltr' id='par_1_11' title="bbox 1108 209 2100 658">
     <span class='ocr_line' id='line_1_58' title="bbox 1109 209 2097 255; baseline 0.001 -12"><span class='ocrx_word' id='word_1_325' title='bbox 1109 212 1156 245; x_wconf 89' lang='lat' dir='ltr'>ita</span> <span class='ocrx_word' id='word_1_326' title='bbox 1174 211 1354 244; x_wconf 89' lang='lat' dir='ltr'>ambarum</span> <span class='ocrx_word' id='word_1_327' title='bbox 1374 210 1525 255; x_wconf 89' lang='lat' dir='ltr'>partium</span> <span class='ocrx_word' id='word_1_328' title='bbox 1543 209 1781 243; x_wconf 90' lang='lat' dir='ltr'>excellentiam</span> <span class='ocrx_word' id='word_1_329' title='bbox 1799 209 1999 244; x_wconf 89' lang='lat' dir='ltr'>summatim</span> <span class='ocrx_word' id='word_1_330' title='bbox 2013 222 2097 244; x_wconf 85' lang='lat' dir='ltr'>con-</span> 
     </span>
     <span class='ocr_line' id='line_1_59' title="bbox 1110 258 2097 304; baseline 0 -9"><span class='ocrx_word' id='word_1_331' title='bbox 1110 262 1350 295; x_wconf 89' lang='lat' dir='ltr'>clamabimus.</span> <span class='ocrx_word' id='word_1_332' title='bbox 1405 261 1458 294; x_wconf 88' lang='lat' dir='ltr'>Te</span> <span class='ocrx_word' id='word_1_333' title='bbox 1477 261 1584 304; x_wconf 84' lang='lat' dir='ltr'>igitur</span> <span class='ocrx_word' id='word_1_334' title='bbox 1609 260 1770 294; x_wconf 87' lang='lat' dir='ltr'>divinum</span> <span class='ocrx_word' id='word_1_335' title='bbox 1787 258 2009 304; x_wconf 88' lang='lat' dir='ltr'>Astrologiae</span> <span class='ocrx_word' id='word_1_336' title='bbox 2028 273 2097 295; x_wconf 87' lang='lat' dir='ltr'>nu-</span> 
     </span>
     <span class='ocr_line' id='line_1_60' title="bbox 1108 311 2098 357; baseline 0 -12"><span class='ocrx_word' id='word_1_337' title='bbox 1108 325 1189 346; x_wconf 89' lang='lat' dir='ltr'>men</span> <span class='ocrx_word' id='word_1_338' title='bbox 1208 313 1368 357; x_wconf 90' lang='lat' dir='ltr'>appello,</span> <span class='ocrx_word' id='word_1_339' title='bbox 1392 311 1462 345; x_wconf 88' lang='lat' dir='ltr'>tuis</span> <span class='ocrx_word' id='word_1_340' title='bbox 1480 312 1584 344; x_wconf 89' lang='lat' dir='ltr'>velim</span> <span class='ocrx_word' id='word_1_341' title='bbox 1603 312 1733 355; x_wconf 91' lang='lat' dir='ltr'>aspires</span> <span class='ocrx_word' id='word_1_342' title='bbox 1749 311 1962 355; x_wconf 84' lang='lat' dir='ltr'>praeconiis,</span> <span class='ocrx_word' id='word_1_343' title='bbox 1988 312 2098 345; x_wconf 87' lang='lat' dir='ltr'>bene-</span> 
     </span>
     <span class='ocr_line' id='line_1_61' title="bbox 1109 362 2096 397; baseline -0.001 -1"><span class='ocrx_word' id='word_1_344' title='bbox 1109 363 1185 397; x_wconf 84' lang='lat' dir='ltr'>ficia</span> <span class='ocrx_word' id='word_1_345' title='bbox 1210 369 1268 396; x_wconf 90' lang='lat' dir='ltr'>tua</span> <span class='ocrx_word' id='word_1_346' title='bbox 1296 363 1465 395; x_wconf 90' lang='lat' dir='ltr'>immensa</span> <span class='ocrx_word' id='word_1_347' title='bbox 1495 362 1704 395; x_wconf 83' lang='lat' dir='ltr'>mortalibus</span> <span class='ocrx_word' id='word_1_348' title='bbox 1732 363 2013 396; x_wconf 86' lang='lat' dir='ltr'>demonstratura</span> <span class='ocrx_word' id='word_1_349' title='bbox 2037 374 2096 395; x_wconf 87' lang='lat' dir='ltr'>ve-</span> 
     </span>
     <span class='ocr_line' id='line_1_62' title="bbox 1109 412 2098 457; baseline -0.001 -11"><span class='ocrx_word' id='word_1_350' title='bbox 1109 414 1203 452; x_wconf 88' lang='lat' dir='ltr'>nias,</span> <span class='ocrx_word' id='word_1_351' title='bbox 1239 413 1296 446; x_wconf 92' lang='lat' dir='ltr'>Tu</span> <span class='ocrx_word' id='word_1_352' title='bbox 1321 425 1355 446; x_wconf 91' lang='lat' dir='ltr'>es</span> <span class='ocrx_word' id='word_1_353' title='bbox 1377 412 1500 457; x_wconf 88' lang='lat' dir='ltr'>procul</span> <span class='ocrx_word' id='word_1_354' title='bbox 1527 412 1636 444; x_wconf 89' lang='lat' dir='ltr'>dubio</span> <span class='ocrx_word' id='word_1_355' title='bbox 1662 413 1862 446; x_wconf 85' lang='lat' dir='ltr'>fidelissima</span> <span class='ocrx_word' id='word_1_356' title='bbox 1889 412 2098 446; x_wconf 91' lang='lat' dir='ltr'>immortalis</span> 
     </span>
     <span class='ocr_line' id='line_1_63' title="bbox 1108 462 2098 508; baseline -0.001 -11"><span class='ocrx_word' id='word_1_357' title='bbox 1108 464 1174 498; x_wconf 93' lang='lat' dir='ltr'>Dei</span> <span class='ocrx_word' id='word_1_358' title='bbox 1186 463 1333 504; x_wconf 87' lang='lat' dir='ltr'>nuncia,</span> <span class='ocrx_word' id='word_1_359' title='bbox 1360 475 1448 508; x_wconf 92' lang='lat' dir='ltr'>quae</span> <span class='ocrx_word' id='word_1_360' title='bbox 1458 462 1597 496; x_wconf 85' lang='lat' dir='ltr'>secretis</span> <span class='ocrx_word' id='word_1_361' title='bbox 1610 462 1681 495; x_wconf 90' lang='lat' dir='ltr'>suis</span> <span class='ocrx_word' id='word_1_362' title='bbox 1696 463 1968 507; x_wconf 89' lang='lat' dir='ltr'>interpretandis</span> <span class='ocrx_word' id='word_1_363' title='bbox 1983 464 2098 507; x_wconf 90' lang='lat' dir='ltr'>legem</span> 
     </span>
     <span class='ocr_line' id='line_1_64' title="bbox 1108 513 2100 560; baseline -0.001 -12"><span class='ocrx_word' id='word_1_364' title='bbox 1108 515 1272 560; x_wconf 87' lang='lat' dir='ltr'>praebes,</span> <span class='ocrx_word' id='word_1_365' title='bbox 1306 514 1406 547; x_wconf 89' lang='lat' dir='ltr'>cuius</span> <span class='ocrx_word' id='word_1_366' title='bbox 1431 513 1539 556; x_wconf 87' lang='lat' dir='ltr'>gratia</span> <span class='ocrx_word' id='word_1_367' title='bbox 1573 513 1686 545; x_wconf 87' lang='lat' dir='ltr'>coelos</span> <span class='ocrx_word' id='word_1_368' title='bbox 1710 514 1921 547; x_wconf 89' lang='lat' dir='ltr'>constituere</span> <span class='ocrx_word' id='word_1_369' title='bbox 1944 513 2100 547; x_wconf 79' lang='lat' dir='ltr'>decrevit</span> 
     </span>
     <span class='ocr_line' id='line_1_65' title="bbox 1108 563 2099 610; baseline -0.001 -11"><span class='ocrx_word' id='word_1_370' title='bbox 1108 566 1351 609; x_wconf 89' lang='lat' dir='ltr'>omnipotens,</span> <span class='ocrx_word' id='word_1_371' title='bbox 1387 565 1515 610; x_wconf 88' lang='lat' dir='ltr'>quibus</span> <span class='ocrx_word' id='word_1_372' title='bbox 1541 563 1670 607; x_wconf 89' lang='lat' dir='ltr'>passim</span> <span class='ocrx_word' id='word_1_373' title='bbox 1703 563 1799 606; x_wconf 90' lang='lat' dir='ltr'>ignes</span> <span class='ocrx_word' id='word_1_374' title='bbox 1831 565 1984 598; x_wconf 89' lang='lat' dir='ltr'>sidereos</span> <span class='ocrx_word' id='word_1_375' title='bbox 2021 576 2099 598; x_wconf 90' lang='lat' dir='ltr'>mo-</span> 
     </span>
     <span class='ocr_line' id='line_1_66' title="bbox 1109 614 1700 658; baseline -0.007 -9"><span class='ocrx_word' id='word_1_376' title='bbox 1109 623 1276 649; x_wconf 87' lang='lat' dir='ltr'>numenta</span> <span class='ocrx_word' id='word_1_377' title='bbox 1296 617 1497 649; x_wconf 87' lang='lat' dir='ltr'>futurorum</span> <span class='ocrx_word' id='word_1_378' title='bbox 1515 614 1700 658; x_wconf 88' lang='lat' dir='ltr'>impressit.</span> 
     </span>
    </p>

    <p class='ocr_par' dir='ltr' id='par_1_12' title="bbox 1108 662 2107 2738">
     <span class='ocr_line' id='line_1_67' title="bbox 1210 662 2101 711; baseline -0.001 -11"><span class='ocrx_word' id='word_1_379' title='bbox 1210 667 1315 700; x_wconf 90' lang='lat' dir='ltr'>Tales</span> <span class='ocrx_word' id='word_1_380' title='bbox 1341 673 1497 711; x_wconf 83' lang='lat' dir='ltr'>spectare</span> <span class='ocrx_word' id='word_1_381' title='bbox 1522 664 1624 698; x_wconf 90' lang='lat' dir='ltr'>iussit</span> <span class='ocrx_word' id='word_1_382' title='bbox 1653 671 1827 698; x_wconf 87' lang='lat' dir='ltr'>astrorum</span> <span class='ocrx_word' id='word_1_383' title='bbox 1846 662 1990 707; x_wconf 89' lang='lat' dir='ltr'>choros,</span> <span class='ocrx_word' id='word_1_384' title='bbox 2015 667 2101 699; x_wconf 89' lang='lat' dir='ltr'>dum</span> 
     </span>
     <span class='ocr_line' id='line_1_68' title="bbox 1108 715 2101 751; baseline -0.003 0"><span class='ocrx_word' id='word_1_385' title='bbox 1108 718 1316 751; x_wconf 88' lang='lat' dir='ltr'>mortalibus</span> <span class='ocrx_word' id='word_1_386' title='bbox 1351 730 1412 750; x_wconf 86' lang='lat' dir='ltr'>ora</span> <span class='ocrx_word' id='word_1_387' title='bbox 1448 718 1548 749; x_wconf 87' lang='lat' dir='ltr'>daret</span> <span class='ocrx_word' id='word_1_388' title='bbox 1581 715 1747 749; x_wconf 89' lang='lat' dir='ltr'>sublimia</span> <span class='ocrx_word' id='word_1_389' title='bbox 1779 726 1896 749; x_wconf 90' lang='lat' dir='ltr'>rerum</span> <span class='ocrx_word' id='word_1_390' title='bbox 1925 717 2101 750; x_wconf 90' lang='lat' dir='ltr'>conditor:</span> 
     </span>
     <span class='ocr_line' id='line_1_69' title="bbox 1109 766 2103 812; baseline -0.001 -11"><span class='ocrx_word' id='word_1_391' title='bbox 1109 770 1255 812; x_wconf 86' lang='lat' dir='ltr'>dignum</span> <span class='ocrx_word' id='word_1_392' title='bbox 1274 768 1429 812; x_wconf 87' lang='lat' dir='ltr'>profecto</span> <span class='ocrx_word' id='word_1_393' title='bbox 1455 767 1659 806; x_wconf 85' lang='lat' dir='ltr'>arbitratus,</span> <span class='ocrx_word' id='word_1_394' title='bbox 1687 777 1790 810; x_wconf 89' lang='lat' dir='ltr'>quem</span> <span class='ocrx_word' id='word_1_395' title='bbox 1811 766 1984 800; x_wconf 90' lang='lat' dir='ltr'>universis</span> <span class='ocrx_word' id='word_1_396' title='bbox 2000 779 2103 811; x_wconf 89' lang='lat' dir='ltr'>prae-</span> 
     </span>
     <span class='ocr_line' id='line_1_70' title="bbox 1108 817 2103 858; baseline -0.002 -5"><span class='ocrx_word' id='word_1_397' title='bbox 1108 821 1236 853; x_wconf 87' lang='lat' dir='ltr'>fecerat</span> <span class='ocrx_word' id='word_1_398' title='bbox 1259 819 1442 858; x_wconf 85' lang='lat' dir='ltr'>creaturis,</span> <span class='ocrx_word' id='word_1_399' title='bbox 1469 817 1625 850; x_wconf 83' lang='lat' dir='ltr'>medium</span> <span class='ocrx_word' id='word_1_400' title='bbox 1648 817 1740 849; x_wconf 86' lang='lat' dir='ltr'>inter</span> <span class='ocrx_word' id='word_1_401' title='bbox 1764 828 1820 849; x_wconf 89' lang='lat' dir='ltr'>eas</span> <span class='ocrx_word' id='word_1_402' title='bbox 1838 818 2037 858; x_wconf 90' lang='lat' dir='ltr'>considere,</span> <span class='ocrx_word' id='word_1_403' title='bbox 2063 823 2103 851; x_wconf 87' lang='lat' dir='ltr'>ut</span> 
     </span>
     <span class='ocr_line' id='line_1_71' title="bbox 1110 867 2102 915; baseline -0.003 -12"><span class='ocrx_word' id='word_1_404' title='bbox 1110 871 1195 915; x_wconf 79' lang='lat' dir='ltr'>pede</span> <span class='ocrx_word' id='word_1_405' title='bbox 1219 871 1361 915; x_wconf 90' lang='lat' dir='ltr'>quidem</span> <span class='ocrx_word' id='word_1_406' title='bbox 1385 869 1538 902; x_wconf 88' lang='lat' dir='ltr'>calcante</span> <span class='ocrx_word' id='word_1_407' title='bbox 1555 868 1702 901; x_wconf 91' lang='lat' dir='ltr'>terrenis</span> <span class='ocrx_word' id='word_1_408' title='bbox 1722 867 1893 911; x_wconf 88' lang='lat' dir='ltr'>imperare</span> <span class='ocrx_word' id='word_1_409' title='bbox 1908 869 2102 901; x_wconf 75' lang='lat' dir='ltr'>videretur:</span> 
     </span>
     <span class='ocr_line' id='line_1_72' title="bbox 1109 918 2104 963; baseline -0.004 -8"><span class='ocrx_word' id='word_1_410' title='bbox 1109 923 1225 955; x_wconf 88' lang='lat' dir='ltr'>sronte</span> <span class='ocrx_word' id='word_1_411' title='bbox 1242 928 1358 955; x_wconf 88' lang='lat' dir='ltr'>autem</span> <span class='ocrx_word' id='word_1_412' title='bbox 1377 926 1539 963; x_wconf 83' lang='lat' dir='ltr'>surgente</span> <span class='ocrx_word' id='word_1_413' title='bbox 1555 925 1658 963; x_wconf 91' lang='lat' dir='ltr'>atque</span> <span class='ocrx_word' id='word_1_414' title='bbox 1673 925 1796 958; x_wconf 87' lang='lat' dir='ltr'>erecta,</span> <span class='ocrx_word' id='word_1_415' title='bbox 1824 918 1955 952; x_wconf 89' lang='lat' dir='ltr'>divinis</span> <span class='ocrx_word' id='word_1_416' title='bbox 1968 919 2104 952; x_wconf 87' lang='lat' dir='ltr'>fruere-</span> 
     </span>
     <span class='ocr_line' id='line_1_73' title="bbox 1110 968 2104 1014; baseline -0.004 -8"><span class='ocrx_word' id='word_1_417' title='bbox 1110 979 1168 1006; x_wconf 92' lang='lat' dir='ltr'>tur</span> <span class='ocrx_word' id='word_1_418' title='bbox 1192 971 1339 1005; x_wconf 89' lang='lat' dir='ltr'>deliciis.</span> <span class='ocrx_word' id='word_1_419' title='bbox 1402 970 1498 1013; x_wconf 87' lang='lat' dir='ltr'>Quid</span> <span class='ocrx_word' id='word_1_420' title='bbox 1522 969 1616 1002; x_wconf 92' lang='lat' dir='ltr'>enim</span> <span class='ocrx_word' id='word_1_421' title='bbox 1645 968 1854 1010; x_wconf 86' lang='lat' dir='ltr'>iucundius,</span> <span class='ocrx_word' id='word_1_422' title='bbox 1882 969 1966 1014; x_wconf 91' lang='lat' dir='ltr'>quid</span> <span class='ocrx_word' id='word_1_423' title='bbox 1983 981 2104 1002; x_wconf 84' lang='lat' dir='ltr'>amoe-</span> 
     </span>
     <span class='ocr_line' id='line_1_74' title="bbox 1110 1019 2102 1067; baseline -0.004 -11"><span class='ocrx_word' id='word_1_424' title='bbox 1110 1023 1212 1063; x_wconf 87' lang='lat' dir='ltr'>nius,</span> <span class='ocrx_word' id='word_1_425' title='bbox 1238 1022 1324 1067; x_wconf 91' lang='lat' dir='ltr'>quid</span> <span class='ocrx_word' id='word_1_426' title='bbox 1349 1021 1502 1065; x_wconf 89' lang='lat' dir='ltr'>denique</span> <span class='ocrx_word' id='word_1_427' title='bbox 1524 1020 1664 1053; x_wconf 78' lang='lat' dir='ltr'>suavius</span> <span class='ocrx_word' id='word_1_428' title='bbox 1688 1019 1824 1052; x_wconf 84' lang='lat' dir='ltr'>afficere</span> <span class='ocrx_word' id='word_1_429' title='bbox 1840 1021 1960 1053; x_wconf 89' lang='lat' dir='ltr'>oculos</span> <span class='ocrx_word' id='word_1_430' title='bbox 1978 1025 2102 1063; x_wconf 88' lang='lat' dir='ltr'>potest,</span> 
     </span>
     <span class='ocr_line' id='line_1_75' title="bbox 1110 1070 2104 1119; baseline -0.004 -13"><span class='ocrx_word' id='word_1_431' title='bbox 1110 1085 1215 1119; x_wconf 91' lang='lat' dir='ltr'>quam</span> <span class='ocrx_word' id='word_1_432' title='bbox 1239 1073 1299 1105; x_wconf 90' lang='lat' dir='ltr'>illa</span> <span class='ocrx_word' id='word_1_433' title='bbox 1325 1079 1376 1105; x_wconf 82' lang='lat' dir='ltr'>tot</span> <span class='ocrx_word' id='word_1_434' title='bbox 1401 1078 1434 1104; x_wconf 91' lang='lat' dir='ltr'>et</span> <span class='ocrx_word' id='word_1_435' title='bbox 1460 1078 1637 1105; x_wconf 83' lang='lat' dir='ltr'>tantorum</span> <span class='ocrx_word' id='word_1_436' title='bbox 1662 1070 1836 1103; x_wconf 88' lang='lat' dir='ltr'>luminum</span> <span class='ocrx_word' id='word_1_437' title='bbox 1858 1070 2104 1104; x_wconf 88' lang='lat' dir='ltr'>venustissima</span> 
     </span>
     <span class='ocr_line' id='line_1_76' title="bbox 1111 1119 2104 1169; baseline -0.005 -12"><span class='ocrx_word' id='word_1_438' title='bbox 1111 1131 1214 1169; x_wconf 90' lang='lat' dir='ltr'>atque</span> <span class='ocrx_word' id='word_1_439' title='bbox 1239 1122 1501 1156; x_wconf 88' lang='lat' dir='ltr'>ordinatissima</span> <span class='ocrx_word' id='word_1_440' title='bbox 1527 1120 1657 1154; x_wconf 74' lang='lat' dir='ltr'>series?</span> <span class='ocrx_word' id='word_1_441' title='bbox 1691 1132 1732 1153; x_wconf 93' lang='lat' dir='ltr'>eo</span> <span class='ocrx_word' id='word_1_442' title='bbox 1759 1120 1888 1166; x_wconf 91' lang='lat' dir='ltr'>quippe</span> <span class='ocrx_word' id='word_1_443' title='bbox 1906 1121 1935 1154; x_wconf 92' lang='lat' dir='ltr'>si</span> <span class='ocrx_word' id='word_1_444' title='bbox 1956 1119 2104 1165; x_wconf 88' lang='lat' dir='ltr'>rapiaris</span> 
     </span>
     <span class='ocr_line' id='line_1_77' title="bbox 1111 1170 2104 1218; baseline -0.004 -11"><span class='ocrx_word' id='word_1_445' title='bbox 1111 1175 1250 1212; x_wconf 85' lang='lat' dir='ltr'>animo,</span> <span class='ocrx_word' id='word_1_446' title='bbox 1293 1173 1480 1218; x_wconf 85' lang='lat' dir='ltr'>experieris</span> <span class='ocrx_word' id='word_1_447' title='bbox 1508 1170 1601 1205; x_wconf 88' lang='lat' dir='ltr'>nihil</span> <span class='ocrx_word' id='word_1_448' title='bbox 1635 1178 1668 1204; x_wconf 93' lang='lat' dir='ltr'>te</span> <span class='ocrx_word' id='word_1_449' title='bbox 1695 1183 1852 1216; x_wconf 90' lang='lat' dir='ltr'>unquam</span> <span class='ocrx_word' id='word_1_450' title='bbox 1887 1172 2033 1205; x_wconf 90' lang='lat' dir='ltr'>sensisse</span> <span class='ocrx_word' id='word_1_451' title='bbox 2066 1170 2104 1203; x_wconf 89' lang='lat' dir='ltr'>in</span> 
     </span>
     <span class='ocr_line' id='line_1_78' title="bbox 1112 1219 2106 1266; baseline -0.004 -8"><span class='ocrx_word' id='word_1_452' title='bbox 1112 1225 1209 1258; x_wconf 89' lang='lat' dir='ltr'>omni</span> <span class='ocrx_word' id='word_1_453' title='bbox 1227 1224 1295 1258; x_wconf 79' lang='lat' dir='ltr'>vita</span> <span class='ocrx_word' id='word_1_454' title='bbox 1314 1223 1564 1257; x_wconf 79' lang='lat' dir='ltr'>delectabilius,</span> <span class='ocrx_word' id='word_1_455' title='bbox 1617 1221 1686 1255; x_wconf 87' lang='lat' dir='ltr'>Per</span> <span class='ocrx_word' id='word_1_456' title='bbox 1698 1219 1790 1255; x_wconf 91' lang='lat' dir='ltr'>hanc</span> <span class='ocrx_word' id='word_1_457' title='bbox 1802 1223 2026 1266; x_wconf 87' lang='lat' dir='ltr'>disciplinam</span> <span class='ocrx_word' id='word_1_458' title='bbox 2041 1233 2106 1255; x_wconf 91' lang='lat' dir='ltr'>an-</span> 
     </span>
     <span class='ocr_line' id='line_1_79' title="bbox 1111 1271 2105 1319; baseline -0.003 -11"><span class='ocrx_word' id='word_1_459' title='bbox 1111 1276 1256 1319; x_wconf 90' lang='lat' dir='ltr'>gelicam</span> <span class='ocrx_word' id='word_1_460' title='bbox 1273 1287 1346 1308; x_wconf 89' lang='lat' dir='ltr'>non</span> <span class='ocrx_word' id='word_1_461' title='bbox 1363 1274 1480 1307; x_wconf 89' lang='lat' dir='ltr'>minus</span> <span class='ocrx_word' id='word_1_462' title='bbox 1507 1272 1699 1305; x_wconf 83' lang='lat' dir='ltr'>immortali</span> <span class='ocrx_word' id='word_1_463' title='bbox 1717 1271 1792 1305; x_wconf 93' lang='lat' dir='ltr'>Deo</span> <span class='ocrx_word' id='word_1_464' title='bbox 1813 1273 2005 1318; x_wconf 85' lang='lat' dir='ltr'>propinqui</span> <span class='ocrx_word' id='word_1_465' title='bbox 2024 1273 2105 1305; x_wconf 89' lang='lat' dir='ltr'>red-</span> 
     </span>
     <span class='ocr_line' id='line_1_80' title="bbox 1112 1322 2105 1370; baseline -0.003 -11"><span class='ocrx_word' id='word_1_466' title='bbox 1112 1327 1248 1364; x_wconf 89' lang='lat' dir='ltr'>dimur,</span> <span class='ocrx_word' id='word_1_467' title='bbox 1276 1337 1380 1370; x_wconf 90' lang='lat' dir='ltr'>quam</span> <span class='ocrx_word' id='word_1_468' title='bbox 1405 1336 1467 1368; x_wconf 90' lang='lat' dir='ltr'>per</span> <span class='ocrx_word' id='word_1_469' title='bbox 1487 1330 1638 1356; x_wconf 89' lang='lat' dir='ltr'>caeteras</span> <span class='ocrx_word' id='word_1_470' title='bbox 1663 1329 1753 1355; x_wconf 90' lang='lat' dir='ltr'>artes</span> <span class='ocrx_word' id='word_1_471' title='bbox 1775 1335 1793 1356; x_wconf 91' lang='lat' dir='ltr'>a</span> <span class='ocrx_word' id='word_1_472' title='bbox 1810 1322 1929 1357; x_wconf 89' lang='lat' dir='ltr'>Beluis</span> <span class='ocrx_word' id='word_1_473' title='bbox 1947 1334 2105 1367; x_wconf 88' lang='lat' dir='ltr'>segrega-</span> 
     </span>
     <span class='ocr_line' id='line_1_81' title="bbox 1112 1373 2102 1420; baseline -0.003 -10"><span class='ocrx_word' id='word_1_474' title='bbox 1112 1389 1208 1417; x_wconf 89' lang='lat' dir='ltr'>mur,</span> <span class='ocrx_word' id='word_1_475' title='bbox 1240 1377 1283 1409; x_wconf 89' lang='lat' dir='ltr'>ad</span> <span class='ocrx_word' id='word_1_476' title='bbox 1305 1376 1441 1420; x_wconf 86' lang='lat' dir='ltr'>reliqua</span> <span class='ocrx_word' id='word_1_477' title='bbox 1465 1374 1664 1408; x_wconf 88' lang='lat' dir='ltr'>studiorum</span> <span class='ocrx_word' id='word_1_478' title='bbox 1687 1385 1811 1417; x_wconf 91' lang='lat' dir='ltr'>genera</span> <span class='ocrx_word' id='word_1_479' title='bbox 1835 1381 1945 1407; x_wconf 88' lang='lat' dir='ltr'>aetate</span> <span class='ocrx_word' id='word_1_480' title='bbox 1976 1373 2102 1407; x_wconf 84' lang='lat' dir='ltr'>remis-</span> 
     </span>
     <span class='ocr_line' id='line_1_82' title="bbox 1113 1422 2106 1465; baseline -0.003 -5"><span class='ocrx_word' id='word_1_481' title='bbox 1113 1428 1220 1461; x_wconf 91' lang='lat' dir='ltr'>siores</span> <span class='ocrx_word' id='word_1_482' title='bbox 1237 1427 1321 1459; x_wconf 66' lang='lat' dir='ltr'>rfieri</span> <span class='ocrx_word' id='word_1_483' title='bbox 1348 1426 1516 1465; x_wconf 85' lang='lat' dir='ltr'>solemus,</span> <span class='ocrx_word' id='word_1_484' title='bbox 1551 1422 1657 1457; x_wconf 86' lang='lat' dir='ltr'>huius</span> <span class='ocrx_word' id='word_1_485' title='bbox 1682 1436 1764 1457; x_wconf 89' lang='lat' dir='ltr'>vero</span> <span class='ocrx_word' id='word_1_486' title='bbox 1789 1425 1953 1458; x_wconf 86' lang='lat' dir='ltr'>scientiae</span> <span class='ocrx_word' id='word_1_487' title='bbox 1967 1424 2106 1458; x_wconf 83' lang='lat' dir='ltr'>deside—</span> 
     </span>
     <span class='ocr_line' id='line_1_83' title="bbox 1112 1474 2106 1518; baseline -0.003 -8"><span class='ocrx_word' id='word_1_488' title='bbox 1112 1478 1205 1511; x_wconf 89' lang='lat' dir='ltr'>rium</span> <span class='ocrx_word' id='word_1_489' title='bbox 1222 1488 1292 1510; x_wconf 89' lang='lat' dir='ltr'>una</span> <span class='ocrx_word' id='word_1_490' title='bbox 1309 1489 1388 1510; x_wconf 92' lang='lat' dir='ltr'>cum</span> <span class='ocrx_word' id='word_1_491' title='bbox 1405 1476 1506 1508; x_wconf 87' lang='lat' dir='ltr'>annis</span> <span class='ocrx_word' id='word_1_492' title='bbox 1524 1475 1607 1518; x_wconf 90' lang='lat' dir='ltr'>ipsis</span> <span class='ocrx_word' id='word_1_493' title='bbox 1624 1475 1875 1510; x_wconf 87' lang='lat' dir='ltr'>accumulatur.</span> <span class='ocrx_word' id='word_1_494' title='bbox 1929 1474 2039 1509; x_wconf 89' lang='lat' dir='ltr'>Cuius</span> <span class='ocrx_word' id='word_1_495' title='bbox 2054 1474 2106 1508; x_wconf 86' lang='lat' dir='ltr'>rei</span> 
     </span>
     <span class='ocr_line' id='line_1_84' title="bbox 1112 1523 2106 1571; baseline -0.002 -11"><span class='ocrx_word' id='word_1_496' title='bbox 1112 1528 1258 1571; x_wconf 83' lang='lat' dir='ltr'>dignum</span> <span class='ocrx_word' id='word_1_497' title='bbox 1287 1528 1443 1570; x_wconf 83' lang='lat' dir='ltr'>produco</span> <span class='ocrx_word' id='word_1_498' title='bbox 1470 1531 1592 1559; x_wconf 86' lang='lat' dir='ltr'>testem</span> <span class='ocrx_word' id='word_1_499' title='bbox 1617 1524 1786 1558; x_wconf 88' lang='lat' dir='ltr'>Ioannem</span> <span class='ocrx_word' id='word_1_500' title='bbox 1817 1526 1860 1559; x_wconf 89' lang='lat' dir='ltr'>de</span> <span class='ocrx_word' id='word_1_501' title='bbox 1882 1523 2106 1565; x_wconf 87' lang='lat' dir='ltr'>Blanchinis,</span> 
     </span>
     <span class='ocr_line' id='line_1_85' title="bbox 1112 1576 2105 1621; baseline -0.002 -10"><span class='ocrx_word' id='word_1_502' title='bbox 1112 1578 1228 1611; x_wconf 88' lang='lat' dir='ltr'>virum</span> <span class='ocrx_word' id='word_1_503' title='bbox 1254 1578 1446 1621; x_wconf 84' lang='lat' dir='ltr'>optimum,</span> <span class='ocrx_word' id='word_1_504' title='bbox 1472 1576 1533 1621; x_wconf 90' lang='lat' dir='ltr'>qui</span> <span class='ocrx_word' id='word_1_505' title='bbox 1549 1576 1752 1619; x_wconf 90' lang='lat' dir='ltr'>nuperrime</span> <span class='ocrx_word' id='word_1_506' title='bbox 1770 1576 1863 1609; x_wconf 88' lang='lat' dir='ltr'>inter</span> <span class='ocrx_word' id='word_1_507' title='bbox 1887 1583 2020 1610; x_wconf 90' lang='lat' dir='ltr'>caetera</span> <span class='ocrx_word' id='word_1_508' title='bbox 2039 1588 2105 1609; x_wconf 90' lang='lat' dir='ltr'>no-</span> 
     </span>
     <span class='ocr_line' id='line_1_86' title="bbox 1112 1625 2106 1673; baseline -0.003 -11"><span class='ocrx_word' id='word_1_509' title='bbox 1112 1635 1181 1662; x_wconf 89' lang='lat' dir='ltr'>stra</span> <span class='ocrx_word' id='word_1_510' title='bbox 1209 1628 1402 1673; x_wconf 87' lang='lat' dir='ltr'>colloquia:</span> <span class='ocrx_word' id='word_1_511' title='bbox 1436 1625 1530 1660; x_wconf 90' lang='lat' dir='ltr'>Ante</span> <span class='ocrx_word' id='word_1_512' title='bbox 1557 1627 1692 1666; x_wconf 88' lang='lat' dir='ltr'>decem,</span> <span class='ocrx_word' id='word_1_513' title='bbox 1725 1627 1861 1671; x_wconf 88' lang='lat' dir='ltr'>inquit,</span> <span class='ocrx_word' id='word_1_514' title='bbox 1895 1638 2005 1660; x_wconf 87' lang='lat' dir='ltr'>annos</span> <span class='ocrx_word' id='word_1_515' title='bbox 2033 1627 2106 1660; x_wconf 74' lang='lat' dir='ltr'>vita</span> 
     </span>
     <span class='ocr_line' id='line_1_87' title="bbox 1113 1675 2107 1724; baseline -0.004 -11"><span class='ocrx_word' id='word_1_516' title='bbox 1113 1679 1284 1724; x_wconf 85' lang='lat' dir='ltr'>spoliatus</span> <span class='ocrx_word' id='word_1_517' title='bbox 1301 1679 1449 1712; x_wconf 90' lang='lat' dir='ltr'>iacerem</span> <span class='ocrx_word' id='word_1_518' title='bbox 1461 1704 1470 1719; x_wconf 83' lang='lat'>‚</span> <span class='ocrx_word' id='word_1_519' title='bbox 1495 1677 1564 1710; x_wconf 92' lang='lat' dir='ltr'>nisi</span> <span class='ocrx_word' id='word_1_520' title='bbox 1589 1677 1738 1710; x_wconf 91' lang='lat' dir='ltr'>dulcedo</span> <span class='ocrx_word' id='word_1_521' title='bbox 1756 1675 2005 1711; x_wconf 85' lang='lat' dir='ltr'>Astronomiae</span> <span class='ocrx_word' id='word_1_522' title='bbox 2022 1677 2107 1711; x_wconf 89' lang='lat' dir='ltr'>reti-</span> 
     </span>
     <span class='ocr_line' id='line_1_88' title="bbox 1112 1728 2107 1772; baseline -0.003 -8"><span class='ocrx_word' id='word_1_523' title='bbox 1112 1731 1245 1764; x_wconf 89' lang='lat' dir='ltr'>nuisset</span> <span class='ocrx_word' id='word_1_524' title='bbox 1269 1729 1440 1762; x_wconf 89' lang='lat' dir='ltr'>animam:</span> <span class='ocrx_word' id='word_1_525' title='bbox 1477 1728 1609 1771; x_wconf 87' lang='lat' dir='ltr'>grande</span> <span class='ocrx_word' id='word_1_526' title='bbox 1639 1728 1807 1772; x_wconf 88' lang='lat' dir='ltr'>temporis</span> <span class='ocrx_word' id='word_1_527' title='bbox 1838 1729 1975 1762; x_wconf 88' lang='lat' dir='ltr'>lucrum</span> <span class='ocrx_word' id='word_1_528' title='bbox 1999 1735 2107 1768; x_wconf 87' lang='lat' dir='ltr'>ratus,</span> 
     </span>
     <span class='ocr_line' id='line_1_89' title="bbox 1113 1778 2104 1826; baseline -0.001 -13"><span class='ocrx_word' id='word_1_529' title='bbox 1113 1781 1207 1826; x_wconf 89' lang='lat' dir='ltr'>quod</span> <span class='ocrx_word' id='word_1_530' title='bbox 1227 1787 1400 1813; x_wconf 86' lang='lat' dir='ltr'>astrorum</span> <span class='ocrx_word' id='word_1_531' title='bbox 1419 1779 1553 1823; x_wconf 86' lang='lat' dir='ltr'>peperit</span> <span class='ocrx_word' id='word_1_532' title='bbox 1569 1779 1831 1822; x_wconf 85' lang='lat' dir='ltr'>contemplatio.</span> <span class='ocrx_word' id='word_1_533' title='bbox 1875 1778 2104 1812; x_wconf 89' lang='lat' dir='ltr'>Honestatem</span> 
     </span>
     <span class='ocr_line' id='line_1_90' title="bbox 1112 1829 2106 1874; baseline -0.002 -10"><span class='ocrx_word' id='word_1_534' title='bbox 1112 1831 1259 1864; x_wconf 87' lang='lat' dir='ltr'>forsitan</span> <span class='ocrx_word' id='word_1_535' title='bbox 1274 1837 1449 1874; x_wconf 82' lang='lat' dir='ltr'>expectas,</span> <span class='ocrx_word' id='word_1_536' title='bbox 1478 1841 1549 1862; x_wconf 92' lang='lat' dir='ltr'>non</span> <span class='ocrx_word' id='word_1_537' title='bbox 1567 1829 1845 1864; x_wconf 85' lang='lat' dir='ltr'>delectationem.</span> <span class='ocrx_word' id='word_1_538' title='bbox 1884 1829 1980 1872; x_wconf 85' lang='lat' dir='ltr'>Quid</span> <span class='ocrx_word' id='word_1_539' title='bbox 2000 1841 2106 1874; x_wconf 87' lang='lat' dir='ltr'>quae-</span> 
     </span>
     <span class='ocr_line' id='line_1_91' title="bbox 1113 1877 2105 1915; baseline -0.003 0"><span class='ocrx_word' id='word_1_540' title='bbox 1113 1894 1149 1915; x_wconf 91' lang='lat' dir='ltr'>so</span> <span class='ocrx_word' id='word_1_541' title='bbox 1177 1879 1360 1915; x_wconf 84' lang='lat' dir='ltr'>honestius</span> <span class='ocrx_word' id='word_1_542' title='bbox 1387 1880 1607 1913; x_wconf 80' lang='lat' dir='ltr'>confiteberis</span> <span class='ocrx_word' id='word_1_543' title='bbox 1631 1877 1698 1912; x_wconf 91' lang='lat' dir='ltr'>hoc</span> <span class='ocrx_word' id='word_1_544' title='bbox 1726 1879 1849 1912; x_wconf 76' lang='lat' dir='ltr'>divino</span> <span class='ocrx_word' id='word_1_545' title='bbox 1881 1880 2022 1913; x_wconf 76' lang='lat' dir='ltr'>studio?</span> <span class='ocrx_word' id='word_1_546' title='bbox 2058 1880 2105 1913; x_wconf 92' lang='lat' dir='ltr'>si-</span> 
     </span>
     <span class='ocr_line' id='line_1_92' title="bbox 1113 1931 2105 1978; baseline -0.003 -12"><span class='ocrx_word' id='word_1_547' title='bbox 1113 1932 1255 1978; x_wconf 88' lang='lat' dir='ltr'>quidem</span> <span class='ocrx_word' id='word_1_548' title='bbox 1279 1939 1423 1977; x_wconf 88' lang='lat' dir='ltr'>propter</span> <span class='ocrx_word' id='word_1_549' title='bbox 1446 1931 1600 1975; x_wconf 89' lang='lat' dir='ltr'>seipsum</span> <span class='ocrx_word' id='word_1_550' title='bbox 1625 1931 1820 1974; x_wconf 83' lang='lat' dir='ltr'>appetitur,</span> <span class='ocrx_word' id='word_1_551' title='bbox 1851 1943 1928 1964; x_wconf 90' lang='lat' dir='ltr'>cum</span> <span class='ocrx_word' id='word_1_552' title='bbox 1951 1938 2105 1965; x_wconf 90' lang='lat' dir='ltr'>caeterae</span> 
     </span>
     <span class='ocr_line' id='line_1_93' title="bbox 1113 1981 2104 2028; baseline -0.003 -12"><span class='ocrx_word' id='word_1_553' title='bbox 1113 1984 1311 2028; x_wconf 88' lang='lat' dir='ltr'>plerunque</span> <span class='ocrx_word' id='word_1_554' title='bbox 1334 1989 1425 2015; x_wconf 88' lang='lat' dir='ltr'>artes</span> <span class='ocrx_word' id='word_1_555' title='bbox 1449 1982 1604 2015; x_wconf 87' lang='lat' dir='ltr'>alienum</span> <span class='ocrx_word' id='word_1_556' title='bbox 1639 1981 1705 2014; x_wconf 91' lang='lat' dir='ltr'>sibi</span> <span class='ocrx_word' id='word_1_557' title='bbox 1731 1982 1958 2024; x_wconf 87' lang='lat' dir='ltr'>praestituant</span> <span class='ocrx_word' id='word_1_558' title='bbox 1982 1982 2104 2015; x_wconf 88' lang='lat' dir='ltr'>finem:</span> 
     </span>
     <span class='ocr_line' id='line_1_94' title="bbox 1113 2030 2106 2079; baseline -0.001 -12"><span class='ocrx_word' id='word_1_559' title='bbox 1113 2035 1207 2079; x_wconf 86' lang='lat' dir='ltr'>quod</span> <span class='ocrx_word' id='word_1_560' title='bbox 1243 2034 1328 2066; x_wconf 93' lang='lat' dir='ltr'>olim</span> <span class='ocrx_word' id='word_1_561' title='bbox 1364 2032 1489 2066; x_wconf 89' lang='lat' dir='ltr'>Petrus</span> <span class='ocrx_word' id='word_1_562' title='bbox 1520 2031 1664 2076; x_wconf 86' lang='lat' dir='ltr'>quidam</span> <span class='ocrx_word' id='word_1_563' title='bbox 1695 2030 1956 2065; x_wconf 88' lang='lat' dir='ltr'>Cameracensis</span> <span class='ocrx_word' id='word_1_564' title='bbox 1989 2044 2106 2066; x_wconf 89' lang='lat' dir='ltr'>sacro-</span> 
     </span>
     <span class='ocr_line' id='line_1_95' title="bbox 1113 2081 2106 2121; baseline -0.001 -4"><span class='ocrx_word' id='word_1_565' title='bbox 1113 2092 1250 2117; x_wconf 89' lang='lat' dir='ltr'>sanctae</span> <span class='ocrx_word' id='word_1_566' title='bbox 1269 2083 1453 2118; x_wconf 83' lang='lat' dir='ltr'>Romanae</span> <span class='ocrx_word' id='word_1_567' title='bbox 1471 2081 1647 2115; x_wconf 88' lang='lat' dir='ltr'>Ecclesiae</span> <span class='ocrx_word' id='word_1_568' title='bbox 1668 2081 1887 2121; x_wconf 80' lang='lat' dir='ltr'>Cardinatis,</span> <span class='ocrx_word' id='word_1_569' title='bbox 1916 2083 2002 2116; x_wconf 91' lang='lat' dir='ltr'>adeo</span> <span class='ocrx_word' id='word_1_570' title='bbox 2021 2094 2106 2116; x_wconf 87' lang='lat' dir='ltr'>con-</span> 
     </span>
     <span class='ocr_line' id='line_1_96' title="bbox 1113 2133 2105 2177; baseline -0.001 -9"><span class='ocrx_word' id='word_1_571' title='bbox 1113 2135 1322 2168; x_wconf 75' lang='lat' dir='ltr'>firmandum</span> <span class='ocrx_word' id='word_1_572' title='bbox 1341 2134 1494 2173; x_wconf 89' lang='lat' dir='ltr'>censuit,</span> <span class='ocrx_word' id='word_1_573' title='bbox 1521 2140 1558 2166; x_wconf 84' lang='lat' dir='ltr'>ut</span> <span class='ocrx_word' id='word_1_574' title='bbox 1579 2133 1614 2164; x_wconf 87' lang='lat' dir='ltr'>in</span> <span class='ocrx_word' id='word_1_575' title='bbox 1632 2133 1729 2165; x_wconf 86' lang='lat' dir='ltr'>omni</span> <span class='ocrx_word' id='word_1_576' title='bbox 1757 2145 1858 2177; x_wconf 88' lang='lat' dir='ltr'>quem</span> <span class='ocrx_word' id='word_1_577' title='bbox 1877 2146 1993 2167; x_wconf 88' lang='lat' dir='ltr'>coram</span> <span class='ocrx_word' id='word_1_578' title='bbox 2012 2134 2105 2167; x_wconf 91' lang='lat' dir='ltr'>clero</span> 
     </span>
     <span class='ocr_line' id='line_1_97' title="bbox 1114 2180 2106 2230; baseline -0.001 -12"><span class='ocrx_word' id='word_1_579' title='bbox 1114 2184 1237 2219; x_wconf 87' lang='lat' dir='ltr'>habuit</span> <span class='ocrx_word' id='word_1_580' title='bbox 1260 2197 1439 2225; x_wconf 90' lang='lat' dir='ltr'>sermone,</span> <span class='ocrx_word' id='word_1_581' title='bbox 1474 2196 1545 2217; x_wconf 86' lang='lat' dir='ltr'>uon</span> <span class='ocrx_word' id='word_1_582' title='bbox 1575 2183 1708 2226; x_wconf 84' lang='lat' dir='ltr'>pigrius</span> <span class='ocrx_word' id='word_1_583' title='bbox 1735 2180 1972 2223; x_wconf 82' lang='lat' dir='ltr'>honestatem,</span> <span class='ocrx_word' id='word_1_584' title='bbox 2000 2195 2106 2230; x_wconf 88' lang='lat' dir='ltr'>quam</span> 
     </span>
     <span class='ocr_line' id='line_1_98' title="bbox 1114 2233 2106 2280; baseline -0.001 -11"><span class='ocrx_word' id='word_1_585' title='bbox 1114 2234 1413 2280; x_wconf 88' lang='lat' dir='ltr'>pulchritudinem</span> <span class='ocrx_word' id='word_1_586' title='bbox 1452 2241 1591 2267; x_wconf 88' lang='lat' dir='ltr'>nostrae</span> <span class='ocrx_word' id='word_1_587' title='bbox 1627 2233 1790 2268; x_wconf 83' lang='lat' dir='ltr'>scientiae</span> <span class='ocrx_word' id='word_1_588' title='bbox 1831 2236 2106 2276; x_wconf 84' lang='lat' dir='ltr'>demonstraret,</span> 
     </span>
     <span class='ocr_line' id='line_1_99' title="bbox 1114 2283 2105 2320; baseline -0.002 0"><span class='ocrx_word' id='word_1_589' title='bbox 1114 2287 1259 2320; x_wconf 89' lang='lat' dir='ltr'>aemulis</span> <span class='ocrx_word' id='word_1_590' title='bbox 1281 2287 1352 2319; x_wconf 87' lang='lat' dir='ltr'>suis</span> <span class='ocrx_word' id='word_1_591' title='bbox 1375 2287 1417 2319; x_wconf 89' lang='lat' dir='ltr'>ad</span> <span class='ocrx_word' id='word_1_592' title='bbox 1444 2286 1477 2318; x_wconf 84' lang='lat' dir='ltr'>id</span> <span class='ocrx_word' id='word_1_593' title='bbox 1498 2285 1759 2317; x_wconf 82' lang='lat' dir='ltr'>lacessentibus.</span> <span class='ocrx_word' id='word_1_594' title='bbox 1811 2283 2022 2319; x_wconf 88' lang='lat' dir='ltr'>Recentiora</span> <span class='ocrx_word' id='word_1_595' title='bbox 2044 2286 2105 2318; x_wconf 88' lang='lat' dir='ltr'>de-</span> 
     </span>
     <span class='ocr_line' id='line_1_100' title="bbox 1113 2334 2106 2380; baseline -0.001 -10"><span class='ocrx_word' id='word_1_596' title='bbox 1113 2350 1209 2370; x_wconf 91' lang='lat' dir='ltr'>mum</span> <span class='ocrx_word' id='word_1_597' title='bbox 1228 2337 1432 2380; x_wconf 82' lang='lat' dir='ltr'>colligemus</span> <span class='ocrx_word' id='word_1_598' title='bbox 1449 2335 1648 2369; x_wconf 83' lang='lat' dir='ltr'>testimonia</span> <span class='ocrx_word' id='word_1_599' title='bbox 1661 2362 1669 2374; x_wconf 90' lang='lat'>‚</span> <span class='ocrx_word' id='word_1_600' title='bbox 1697 2336 1723 2367; x_wconf 90' lang='lat' dir='ltr'>si</span> <span class='ocrx_word' id='word_1_601' title='bbox 1742 2334 1897 2369; x_wconf 88' lang='lat' dir='ltr'>Domino</span> <span class='ocrx_word' id='word_1_602' title='bbox 1924 2335 2106 2369; x_wconf 89' lang='lat' dir='ltr'>Trocella-</span> 
     </span>
     <span class='ocr_line' id='line_1_101' title="bbox 1114 2385 2106 2428; baseline -0.002 -6"><span class='ocrx_word' id='word_1_603' title='bbox 1114 2401 1179 2428; x_wconf 84' lang='lat' dir='ltr'>no,</span> <span class='ocrx_word' id='word_1_604' title='bbox 1217 2387 1371 2421; x_wconf 89' lang='lat' dir='ltr'>Domino</span> <span class='ocrx_word' id='word_1_605' title='bbox 1405 2386 1629 2425; x_wconf 48' lang='lat' dir='ltr'>tarnatensi,</span> <span class='ocrx_word' id='word_1_606' title='bbox 1668 2385 1822 2419; x_wconf 86' lang='lat' dir='ltr'>Domino</span> <span class='ocrx_word' id='word_1_607' title='bbox 1853 2385 2106 2426; x_wconf 82' lang='lat' dir='ltr'>Modrusiensi,</span> 
     </span>
     <span class='ocr_line' id='line_1_102' title="bbox 1114 2436 2105 2475; baseline -0.002 -3"><span class='ocrx_word' id='word_1_608' title='bbox 1114 2439 1267 2473; x_wconf 88' lang='lat' dir='ltr'>Domino</span> <span class='ocrx_word' id='word_1_609' title='bbox 1289 2438 1414 2471; x_wconf 81' lang='lat' dir='ltr'>lacobo</span> <span class='ocrx_word' id='word_1_610' title='bbox 1432 2438 1474 2469; x_wconf 72' lang='lat' dir='ltr'>«le</span> <span class='ocrx_word' id='word_1_611' title='bbox 1488 2436 1639 2475; x_wconf 69' lang='lat' dir='ltr'>Eubois,</span> <span class='ocrx_word' id='word_1_612' title='bbox 1667 2448 1705 2469; x_wconf 89' lang='lat' dir='ltr'>ac</span> <span class='ocrx_word' id='word_1_613' title='bbox 1724 2437 1801 2468; x_wconf 90' lang='lat' dir='ltr'>aliis</span> <span class='ocrx_word' id='word_1_614' title='bbox 1824 2437 1942 2469; x_wconf 87' lang='lat' dir='ltr'>multis</span> <span class='ocrx_word' id='word_1_615' title='bbox 1964 2437 2105 2470; x_wconf 87' lang='lat' dir='ltr'>Praela—</span> 
     </span>
     <span class='ocr_line' id='line_1_103' title="bbox 1114 2484 2103 2531; baseline -0.004 -8"><span class='ocrx_word' id='word_1_616' title='bbox 1114 2490 1157 2524; x_wconf 93' lang='lat' dir='ltr'>tis</span> <span class='ocrx_word' id='word_1_617' title='bbox 1182 2489 1396 2531; x_wconf 83' lang='lat' dir='ltr'>dignissimis</span> <span class='ocrx_word' id='word_1_618' title='bbox 1422 2488 1506 2520; x_wconf 75' lang='lat' dir='ltr'>fides</span> <span class='ocrx_word' id='word_1_619' title='bbox 1531 2484 1729 2521; x_wconf 84' lang='lat' dir='ltr'>habebitur.</span> <span class='ocrx_word' id='word_1_620' title='bbox 1797 2487 1902 2520; x_wconf 81' lang='lat' dir='ltr'>Fama</span> <span class='ocrx_word' id='word_1_621' title='bbox 1929 2496 2103 2531; x_wconf 84' lang='lat' dir='ltr'>postremo</span> 
     </span>
     <span class='ocr_line' id='line_1_104' title="bbox 1113 2537 2104 2577; baseline -0.004 -4"><span class='ocrx_word' id='word_1_622' title='bbox 1113 2540 1307 2574; x_wconf 84' lang='lat' dir='ltr'>Clarissimi</span> <span class='ocrx_word' id='word_1_623' title='bbox 1328 2538 1472 2572; x_wconf 82' lang='lat' dir='ltr'>Domini</span> <span class='ocrx_word' id='word_1_624' title='bbox 1496 2537 1631 2570; x_wconf 66' lang='lat' dir='ltr'>Nicolai</span> <span class='ocrx_word' id='word_1_625' title='bbox 1656 2539 1698 2569; x_wconf 84' lang='lat' dir='ltr'>(le</span> <span class='ocrx_word' id='word_1_626' title='bbox 1723 2537 1940 2577; x_wconf 84' lang='lat' dir='ltr'>Comitibus‚</span> <span class='ocrx_word' id='word_1_627' title='bbox 1968 2545 1999 2571; x_wconf 91' lang='lat' dir='ltr'>et</span> <span class='ocrx_word' id='word_1_628' title='bbox 2016 2538 2104 2570; x_wconf 89' lang='lat' dir='ltr'>alio-</span> 
     </span>
     <span class='ocr_line' id='line_1_105' title="bbox 1114 2587 2102 2631; baseline -0.004 -7"><span class='ocrx_word' id='word_1_629' title='bbox 1114 2604 1192 2624; x_wconf 88' lang='lat' dir='ltr'>rum</span> <span class='ocrx_word' id='word_1_630' title='bbox 1211 2590 1419 2623; x_wconf 85' lang='lat' dir='ltr'>secularium</span> <span class='ocrx_word' id='word_1_631' title='bbox 1438 2590 1614 2628; x_wconf 77' lang='lat' dir='ltr'>virorum,</span> <span class='ocrx_word' id='word_1_632' title='bbox 1642 2589 1846 2631; x_wconf 74' lang='lat' dir='ltr'>(lignitatem</span> <span class='ocrx_word' id='word_1_633' title='bbox 1866 2588 1973 2621; x_wconf 83' lang='lat' dir='ltr'>studii</span> <span class='ocrx_word' id='word_1_634' title='bbox 1991 2587 2102 2620; x_wconf 89' lang='lat' dir='ltr'>nostri</span> 
     </span>
     <span class='ocr_line' id='line_1_106' title="bbox 1115 2639 2103 2685; baseline -0.005 -10"><span class='ocrx_word' id='word_1_635' title='bbox 1115 2642 1343 2685; x_wconf 87' lang='lat' dir='ltr'>comprobare</span> <span class='ocrx_word' id='word_1_636' title='bbox 1371 2640 1493 2673; x_wconf 91' lang='lat' dir='ltr'>solent.</span> <span class='ocrx_word' id='word_1_637' title='bbox 1552 2640 1658 2681; x_wconf 85' lang='lat' dir='ltr'>Quod</span> <span class='ocrx_word' id='word_1_638' title='bbox 1690 2639 1718 2671; x_wconf 89' lang='lat' dir='ltr'>si</span> <span class='ocrx_word' id='word_1_639' title='bbox 1750 2640 1792 2671; x_wconf 86' lang='lat' dir='ltr'>ad</span> <span class='ocrx_word' id='word_1_640' title='bbox 1821 2640 1906 2672; x_wconf 89' lang='lat' dir='ltr'>utile</span> <span class='ocrx_word' id='word_1_641' title='bbox 1929 2644 2103 2670; x_wconf 82' lang='lat' dir='ltr'>astrorum</span> 
     </span>
     <span class='ocr_line' id='line_1_107' title="bbox 1114 2686 2105 2738; baseline -0.003 -12"><span class='ocrx_word' id='word_1_642' title='bbox 1114 2693 1279 2738; x_wconf 84' lang='lat' dir='ltr'>peritiam</span> <span class='ocrx_word' id='word_1_643' title='bbox 1306 2691 1568 2725; x_wconf 83' lang='lat' dir='ltr'>accommodare</span> <span class='ocrx_word' id='word_1_644' title='bbox 1591 2689 1697 2730; x_wconf 73' lang='lat' dir='ltr'>velis,</span> <span class='ocrx_word' id='word_1_645' title='bbox 1728 2686 1820 2723; x_wconf 88' lang='lat' dir='ltr'>nihil</span> <span class='ocrx_word' id='word_1_646' title='bbox 1846 2699 1992 2733; x_wconf 87' lang='lat' dir='ltr'>usquam</span> <span class='ocrx_word' id='word_1_647' title='bbox 2020 2699 2105 2723; x_wconf 83' lang='lat' dir='ltr'>con-</span> 
     </span>
    </p>
   </div>
  </div>
 </body>
</html>
