2338 2958
197 121 274 156 945

201 207 240 240 in
271 204 444 250 θυμικῷ,
492 198 680 235 horrendis
713 196 838 242 poenis
869 194 990 230 delens
1026 200 1188 228 naturam

202 264 347 303 propter
362 255 510 293 scelera,
537 257 569 283 et
585 260 786 294 quanquam
809 258 903 280 nnnc
924 247 960 279 in
985 244 1050 279 hac
1076 245 1192 290 pravi-

203 315 274 344 tate
298 313 462 343 naturae,
488 301 548 336 alii
575 300 678 333 etiam
703 298 820 332 vitiosi
848 297 1000 340 impetus
1024 297 1060 329 in
1088 297 1193 330 corde

203 358 460 393 accenduntur,
488 359 605 386 tamen
622 350 724 384 etiam
741 361 820 382 curn
839 349 874 381 id
894 348 948 388 fit,
975 359 1112 391 semper
1134 359 1193 380 ex-

204 417 338 444 tremus
355 413 388 439 et
405 401 662 437 valentissimus
680 411 794 434 comes
815 405 865 432 est
882 396 940 432 hic
958 399 1086 431 xindex
1098 425 1106 438 ‚
1134 397 1194 443 qui

206 467 256 494 est
272 456 387 491 divini
403 453 526 488 iudicii
543 459 658 486 custos
675 458 707 484 et
724 457 896 484 executor.
950 449 1044 483 Haec
1054 448 1121 482 Dei
1137 460 1196 480 ve-

205 509 306 552 stigia
323 507 360 540 in
377 505 481 539 uobis
500 505 586 537 adeo
603 513 760 546 expressa
780 509 813 535 et
828 501 1014 545 conspicua
1031 507 1132 539 sunt,
1159 505 1198 531 nt

206 561 392 604 plusquam
420 554 618 601 cyclopicus
636 553 734 586 furor
752 553 812 592 sit,
837 552 931 584 nolle
947 563 986 585 ea
1001 561 1197 594 agnoscere,

207 618 240 644 et
266 609 327 654 qui
353 619 425 642 sese
450 605 643 650 aspiciunt,
673 603 774 637 fateri
799 609 974 646 coguntur
1000 600 1084 635 haec
1111 611 1199 645 quae

206 661 360 695 dicimus
381 657 560 691 verissima
579 666 663 689 esse.

310 708 374 743 Est
406 715 521 742 autem
552 707 589 739 in
610 704 684 738 Deo
716 711 747 737 et
777 702 844 737 boc
870 704 993 742 decus,
1028 702 1122 746 quod
1151 706 1200 733 est

209 772 315 806 agens
331 761 497 794 liberum,
521 757 595 790 eius
614 755 694 788 boni
715 755 903 797 imaginem
922 754 957 786 in
977 754 1080 785 uobis
1096 752 1199 784 etiam

209 811 366 856 conspici
392 809 524 848 voluit,
558 807 652 852 quod
682 812 715 839 et
740 807 782 838 ad
810 805 1101 847 gubernationem
1126 814 1202 834 mo-

210 876 290 897 rum
311 862 398 895 utile
417 867 486 899 est,
513 859 758 900 obtemperant
786 858 835 901 τῷ
861 853 1067 902 ἡγελιιοιίκῴ
1091 852 1202 890 nervi,

212 921 246 948 et
277 920 393 946 motus
428 908 619 943 voluntarii
658 908 909 946 instrumenta,
959 906 1008 938 ita
1044 911 1083 937 ut
1113 903 1203 936 ciere

211 965 369 998 membra
400 968 543 994 externa
575 971 638 991 suo
669 957 816 991 arbitrio
853 956 972 1000 possit.
1041 951 1203 988 Retraliit

211 1012 389 1049 Achillem
414 1010 455 1045 τὸ
481 1006 719 1057 ἡγεμονικὸν,
757 1015 789 1041 et
813 1019 937 1040 manus
961 1003 1119 1044 cohibet,
1160 1017 1204 1037 ne

213 1064 427 1099 interficiant
452 1062 776 1104 Agamemnonem,
809 1059 867 1091 sed
896 1057 1053 1101 gladium
1083 1066 1205 1089 rursus

213 1117 254 1149 in
271 1115 432 1157 vaginam
454 1112 619 1145 condant.
672 1109 767 1142 Haec
784 1109 925 1141 libertas
945 1108 981 1140 in
1000 1107 1103 1140 nobis
1123 1106 1205 1139 reli-

214 1178 283 1212 qua
300 1172 366 1204 est,
390 1171 423 1197 et
440 1169 479 1196 ut
495 1163 540 1195 sit
558 1160 726 1194 frenati-ix
745 1159 937 1192 errantium
962 1158 1206 1201 cupiditatum,

216 1225 249 1251 et
267 1213 583 1250 commonefaciant
599 1223 683 1250 nos,
711 1211 827 1243 Deum
848 1220 927 1241 vere
945 1220 1018 1241 esse
1040 1219 1145 1249 agens
1161 1206 1206 1238 li-

214 1269 359 1306 berum,
388 1276 462 1297 non
488 1263 581 1296 enim
606 1274 623 1293 a
650 1273 748 1293 serva
776 1267 922 1298 natura,
950 1258 1052 1303 quale
1074 1268 1206 1290 numen

216 1320 353 1361 fingunt
373 1314 502 1354 Stoici,
528 1313 679 1345 liberum
698 1322 801 1354 agens
819 1310 925 1343 condi
945 1310 1124 1353 potuisset.

319 1367 502 1400 Praeterea
522 1370 602 1396 sunt
621 1370 654 1396 et
672 1363 759 1395 aliae
776 1362 812 1393 in
830 1361 932 1393 nobis
952 1360 1122 1402 imagines
1139 1358 1206 1392 Dei

218 1421 407 1464 impressae
430 1415 556 1455 nobis,
588 1420 626 1447 ut
653 1413 723 1447 sint
741 1420 774 1446 et
798 1411 1143 1445 commonefactrices
1167 1411 1209 1441 de

219 1471 316 1514 ipso,
345 1475 377 1502 et
393 1467 463 1500 sint
481 1466 651 1499 virtutum
671 1464 802 1497 semina
821 1470 852 1496 et
870 1462 1023 1501 stimuli,
1047 1461 1209 1494 videlicet

220 1517 371 1567 στοργαὶ
384 1544 394 1559 ,
424 1529 523 1551 amor
541 1515 673 1549 sobolis
692 1514 729 1547 iu
753 1513 976 1557 parentibus,
1005 1519 1037 1545 et
1056 1513 1211 1545 benevo-

219 1572 328 1606 lentia
354 1572 391 1602 iu
417 1567 537 1602 sobole
561 1578 640 1609 erga
665 1571 844 1610 parentes,
870 1564 1112 1596 misericordia
1132 1574 1209 1605 erga

221 1621 453 1659 calamitosos,
481 1617 637 1651 defensio
654 1616 865 1659 supplicum,
893 1614 1067 1646 amicitiae
1085 1625 1212 1658 aequa-

221 1674 309 1707 lium
337 1678 369 1704 et
396 1668 551 1703 honestis
574 1667 697 1700 officiis
715 1666 996 1698 coniunctorum.
1051 1662 1125 1696 Etsi
1149 1675 1211 1696 au-

221 1733 290 1759 tem
304 1721 431 1757 Stoicis
449 1718 635 1752 ridiculum
652 1714 873 1749 videturDeo
892 1717 1044 1747 tribuere
1061 1714 1214 1752 allectus,

223 1783 340 1809 tamen
370 1771 508 1816 quoties
533 1769 570 1801 in
595 1767 791 1801 calamitate
819 1766 950 1798 sobolis
976 1772 1136 1809 parentes
1160 1765 1211 1797 sui

223 1825 353 1859 amoris
372 1830 403 1855 et
422 1820 556 1854 doloris
576 1818 721 1851 vulnera
741 1816 918 1856 sentiunt,
945 1816 1095 1859 cogitent
1117 1815 1213 1847 simi-

223 1877 293 1910 lem
317 1885 472 1908 amorem
493 1881 565 1904 esse
587 1869 623 1901 in
639 1868 712 1902 Deo
737 1879 814 1909 erga
841 1867 951 1899 filium
982 1874 1013 1900 et
1036 1878 1115 1908 erga
1140 1877 1215 1905 nos,

226 1939 307 1960 nam
327 1927 369 1958 de
386 1924 457 1956 filio
475 1932 631 1965 expresse
648 1919 748 1952 dicit:
777 1917 845 1951 llic
863 1924 913 1951 est
936 1917 1028 1950 tilius
1046 1929 1142 1949 meus
1160 1916 1215 1948 ‹li-

225 1979 354 2011 lectus,
382 1987 451 2019 quo
469 1973 641 2009 delector,
665 1968 760 2003 hunc
777 1969 906 2002 audite.
954 1967 1045 2001 Vera
1063 1980 1134 2000 non
1153 1967 1216 1999 fri—

226 2029 327 2071 gida,
354 2038 424 2058 non
444 2023 607 2057 simulata
627 2020 767 2053 dilectio
792 2026 839 2053 cst
867 2019 902 2051 in
922 2018 993 2052 Deo
1021 2031 1099 2061 erga
1126 2025 1216 2050 recte

229 2080 432 2111 invocantes
452 2075 577 2117 ipsum,
603 2080 634 2106 et
654 2084 752 2109 vera,
780 2077 812 2104 et
830 2070 950 2113 ingens
967 2071 1034 2108 ira,
1061 2082 1149 2114 quae
1167 2075 1217 2101 est

229 2129 386 2162 iusticiae
411 2126 538 2158 vindex
561 2130 593 2156 et
617 2130 743 2156 custos.
797 2122 888 2155 Sunt
909 2122 943 2153 in
961 2121 1157 2165 aliquibus,
1185 2127 1217 2152 et

228 2178 389 2213 heroicae
411 2177 579 2221 quaedam
605 2174 782 2211 flammae,
810 2172 862 2204 vot
887 2172 1095 2215 sapientiae,
1122 2178 1158 2204 ut
1181 2170 1216 2202 in

229 2228 504 2264 vaticinantibus
535 2233 564 2258 et
601 2223 851 2257 excellentibus
881 2223 1094 2261 artificibus,
1129 2234 1218 2266 quo-

229 2293 311 2314 rum
331 2279 456 2313 indivia
478 2276 604 2309 similia
632 2282 709 2308 sunt
737 2273 931 2314 vaticiniis,
959 2275 1011 2306 vel
1038 2272 1217 2306 fortitudi-

231 2333 304 2368 nis,
333 2338 365 2362 ut
389 2331 423 2361 iu
446 2327 656 2361 Alexandro.

231 2381 502 2416 s.uuili.·rii.·t···n
531 2377 594 2410 Dei
621 2389 697 2409 rum
722 2374 938 2408 bominibus.
996 2375 1085 2408 ‘l'am
1109 2375 1218 2407 inulta

230 2431 429 2467 testimonia
449 2432 490 2461 d«-
510 2430 607 2468 Deo,
633 2440 711 2461 cuni
733 2427 766 2459 in
790 2426 893 2458 nobis
917 2427 1112 2463 cernimus,
1135 2437 1219 2458 con-
1244 2428 1246 2433 ’

231 2483 360 2517 firmari
388 2481 622 2513 assensionem
650 2479 693 2510 de
716 2477 936 2520 providentia
959 2475 1047 2510 niliil
1070 2476 1218 2509 dubium
1244 2482 1247 2493 ¹

230 2543 292 2570 est.
346 2532 439 2565 llaec
456 2539 570 2563 autem
590 2530 741 2562 assensio
761 2529 839 2561 fons
857 2536 906 2562 est
925 2529 1112 2561 multarum
1133 2527 1219 2560 alia-

231 2599 308 2619 rum
329 2585 508 2617 xistuttnn.

229 2650 296 2681 que
314 2635 407 2667 cerni
434 2640 464 2666 et
493 2631 639 2669 intelligi
667 2630 817 2674 possint,
840 2630 1037 2663 aediticium
1065 2628 1220 2662 bominis

229 2687 334 2730 aspici
357 2691 503 2729 oportet.

757 109 916 146 DECL.
958 106 1032 144 DE
1065 105 1371 144 DOCTRINA
1409 105 1674 143 ANATOM.

710 2325 755 2358 lli
776 2332 889 2357 motus
906 2325 1008 2357 etiam
1027 2325 1217 2357 ostendunt
1244 2344 1246 2351 ι

1245 2557 1247 2564 A
1276 2528 1324 2571 pit
1349 2528 1381 2559 in
1407 2527 1559 2560 cerebro.

563 2581 605 2613 th
626 2590 738 2613 autem
760 2577 842 2612 baec
861 2580 1058 2612 testimonia
1082 2585 1219 2612 utcum-
1245 2580 1247 2607 ¹,

2159 108 2235 146 944

1345 193 1435 228 Cum
1459 200 1576 228 autem
1601 193 1823 238 agnoscimus
1843 191 1936 228 hanc
1964 193 2164 228 mirandam
2190 193 2239 226 si-

1245 245 1485 279 militudinem
1505 244 1717 278 noticiarum
1744 245 1783 277 in
1809 245 1987 280 mentibus
2016 243 2183 279 humanis
2206 251 2239 279 et

1247 298 1283 330 in
1303 296 1436 337 divina,
1462 296 1652 339 cogitemus
1666 306 1730 328 nos
1748 293 1913 328 vereDeo
1927 307 2030 329 curae
2046 307 2130 333 esse,
2158 306 2239 329 cum

1248 359 1301 381 res
1328 347 1364 379 in
1391 347 1466 390 ipso
1491 347 1660 390 optimas,
1700 346 1834 379 scilicet
1861 345 2052 390 sapientiae
2079 357 2162 379 suae
2182 357 2240 379 ra-

1249 399 1345 437 dios,
1372 397 1409 430 in
1428 410 1492 430 nos
1509 397 1748 440 transfuderit.
1801 396 1893 430 Sunt
1911 403 1944 430 et
1961 393 2026 429 bae
2042 395 2240 430 divinitatis

1250 450 1394 482 umbrae
1411 448 1447 480 in
1464 448 1585 485 nobis,
1611 449 1705 492 quod
1725 455 1866 481 nostrae
1881 453 2015 480 mentes
2030 447 2241 490 cogitatione

1251 500 1405 533 formant
1425 499 1614 541 imagines,
1639 505 1673 532 et
1693 499 1788 543 quod
1811 498 1954 542 spiritus
1980 497 2053 531 nati
2076 497 2113 529 in
2137 498 2242 530 corde

1252 551 1451 584 adfectuum
1488 550 1646 582 flammas
1671 542 1863 593 {pargunn
1933 546 2009 581 Hae
2043 548 2242 592 propositae

1253 607 1352 641 sunt,
1375 608 1414 634 ut
1436 613 1513 633 cum
1539 600 1701 633 audimus
1720 600 1830 632 filium
1847 599 1916 632 Dei
1937 598 2114 631 nominari
2135 598 2244 642 patris

1254 653 1385 685 aeterni
1412 651 1619 694 imaginem,
1645 648 1705 684 καὶ
1726 647 1857 697 λόγον,
1885 648 1982 693 gigni
2008 661 2087 683 eum
2111 648 2245 691 cogita-

1254 703 1349 736 tione
1375 703 1571 742 discamus,
1598 701 1761 745 spiritum
1786 712 1869 733 vero
1891 701 2068 733 flammam
2094 711 2167 733 esse
2190 699 2247 731 di-

1256 753 1330 785 vini
1349 753 1489 787 amoris.
1542 754 1582 784 In
1598 749 1725 785 harum
1741 751 1972 784 maximarum
1992 762 2109 784 rerum
2129 749 2246 784 consi-

1257 803 1438 836 deratione
1457 814 1521 836 nos
1538 803 1701 835 adiuvari
1716 801 1938 845 adspectione
1959 807 2105 835 naturae
2129 798 2247 834 homi-

1257 855 1312 887 nis
1343 854 1525 887 fatendum
1557 859 1622 886 est:
1654 853 1734 885 ideo
1759 852 1854 886 enim
1882 852 2025 895 vestigia
2051 850 2248 885 divinitatis

1258 905 1368 938 multa
1392 904 1496 937 nobis
1516 904 1682 947 impressa
1701 911 1801 941 sunt,
1829 909 1867 936 ut
1883 914 2113 946 agnoscamus
2131 898 2248 935 archi-

1258 963 1409 995 tectum,
1443 962 1475 988 et
1506 961 1579 988 tota
1610 961 1729 987 nostra
1754 954 1824 988 vita
1851 954 1893 986 ad
1920 965 2081 987 normam
2107 952 2248 985 divinae

1259 1006 1386 1039 mentis
1407 1012 1594 1046 congruat,
1628 1005 1728 1038 cuius
1754 1005 1792 1037 in
1815 1015 1880 1036 nos
1903 1004 2100 1037 similitudo
2133 1010 2249 1037 trans-

1258 1058 1332 1090 fusa
1348 1063 1407 1089 est.
1462 1055 1635 1089 Additum
1654 1062 1771 1089 autem
1795 1061 1845 1088 est
1861 1051 2064 1099 θρεπτικὸν
2086 1053 2249 1098 superio-

1259 1107 1358 1140 ribus
1382 1107 1534 1146 viribus,
1571 1118 1640 1150 qno
1664 1117 1768 1149 opere
1796 1112 1944 1139 testatur
1974 1102 2184 1138 architectus
2214 1115 2251 1137 se

1260 1158 1364 1192 etiam
1392 1157 1482 1190 vitae
1506 1168 1693 1200 corporum
1720 1157 1919 1196 consulere,
1949 1167 1984 1188 se
2003 1155 2093 1188 velle
2115 1154 2251 1189 nutrire

1260 1216 1293 1242 et
1308 1209 1427 1240 fovere
1445 1205 1641 1239 humanum
1659 1217 1778 1248 genus.
1820 1205 1870 1239 Ita
1889 1206 2112 1250 providentia
2128 1205 2250 1238 divina

1261 1266 1294 1293 et
1325 1269 1424 1291 amor
1455 1268 1534 1300 erga
1564 1268 1630 1290 nos
1660 1256 1699 1288 in
1731 1256 1898 1290 omnibus
1921 1256 2071 1290 aedificii
2094 1255 2252 1301 partibus

1260 1308 1486 1353 conspicitur.

1363 1358 1578 1394 Confirmata
1596 1364 1711 1391 autem
1731 1358 1931 1391 assensione
1949 1357 1992 1390 de
2017 1356 2254 1400 providentia,

1262 1417 1380 1455 postea
1404 1416 1602 1454 sequuntur
1627 1415 1779 1442 caeterae
1806 1409 1972 1448 virtutes,
2001 1419 2150 1452 quarum
2170 1418 2254 1441 nor-

1263 1473 1338 1494 mae
1356 1461 1475 1495 lucent
1489 1461 1527 1492 in
1544 1459 1733 1494 mentibus.
1787 1458 1896 1492 Tueri
1917 1457 1984 1492 hoc
1999 1456 2066 1491 Dei
2082 1458 2253 1502 templum

1264 1513 1484 1551 studeamus,
1512 1523 1583 1543 non
1601 1510 1764 1550 cedibus,
1792 1521 1864 1542 non
1890 1509 2160 1553 intemperantia
2178 1508 2256 1542 vio-

1265 1564 1395 1602 lemus,
1430 1574 1503 1596 non
1528 1561 1728 1605 polluamus
1757 1561 1949 1594 libidinum
1978 1559 2257 1595 confusionibus.

1268 1613 1437 1646 Videmus
1462 1613 1617 1653 singulas
1639 1619 1753 1655 partes
1774 1612 1816 1644 ad
1842 1612 2024 1652 ordinem,
2052 1617 2085 1644 et
2109 1611 2255 1645 modum

1266 1671 1400 1697 certum
1419 1663 1523 1696 factas
1541 1674 1623 1695 esse.
1677 1661 1750 1695 Has
1768 1662 1814 1695 ita
1832 1673 1968 1705 regere,
1995 1668 2033 1694 ut
2051 1673 2169 1695 earum
2193 1672 2256 1693 na-

1267 1722 1344 1748 tura
1367 1714 1537 1758 postulat,
1581 1713 1754 1746 iusticiam
1781 1723 1852 1745 esse
1876 1712 2127 1755 intelligamus,
2187 1709 2256 1744 Hic

1267 1766 1295 1798 si
1320 1765 1362 1798 de
1386 1764 1534 1808 singulis
1558 1764 1716 1807 partibus
1741 1763 1930 1796 dicendum
1954 1769 2060 1801 esset,
2089 1773 2176 1806 qnae
2200 1762 2256 1795 di-

1268 1827 1448 1848 versarum
1479 1815 1647 1847 virtutum
1671 1813 1794 1846 officiis
1819 1813 1995 1853 serviunt,
2022 1812 2128 1845 nimis
2153 1812 2257 1855 longa

1268 1868 1384 1899 sutura
1404 1872 1491 1898 esset
1510 1865 1633 1897 oratio.
1687 1864 1754 1898 Sed
1775 1871 1890 1897 tamen
1918 1875 1979 1897 vos
2003 1860 2190 1904 adhortor,
2218 1871 2258 1897 ut

1270 1918 1337 1949 iam
1354 1923 1487 1948 mentes
1502 1923 1634 1947 vestrae
1652 1915 1765 1958 ipsum
1783 1911 1961 1947 bominem
1980 1914 2197 1953 intueantur,
2225 1921 2258 1948 et

1271 1968 1306 2000 in
1334 1968 1486 2011 partium
1514 1966 1720 1999 substantiis
1747 1965 2074 1998 dissimilitudinem
2099 1972 2258 1998 contem-

1271 2018 1429 2063 plamini.
1491 2016 1566 2050 Stat
1593 2016 1725 2049 cerebri
1756 2016 1952 2059 fastigium,
1991 2022 2023 2049 et
2049 2027 2129 2049 suas
2152 2012 2258 2050 babet

1271 2069 1436 2102 cavitates
1454 2067 1642 2112 spirituum
1657 2067 1795 2111 plenas,
1823 2067 1967 2110 perinde
1986 2073 2022 2099 ut
2041 2063 2106 2099 ltoc
2121 2067 2258 2100 coelum

1271 2120 1429 2153 ambiens
1449 2119 1576 2151 molem
1595 2119 1766 2163 reliquam
1788 2118 2001 2150 nniversam.

1375 2170 1506 2204 Natura
1530 2169 1634 2202 etiam
1660 2168 1794 2202 cerebri
1810 2168 1934 2201 similis
1951 2175 1998 2201 est
2018 2167 2168 2202 coelesti.
2214 2165 2259 2202 Et

1272 2222 1358 2254 fiunt
1394 2222 1428 2254 in
1459 2233 1499 2254 eo
1527 2221 1681 2254 actiones
1708 2219 1906 2257 mirandae,
1941 2218 2116 2262 cognitio,
2150 2219 2259 2253 ratio-

1273 2273 1423 2310 cinatio,
1457 2271 1676 2305 conservatio
1705 2271 1897 2311 imaginum
1925 2270 1959 2302 in
1984 2270 2172 2310 memoria,
2205 2282 2260 2303 re-

1273 2323 1440 2357 cordatio.
1497 2323 1594 2365 Quas
1610 2322 1764 2355 actiones
1791 2321 1862 2354 fieri
1887 2321 2075 2365 spirituum
2099 2333 2164 2364 ope
2188 2333 2259 2354 non

1272 2375 1421 2407 dubium
1447 2381 1515 2414 est,
1552 2380 1584 2406 et
1610 2384 1682 2405 esse
1708 2373 1806 2416 «prasi
1832 2372 2048 2416 pulsationes
2071 2371 2260 2414 spirituum

1273 2428 1313 2457 ad
1341 2425 1473 2457 reri-bri
1500 2436 1637 2467 corpus,
1710 2423 1872 2456 Nascitur
1900 2431 2015 2457 autern
2047 2422 2191 2466 spiritus
2223 2422 2258 2455 in

1273 2478 1396 2514 corde,
1425 2484 1453 2509 et
1475 2483 1591 2519 postea
1618 2487 1726 2507 niu-as
1747 2475 1856 2512 xires,
1881 2486 2007 2507 novam
2033 2473 2143 2508 lucem
2170 2473 2261 2506 acci-

1615 2525 1707 2558 llaee
1726 2526 1787 2558 etsi
1809 2526 1966 2559 nondum
1989 2523 2262 2567 introspicimus».

1274 2586 1387 2610 tamen
1408 2579 1528 2610 existat
1552 2577 1586 2609 in
1609 2577 1711 2609 nobis
1737 2584 1915 2611 tantorum
1939 2586 2083 2619 operum
2108 2575 2262 2609 admira-

1275 2630 1343 2666 tio,
1369 2636 1400 2662 et
1419 2629 1522 2662 simul
1544 2627 1673 2672 opilicii
1693 2635 1723 2661 et
1742 2626 1936 2661 conditoris
1954 2625 2147 2659 reu-rentia
2170 2626 2263 2659 exci-

1277 2688 1378 2714 tetur.
1433 2679 1510 2713 Non
1535 2679 1620 2712 coeli
1649 2679 1798 2722 puritas.
1835 2689 1906 2711 non
1932 2677 2110 2710 stellarum
2135 2677 2262 2721 fulgor.
