2338 2958
99 163 193 200 1041

96 248 162 284 hos
179 255 318 284 tantum
336 259 417 281 vere
436 247 593 282 tribuere
610 246 758 290 gloriam
780 244 854 279 Deo
866 272 875 286 ,
902 243 964 290 qui
981 243 1092 277 filium

97 307 303 346 agnoscunt.

201 374 350 409 Addunt
369 370 497 415 Angeli
516 378 549 405 et
570 383 688 416 pacem
709 371 844 404 adferre
863 368 958 403 hunc
969 368 1092 403 Domi-

101 438 188 461 num
213 425 330 469 generi
357 421 525 459 humano.
578 420 612 456 O
636 429 772 465 gratum
794 429 825 455 et
842 422 943 455 dulce
963 431 1091 453 nomen

99 477 194 523 pacis
227 474 472 521 prudentibus,
544 474 612 507 Sed
637 471 790 506 Ecclesia
816 472 971 506 subiecta
997 469 1091 505 cruci

100 535 134 562 et
173 527 350 561 aerumnis
379 538 450 558 non
488 525 617 557 fruitur
649 537 743 557 nunc
775 524 916 569 quidem
949 532 1090 567 prorsus

97 591 192 624 pace.
255 578 387 610 Verum
414 576 595 621 aliquanto
621 583 696 619 post
720 576 888 618 integram
915 580 946 606 et
968 584 1090 617 perpe—

98 637 193 664 tuam
213 628 507 673 tranquillitatem
524 625 686 660 habitura
705 634 764 661 est.
812 625 914 658 'Nunc
932 624 966 656 id
985 630 1090 661 tenet,
1116 633 1119 643 v

97 681 191 726 quod
216 687 266 713 est
294 679 538 723 praecipuum,
573 678 636 710 scit
663 689 779 721 pacem
807 675 882 709 Deo
906 675 1088 708 nobiscum

98 743 188 769 esse,
218 728 284 764 hoc
311 737 378 770 est,
406 731 582 773 ingentem
609 729 695 760 iram
721 727 787 760 Dei
815 727 982 771 placatam
1008 737 1091 765 esse,

96 782 275 816 sublatum
309 793 381 814 esse
411 781 596 813 dissidium
620 778 685 812 Dei
712 787 742 812 et
769 778 906 822 generis
933 775 1090 815 humani,

96 832 205 877 recipi
231 833 266 864 in
290 832 435 875 gratiam
456 842 594 869 omnes,
624 830 682 874 qui
704 831 744 862 ad
765 827 859 862 hunc
877 828 987 861 fitium
1007 839 1090 861 con-

96 883 249 927 fugiunt.

200 955 272 988 Nec
292 968 410 1000 pacem
432 962 567 989 tantum
581 982 589 995 ,
617 955 674 987 sed
696 961 727 987 et
746 954 914 987 laeticiam
933 951 1090 987 homini-

97 1008 162 1041 bus
178 1007 303 1044 adfert,
332 1004 397 1039 hoc
415 1013 475 1046 est,
504 1013 541 1039 ut
559 1006 631 1040 Deo
651 1006 716 1038 iam
734 1006 961 1045 delectentur,
989 1005 1089 1049 eique

96 1057 178 1091 laeti
198 1057 234 1100 in
252 1058 414 1100 gentibus
431 1057 558 1090 animis
576 1058 827 1100 obtemperent.
880 1055 974 1088 Haec
991 1055 1089 1089 laeti—

97 1109 149 1142 cia
164 1120 259 1142 nunc
275 1108 416 1152 quidem
438 1108 555 1152 impiis
573 1105 771 1140 inchoanda
791 1113 860 1145 est,
886 1107 944 1139 sed
964 1107 999 1138 in
1020 1107 1087 1139 vita

97 1166 238 1193 aeterna
265 1159 330 1192 erit
355 1159 499 1203 integra,
553 1158 633 1191 Non
657 1157 874 1190 delectantur
894 1156 968 1191 Deo
988 1155 1087 1195 Cain,

97 1210 202 1250 Saul,
236 1218 267 1243 et
292 1211 439 1249 similes,
477 1209 538 1254 qni
564 1219 691 1253 poenas
714 1208 888 1246 sentiunt,
920 1209 978 1240 sed
1008 1207 1088 1241 laeti

96 1262 229 1294 adeunt
253 1260 444 1293 certamina
469 1267 502 1293 et
526 1259 696 1303 supplicia
725 1258 939 1299 Hieremias,
966 1257 1088 1302 Bapti-

97 1317 168 1350 sta,
196 1309 336 1344 Paulus.
392 1309 439 1343 Hi
465 1311 558 1343 enim
584 1318 711 1344 norant
736 1322 770 1343 se
794 1321 896 1342 curae
913 1321 984 1343 esse
1001 1309 1088 1350 Deo,

97 1367 130 1394 et
151 1367 294 1405 propter
316 1361 426 1394 filium
445 1361 563 1404 diligi,
591 1368 623 1394 et
647 1361 848 1404 intelligunt
866 1372 1000 1401 causas,
1027 1373 1088 1394 cur

95 1410 252 1445 Ecclesia
283 1412 376 1445 cruci
408 1412 561 1445 subiecta
595 1413 647 1446 sit.
710 1411 828 1454 Quare
862 1424 982 1454 parere
1016 1424 1086 1445 non

99 1472 278 1503 recusant,
307 1470 338 1496 et
364 1470 496 1496 norunt
521 1464 697 1508 quomodo
720 1462 920 1496 obedientia
944 1463 1086 1506 placeat.

99 1512 232 1546 Verum
252 1511 336 1546 haec
356 1514 447 1547 bona
465 1515 581 1547 omnia
594 1539 602 1552 ‚
629 1514 739 1557 gloria
758 1513 823 1547 Dei
841 1515 1009 1558 patefacta
1027 1526 1089 1558 per

96 1563 228 1604 filium,
255 1576 320 1608 pax
345 1573 377 1599 et
401 1565 537 1599 laeticia
561 1566 670 1608 magis
688 1565 948 1609 conspicientur
965 1565 999 1597 in
1018 1565 1087 1599 vita

96 1621 253 1655 aeterna,
278 1617 335 1648 sed
355 1624 470 1650 tamen
489 1614 545 1649 hic
562 1613 719 1649 inchoari
737 1628 873 1649 necesse
889 1623 949 1651 est.
1005 1615 1086 1649 Ideo

97 1665 200 1698 nobis
232 1666 360 1709 Angeli
394 1664 488 1701 hunc
517 1665 688 1712 hymnum
723 1667 950 1711 praecinunt,
986 1679 1086 1700 mon-

95 1723 261 1750 strantem
285 1716 417 1751 Christi
450 1718 617 1751 beneficia
643 1725 675 1752 et
696 1716 878 1761 Evangelii
903 1730 1085 1750 summam.

98 1766 144 1801 Ut
174 1774 289 1800 autem
323 1768 452 1811 Angeli
485 1769 711 1812 praecinunt,
749 1769 794 1802 ita
830 1780 894 1801 nos
926 1770 1086 1801 doctores

96 1829 219 1850 omnes
242 1829 366 1851 sonare
391 1831 469 1852 eum
498 1820 533 1851 in
557 1818 711 1852 Ecclesia
737 1819 921 1858 debemus,
947 1828 977 1853 et
1004 1817 1085 1852 haec

95 1868 161 1901 tria
190 1868 366 1902 inculcare
393 1869 538 1909 animis,
567 1870 744 1914 quomodo
770 1869 844 1902 Deo
871 1882 948 1902 vera
976 1871 1084 1913 gloria

95 1919 282 1952 tribuenda
301 1920 344 1953 sit
362 1920 585 1954 invocatione
605 1927 637 1953 et
653 1920 779 1952 fiducia
800 1920 881 1959 filii,
908 1932 985 1953 cum
1006 1921 1084 1965 qui-

96 1970 161 2003 bus
186 1971 223 2002 in
247 1977 340 2004 terra
364 1984 429 2016 pax
451 1972 539 2006 facta
564 1971 627 2013 sit,
657 1972 835 2016 quomodo
853 1972 986 2015 placeat
1002 1973 1080 2005 obe-

95 2020 229 2054 dientia
239 2020 326 2055 Deo.
379 2021 455 2055 Hae
471 2029 553 2055 sunt
570 2033 622 2054 res
640 2033 784 2064 magnae
800 2028 831 2054 et
847 2028 1018 2063 aeternae,
1042 2024 1082 2055 ad

96 2083 246 2116 quarum
263 2073 578 2108 considerationem
597 2073 780 2116 praecipue
796 2070 948 2105 humana
963 2081 1084 2107 natura

97 2122 236 2155 condita
261 2133 321 2157 est.
375 2123 519 2158 Utinam
539 2126 698 2157 doctores
715 2121 808 2156 hunc
827 2121 997 2168 hymnum
1015 2137 1082 2157 una

98 2184 180 2205 voce
205 2179 237 2206 et
259 2175 382 2208 eodem
406 2175 524 2208 animo
547 2182 728 2213 canerent,
754 2175 843 2207 sicut
861 2182 990 2208 canunt
1008 2174 1083 2208 An-

96 2223 184 2267 geli,
212 2230 244 2256 et
268 2225 398 2257 mutuis
422 2227 547 2260 studiis
566 2223 738 2258 Ecclesias
762 2227 920 2258 soverent
945 2238 982 2258 ac
1000 2238 1083 2259 con-

96 2275 300 2317 iungerent,
334 2287 397 2309 nec
428 2277 572 2320 privatis
603 2277 853 2319 cupiditatibus
879 2288 934 2309 eas
958 2276 1083 2310 distra-

96 2323 230 2359 herent.
283 2325 392 2360 Multi
415 2339 487 2360 non
513 2335 551 2361 ut
574 2327 720 2371 gloriam
745 2328 800 2360 dei
820 2328 958 2368 iuvent,
996 2326 1084 2362 Res-

95 2376 177 2420 pub.
209 2383 369 2415 movent,
403 2379 463 2411 sed
495 2385 533 2412 ut
567 2379 712 2421 privatis
746 2378 928 2412 affectibus
965 2379 1083 2412 indul-

95 2433 208 2470 geant.
271 2426 378 2461 Multi
410 2441 529 2472 pacem
561 2429 758 2462 animorum
795 2437 826 2463 et
859 2430 1083 2463 concordiam

95 2477 289 2511 ambitione
313 2478 466 2514 turbant.
522 2479 718 2513 Multorum
744 2481 904 2514 scandala
924 2481 1083 2513 dolorem

95 2528 163 2572 piis
185 2530 351 2562 adserunt
374 2537 407 2564 et
423 2531 604 2564 adducunt
621 2531 811 2565 imbecilles
830 2533 871 2565 ad
891 2532 1084 2566 dubitatio-

96 2590 187 2612 nem.
224 2579 320 2613 Haec
332 2581 422 2614 mala
440 2594 519 2615 cum
537 2579 668 2627 hymno
680 2581 897 2625 Angelorum
917 2590 1084 2628 pugnant,

95 2636 128 2662 et
153 2642 284 2673 poenas
306 2632 464 2674 publicas
488 2639 677 2666 accersunt.
732 2633 851 2675 Quare
875 2635 983 2667 simus
1001 2635 1083 2666 dili-

95 2680 270 2723 gentiores
303 2681 339 2714 in
373 2683 551 2723 doctrina,
586 2683 620 2715 in
648 2685 776 2717 tuenda
805 2686 1011 2725 concordia,
1047 2685 1082 2717 in

95 2732 256 2775 regendis
273 2733 443 2768 moribus.

146 2784 321 2817 Mun-ru.
340 2787 444 2818 Oriza.
461 2787 542 2819 Voi..
560 2786 619 2819 XI,

636 157 792 195 DECL.
829 158 902 193 DE
938 154 1308 193 NATIVITATE
1341 154 1601 192 CHRISTI.

2040 161 2135 197 1042

1250 240 1321 275 Vos
1350 254 1491 287 quoque
1520 243 1756 276 adolescentes
1783 245 1920 288 quoties
1941 245 2052 282 libros
2075 260 2134 282 ve-

1147 299 1236 326 stros
1258 293 1430 336 aspicitis,
1457 294 1604 337 cogitate
1628 294 1781 338 primum
1805 297 1848 329 de
1872 296 1944 330 filio
1962 297 2046 339 Dei,
2072 300 2134 345 qui

1146 350 1197 377 est
1222 340 1328 391 λόγος
1351 351 1385 378 et
1404 345 1484 377 sons
1509 345 1717 389 sapientiae,
1744 352 1782 379 ut
1799 348 1932 381 aeterni
1949 349 2057 392 patris
2073 362 2134 383 vo-

1146 394 1316 428 luntatem
1335 406 1374 427 ex
1391 396 1470 428 sinu
1488 396 1561 429 eius
1577 397 1734 440 protulit.
1789 396 1845 432 Ad
1866 396 1970 433 huius
1987 400 2135 443 gloriam

1145 447 1340 478 ornandam
1374 446 1489 479 studia
1519 447 1661 488 referte,
1696 455 1728 481 et
1754 457 1866 483 vestra
1892 450 2135 485 moderatione

1145 496 1209 530 Dei
1243 508 1406 536 munera,
1441 509 1576 540 pacem,
1611 500 1902 543 tranquillitatem
1934 502 2134 536 animorum

1143 547 1182 581 in
1207 547 1307 579 vobis
1325 555 1356 580 et
1377 547 1471 586 aliis,
1500 556 1533 582 et
1549 550 1773 582 concordiam
1795 552 1960 586 omnihus
1976 551 2134 587 honestis

1145 598 1268 631 officiis
1300 598 1400 638 alite,
1435 610 1497 631 nec
1520 601 1733 633 contemnite
1757 602 1866 635 filium
1890 602 1974 643 Dei,
2010 611 2042 637 et
2066 602 2133 637 hoc

1144 649 1392 681 admirandum
1419 648 1543 682 foedus
1568 650 1709 683 divinae
1735 659 1767 685 et
1786 649 1959 686 humanae
1979 661 2134 693 naturae,

1144 712 1206 733 nec
1223 699 1461 743 aspernamini
1478 700 1590 733 minas
1609 701 1644 733 in
1661 701 1800 736 Psalmo
1812 730 1820 742 ,
1847 703 1882 735 in
1900 704 2029 749 quibus
2046 705 2134 738 dici-

1144 758 1216 784 tur:
1246 749 1351 783 Brevi
1377 750 1475 783 suror
1495 751 1569 784 eius
1592 753 1806 791 exardescet,
1834 766 1896 787 nec
1915 754 2132 799 Angelorum

1144 809 1176 835 et
1206 802 1389 834 universae
1413 800 1589 835 Ecclesiae
1622 810 1700 837 vota
1733 811 1766 838 et
1797 804 1925 838 iudicia
1949 806 2039 840 levia
2063 818 2133 840 esse

1144 853 1270 886 ducite.
1322 852 1369 885 Hi
1388 865 1447 885 vos
1465 850 1652 886 hortantur
1668 861 1707 887 ut
1722 854 1835 889 Deum
1854 857 2068 899 agnoscatis,
2096 865 2134 890 ut

1144 904 1255 936 filium
1285 903 1359 936 eius
1383 904 1661 947 amplectamini,
1697 913 1735 938 ut
1759 907 1862 940 saluti
1888 914 2022 941 vestrae
2049 920 2134 941 con-

1144 954 1275 988 sulatis,
1329 953 1424 987 Haec
1447 955 1546 988 vobis
1571 956 1755 1000 praecipue
1779 958 1981 991 meditanda
2000 959 2133 993 suntin

1145 1004 1197 1038 his
1220 1005 1334 1043 seriis,
1363 1017 1451 1050 quae
1477 1006 1656 1039 institutae
1678 1015 1780 1049 sunt,
1809 1009 1963 1051 primum
1983 1010 2132 1043 docendi

1145 1056 1265 1101 populi
1282 1067 1381 1089 causa
1394 1083 1402 1096 ,
1430 1057 1558 1090 deinde
1572 1063 1609 1090 ut
1625 1057 1729 1090 simul
1743 1057 1900 1092 Ecclesia
1913 1061 2041 1102 gratias
2056 1068 2135 1104 agat

1143 1109 1206 1139 deo
1222 1114 1361 1140 aeterno
1378 1107 1468 1150 patri
1486 1108 1623 1140 domini
1638 1109 1751 1142 nostri
1766 1110 1843 1144 Iesu
1861 1108 2011 1152 Christi,
2039 1112 2135 1156 quod

1142 1159 1252 1190 filium
1289 1158 1498 1201 placator-em
1534 1159 1736 1200 constituit,
1786 1167 1820 1194 et
1852 1168 1947 1195 tanto
1981 1163 2133 1199 foedere,

1143 1208 1304 1241 videlicet
1327 1209 1578 1242 coniunctione
1603 1210 1744 1244 divinae
1769 1218 1801 1244 et
1826 1209 2001 1246 humanae
2026 1220 2133 1247 natu-

1143 1273 1199 1292 rae
1216 1266 1334 1304 pactus
1349 1266 1416 1299 est,
1443 1271 1477 1292 se
1495 1260 1582 1293 velle
1599 1261 1701 1296 nobis
1719 1261 1916 1306 propicium
1933 1274 2021 1304 esse,
2050 1276 2132 1297 nos-

1141 1323 1208 1356 que
1232 1311 1268 1342 in
1290 1308 1351 1342 liae
1372 1311 1442 1343 vita
1461 1322 1596 1354 regere,
1625 1319 1657 1345 et
1676 1319 1753 1356 post
1772 1310 1863 1346 hanc
1880 1313 1987 1347 vitam
2004 1326 2132 1348 ornare

1141 1362 1291 1396 aeternis
1316 1362 1428 1396 bonis.
1483 1360 1656 1395 Accedere
1681 1369 1715 1397 et
1741 1364 2002 1398 invocationem
2027 1377 2133 1409 opor-

1142 1419 1205 1453 tet,
1240 1424 1342 1457 quam
1364 1411 1458 1446 Deus
1490 1413 1640 1457 requirit
1669 1420 1707 1447 ut
1735 1414 1962 1459 praecipuum
1988 1417 2133 1451 cultum.

1142 1463 1212 1497 Nec
1236 1475 1318 1496 vero
1345 1463 1493 1506 intelligi
1517 1461 1751 1508 Evangelium
1777 1472 1908 1510 potest,
1947 1466 2021 1501 sine
2045 1467 2133 1501 assi—

1141 1515 1219 1547 duis
1245 1514 1416 1547 exercitiis
1441 1514 1686 1551 invocationis.
1755 1515 1796 1549 In
1823 1513 1890 1550 hoc
1915 1529 1996 1550 vero
2022 1519 2133 1551 collo-

1141 1565 1223 1611 quio
1241 1578 1319 1599 cum
1335 1565 1408 1599 Deo
1424 1566 1576 1599 luctatur
1592 1567 1674 1600 fides
1691 1579 1769 1601 cum
1787 1567 2028 1609 dubitatione,
2053 1581 2134 1603 cum

1141 1623 1278 1650 accusat
1315 1628 1378 1649 nos
1411 1614 1595 1650 horribilis
1628 1618 1876 1652 immundicics
1910 1625 2050 1657 nostra,
2102 1626 2135 1653 et

1142 1679 1238 1700 mens
1255 1667 1387 1711 polluta
1404 1667 1501 1710 fingit
1512 1668 1641 1704 Deum.
1694 1667 1726 1702 E
1741 1676 1863 1703 contra
1880 1682 1964 1703 vero
1979 1681 2014 1703 se
2029 1670 2133 1703 offert

1140 1719 1232 1751 filius
1250 1717 1315 1751 Dei
1340 1719 1445 1751 frater
1467 1726 1605 1762 noster,
1634 1731 1696 1753 nos
1714 1727 1834 1763 vocat,
1864 1720 2007 1761 invitat,
2037 1721 2133 1754 iubet

1139 1776 1177 1802 ut
1200 1770 1380 1802 credamus
1400 1769 1574 1812 placatum
1593 1781 1664 1803 esse
1683 1775 1834 1815 patrem,
1859 1782 1993 1816 nosque
2011 1772 2132 1815 recipi.

1140 1819 1300 1853 Affirmat
1317 1820 1463 1863 gratiam
1482 1821 1669 1854 exuberare
1686 1833 1789 1865 supra
1807 1828 1998 1865 peccatum,
2023 1823 2131 1855 modo

1139 1871 1340 1903 desinamus
1374 1883 1474 1903 ruere
1506 1878 1626 1904 contra
1657 1872 1919 1907 conscientiam.
1988 1871 2027 1905 ln
2065 1870 2131 1905 hoc

1139 1921 1329 1954 certamine
1347 1922 1461 1955 vincat
1479 1921 1570 1955 filius
1580 1922 1657 1957 Dei.
1706 1922 1775 1955 :Nec
1793 1929 1930 1956 tantum
1947 1935 2011 1956 nos
2027 1923 2131 1968 ipsos,

1138 1973 1194 2005 sed
1212 1970 1405 2005 Ecclesiam
1423 1980 1456 2006 et
1472 1970 1532 2005 has
1549 1980 1684 2008 nostras
1702 1973 1842 2018 politias
1858 1972 1932 2007 Deo
1950 1986 2130 2007 commen-

1138 2025 1270 2056 demus.
1321 2021 1456 2057 Erratis
1492 2024 1585 2056 enim
1619 2025 1647 2057 si
1677 2024 1876 2068 principum
1903 2025 2072 2069 sapientia
2099 2032 2131 2058 et

1139 2075 1267 2108 virtute
1291 2074 1366 2107 sine
1384 2075 1520 2108 ardenti
1539 2075 1741 2119 precatione
1758 2075 1823 2109 Dei
1842 2087 1989 2109 munera
2005 2074 2130 2109 Eccle-

1136 2125 1266 2158 siarum
1291 2132 1323 2159 et
1346 2126 1550 2169 politiarum
1574 2126 1720 2160 salutem
1746 2126 1890 2160 retineri
1915 2138 2014 2170 posse
2034 2127 2130 2159 arbi-

1137 2176 1292 2210 tramini.
1346 2176 1439 2210 Deus
1457 2183 1559 2210 autor
1577 2183 1609 2210 et
1627 2185 1743 2211 custos
1762 2177 1849 2210 tanti
1868 2178 1953 2210 boni
1973 2179 2128 2211 orandus

1137 2233 1203 2266 est,
1227 2233 1264 2259 ut
1281 2238 1342 2260 sua
1359 2239 1504 2260 munera
1521 2235 1678 2268 tueatur,
1706 2235 1738 2260 et
1754 2235 1894 2271 rogatus
1911 2225 2006 2261 haud
2023 2229 2130 2262 dubie

1137 2277 1305 2311 tuebitur.
1361 2276 1473 2310 verax
1495 2284 1542 2311 est
1564 2278 1657 2310 enim
1675 2285 1707 2311 et
1725 2279 1894 2322 promissa
1913 2279 2044 2322 optima
2063 2279 2129 2311 fide

1136 2334 1298 2372 praestat.
1364 2326 1454 2361 Cum
1487 2329 1594 2371 igitur
1621 2329 1790 2372 scriptum
1822 2329 1881 2361 sit:
1918 2328 2129 2374 Ubicunque

1136 2380 1206 2412 duo
1231 2385 1290 2411 aut
1317 2385 1385 2411 tres
1410 2379 1608 2421 congregati
1630 2386 1732 2412 erunt
1749 2379 1786 2412 in
1806 2379 1949 2412 nomine
1964 2392 2063 2417 meo,
2094 2381 2126 2411 izi

1137 2428 1251 2462 medio
1277 2440 1399 2462 eorum
1424 2441 1517 2462 sum:
1548 2429 1722 2474 quidquid
1740 2437 1857 2473 petent
1878 2430 2127 2474 impetrabunt,

1137 2492 1286 2525 cumque
1318 2491 1380 2513 nos
1409 2480 1548 2523 piorum
1574 2481 1770 2513 studiorum
1796 2492 1895 2514 causa
1922 2481 2126 2514 conveneri-

1135 2543 1232 2571 mus,
1266 2538 1299 2565 et
1322 2530 1513 2563 maxImum
1535 2529 1600 2564 Dei
1625 2543 1713 2575 opus
1737 2531 1971 2568 celebremus,
2006 2543 2126 2563 omnes

1137 2589 1217 2616 vota
1234 2582 1401 2616 faciamus
1418 2594 1456 2615 ac
1475 2582 1519 2614 ita
1539 2593 1730 2625 precemur.

1239 2683 1291 2717 Te
1316 2684 1393 2716 vive
1418 2691 1449 2717 et
1474 2683 1697 2727 omnipotens
1721 2684 1836 2721 Deus,
1868 2690 2005 2716 aeterne
2029 2690 2126 2726 pater

1136 2733 1281 2768 Domini
1322 2734 1431 2768 nostri
1468 2733 1543 2767 lesu
1573 2733 1723 2774 Christi,
1768 2734 1826 2778 qui
1864 2741 1895 2766 te
1932 2733 2125 2777 patefecisti

1635 2785 1682 2819 66
