2338 2958
130 126 204 163 985

126 212 345 253 doctrinam,
371 212 414 245 de
428 218 486 246 tua
503 212 613 255 glorIa
632 218 664 245 et
681 213 840 246 omnium
857 210 1043 246 hominum
1061 224 1117 245 sa-

126 263 198 297 lute
216 262 455 297 transmittant
471 269 503 296 et
527 268 735 306 propagent,
763 274 806 295 ne
827 270 993 308 sequatur
1008 262 1115 296 vasti-

126 320 178 347 tas
197 320 230 346 et
245 312 424 346 barbaries
441 310 639 354 horribilis,
666 312 780 358 qualis
801 314 972 357 oppressit
989 312 1115 346 multas

125 369 262 407 gentes,
289 363 325 395 in
349 363 477 408 quibus
503 370 601 396 antea
627 362 755 396 noticia
782 364 833 396 tui
854 363 968 402 fulsit,
1002 371 1034 397 et
1056 369 1113 396 tua

123 413 234 457 gloria
260 414 456 457 praedicata
481 420 512 447 et
536 413 706 447 celebrata
732 421 799 454 est,
834 425 929 447 nunc
950 426 1034 447 vero
1056 413 1113 445 vix

123 463 266 506 vestigia
292 470 467 497 tantarum
487 476 603 496 rerum
621 470 772 497 manent.
826 461 982 497 Oramus
998 470 1050 504 te,
1073 469 1112 496 ut

123 525 188 546 nos
212 520 416 558 nostrasque
440 514 589 546 familias
609 521 640 547 et
664 520 771 548 totam
795 514 1031 558 posteritatem
1051 525 1112 546 cu-

123 564 253 597 stodias
269 570 302 597 et
319 565 501 607 gubernes,
529 571 564 597 ut
584 571 615 597 te
629 576 750 597 verum
767 561 879 597 Deum
897 575 1062 597 sonemus
1079 570 1110 596 et

123 614 337 647 celebremus
355 615 391 647 in
419 627 558 648 omnem
575 615 812 648 aeternitatem
824 640 832 654 ‚
856 615 917 647 ubi
934 626 1011 647 cum
1032 626 1110 657 per-

118 671 225 707 petua
243 665 376 698 laeticia
394 665 553 698 fruemur
567 672 624 698 tua
638 665 813 705 bonitate,
841 671 871 698 et
890 664 1110 709 proficiemus

121 715 159 747 in
177 715 356 758 agnitione
374 722 431 749 tua
449 715 596 748 infinita.

222 772 295 806 Iam
323 786 405 806 vero
425 773 506 818 quia
529 771 616 806 mihi
641 773 775 819 aliquid
801 775 842 807 de
866 786 963 807 more
988 774 1107 807 dicen-

121 825 203 857 dum
221 824 307 864 suit,
334 835 406 856 non
425 823 520 856 volui
539 824 640 856 anxie
655 824 816 857 laborare
833 826 875 857 de
894 824 1106 869 inquirendo

119 880 344 917 argumento,
370 874 428 906 sed
454 874 540 907 illud
566 875 659 919 quod
687 876 836 907 maxime
860 876 1003 907 obvium
1028 875 1106 915 fuit,

119 931 152 957 et
169 926 212 957 de
229 936 298 969 quo
316 930 495 968 utcunque
513 924 646 969 aliquid
665 925 778 958 dicere
797 937 944 969 possem,
961 925 1106 968 arripui,

118 975 292 1014 videlicet,
319 981 357 1008 ut
371 976 414 1007 de
431 975 630 1018 precatione
643 976 686 1008 ad
703 973 816 1009 Deum
844 988 953 1019 pauca
982 975 1106 1008 iuven-

117 1031 228 1058 tutem
256 1037 455 1065 monerem,
489 1025 758 1070 colligeremqne
779 1038 886 1059 unam
909 1033 942 1059 et
962 1026 1105 1058 alteram

116 1075 310 1116 rationem,
338 1087 426 1120 quae
448 1075 684 1108 adolescentes
711 1076 1041 1114 commonefaceret,
1067 1082 1106 1108 ut

117 1126 269 1159 libenter
283 1132 315 1158 et
332 1127 534 1170 frequenter
549 1125 622 1158 Deo
640 1131 856 1168 praestarent
877 1125 1031 1157 officium
1050 1124 1105 1156 in-

116 1175 328 1216 vocationis,
355 1176 449 1219 quod
465 1175 593 1207 scimus
609 1173 722 1207 Deum
748 1172 895 1214 babere,
922 1187 985 1218 pro
1004 1187 1105 1218 prae-

116 1226 219 1268 cipuo
244 1226 358 1265 cultu,
391 1225 479 1258 sicut
496 1231 615 1258 monet
634 1231 746 1258 textus
764 1225 800 1257 in
818 1222 1013 1268 Propheta,
1039 1237 1104 1258 nos

115 1276 216 1320 quasi
236 1276 365 1309 vitulos
380 1275 557 1308 labiorum
573 1281 775 1308 nostrorum
790 1274 865 1308 Deo
883 1275 1020 1308 offerre.

214 1339 291 1374 Etsi
319 1341 428 1384 igitur
451 1341 569 1385 plures
592 1352 714 1374 causae
737 1352 756 1374 a
785 1340 852 1384 piis
878 1340 1103 1384 colliguntur,

113 1398 261 1435 propter
276 1403 362 1436 quas
384 1391 548 1434 inprimis
566 1392 753 1424 debeamus
778 1403 840 1424 nos
858 1390 1044 1432 diligenter
1060 1393 1102 1424 ad

113 1443 330 1486 precandum
355 1443 581 1481 assuefacere,
615 1449 730 1475 tamen
755 1454 849 1474 nunc
877 1448 1011 1475 tantum
1034 1448 1103 1474 tres

113 1495 228 1525 visum
259 1498 307 1525 est
332 1492 478 1525 recitare
502 1492 800 1530 adolescentibus,
836 1493 878 1524 ad
905 1504 989 1536 quas
1013 1493 1103 1525 solas

112 1543 260 1575 referam
277 1554 388 1575 meam
407 1543 704 1583 admonitionem,
733 1554 770 1575 ac
788 1554 851 1575 oro
871 1549 1021 1575 caeteros
1038 1544 1102 1575 do-

113 1594 225 1626 ctriua
243 1599 275 1626 et
297 1599 407 1626 aetate
424 1593 619 1626 ornatiores
638 1604 863 1636 magnopere,
890 1600 928 1626 ut
948 1593 1001 1625 vel
1021 1605 1104 1636 pro-

111 1650 190 1687 pter
212 1643 448 1683 iuventutem,
475 1644 527 1676 vel
550 1649 692 1687 propter
714 1643 890 1687 publicam
914 1650 1102 1677 consuetu-

113 1693 251 1734 dinem,
279 1694 333 1726 vel
359 1699 500 1737 propter
518 1693 672 1736 ipsorum
691 1691 962 1731 humanitatem,
991 1706 1101 1738 aequo

111 1743 232 1784 animo
265 1755 320 1776 me
345 1744 477 1784 serant,
519 1745 631 1776 donec
658 1744 858 1777 institutum
887 1743 1102 1777 curriculum

113 1793 366 1837 qualiscunque
380 1794 550 1827 orationis
567 1794 761 1829 absolvero,

213 1849 338 1884 Dicam
361 1857 476 1883 autem
502 1851 673 1894 primum,
701 1852 797 1897 quod
818 1852 1007 1886 debeamus
1025 1852 1104 1885 ani-

111 1912 188 1935 mos
216 1907 251 1934 et
277 1906 416 1944 pectora
445 1906 563 1933 nostra
595 1902 786 1933 exus—citare
811 1903 853 1933 ad
876 1902 1102 1944 precandum,

111 1958 257 1996 propter
273 1951 478 1983 mandatnm
492 1948 570 1984 Dei.
622 1948 759 1983 Deinde
785 1957 928 1995 propter
950 1951 1103 1994 promis-

110 2003 244 2036 sionem
255 2028 264 2041 ,
291 2006 325 2033 et
341 2001 434 2046 quod
452 2007 591 2033 nostrae
609 2012 725 2044 preces
740 2012 923 2048 nunquam
935 2002 1006 2035 siut
1021 2000 1101 2034 irri-

111 2059 175 2087 tae.
229 2050 410 2085 Postremo
437 2050 518 2096 quia
543 2050 733 2085 cottidiana
751 2052 936 2085 necessitas
961 2052 1100 2095 publica

111 2110 144 2136 et
163 2102 297 2147 privata
313 2102 463 2145 flagitet,
498 2101 588 2135 utin
607 2101 735 2135 nostris
751 2101 902 2135 miseriis
917 2114 935 2135 a
953 2101 1024 2136 Deo
1042 2115 1101 2147 pe-

111 2160 246 2194 tamus,
277 2159 309 2186 et
327 2163 535 2197 quaeramus
550 2151 720 2185 auxilium
737 2158 770 2185 et
784 2152 1040 2188 liberationem.

209 2218 368 2252 Primum
385 2219 493 2262 igitur
510 2218 745 2252 efficacissime
761 2219 865 2253 debet
882 2230 946 2252 nos
961 2232 1102 2254 movere

110 2271 154 2303 ad
173 2270 387 2313 precandum
406 2270 607 2302 mandatum
622 2268 698 2302 Dei.
745 2267 885 2303 Scimus
899 2270 993 2302 enim
1011 2283 1100 2316 quo-

111 2321 176 2354 ties
194 2319 425 2363 praecipiatur
440 2316 496 2352 hic
514 2320 639 2359 cultus,
662 2325 701 2352 ut
715 2317 828 2352 Deum
846 2320 994 2353 assiduis
1011 2322 1100 2354 votis

111 2371 284 2404 colamus:
312 2378 343 2404 et
364 2370 490 2402 fiducia
509 2370 572 2402 filii
588 2369 651 2402 Dei
671 2377 829 2413 petamus
843 2371 887 2403 ab
904 2383 944 2403 eo
961 2371 1098 2404 veniam
1125 2387 1128 2393 ·

110 2427 315 2454 nostrorum
333 2421 562 2458 delictorum,
593 2421 836 2453 liberationem
855 2433 874 2454 a
892 2422 991 2464 culpa
1004 2448 1013 2461 ‚
1039 2423 1100 2454 dc-

110 2472 219 2516 nique
244 2471 360 2503 onmia
386 2482 474 2514 quae
495 2470 598 2503 nobis
617 2472 710 2504 etad
733 2472 878 2503 salutem
907 2478 940 2505 et
961 2473 1004 2504 ad
1033 2470 1100 2504 hu-

110 2523 166 2554 ius
195 2522 286 2555 vitae
316 2521 606 2554 sustentationem
638 2528 716 2553 sunt
754 2522 956 2556 necessaria.

788 127 947 163 DECL.
987 127 1061 162 DE
1096 125 1493 165 PRECATIONE.

2080 133 2151 170 986

1267 211 1363 245 Haec
1395 213 1560 247 mandata
1583 223 1757 247 summam
1782 215 2019 249 necessitatem
2048 218 2149 250 nobis

1166 262 1331 295 omnibus
1353 261 1562 305 imponunt,
1595 270 1634 297 ut
1658 264 1688 297 si
1711 265 1867 298 studium
1890 266 2054 309 precandi
2079 280 2150 300 uon

1165 312 1361 355 flagitarent
1375 313 1442 346 alia
1461 314 1615 357 pericula
1631 315 1768 348 animae
1783 321 1816 348 et
1836 316 2008 359 corporis,
2035 323 2150 350 tamen

1166 362 1373 396 declaranda
1389 370 1461 397 erat
1478 371 1594 397 nostra
1613 365 1812 399 obedientia
1828 364 1903 399 Deo
1922 366 1958 398 in
1976 372 2148 409 precando

1164 412 1209 444 ob
1225 409 1292 445 hoc
1308 413 1441 454 solum,
1469 414 1550 458 quia
1566 412 1660 447 Deus
1685 413 1750 449 boc
1768 428 1855 460 opus
1872 430 1890 449 a
1911 417 2015 450 nobis
2031 418 2150 461 requi-

1163 462 1208 495 rit
1225 470 1257 496 et
1275 463 1438 505 postulat.

1264 509 1342 545 Etsi
1364 519 1480 545 autem
1505 515 1710 547 mandatum
1737 516 1779 547 de
1811 517 2009 558 precatione
2038 529 2148 561 oppo-

1161 562 1316 594 nendum
1347 569 1396 595 est
1427 563 1549 596 multis
1583 564 1860 607 impedimentis,
1894 579 1981 610 qnae
2011 580 2073 599 nos
2104 570 2148 600 ad

1161 610 1254 645 hunc
1272 612 1404 646 cultum
1421 613 1555 648 faciunt
1571 615 1751 649 tardiores.
1803 614 1962 648 Primum
1980 618 2073 649 enim
2093 618 2148 650 in—

1160 662 1325 706 dignitas,
1352 662 1479 696 deindc
1497 664 1660 706 cogitatio
1679 665 1720 697 de
1740 665 2023 708 particularitate,
2052 670 2146 711 qnod

1158 711 1252 747 Deus
1275 719 1409 746 tantum
1431 714 1506 757 pios
1521 716 1690 759 quosdam
1714 716 1894 756 exaudiat,
1922 729 1993 748 non
2012 718 2146 761 quosli-

1159 764 1226 803 bet,
1254 763 1515 806 languefaciunt
1534 765 1608 808 pios
1624 776 1724 809 saepe
1739 773 1774 798 ut
1792 767 1965 799 morosius
1983 775 2094 801 orent.

1260 813 1395 847 Tamen
1412 815 1494 859 quia
1514 815 1688 849 iuventuti
1708 828 1801 849 nunc
1818 817 1922 849 verba
1939 817 2045 856 facim
2070 830 2146 851 eam

1158 864 1350 906 admoneo,
1376 871 1415 899 ut
1433 871 1467 899 et
1483 865 1555 898 suis
1579 866 1840 910 impedimentis
1858 864 1924 900 hoc
1940 869 2144 902 mandatum

1157 922 1332 959 opponat,
1358 915 1522 950 videlicet
1538 917 1714 950 securitati
1739 925 1770 952 et
1788 918 2020 960 negligentiae
2041 918 2145 951 nimis

1158 977 1302 1009 pravae,
1329 967 1423 1011 quod
1441 966 1677 1001 adolescentes
1692 979 1770 1001 cum
1788 968 1910 1001 vivant
1926 969 1996 1001 fere
2012 969 2145 1012 impetu

1155 1015 1272 1059 potius
1288 1028 1391 1061 quam
1415 1017 1625 1059 cogitatione
1645 1019 1686 1051 de
1705 1018 1794 1059 Deo,
1822 1025 1855 1052 et
1870 1020 1912 1051 de
1934 1031 1996 1052 suo
2018 1020 2144 1060 officio,

1156 1066 1269 1099 rarius
1286 1073 1347 1100 aut
1365 1067 1599 1110 negligentius
1624 1067 1702 1101 ideo
1727 1075 1848 1109 orant,
1875 1069 1956 1114 quia
1982 1070 2144 1112 frigidius

1155 1116 1280 1148 timent
1300 1114 1433 1157 Deum,
1467 1117 1666 1152 existimant
1684 1117 1799 1152 Deum
1823 1131 1895 1151 nou
1912 1132 2032 1153 curare
2055 1117 2143 1152 hanc

1155 1164 1415 1208 negligentiam,
1438 1177 1502 1198 nec
1519 1178 1598 1199 eum
1615 1167 1714 1200 irasci
1734 1169 1786 1200 illi
1803 1170 2030 1212 contemptui,
2048 1172 2142 1214 quod

1155 1227 1217 1248 nec
1243 1215 1281 1248 in
1306 1215 1448 1249 caeteris
1473 1216 1618 1258 officiis,
1654 1229 1717 1250 nec
1741 1218 1778 1251 in
1799 1220 2020 1253 invocatione
2040 1232 2141 1264 prae—

1154 1272 1246 1299 stant
1265 1265 1367 1299 illum
1385 1265 1518 1299 cultum
1535 1266 1628 1306 Deo,
1658 1280 1761 1313 quem
1782 1269 1940 1314 requirit.

1255 1313 1331 1349 Etsi
1354 1314 1461 1358 igitur
1484 1318 1688 1351 mandatum
1712 1320 1902 1352 tenendum
1927 1328 1975 1354 est
2001 1327 2143 1364 propter

1153 1366 1430 1399 consolationem
1458 1366 1596 1409 piorum
1626 1375 1655 1400 et
1685 1368 1938 1411 infirmiorum,
1980 1383 2020 1403 ne
2057 1384 2143 1404 con-

1152 1417 1295 1450 scientia
1312 1417 1532 1459 indignitatis
1547 1424 1607 1450 aut
1628 1418 1697 1451 alio
1722 1427 1817 1453 metu
1836 1420 2014 1454 difficilius
2031 1429 2142 1461 orent,

1152 1467 1210 1499 sed
1239 1467 1350 1500 sciant
1372 1465 1446 1499 Deo
1472 1474 1604 1510 gratam
1629 1481 1700 1501 esse
1731 1467 1821 1503 hanc
1852 1471 2142 1514 significationem

1153 1517 1346 1550 voluntatis
1373 1524 1530 1555 nostrae,
1565 1531 1670 1563 quam
1695 1520 1798 1552 etiam
1831 1523 1996 1554 mandato
2028 1523 2143 1563 exigit.

1153 1567 1291 1601 Tamen
1309 1579 1373 1601 nos
1389 1579 1483 1601 nunc
1499 1568 1528 1600 si
1544 1569 1668 1613 placet,
1697 1571 1775 1603 ideo
1793 1583 1976 1613 urgeamus
1996 1574 2143 1605 manda-

1154 1625 1245 1658 tum,
1270 1624 1310 1651 ut
1327 1619 1541 1651 excutiamus
1566 1619 1692 1653 animis
1714 1622 1933 1654 securitatem
1957 1623 2144 1662 carnalem,

1153 1675 1187 1701 et
1204 1668 1379 1711 ignaviam
1399 1671 1654 1712 propemodum
1670 1669 1880 1714 Epicuream
1908 1672 2094 1706 iuvenibus
2111 1681 2143 1706 et

1152 1718 1232 1752 aliis
1248 1718 1428 1759 usitatam,
1454 1720 1552 1763 quasi
1570 1732 1641 1752 non
1661 1722 1810 1754 multum
1827 1722 1966 1764 reserat,
1993 1724 2020 1755 si
2038 1724 2144 1756 omit-

1154 1775 1248 1802 tatur
1270 1767 1335 1802 hoc
1351 1769 1558 1802 sacrificium
1577 1772 1700 1803 orandi
1724 1779 1758 1805 et
1779 1774 2048 1806 commendandi
2067 1772 2142 1807 Deo

1153 1831 1218 1852 nos
1244 1819 1338 1863 ipsos
1365 1825 1399 1853 et
1423 1817 1616 1854 Ecclesiam
1645 1821 1712 1865 piis
1741 1822 1852 1861 votis>
1878 1830 1911 1856 et
1940 1823 2145 1857 recitatione

1153 1880 1291 1913 piarum
1309 1879 1460 1912 precum.

1255 1916 1307 1951 Ac
1330 1919 1454 1963 procul
1480 1920 1613 1954 auferat
1639 1919 1727 1955 mihi
1752 1919 1958 1968 hic'aliquis
1975 1925 2144 1969 supersti-

1153 1968 1263 2002 tiosus
1286 1968 1388 2002 istam
1413 1970 1626 2012 orationem,
1659 1985 1749 2017 quae
1773 1974 1876 2017 plane
1900 1981 1968 2015 est,
1995 1981 2032 2008 ut
2051 1975 2142 2008 dici-

1154 2026 1231 2060 tur,
1264 2017 1379 2065 ἀργὸς
1408 2017 1533 2067 λόγος,
1570 2034 1642 2054 non
1676 2034 1748 2056 esse
1778 2024 1832 2056 vel
1864 2037 2072 2070 quacunque
2100 2026 2144 2058 de

1153 2081 1255 2103 causa
1287 2071 1363 2113 pios
1395 2072 1728 2115 perterrefaciendos
1765 2076 1949 2108 severitate
1977 2076 2145 2116 manda-ti,

1153 2132 1232 2153 cum
1260 2120 1327 2164 ipsi
1353 2133 1414 2154 sua
1442 2129 1564 2166 sponte
1598 2123 1634 2155 in
1663 2123 1742 2156 aliis
1769 2125 1910 2166 officiis,
1949 2133 1983 2159 et
2012 2126 2047 2158 in
2075 2124 2142 2159 boc

1155 2171 1232 2214 ipso
1259 2183 1341 2204 suae
1374 2171 1454 2205 fidei
1490 2172 1688 2207 testimonia
1723 2175 1829 2209 edant
1861 2188 1977 2210 coram
2005 2177 2083 2211 Deo
2113 2184 2144 2210 ct

1155 2219 1371 2254 bominibus.

1255 2271 1561 2315 supervacaneum
1579 2280 1639 2311 est,
1657 2274 1835 2319 inquiunt,
1861 2278 2048 2317 mandatis,
2066 2285 2146 2311 tan-

1154 2333 1259 2366 quam
1276 2322 1460 2365 praetoriis
1476 2322 1598 2356 edictis
1616 2325 1658 2356 ad
1677 2332 1768 2358 recte
1784 2326 1981 2360 faciendum
2000 2329 2145 2361 creden-

1154 2379 1204 2406 tes
1222 2372 1419 2414 impellere,
1447 2379 1480 2404 et
1499 2374 1598 2416 quasi
1617 2374 1650 2406 vi
1676 2386 1816 2417 cogere,
1844 2389 1922 2409 cum
1948 2375 2033 2412 baec
2051 2379 2145 2411 ultro

1154 2435 1193 2455 ex
1211 2424 1315 2455 corde
1332 2422 1506 2455 illustrato
1523 2424 1606 2463 fide,
1634 2425 1911 2468 proficiscantur.
1950 2427 2066 2472 thue
2081 2429 2144 2459 ab·-

1153 2473 1301 2505 surdum
1319 2480 1369 2505 est
1387 2473 1522 2513 dicere,
1551 2474 1616 2506 tria
1639 2482 1672 2508 et
1696 2483 1826 2519 septem
1844 2479 1970 2511 debere
1995 2490 2064 2510 esse
2083 2480 2143 2509 ‹le-

1014 2521 1099 2556 Noti
1123 2515 1128 2568 Ι
1154 2535 1247 2562 cem,
1271 2523 1329 2555 sed
1354 2534 1425 2556 esse
1449 2525 1584 2565 decem,
1610 2524 1656 2557 ita
1676 2527 1831 2559 ociosum
1856 2540 1927 2560 esse
1949 2529 2087 2567 dicunt,
2115 2528 2143 2560 si

111 2572 206 2604 enim
223 2583 299 2605 sum
320 2578 446 2604 textus:
487 2570 613 2604 Invoca
634 2583 687 2603 me
711 2571 747 2603 in
767 2572 822 2604 dii-
848 2573 1098 2608 tribulationis.
1122 2576 1126 2632 l
1154 2584 1306 2613 moneas,
1330 2573 1451 2606 deberi
1470 2574 1602 2607 cultum
1620 2575 1854 2610 invocationis
1872 2585 1904 2611 et
1918 2578 2048 2610 similes
2060 2577 2144 2617 Deo,

110 2621 222 2655 Petite
240 2629 274 2655 et
287 2622 479 2667 accipietis.

532 2619 578 2655 Et
603 2622 638 2654 in
655 2621 781 2654 Panlo:
811 2623 895 2655 Sine
918 2624 1098 2657 intermis—

109 2674 208 2706 sione
228 2678 335 2706 orate.
583 2682 587 2685 “

1153 2636 1231 2656 cnm
1257 2624 1367 2658 renati
1384 2623 1519 2667 Spiritu
1543 2632 1664 2659 sancto
1683 2627 1778 2660 ultro
1795 2635 1828 2661 et
1846 2640 1917 2661 non
1934 2629 2040 2661 coacti
2061 2625 2145 2660 haec

1152 2674 1294 2707 saciant.
