2338 2958
83 128 153 163 401

81 224 170 259 quae
193 211 342 254 affatim,
369 216 403 244 et
421 209 525 254 pleno
540 237 549 251 ,
577 212 672 256 quod
696 213 814 253 aiunt,
840 212 921 244 sinu
938 224 977 245 ex
1001 209 1068 244 hoc

80 263 207 307 scripto
226 268 343 306 petere
361 261 544 305 possimus.
581 262 680 305 Quae
697 263 725 296 si
742 263 820 309 quis
834 263 970 306 singula
987 274 1067 296 ora-

79 314 174 347 tione
191 309 488 356 comprehendere
505 319 563 346 aut
580 324 785 347 enumerare
801 320 965 347 conetur:

217 380 328 422 Libyci
347 384 418 412 velit
435 384 572 423 aequoris
588 383 668 412 idem
741 379 798 426 (ut
816 379 986 422 Virgilius
1001 379 1065 424 ait)

151 430 259 463 Dicere
269 457 277 471 ,
305 444 395 474 quam
410 436 521 462 multae
537 433 680 473 Zephyro
695 435 851 463 turbentur
865 444 979 471 arenae,

151 484 217 514 Aut
234 486 284 514 ubi
301 487 428 524 navigiis
443 487 605 514 violentior
619 485 723 514 incidit
738 483 845 521 Eurus,

151 531 250 566 Nosse
261 559 270 574 ,
298 543 371 576 quot
390 535 473 565 lonii·
482 538 601 565 veniant
617 536 653 564 ad
668 537 768 565 littora
784 537 900 564 ssuctns.

74 597 151 644 Ego
174 599 301 644 igitur,
327 607 366 634 ut
387 612 507 634 verum
531 600 657 636 fatear,
681 599 743 632 etsi
764 610 836 632 uon
860 598 907 632 ita
932 598 1062 631 oblitus

73 661 151 684 sum
167 651 256 692 mei,
282 658 320 685 ut
337 649 403 685 hoc
419 648 505 683 mihi
524 661 658 682 sumere
677 650 807 690 ausim,
833 661 888 682 me
903 649 980 682 illas
1006 649 1062 681 in—

73 708 196 747 gentes
220 708 254 735 et
277 701 551 735 innumerabiles
569 699 748 733 Homerici
775 701 943 744 poematis
969 699 1061 733 divi-

73 753 140 785 tias
173 763 295 785 omnes
325 763 466 786 cernere
494 757 554 784 aut
585 762 792 793 cognoscere
822 762 941 795 posse,
980 763 1058 783 cum

73 800 168 836 haud
191 803 298 837 dubie
321 803 378 836 vix
403 800 550 835 minima
571 813 649 845 pars
669 813 789 834 earum
811 808 893 834 nota
913 808 979 840 cst,
1009 808 1061 834 ta-

73 864 154 886 men
170 850 238 886 hoc
254 854 355 897 plane
368 849 458 885 mihi
475 852 630 885 accidere
646 852 758 885 sentio
772 879 779 891 ‚
809 859 844 885 ut
856 879 864 893 ,
892 853 1060 898 quemad-

72 904 218 937 modum
236 904 296 937 ille
312 903 380 944 ait,
406 903 548 947 inopem
568 914 622 935 me
641 903 740 946 copia
760 903 874 937 saciat.
934 901 1061 936 Multi-

71 954 175 998 plicia
198 955 292 987 enim
321 966 376 987 me
401 951 468 986 hoc
491 953 660 997 scriptum
685 954 879 988 intuentem
902 954 945 986 ab
961 953 1059 986 omni

71 1010 168 1048 parte
191 1005 288 1038 velut
312 1004 433 1038 divina
458 1004 626 1037 miracula
658 1004 892 1044 occurrentia,
928 1004 1059 1037 attoni-

71 1061 167 1096 tum,
192 1067 470 1100 suspensumque
495 1061 633 1095 tenent,
659 1061 698 1088 ut
715 1055 857 1087 difficile
874 1055 938 1095 sit,
965 1055 1059 1087 unde

71 1105 250 1145 exordiar,
283 1106 396 1139 autin
415 1118 484 1150 quo
502 1105 678 1143 desinam,
716 1111 879 1140 statuere.
927 1104 1060 1138 Vereor

71 1155 185 1196 enim,
211 1168 253 1190 ne
272 1154 360 1189 mihi
377 1156 527 1195 accidat,
552 1157 647 1200 quod
672 1155 732 1193 iis,
760 1156 821 1200 qni
846 1168 882 1189 re
906 1156 1056 1189 multum

71 1218 110 1240 ac
137 1207 198 1240 diu
227 1207 418 1240 deliberata
447 1219 486 1239 ex
513 1206 647 1249 ingenti
675 1218 792 1239 rernm
821 1207 1056 1250 preciosarum

69 1269 193 1291 acervo
209 1264 299 1291 certa
318 1257 489 1303 quaedam
513 1253 678 1302 κει,ιιήλια
700 1257 826 1299 eligere
843 1258 991 1297 debent,
1020 1253 1057 1289 hi

69 1319 153 1352 prae
168 1308 279 1341 nimia
294 1320 375 1341 cura
396 1315 429 1341 et
444 1307 666 1341 dubitatione
682 1319 937 1353 nonnunquam
957 1308 1058 1339 deer-

69 1365 199 1400 rantes,
225 1359 367 1403 optimis
383 1358 527 1398 relictis,
554 1358 671 1391 minus
688 1358 842 1402 preciosa
859 1364 1056 1391 secernunt.

70 1408 122 1444 Ita
141 1420 202 1453 ego
222 1421 362 1454 quoque
377 1420 511 1449 vereor,
535 1420 579 1441 ne
599 1408 815 1448 melioribus,
841 1415 875 1442 et
892 1420 980 1453 quae
995 1408 1057 1442 alii

69 1460 215 1494 fortasse
239 1460 348 1502 magis
371 1459 609 1499 admirentur,
636 1459 852 1503 praeteritis,
880 1459 1053 1492 deteriora

68 1511 198 1553 legam:
232 1522 352 1543 verum
375 1516 454 1543 utut
478 1507 544 1542 hoc
568 1510 848 1542 animadversum
872 1510 956 1549 erit,
984 1521 1054 1541 non

68 1562 231 1606 equidem
259 1561 294 1593 in
319 1572 445 1604 magno
469 1572 562 1603 pono
587 1560 802 1593 discrimine.
854 1559 935 1592 Non
961 1560 1054 1591 enim

68 1623 123 1645 me
141 1612 247 1655 sugit,
275 1618 314 1645 ut
337 1611 444 1644 radiis
468 1610 641 1644 solaribus
658 1610 843 1643 oculorum
866 1610 955 1642 acies
975 1621 1055 1642 sen-

67 1673 194 1707 susque
208 1662 377 1702 vincitur,
404 1661 451 1694 ita
468 1661 602 1704 fulgore
620 1660 801 1694 Homerici
817 1661 981 1694 carminis
998 1661 1054 1693 in-

66 1713 249 1756 geniorum
282 1712 390 1746 aciem
419 1712 626 1756 praestringi
657 1712 780 1745 solere.
839 1710 911 1744 Nos
937 1719 1053 1745 tamen

66 1763 162 1797 velut
195 1775 289 1796 mare
322 1763 478 1806 angustis
512 1762 637 1796 fistulis
672 1763 910 1802 includentes,
944 1774 1054 1806 pauca

66 1815 237 1859 quaedam
261 1815 303 1846 de
326 1825 362 1846 re
381 1813 517 1846 infinita
543 1813 764 1856 colligemus,
793 1820 824 1847 ct
844 1824 931 1857 quae
951 1813 1054 1845 nobis

65 1865 250 1909 praecipue
279 1864 484 1897 admiranda
515 1864 551 1896 in
583 1861 649 1896 hoc
678 1867 834 1906 poemate
861 1863 931 1896 visa
962 1870 1053 1904 sunt,

66 1915 213 1948 strictim
230 1927 268 1948 ac
286 1915 440 1948 breviter
457 1914 724 1948 recensebimus

167 1981 218 2016 Ac
244 1982 397 2027 primum
421 1981 562 2026 quidem
588 1981 636 2014 sic
660 1988 792 2020 statuo,
819 1981 956 2014 nullum
982 1993 1052 2013 un-

64 2045 169 2079 quam
203 2033 393 2077 scriptum,
427 2032 510 2065 inde
537 2043 647 2077 usque
672 2044 689 2064 a
721 2032 873 2076 primum
908 2033 1049 2064 condito

65 2086 168 2124 orbe,
193 2085 263 2117 nlla
290 2084 327 2116 in
344 2083 462 2127 lingua
482 2089 541 2116 aut
561 2083 721 2120 natione,
745 2083 787 2115 ab
806 2083 877 2115 ullo
893 2079 1048 2115 hnmano

67 2135 208 2178 ingenio
235 2135 368 2168 editum
400 2146 490 2174 esse,
534 2145 627 2166 sacra
659 2133 790 2178 ubique
820 2133 970 2177 excipio,
1012 2133 1048 2165 in

66 2197 136 2230 qno
161 2185 215 2218 vel
245 2186 425 2219 doctrinae
450 2191 586 2218 tantum
617 2184 677 2224 sit,
711 2184 764 2216 vel
800 2183 990 2227 elegantiae
1017 2191 1049 2216 et

66 2235 257 2268 suavitatis.
308 2234 486 2268 Audacem
509 2233 603 2268 hunc
630 2247 700 2267 esse
724 2246 938 2272 sermonem,
974 2235 1049 2279 plc-

64 2298 221 2331 numqne
243 2286 396 2319 invidiae
420 2298 492 2318 non
519 2286 658 2328 ignoro:
687 2287 744 2317 sed
771 2285 861 2317 idem
887 2297 964 2318 non·
983 2286 1049 2318 du-

63 2336 159 2377 bito,
186 2337 273 2381 quin
294 2336 484 2370 liberaliter
506 2337 664 2370 instituta
688 2336 846 2378 ingenia,
874 2342 904 2368 et
922 2336 1049 2380 quibus

64 2388 170 2420 modo
197 2388 336 2427 leviter,
364 2399 401 2420 ac
425 2387 656 2431 primoribus,
685 2388 777 2431 quod
804 2387 918 2426 aiunt,
946 2387 1048 2419 labiis

64 2445 115 2471 est
133 2439 332 2481 degustatus
349 2436 543 2477 Homerus,
569 2435 792 2471 vehementer
816 2437 850 2469 in
874 2434 939 2469 lioc
961 2435 1047 2469 mihi

65 2489 310 2523 assentiantur.
364 2487 452 2521 Nam
472 2495 509 2520 nt
534 2499 627 2520 nnnc
651 2500 722 2521 non
741 2489 852 2520 dicam
871 2488 913 2519 dc
930 2500 966 2520 ea
985 2489 1048 2521 do-

66 2539 195 2579 ctrina,
217 2551 304 2584 quae
321 2551 437 2572 rerum
459 2546 618 2571 naturam
637 2539 807 2578 continet,
830 2551 917 2583 quae
936 2539 1048 2571 coele—

66 2589 170 2621 stium
193 2590 332 2623 orbium
356 2593 590 2634 syderuinque
613 2589 721 2629 vices,
758 2597 854 2622 ortus
877 2597 908 2622 et
931 2590 1047 2622 obitus

66 2640 192 2678 tradit,
230 2653 316 2685 quae
339 2647 590 2684 temperaturae
618 2637 761 2672 humani
789 2640 945 2683 corporis
969 2638 1048 2673 liar-

65 2690 240 2731 moniam,
291 2691 528 2724 membrorum
567 2689 817 2734 ostensiorin‘,
867 2691 1048 2735 variasque

115 2744 291 2775 Memmi.
319 2743 421 2777 Ormi.
450 2738 530 2775 Voc.
562 2743 624 2775 Xl.

577 121 739 161 DECL.
778 124 853 161 DE
881 124 1161 162 PRAEFAT.
1195 124 1252 160 IN
1285 123 1603 163 llo-MERUM.

2035 127 2109 163 402

1122 210 1321 244 affectiones
1345 212 1516 253 ostendit,
1543 224 1615 245 non
1633 211 1744 245 dicam
1765 213 1807 246 de
1823 212 2011 246 reconditis
2035 213 2106 246 illis

1119 261 1248 302 literis,
1282 262 1410 306 quibus
1435 263 1567 307 ubique
1593 263 1735 307 plenum
1764 271 1797 297 et
1827 264 2020 298 consertum
2055 271 2106 297 est

1120 310 1347 345 Homericum
1363 315 1484 356 poema
1498 339 1507 352 ,
1534 326 1605 346 non
1624 314 1715 347 enim
1739 311 1822 347 haec
1839 314 2006 358 temporis
2024 315 2104 347 bre-

1118 362 1206 396 vitas
1222 363 1358 406 singula
1377 375 1440 395 nos
1459 374 1634 397 recensere
1645 365 1793 408 patitur,
1821 366 1861 398 ad
1881 362 1965 398 haec
1985 371 2103 398 nostra

1119 419 1151 446 et
1181 413 1319 446 notiora
1347 412 1539 448 veniamus.
1605 414 1709 456 Quod
1736 416 1830 448 enim
1858 416 1985 449 dabitis
2013 412 2102 448 mihi

1117 470 1338 508 praeceptum
1355 465 1398 496 ad
1417 475 1546 504 mores,
1575 465 1615 497 ad
1636 465 1740 497 vitam
1760 467 1847 499 bene
1872 479 1909 500 ac
1931 466 2103 499 foeliciter

1117 514 1388 555 instituendam,
1415 526 1570 559 unquam
1595 527 1612 547 a
1639 515 1723 547 viris
1748 517 1963 558 sapientibus
1981 516 2103 560 prodi-

1117 572 1208 605 tum,
1235 565 1334 598 cuius
1357 577 1430 598 non
1447 566 1491 599 sit
1517 564 1554 597 in
1573 564 1726 598 Homero
1745 567 1886 610 aliquod
1907 568 2100 609 speciosum

1115 622 1147 648 et
1166 616 1300 649 illustre
1318 615 1540 660 exemplum?
1572 615 1676 658 Quod
1697 616 1732 648 in
1754 617 1821 649 xita
1843 617 2014 658 officium,
2042 625 2101 652 aut

1115 667 1208 710 quod
1229 667 1374 699 omnino
1400 667 1602 709 negocium,
1632 667 1729 699 cuius
1753 668 1879 700 nonin
1904 672 2025 700 eodem
2043 681 2102 700 ex—

1116 728 1229 760 pressa
1253 717 1298 750 sit
1322 717 1462 761 imago?
1504 717 1665 762 Suntque
1686 718 1729 750 de
1752 718 1918 752 omnibus
1940 719 2043 751 rebus
2068 725 2100 752 et

1115 768 1265 810 negociis
1294 768 1540 811 cogitationes,
1576 779 1665 813 quae
1689 767 1832 813 quidem
1856 769 1900 802 ab
1929 769 2000 801 ulla
2032 767 2101 802 liu-

1114 830 1214 851 mana
1233 825 1348 852 mente
1367 819 1504 863 concipi
1522 826 1679 864 possunt,
1708 816 1992 858 humanissimae,
2021 820 2102 852 dul-

1113 869 1268 902 cissimae
1311 877 1344 903 et
1385 870 1488 903 simul
1529 869 1815 913 sapientissimae.
1876 870 1972 913 Quid
2005 870 2099 902 enim

1113 920 1272 960 suavius,
1299 928 1358 954 aut
1377 921 1487 964 magis
1510 917 1646 965 ἠθικὸν
1667 920 1827 963 cogitari,
1854 922 1938 966 quid
1957 921 2098 963 gravius

1112 971 1249 1003 moneri
1277 977 1406 1014 potest,
1443 983 1547 1016 quam
1571 971 1664 1016 quod
1693 970 1766 1014 ipse
1790 972 1924 1016 aliquot
1955 971 2041 1004 locis
2063 971 2100 1003 in

1111 1032 1173 1053 suo
1193 1022 1364 1065 po'e'mate,
1387 1021 1442 1061 iis,
1461 1021 1521 1066 qui
1538 1033 1600 1054 nec
1615 1021 1744 1054 iniusta
1763 1022 1805 1054 de
1823 1033 1923 1056 cansa
1942 1022 2101 1054 irascun-

1111 1078 1187 1112 tur,
1215 1073 1392 1113 decantat,
1420 1070 1560 1116 ἀμείνω
1584 1069 1621 1106 (3⁰
1639 1072 1768 1115 αἴσιμα
1791 1069 1930 1113 πάντα,
1957 1069 2023 1105 hoc
2039 1079 2101 1111 est,

1112 1122 1372 1162 moderatione,
1408 1122 1641 1167 placabilitate
1665 1129 1698 1156 et
1728 1123 1911 1157 clementia
1934 1123 2099 1156 omnihus

1112 1173 1148 1204 in
1167 1173 1270 1206 rebus
1289 1171 1379 1206 nihil
1399 1174 1523 1206 melius
1542 1173 1639 1206 esse?
1692 1172 1788 1215 Quid
1806 1173 1930 1207 iustius
1947 1180 2006 1206 aut
2031 1170 2099 1206 hu·-

1110 1224 1247 1256 manius
1271 1224 1332 1257 illa
1356 1236 1440 1257 voce
1459 1223 1643 1257 Diomedis
1668 1223 1704 1257 in
1727 1223 1761 1259 9.
1781 1223 1929 1262 Iliados,
1958 1224 1994 1256 in
2014 1236 2099 1256 con-

1110 1274 1192 1306 cilio
1213 1274 1309 1307 illam
1336 1275 1485 1318 primam
1511 1274 1620 1318 legem
1645 1274 1794 1315 sanciri,
1828 1281 1867 1308 ut
1893 1275 1936 1308 sit
1957 1275 2098 1308 libertas

1110 1324 1268 1365 dicendi,
1309 1331 1341 1358 et
1375 1325 1542 1368 patientia
1579 1325 1772 1358 audiendi?
1823 1324 1903 1357 Non
1939 1325 2098 1357 videmus

1109 1387 1213 1420 quam
1239 1372 1304 1408 hoc
1331 1376 1486 1409 seculum
1510 1375 1608 1408 nulla
1626 1387 1662 1408 re
1682 1375 1791 1418 magis
1809 1375 1965 1416 laborat,
1992 1387 2097 1420 quam

1109 1426 1203 1470 quod
1225 1426 1466 1471 potentiorum
1491 1437 1592 1459 aures
1611 1437 1683 1459 non
1707 1426 1812 1459 modo
1832 1426 1989 1469 linguam
2008 1426 2098 1459 libe-

1109 1487 1202 1513 ram,
1236 1478 1295 1508 sed
1322 1488 1365 1508 ne
1394 1476 1638 1517 cogitationem
1665 1476 1808 1521 quidem
1832 1476 2002 1509 libertatis
2023 1488 2097 1509 me-

1107 1538 1241 1559 morem
1278 1526 1368 1559 ferre
1404 1527 1574 1570 possunt?
1627 1526 1724 1569 Quid
1761 1527 1870 1572 magis
1905 1524 2097 1567 heroicum,

1108 1588 1211 1621 quam
1231 1577 1325 1621 quod
1343 1576 1474 1610 Hector
1493 1577 1556 1610 ait:

1233 1642 1275 1678 εἷς
1298 1641 1406 1679 οἰωνὸς
1430 1641 1557 1683 ἄριστος
1579 1641 1763 1681 ἀμύνασθαι
1787 1643 1853 1682 περὶ
1877 1641 2005 1683 πάτρας.

1106 1715 1217 1736 unum
1243 1703 1434 1747 auspicium
1453 1704 1734 1742 soefficissimum,
1763 1703 1901 1737 fortiter
1916 1704 2096 1748 depugna-

1106 1766 1163 1792 re,
1190 1761 1222 1787 et
1247 1751 1391 1787 honeste
1410 1755 1532 1787 cadere
1556 1767 1618 1798 pro
1636 1756 1769 1798 patria?
1821 1754 1936 1796 Quam
1955 1763 2095 1789 senten-

1107 1805 1191 1837 tiam
1219 1804 1247 1837 si
1274 1805 1319 1837 ob
1344 1805 1463 1837 oculos
1488 1812 1519 1838 et
1544 1805 1578 1837 in
1598 1805 1725 1838 animis
1743 1805 1906 1848 scriptam
1924 1802 1989 1838 hoc
2007 1812 2095 1838 tem—

1107 1867 1190 1899 pore
1215 1854 1395 1897 Principes
1420 1853 1610 1893 baberent,
1639 1867 1711 1888 non
1732 1856 1938 1889 vidissemus
1959 1855 2092 1888 Turcas

1107 1906 1207 1940 toties
1234 1905 1300 1938 Iam
1328 1904 1540 1939 Germaniae
1566 1913 1597 1939 et
1619 1904 1820 1939 Christiano
1845 1906 1922 1938 orbi
1950 1907 1997 1939 ita
2027 1907 2093 1938 im-

1105 1968 1199 2001 pune
1216 1957 1441 1997 insultantes,
1469 1969 1531 1990 nec
1553 1969 1673 1989 eorum
1699 1958 1888 1991 adventum
1906 1958 1992 1989 adeo
2013 1969 2092 2001 per-

1105 2006 1394 2041 liorresceremus.
1443 2007 1537 2050 Quid
1556 2008 1731 2048 divinius,
1760 2020 1863 2052 quam
1881 2009 1974 2052 qnod
1992 2019 2092 2051 prae-

1104 2065 1238 2091 matura
1257 2064 1368 2091 morte
1396 2064 1429 2091 et
1454 2058 1546 2092 inter
1569 2059 1700 2101 primos
1721 2060 1842 2091 cadere
1860 2070 1939 2091 eum
1957 2058 2090 2099 scribit,

1104 2109 1162 2154 qui
1190 2108 1436 2142 nutricationis
1461 2110 1606 2152 gratiam
1630 2110 1834 2152 parentibus
1859 2121 1931 2142 non
1956 2109 2087 2153 persol-

1103 2160 1223 2192 verat'?
1278 2158 1381 2192 ltem:

1146 2222 1200 2254 οὖκ
1220 2222 1315 2266 ἀρετᾷ
1338 2223 1416 2254 κακὰ
1439 2222 1511 2264 ἔργα
1534 2222 1644 2263 κιχάνει
1669 2224 1707 2264 δὴ
1732 2224 1780 2254 καὶ
1804 2224 1926 2265 βραδὺς
1949 2222 2031 2254 (izi-2¹.

1102 2286 1136 2320 id
1158 2292 1217 2326 est,
1241 2297 1312 2317 non
1329 2285 1511 2328 pervenire
1527 2286 1569 2318 ad
1588 2284 1733 2327 frugem,
1756 2298 1817 2317 nec
1835 2285 1991 2318 soelicem
2011 2296 2087 2317 suc-

1103 2348 1235 2369 cessum
1266 2335 1382 2368 sortiri
1419 2336 1619 2376 malefacta,
1653 2343 1686 2369 et
1722 2336 1835 2368 virum
1872 2336 2086 2379 improbum,

1102 2386 1328 2432 quantuinxis
1346 2386 1510 2426 celerem,
1537 2387 1628 2420 etad
1653 2386 1846 2419 fallendum
1866 2386 2085 2425 instructum,

1101 2434 1317 2481 deprehendi
1348 2443 1463 2470 tamen
1492 2444 1525 2469 et
1552 2437 1692 2481 quidem
1730 2449 1748 2469 a
1776 2437 1912 2472 claudo.
1965 2436 2085 2480 ‘Neque

1102 2490 1248 2522 dubium
1277 2494 1344 2527 est,
1380 2487 1464 2531 quin
1491 2485 1555 2520 hoc
1580 2499 1688 2531 genus
1711 2487 1902 2521 sententiae
1930 2487 2082 2531 primum

1102 2553 1118 2573 a
1144 2538 1270 2572 sanctis
1290 2538 1447 2581 patribus
1473 2538 1647 2582 proditae,
1671 2540 1760 2571 etad
1783 2545 1937 2582 posteros
1959 2549 2082 2581 propa-

1101 2599 1197 2634 gatae
1221 2589 1307 2629 sint,
1335 2589 1461 2622 deinde
1485 2589 1528 2621 ab
1552 2590 1630 2622 aliis
1649 2589 1690 2620 ad
1711 2589 1798 2622 alius
1821 2600 1976 2621 successu
1996 2595 2081 2619 tem-

1103 2653 1237 2686 porum,
1264 2640 1359 2672 velut
1376 2652 1436 2683 per
1452 2651 1576 2673 manns
1595 2639 1753 2680 traditae,
1781 2641 1821 2671 ad
1842 2640 1925 2671 tales
1941 2638 2079 2670 tandem

1102 2693 1195 2725 xiros
1224 2691 1527 2735 permanaverint,
1561 2703 1578 2724 a
1606 2690 1733 2735 quibus
1760 2688 1814 2722 his
1847 2687 2082 2721 monumentis

1427 2740 1475 2774 26
