2338 2958
181 137 255 174 ’787

184 222 332 256 audiret.
386 219 454 255 Sed
472 229 551 257 vos,
578 216 639 261 qui
659 217 694 249 in
718 215 845 249 studiis
861 214 1042 248 doctrinae
1059 225 1176 248 versa-

184 273 293 312 mini,
323 276 532 305 mementote
549 268 709 301 custodes
728 278 789 299 vos
806 278 878 299 esse
894 266 1076 299 doctrinae
1095 277 1176 298 coe—

185 324 296 357 lestis:
319 335 357 355 ac
374 320 560 362 diligenter
578 319 795 351 considerate
808 343 817 357 ‚
845 317 940 362 quod
961 315 1057 350 Deus
1077 316 1177 349 vobis

186 373 384 418 depositum
409 381 471 413 per
490 366 704 413 Prophetas,
732 367 939 412 Apostolos,
966 368 1120 412 denique
1144 373 1178 400 et

186 425 254 458 iam
282 434 342 466 per
367 418 562 454 Lutherum
587 419 898 452 commendaverit.
958 417 997 452 Si
1019 424 1102 452 sunt
1122 429 1177 450 res

187 475 338 511 eaedem,
356 483 418 504 cnr
434 470 493 505 isti
508 476 648 515 agyrtae
665 471 809 504 turbant
827 467 1024 502 Ecclesias'?
1050 468 1088 503 Si
1105 480 1177 501 non

187 530 268 558 sunt
285 535 338 556 res
356 522 510 561 eaedem,
532 521 708 555 fateantur
723 532 787 553 nos
802 520 1031 553 necessariam
1049 517 1178 552 habere

186 585 344 614 causam,
371 584 434 606 cur
448 572 498 605 eis
516 583 589 604 non
611 571 862 604 adsentiamur.
914 570 994 604 Non
1019 570 1106 603 levis
1124 581 1179 603 res

186 632 238 659 est
256 623 403 657 mutatio
422 622 603 656 doctrinae
619 622 654 654 in
670 621 836 655 Ecclesia.

287 673 334 708 Et
351 671 416 707 hoc
438 672 640 717 praesertim
658 679 814 716 tempore
829 677 1015 705 struuntur
1031 669 1180 705 insidiae

186 725 325 759 veritati
344 736 417 757 non
437 723 570 767 vulgari
588 720 795 767 sophistica,
822 729 1050 755 removentur
1069 721 1179 766 aliqui

187 775 362 810 manifesti
379 775 518 814 abusus,
546 785 633 818 quos
650 784 812 806 excusare
829 773 866 805 in
884 770 948 806 hac
963 773 1040 806 luce
1057 771 1179 806 Evan-

188 827 280 871 gelii,
308 837 443 859 summa
461 831 548 858 esset
564 824 793 867 impudentia.
836 822 971 857 Interea
989 830 1106 857 tamen
1124 834 1180 856 re-

187 878 348 911 tinentur
374 875 493 916 nervi,
526 874 655 919 quibus
681 874 916 917 confirmatis,
951 874 1182 907 stabiliuntur

187 928 296 962 iidem
313 927 442 960 abusus
461 925 498 958 in
513 925 591 958 aliis
608 925 772 968 gentibus
784 952 792 966 ‚
826 931 859 958 et
874 925 1042 969 paulatim
1060 936 1181 958 rursus

187 984 400 1022 occuparent
414 976 551 1009 animos
570 976 692 1020 populi
709 976 745 1008 in
762 976 892 1009 nostris
908 974 1088 1010 Ecclesiis.
1142 974 1180 1009 Si

188 1029 334 1063 audient
353 1027 463 1061 nostri
483 1027 580 1071 pueri
599 1026 757 1060 invocari
773 1033 949 1067 mortuos,
977 1038 1050 1059 non
1070 1032 1182 1070 potest

189 1080 286 1121 fieri,
312 1079 400 1124 quin
423 1079 630 1111 obscuretur
653 1077 812 1111 doctrina
831 1078 874 1110 de
893 1077 1084 1111 mediatore
1109 1077 1181 1109 filio

189 1130 274 1166 Dei:
302 1136 420 1174 postea
439 1128 609 1173 paulatim
628 1128 754 1161 fiducia
776 1128 985 1161 transfertur
1004 1129 1048 1161 ad
1067 1125 1182 1160 homi-

189 1193 251 1214 nes
276 1187 454 1220 mortuos,
481 1180 573 1223 quod
597 1179 698 1223 quasi
725 1179 872 1222 propior
891 1178 934 1212 sit
961 1190 1039 1211 cum
1060 1176 1115 1211 his
1130 1178 1184 1211 fa·-

191 1231 395 1271 mitian-itas,
423 1237 456 1263 et
474 1229 572 1274 quasi
594 1228 702 1271 magis
721 1229 933 1262 adficiantur
956 1228 1127 1262 similium
1151 1235 1184 1262 et

189 1282 404 1315 familiarum
421 1280 608 1313 aerumnis.
653 1279 723 1313 Sed
741 1291 820 1312 cuin
838 1279 1006 1320 sciamus,
1034 1291 1184 1324 quomo-

190 1334 234 1365 do
256 1333 351 1377 prius
370 1331 406 1364 in
422 1329 581 1364 Ecclesia
599 1329 713 1366 cultus
730 1330 908 1363 idolorum
927 1331 1086 1369 creverit,
1113 1330 1184 1362 ini—

190 1383 250 1417 tiis
285 1382 540 1416 occurrendum
574 1387 640 1421 est,
679 1387 719 1414 ut
748 1380 785 1413 in
817 1380 916 1413 omni
947 1380 1184 1414 medicatione

191 1433 415 1479 praecipitur.
454 1429 555 1465 Nihil
570 1437 682 1465 astute
699 1431 789 1471 dico,
815 1428 907 1464 nihil
926 1431 1102 1471 seditiose,
1123 1431 1182 1464 sed

189 1496 331 1524 moneo,
354 1490 395 1517 ut
411 1494 549 1516 necesse
571 1489 631 1521 est,
656 1489 695 1516 ut
718 1482 903 1526 puritatem
922 1482 1103 1516 doctrinae
1120 1482 1184 1515 ho-

189 1547 234 1569 na
254 1534 466 1569 conscientia
482 1540 655 1572 tueamur,
678 1540 821 1577 propter
836 1532 983 1576 gloriam
1000 1533 1078 1572 Dei,
1100 1545 1184 1577 pro-

190 1593 267 1631 pter
290 1586 438 1619 salutem
454 1582 650 1622 Ecclesiae,
678 1590 711 1617 et
734 1591 877 1627 propter
900 1590 1055 1617 nostram
1082 1584 1184 1616 iuvo-

190 1638 374 1670 cationem.
428 1635 522 1669 Dent
538 1634 677 1667 veniam
697 1634 800 1666 nobis
818 1632 979 1667 homines
996 1631 1184 1677 prophani,

190 1687 251 1732 qui
271 1687 434 1731 ignorant
448 1684 681 1719 conscientiae
697 1684 855 1726 dolores,
885 1684 911 1717 si
930 1696 1001 1716 non
1021 1685 1185 1717 volumus

190 1737 443 1782 adprobatione
474 1747 634 1768 errorum
665 1735 821 1768 sauciare
856 1735 1088 1768 conscientias
1118 1747 1183 1767 no-

190 1797 294 1829 stras,
327 1787 410 1833 quia
440 1786 522 1821 talia
546 1786 693 1819 vulnera
726 1797 798 1818 non
829 1785 930 1819 facile
962 1785 1184 1819 medicabilia

191 1846 284 1874 sunt.

290 1888 384 1922 Haec
409 1894 448 1921 ut
473 1887 543 1921 iam
566 1887 737 1927 dicerem,
764 1887 867 1921 etiam
892 1883 1039 1920 Lutheri
1065 1898 1184 1920 recor-

190 1941 285 1975 datio
311 1951 366 1973 me
392 1939 522 1979 movit,
556 1939 599 1972 ad
625 1938 726 1972 cuius
754 1939 930 1971 tumulum
963 1935 1046 1971 haec
1070 1937 1182 1971 oratio

190 1990 354 2025 habetur:
383 1991 442 2035 qui
465 1997 502 2024 ut
519 1997 669 2023 caeteras
686 1989 784 2022 Pauli
811 1987 1000 2022 sententias
1014 2001 1078 2021 nos
1096 1988 1184 2021 fide-

190 2044 270 2076 liter
292 2041 490 2075 meminisse
517 2040 649 2078 voluit,
674 2047 706 2073 et
733 2040 903 2083 interpres
927 2038 1095 2072 Paulinae
1118 2040 1183 2072 do-

191 2094 323 2127 ctrinae
346 2091 485 2136 planior
508 2092 591 2129 fuit,
620 2103 723 2136 quam
743 2091 929 2135 quisquam
949 2089 1057 2128 alius,
1084 2089 1183 2123 cuius

193 2151 308 2177 extant
326 2144 461 2176 literae:
492 2142 537 2175 ita
557 2149 588 2175 et
608 2139 697 2174 hanc
713 2140 921 2175 sententiam
947 2153 1010 2174 nos
1034 2148 1183 2186 utraque

192 2207 309 2233 manu,
333 2201 369 2227 ut
389 2194 433 2227 ita
451 2193 577 2233 dicam,
604 2193 755 2225 retinere
775 2192 890 2225 iussit:
919 2190 1182 2237 Bonumdepo-

192 2246 297 2279 situm
317 2245 491 2277 custodito
509 2256 570 2288 per
586 2242 758 2287 Spiritum
775 2250 946 2277 sanctuni.

293 2297 360 2329 sea
379 2307 440 2328 cur
455 2295 614 2327 additum
634 2301 699 2327 est:
731 2293 979 2337 perspiritum
1000 2293 1183 2326 sanctum?

193 2347 251 2391 qui
278 2344 429 2379 humana
457 2345 635 2389 vigilantia
662 2357 732 2377 non
768 2351 879 2388 potest
912 2356 1032 2376 cavere
1061 2355 1182 2376 omnes

194 2397 349 2430 insidias.
402 2397 468 2429 Sed
488 2398 627 2430 accc-dat
645 2396 831 2436 invocatio,
859 2402 893 2428 ut
912 2395 1046 2438 Spiritu
1062 2403 1181 2429 sancto

193 2456 333 2492 pectora
351 2454 466 2480 nostra
485 2454 663 2489 regantur,
692 2454 727 2480 ut
747 2447 855 2479 vitare
874 2447 1016 2490 laqueos
1036 2446 1179 2490 possint.

193 2498 246 2532 Te
263 2499 369 2540 igitur
387 2498 433 2529 fili
454 2497 536 2539 Dei,
563 2498 749 2536 mediator,
775 2497 936 2531 crucifixe
951 2509 1013 2540 pro
1031 2497 1132 2530 nobis
1149 2503 1181 2530 et

195 2549 412 2587 resuscitate,
440 2555 553 2580 custos
581 2547 753 2581 Ecclesiae
780 2555 879 2586 tuae,
906 2559 987 2584 oro,
1013 2555 1048 2580 ut
1071 2547 1180 2581 nostri

193 2599 409 2639 miserearis,
446 2605 478 2631 ct
504 2611 566 2641 pro
590 2600 693 2632 nobis
714 2600 805 2643 apud
833 2606 1014 2632 aeternnm
1042 2597 1180 2632 Patrem

195 2652 406 2689 intercedas,
433 2656 465 2683 ot
481 2662 542 2682 nos
560 2648 695 2693 Spiritu
712 2657 830 2683 sancto
849 2657 909 2683 tuo
929 2650 1121 2690 gubernes,
1148 2656 1180 2682 et

193 2703 248 2746 pia
281 2701 395 2735 studia
427 2701 607 2734 doctrinae
643 2708 674 2734 ct
703 2714 824 2734 corum
855 2698 1006 2745 hospitia
1042 2699 1181 2741 tuearis,

677 128 841 166 DECL.
881 127 956 164 DE
990 126 1209 164 TRIBUS
1243 125 1508 163 FARlNAE
1541 126 1730 166 SATIS.

2149 125 2223 164 788

1225 224 1360 257 nosque
1382 211 1548 251 adiuves,
1584 219 1625 246 ut
1649 219 1682 247 te
1710 213 1749 246 in
1776 220 1917 249 aeterna
1946 212 2163 258 gratitudine
2187 219 2221 247 et

1225 263 1364 297 laeticia
1382 263 1610 297 celebremus.
1661 262 1756 298 Dixi.

1246 440 1311 475 No.
1329 440 1392 476 98.

1237 488 1409 504 Μ

2057 454 2106 477 en.
2126 444 2224 476 1548.

2053 488 2224 502 m

1423 542 1499 584 De
1525 542 1668 584 tribus
1689 539 1880 598 farinae
1900 543 2026 584 satis.

1298 631 1329 658 ln
1349 631 1442 658 select.
1456 632 1607 658 Declamat.
1626 630 1659 657 T.
1674 631 1725 657 ΙΙΙ.
1744 639 1770 664 ρ.
1784 631 1835 657 443
1846 640 1921 666 sqq..
1947 631 1975 657 iu
1993 631 2112 659 Servest.
2130 630 2165 658 T.
2180 631 2227 660 111.

1332 675 1359 700 p.
1374 667 1432 692 421.
1457 671 1483 692 et
1501 666 1570 699 apud
1590 665 1715 692 Richard.
1741 666 1773 691 T.
1790 665 1834 691 ΙΙΙ.
1853 674 1878 699 p.
1894 665 1954 691 199.
1993 666 2069 691 idern
2089 667 2117 691 in
2136 666 2227 692 Tomo

1333 700 1551 762 1¹15t4grs0rdstit.
1567 699 1599 733 N,
1613 702 1637 728 4.
1656 715 1689 720 --
1726 700 1812 726 Mittit
1827 709 1887 726 eam
1896 699 1962 726 Met.
1978 700 2073 727 amicis
2086 700 2112 727 d.
2129 701 2153 727 8.
2161 700 2227 727 Oct.

1231 816 1360 849 Oratio
1390 813 1437 848 de
1468 814 1587 849 tribus
1611 812 1769 859 farinae
1802 816 1917 859 satis,
1950 812 2082 849 habita
2107 816 2148 849 in
2169 824 2230 849 re·

1258 868 1501 901 nunciatione
1534 865 1680 912 gradus
1712 867 1930 912 Magi-sterit*
1952 864 2203 911 philosophici

1463 927 1487 951 a
1519 915 1640 952 Phil.
1673 915 1995 951 Melanthone.

1231 988 1410 1028 Adfirmat
1434 990 1532 1026 Deus
1550 1003 1585 1025 se
1604 990 1799 1025 Ecclesiam
1817 1003 1916 1025 suam
1939 991 1988 1026 ita
2006 999 2229 1027 servaturum

1233 1055 1316 1083 esse,
1337 1049 1376 1076 ut
1394 1055 1473 1076 cum
1492 1043 1529 1076 in
1545 1042 1647 1076 vinea
1664 1055 1735 1075 non
1751 1042 1930 1076 uberrimo
1947 1049 2116 1087 tempore,
2140 1054 2230 1088 pau-

1232 1106 1291 1128 cae
1307 1101 1443 1127 tantum
1458 1105 1546 1126 uvae
1563 1100 1666 1127 natae
1689 1100 1788 1134 sunt,
1816 1093 1875 1126 sed
1893 1094 1980 1127 adeo
2004 1091 2173 1137 pulchrae
2195 1100 2231 1128 et

1233 1151 1349 1189 gratae
1369 1145 1495 1178 colono
1507 1171 1516 1183 ‚
1540 1151 1580 1178 ut
1598 1144 1786 1187 diligenter
1809 1155 1865 1177 eas
1882 1144 2078 1185 custodiat,
2108 1151 2141 1178 et
2157 1144 2231 1178 lae·

1233 1203 1290 1229 tus
1308 1193 1385 1228 Deo
1405 1207 1467 1238 pro
1488 1192 1542 1227 his
1559 1195 1767 1227 muneribus
1788 1195 1916 1238 gratias
1931 1201 2020 1238 agat.
2073 1193 2132 1229 Sic
2149 1206 2230 1229 cum

1234 1244 1402 1279 hactenus
1419 1252 1450 1278 et
1469 1244 1644 1278 Ecclesias
1660 1245 1696 1277 in
1713 1242 1768 1277 his
1784 1245 1986 1288 regionibus
2003 1251 2036 1279 et
2052 1242 2147 1279 hunc
2163 1257 2230 1279 no-

1235 1304 1347 1330 strum
1367 1293 1549 1329 hortulum
1565 1302 1699 1336 servet,
1727 1295 1881 1340 primum
1899 1306 1962 1328 vos
1983 1293 2166 1337 adhortor,
2190 1302 2231 1330 ut

1236 1354 1374 1390 pectora
1397 1354 1429 1381 et
1453 1346 1593 1390 linguae
1619 1353 1751 1380 vestrae
1769 1357 1904 1379 mecum
1924 1352 1957 1379 et
1980 1346 2109 1389 gratias
2127 1352 2231 1390 agant

1235 1398 1320 1437 Deo,
1343 1404 1374 1430 et
1394 1404 1522 1441 petant,
1549 1404 1587 1430 ut
1603 1397 1768 1440 deinceps
1786 1408 1850 1429 nos
1867 1403 1982 1431 servet
1998 1404 2030 1430 et
2045 1397 2232 1440 gubernet.

1235 1448 1315 1482 Non
1339 1448 1482 1481 foelices
1503 1454 1584 1481 sunt
1608 1445 1795 1481 hominum
1823 1453 1968 1480 conatus
1993 1447 2069 1481 sine
2097 1447 2230 1482 auxilio

1234 1498 1311 1534 Dei.
1366 1498 1435 1532 Sed
1455 1498 1605 1542 gemitus
1624 1505 1656 1532 ct
1673 1506 1752 1532 vota
1771 1498 1813 1531 ad
1832 1497 1943 1532 filium
1962 1496 2029 1531 Dei
2049 1499 2231 1532 custodem

1235 1549 1386 1594 agminis
1405 1549 1615 1583 discentium
1635 1549 1853 1591 adferamus,
1881 1555 1914 1582 et
1929 1549 2079 1584 sciamus
2101 1561 2139 1583 ea
2156 1560 2231 1583 non

1235 1612 1307 1634 esse
1334 1601 1445 1636 irrita.

1339 1667 1423 1700 Tibi
1448 1667 1556 1710 igitur
1577 1667 1802 1711 omnipotens
1825 1665 1942 1706 Deus,
1970 1673 2110 1701 aeterne
2133 1674 2232 1711 pater

1235 1718 1380 1760 Domini
1402 1718 1513 1751 nostri
1530 1717 1607 1751 lesu
1623 1716 1775 1758 Christi,
1802 1717 1966 1751 conditor
1991 1718 2081 1751 coeli
2107 1725 2139 1752 et
2159 1725 2231 1752 ter-

1235 1782 1312 1808 rae,
1340 1781 1410 1802 una
1436 1781 1514 1801 cum
1537 1768 1610 1801 filio
1636 1776 1695 1802 tuo
1719 1775 1903 1801 coaeterno
1929 1767 2085 1802 Domino
2108 1776 2230 1803 nostro

1237 1820 1315 1853 lesu
1330 1817 1471 1854 Christo
1487 1826 1520 1852 et
1535 1818 1672 1863 Spiritu
1690 1825 1810 1852 sancto
1836 1826 1917 1859 tuo,
1942 1819 2100 1863 sapiens,
2125 1819 2231 1863 bone,

1236 1883 1361 1911 verax,
1395 1870 1503 1910 iuste,
1537 1876 1646 1910 caste,
1680 1869 1900 1908 misericors,
1935 1869 2065 1912 gratias
2084 1869 2232 1913 agimus,

1237 1923 1332 1967 qnod
1353 1919 1522 1954 hactenus
1539 1932 1604 1953 nos
1619 1919 1778 1961 servasti,
1802 1932 1866 1953 nec
1880 1931 1960 1954 casu
1980 1932 2044 1954 nos
2061 1921 2232 1965 supersti-

1237 1981 1286 2006 tes
1311 1984 1383 2005 csse
1410 1971 1596 2005 sentimus:
1624 1972 1683 2005 sed
1711 1978 1792 2005 tuae
1814 1970 2075 2005 misericordiae
2100 1971 2230 2005 tribui·

1236 2035 1331 2061 mus,
1359 2023 1452 2067 quod
1479 2034 1552 2055 non
1577 2022 1686 2055 deleri
1714 2034 1777 2055 nos
1803 2021 1915 2055 sontes
1938 2022 2087 2066 pateris,
2115 2023 2231 2067 quod-

1236 2087 1303 2119 que
1321 2073 1530 2106 discentium
1548 2080 1667 2106 coetus
1683 2073 1820 2118 aliquos
1835 2072 1998 2116 protegis.
2032 2072 2084 2106 Ac
2101 2074 2232 2106 arden-

1237 2125 1331 2158 tibus
1362 2124 1452 2156 votis
1484 2130 1516 2156 te
1543 2131 1687 2167 propter
1716 2123 1826 2157 filium
1850 2121 2043 2157 Dominum
2069 2131 2229 2158 nostrum

1239 2175 1352 2208 lesum
1376 2172 1557 2209 (Iliristum
1588 2175 1790 2208 crucifixum
1819 2179 1853 2207 et
1880 2175 2122 2209 resuscitatum
2149 2187 2226 2208 ora·

1237 2239 1330 2266 mus,
1363 2233 1402 2260 ut
1423 2226 1587 2269 deinceps
1619 2237 1683 2259 nos
1712 2236 1846 2265 serves,
1880 2232 1912 2258 ct
1935 2232 2068 2259 mentes
2093 2232 2230 2260 nostras

1236 2278 1425 2319 gubernes,
1454 2284 1490 2309 ut
1515 2276 1629 2309 studia
1653 2283 1685 2309 et
1707 2275 1825 2309 omnia
1849 2275 1994 2309 consilia
2014 2276 2230 2310 sintsaluta-

1237 2329 1286 2362 ria
1306 2328 1408 2361 nobis
1423 2335 1454 2361 et
1474 2327 1570 2365 aliis.
1599 2335 1630 2360 et
1650 2334 1687 2360 ut
1706 2339 1785 2359 iere
1803 2326 1912 2360 simus
1928 2338 2007 2360 vasa
2029 2327 2228 2361 miscricor-

1237 2380 1333 2417 diac,
1361 2386 1393 2412 et
1412 2385 1445 2412 te
1464 2391 1541 2411 vera
1561 2377 1776 2420 gratitudine
1795 2377 2023 2413 celebremus.

1339 2444 1431 2478 llaec
1444 2452 1524 2478 vota
1541 2445 1576 2476 in
1595 2442 1650 2477 his
1666 2445 1909 2488 congressibus
1925 2456 2026 2489 saepe
2040 2445 2228 2489 repetenda

1236 2504 1332 2530 sunt:
1363 2508 1434 2529 non
1452 2496 1545 2528 euim
1564 2496 1802 2529 existimemus
1819 2507 1878 2529 eos
1893 2494 2076 2539 prophana
2094 2502 2228 2539 specta-

1236 2549 1312 2580 cula
1337 2559 1426 2584 esse,
1454 2548 1511 2579 sed
1531 2546 1738 2590 disciplinae
1760 2558 1860 2579 causa
1888 2546 2038 2580 instituti
2063 2553 2166 2583 sunt,
2193 2553 2227 2581 et

1236 2606 1273 2632 ut
1291 2599 1325 2631 in
1345 2597 1520 2636 Ecclesia.
1547 2598 1593 2631 ita
1613 2597 1648 2630 in
1668 2595 1730 2631 hac
1747 2597 1942 2642 frequentia
1960 2596 2031 2630 sint
2047 2596 2227 2641 praecipui

1235 2657 1351 2689 actus,
1386 2648 1580 2685 invocatio.
1608 2655 1640 2682 ct
1665 2647 1953 2682 eommonesactio
1978 2649 2022 2681 de
2045 2647 2227 2682 doctrinae

1234 2701 1378 2742 studiis,
1406 2706 1438 2735 et
1456 2701 1500 2733 de
1518 2699 1717 2744 disciplina·
