2338 2958
209 142 280 176 611

212 238 275 271 pro
292 236 410 269 graeca
428 234 511 256 voce
528 217 722 263 σιψέδριον
737 224 964 262 usurparunt.
1017 216 1086 251 Sed
1110 229 1197 262 qua-

211 277 394 320 liscunque
419 278 555 306 senatus
578 271 637 302 ille
661 269 747 309 suit,
773 266 967 312 Prophetas
981 274 1116 301 constat
1133 265 1197 300 ha-

212 327 328 360 huisse
354 324 490 357 assidua
511 320 712 354 auditorum
737 319 888 362 agmina.
940 317 1046 351 Hunc
1063 329 1198 351 morem

214 388 316 421 quem
345 374 506 405 viderant
533 369 694 414 Apostoli
727 377 901 403 servatum
931 381 949 402 a
976 368 1131 412 Baptista
1165 375 1199 402 et

214 439 231 460 a
245 424 405 462 Christo,
439 422 661 455 retinuerunt
685 426 718 453 et
739 420 825 464 ipsi,
854 419 1022 452 Ioannem
1044 418 1199 463 Aposto-

214 477 286 508 lum
315 470 446 516 Ephesi
474 471 684 504 domesticos
718 471 914 510 auditores,
950 469 1011 514 qui
1040 480 1074 502 se
1109 475 1199 503 totos

215 524 392 558 doctrinae
419 522 646 559 dediderant,
679 518 843 553 habuisse
860 527 991 554 certum
1013 526 1081 560 est,
1108 520 1200 553 inter

215 586 303 619 quos
327 580 360 607 et
382 572 598 618 Poly-carpus
619 571 707 611 fnit,
739 570 800 615 qui
832 577 949 614 postea
983 570 1020 602 in
1045 568 1200 602 Ecclesia

215 625 386 669 Smyrnea
419 623 556 656 circiter
585 620 840 666 quinquaginta
865 632 976 653 annos
1004 619 1200 653 doctrinam

216 687 235 708 a
261 674 392 707 Ioanne
415 674 579 707 traditam
609 671 780 705 foeliciter
804 670 1021 714 propagavit.
1087 669 1202 702 Huius

215 724 358 758 auditor
381 722 523 756 lreneus
551 721 730 755 doctrinae
757 722 853 753 rivos
878 721 916 752 in
941 719 1143 753 Pannonias
1171 725 1204 752 et

219 774 373 808 Galliam
390 773 545 807 deduxit.
598 771 650 805 Ac
674 771 758 804 tales
774 770 880 803 fnisse
899 767 1035 803 scholas
1052 775 1204 814 apparet,

218 825 421 869 ubicunque
444 821 620 856 Ecclesiae
644 821 898 865 frequentiores
919 821 1080 858 fuerunt,
1116 820 1205 853 cele-

219 875 438 909 bratissimae
460 884 543 905 vero
574 872 734 911 fuerunt,
768 868 1010 911 Antiochena,
1050 869 1205 904 Alexan-

220 925 323 959 drina
345 922 594 959 Caesariensis,
630 921 667 953 in
692 932 760 966 qua
777 921 950 964 Origenes
971 921 1108 959 docuit,
1133 920 1206 965 By-

220 975 378 1015 zantina,
413 973 449 1005 in
480 984 547 1018 qua
578 971 749 1004 Basilium
780 971 939 1004 docuisse
965 970 1207 1005 Nazianzenus

221 1025 352 1060 scribit.
405 1022 477 1056 Nec
495 1023 591 1056 aliud
608 1022 713 1056 fuisse
729 1021 831 1054 initio
847 1021 992 1065 collegia
1008 1020 1207 1055 Canonico-

221 1087 301 1109 rum
327 1080 461 1108 certum
486 1079 554 1113 est,
580 1084 686 1117 quam
713 1072 914 1105 docentium
940 1077 973 1105 et
997 1072 1207 1106 discentium

223 1132 350 1160 coetus.
403 1122 569 1157 Arbitror
594 1129 626 1156 et
649 1122 686 1155 in
711 1122 783 1165 ipsa
803 1120 994 1155 Germania
1013 1128 1093 1155 ante
1114 1121 1208 1155 Atti-

223 1177 292 1209 lam
316 1174 421 1208 fuisse
442 1174 623 1206 adiunctas
649 1170 786 1205 scholas
814 1170 979 1206 Ecclesiis
1004 1173 1207 1206 mediocres.

222 1225 310 1260 Nam
328 1224 470 1257 Ireneus
487 1230 521 1256 et
538 1219 761 1266 Epiphanius
777 1221 884 1255 citant
901 1222 1100 1255 testimonia
1117 1221 1209 1254 Ger-

223 1275 440 1310 manicarum
463 1271 715 1306 Ecclesiarum:
750 1283 817 1316 qua
842 1283 881 1304 ex
899 1283 937 1304 re
953 1272 1114 1315 adparet,
1140 1271 1208 1304 cito

222 1331 450 1371 propagatum
475 1334 546 1355 esse
568 1320 799 1365 Evangelium
832 1321 868 1354 in
893 1320 1141 1362 Germaniam,
1176 1327 1210 1354 et

223 1376 340 1420 aliqua
357 1375 537 1408 literarum
549 1372 663 1406 studia
680 1373 717 1404 in
733 1369 798 1405 hac
814 1372 957 1405 natione
973 1372 1090 1405 fuisse.
1142 1370 1210 1404 Le-

224 1426 336 1469 gimus
348 1425 452 1458 etiam
462 1423 609 1457 Lucium
619 1421 850 1468 Cyrenaeum,
865 1421 967 1455 Pauli
983 1421 1208 1466 discipulum,

224 1476 376 1521 primum
406 1474 565 1507 docuisse
592 1471 824 1516 Evangelium
859 1473 901 1505 ad
932 1471 1137 1505 Danubium
1173 1471 1209 1504 in

224 1525 382 1569 Augusta
413 1524 603 1562 Tiberina,
643 1535 731 1568 quae
761 1535 854 1556 nunc
888 1530 938 1556 est
963 1521 1209 1565 Regensburg:

225 1588 334 1621 eaque
358 1576 395 1608 in
420 1575 496 1607 loca
514 1573 650 1607 venisse
671 1585 750 1606 eum
767 1585 846 1606 cum
860 1572 1035 1607 Romanis
1052 1572 1211 1605 exerciti-

225 1628 308 1667 bus,
341 1626 401 1670 qui
433 1622 580 1658 Rhetias
615 1623 801 1662 tenebant,
843 1629 1117 1656 consentaneum
1150 1628 1210 1655 est.

226 1676 347 1711 llluxit
382 1673 615 1716 Evangelium
650 1671 941 1715 Argentoratensi
976 1672 1128 1716 populo,
1179 1679 1210 1704 et

226 1726 442 1770 Agrippinae
476 1723 665 1763 Coloniae,
712 1724 853 1756 doctore
889 1722 1073 1760 Materno,
1116 1721 1209 1754 Petri

226 1776 410 1820 discipulo.
470 1771 706 1818 Trophimum
729 1772 863 1806 Arelati
886 1773 1010 1813 fuisse,
1038 1771 1212 1805 Eusebius

227 1833 389 1861 testatur:
417 1823 581 1859 Clemens
597 1822 773 1856 Metenses
788 1823 830 1855 ad
846 1819 977 1856 Christi
995 1822 1212 1865 agnitionem

227 1877 374 1911 vocavit.
433 1873 654 1909 Crescentem
685 1873 784 1906 aiunt
817 1872 952 1906 venisse
976 1871 1213 1915 Moguntiam,

228 1927 407 1966 Marcum,
433 1925 534 1958 Pauli
559 1923 789 1968 discipulum,
823 1923 968 1968 antiqua
985 1929 1213 1956 monumenta

227 1976 403 2012 Ecclesiae
415 1974 651 2008 passaviensis
667 1974 707 2006 ad
719 1973 925 2007 Danubium
943 1980 1114 2006 testantur
1128 1984 1214 2005 con—

229 2029 404 2061 cionatum
419 2037 490 2059 esse
502 2052 510 2063 ,
538 2025 574 2057 in
593 2025 679 2057 urbe
695 2022 880 2057 Iuliobona
893 2016 915 2063 ,⁶
930 2035 1018 2068 quae
1033 2024 1131 2056 sedes
1148 2022 1213 2055 fuit

228 2077 393 2122 Episcopi
419 2077 453 2109 in
478 2075 629 2118 Norico,
659 2081 740 2107 ante
767 2074 952 2115 collegium
978 2072 1211 2106 passaviense.

230 2128 300 2161 'l'ot
318 2126 433 2170 magni
450 2133 480 2158 et
499 2125 671 2169 sapientes
694 2124 761 2157 viri
782 2136 860 2157 cum
883 2124 918 2156 in
936 2123 1164 2157 Germaniam
1182 2130 1212 2155 et

231 2178 383 2211 Galliam
399 2176 579 2216 venerint,
607 2174 700 2208 haud
719 2174 825 2207 dubie
839 2174 1061 2217 praecipuam
1078 2173 1213 2207 studio-

231 2241 307 2261 rum
325 2239 444 2261 curam
471 2224 688 2265 habuerunt,
724 2231 759 2257 ut
779 2226 820 2257 ad
847 2231 1001 2267 posteros
1021 2236 1081 2267 per
1099 2221 1213 2256 homi-

233 2290 290 2311 nes
321 2285 410 2311 recte
436 2277 629 2316 institutos,
662 2282 694 2308 et
711 2275 823 2308 solide
843 2276 964 2308 doctos
982 2273 1212 2317 Evangelium

231 2335 488 2372 propagaretur.
542 2325 616 2360 Etsi
635 2333 747 2359 autem
766 2332 881 2369 postea
902 2325 1119 2368 temporibus
1135 2325 1213 2356 har-

231 2379 356 2411 }»arisis
381 2391 457 2411 cum
486 2376 696 2418 vandalica,
726 2375 908 2413 Hunnica,
938 2374 1102 2408 Francica
1122 2375 1212 2408 bella

231 2441 370 2469 magnas
394 2429 568 2461 vastitates
586 2427 764 2467 fecissent,
797 2433 910 2459 vetera
929 2426 1075 2466 collegia
1095 2437 1210 2458 eversa

230 2486 325 2512 sunt:
375 2487 488 2512 tamen
525 2479 786 2522 qualescunque
819 2477 986 2522 reliquiae
1017 2474 1211 2511 Ecclesiae,

231 2541 318 2574 quac
353 2535 574 2571 snperoeant,
615 2540 730 2561 carcre
768 2527 875 2561 literis
908 2539 977 2559 non
1015 2533 1211 2570 potuerunt.

230 2579 366 2614 Rursus
393 2579 497 2621 igitur
514 2579 655 2619 collegia
674 2578 932 2611 (Ian-micorum
954 2584 985 2609 et
1004 2577 1210 2610 monasteria

230 2631 368 2663 condita
385 2637 484 2666 sunt,
509 2636 540 2661 et
557 2641 634 2661 cnm
653 2630 686 2661 in
699 2629 853 2669 collegiis
863 2628 1122 2661 Canonicornin
1139 2634 1210 2659 stu—

229 2681 284 2713 ‹lia
303 2681 579 2721 negligerentur.
607 2681 698 2723 qnod
725 2687 834 2713 esst-nt
861 2679 1017 2722 occupati
1039 2689 1157 2721 regum
1179 2684 1209 2710 et

622 132 780 170 DECL.
833 129 906 167 DE
940 129 1402 167 CONIUNCTIONE
1436 129 1816 170 SCHOLARUM.

2156 137 2231 172 612

1247 216 1407 250 aularum
1429 215 1598 258 negotiis,
1631 227 1760 250 munus
1786 218 1936 252 docendi
1960 218 1997 252 in
2023 219 2234 254 monasteria

1249 266 1458 300 translatum
1484 272 1544 299 est.
1602 265 1698 299 Haec
1720 279 1799 300 cum
1825 276 2055 303 onerarentur
2080 281 2234 303 ceremo-

1248 317 1334 357 niis,
1366 328 1439 349 non
1462 322 1654 359 potuerunt
1678 316 1783 350 simul
1808 318 1956 352 docendi
1978 320 2134 353 laborem
2157 331 2236 353 mo-

1249 367 1374 400 lestum
1392 373 1426 399 et
1442 366 1621 400 difficilem
1637 367 1821 402 sustinere.
1862 365 2012 403 Exortae
2029 370 2138 413 igitur
2154 377 2235 404 sunt

1250 415 1478 457 Academiae,
1513 416 1550 449 in
1576 416 1704 461 quibus
1725 417 1840 450 studia
1858 417 2039 453 literarum
2056 427 2236 464 utcunque

1250 467 1416 507 excitata,
1449 467 1510 499 sed
1540 466 1747 511 disciplinae
1782 467 1922 501 vincula
1949 469 2098 503 nimium
2123 471 2236 503 laxata

1250 524 1343 550 sunt.
1394 514 1447 550 Ex
1462 514 1529 550 hac
1545 514 1710 551 historica
1729 519 2063 552 commemoratione
2082 519 2163 554 satis
2181 520 2236 552 in-

1251 567 1361 610 telligi
1385 573 1515 611 potest,
1548 574 1581 601 et
1602 567 1709 601 fuisse
1733 579 1870 612 semper
1893 569 2076 602 adiunctas
2102 568 2237 603 scholas

1251 616 1434 658 Ecclesiis‚
1461 624 1494 651 et
1509 617 1644 651 amissis
1662 618 1771 651 literis
1792 618 1905 652 lucem
1924 617 2108 662 Evangelii
2124 620 2239 653 extin—

1253 668 1323 711 gui.
1375 667 1453 701 Hoc
1473 679 1551 701 cum
1575 668 1623 701 ita
1651 668 1712 709 sit,
1744 669 1897 712 profecto
1921 669 2095 713 sapientes
2111 670 2239 713 guber-

1254 725 1409 759 natores,
1444 725 1484 752 ut
1513 716 1704 759 Ecclesias,
1746 719 1793 752 ita
1824 718 2030 753 Academias
2062 731 2144 752 cura
2177 731 2238 753 sua

1255 768 1439 811 complecti
1455 769 1564 804 decet.
1615 767 1800 803 Summum
1824 766 1916 802 haud
1940 770 2046 803 dubie
2065 770 2240 813 guberna—

1255 818 1342 852 toris
1362 818 1516 851 officium
1533 825 1601 859 est,
1634 817 1700 851 Dei
1719 820 1884 853 noticiam
1901 820 1992 853 inter
2008 818 2169 854 homines
2184 831 2241 852 re-

1256 868 1380 904 tinere.
1439 867 1534 901 Huic
1561 879 1687 912 magno
1711 870 1849 903 muneri
1871 877 2011 904 nostrae
2029 871 2150 904 literae
2167 881 2241 903 ser-

1257 919 1369 954 viunt.
1419 917 1528 952 Curet
1545 917 1654 961 igitur
1668 919 1897 962 gubernator,
1924 928 1963 954 ut
1981 921 2132 954 floreant
2147 919 2242 954 Aca-

1257 969 1392 1001 demiae
1424 968 1516 1001 veris
1551 970 1786 1008 ornamentis,
1827 970 2036 1013 ingeniosis,
2077 969 2241 1008 eruditis,

1257 1020 1387 1052 virtute
1409 1025 1442 1052 et
1462 1019 1649 1062 prudentia
1673 1020 1839 1063 praeditis
1865 1021 2089 1059 doctoribus,
2124 1021 2184 1065 qui
2208 1026 2242 1053 et

1258 1069 1456 1112 intelligant
1471 1069 1644 1103 rationem
1660 1070 1801 1103 dicendi
1817 1070 1938 1104 utilem
1949 1097 1958 1110 ,
1981 1077 2015 1104 et
2024 1070 2174 1104 fideliter
2188 1070 2243 1103 of-

1257 1120 1375 1152 ficium
1397 1119 1539 1155 faciant.
1599 1118 1674 1152 Hos
1697 1120 1865 1153 adiuvent
1888 1120 2065 1165 principes
2080 1120 2118 1153 in
2136 1119 2244 1153 disci-

1258 1170 1355 1214 plina
1378 1170 1520 1203 tuenda.
1578 1169 1668 1202 Nam
1699 1170 1774 1203 sine
1803 1171 2025 1215 superiorum
2057 1170 2245 1204 autoritate

1259 1219 1445 1262 disciplina
1462 1219 1607 1252 retineri
1623 1231 1696 1253 non
1710 1227 1834 1264 potest.
1884 1219 2024 1255 Dentur
2038 1221 2141 1254 etiam
2157 1221 2244 1254 fide-

1259 1269 1352 1302 libus
1376 1269 1579 1303 doctoribus
1596 1271 1770 1303 mercedes
1791 1268 1968 1304 honestae.
2017 1270 2107 1304 Nam
2133 1270 2244 1303 nimia

1259 1319 1439 1363 opulentia
1457 1331 1500 1352 ne
1517 1319 1660 1364 quidem
1677 1321 1830 1364 optanda
1846 1327 1910 1354 est:
1939 1320 2020 1365 quia
2034 1332 2116 1353 cura
2136 1331 2244 1365 opum

1260 1376 1294 1403 et
1326 1369 1473 1413 impedit
1508 1370 1689 1403 literarum
1722 1371 1855 1410 studia,
1900 1377 1933 1403 et
1966 1371 2002 1402 in
2029 1370 2155 1403 ociosis
2182 1370 2245 1404 alit

1259 1420 1392 1453 luxum.
1445 1418 1690 1453 Mediocritate
1708 1427 1823 1453 tamen
1841 1432 1929 1464 opus
1945 1427 2013 1454 est:
2037 1428 2068 1454 et
2083 1420 2165 1465 quia
2180 1421 2246 1454 do-

1260 1477 1371 1503 ctores
1400 1481 1522 1502 vacare
1556 1467 1638 1502 huic
1663 1481 1726 1503 suo
1750 1471 1889 1503 muneri
1920 1482 1993 1503 non
2019 1477 2185 1515 possunt,
2217 1471 2246 1504 si

1260 1520 1390 1553 victum
1416 1519 1485 1553 sibi
1508 1526 1541 1553 et
1563 1519 1707 1553 familiis
1723 1520 1867 1554 aliunde
1884 1532 2050 1565 quaerere
2066 1527 2246 1564 cogantur,

1261 1577 1294 1603 et
1324 1569 1406 1614 quia
1429 1581 1601 1614 pauperes
1623 1570 1789 1614 discipuli
1819 1569 2036 1615 provehendi
2068 1578 2169 1612 sunt,
2201 1582 2247 1604 ne

1260 1620 1376 1653 desint
1397 1618 1562 1653 Ecclesiis
1587 1626 1751 1663 pastores.
1801 1620 1914 1654 Valde
1940 1621 2034 1654 enim
2049 1627 2167 1654 errant
2179 1620 2246 1661 illi,

1261 1669 1321 1714 qui
1339 1676 1494 1713 pastores
1516 1681 1554 1702 ex
1574 1670 1732 1714 quolibet
1757 1670 1853 1713 ligno
1872 1671 1999 1714 sculpi,
2027 1678 2059 1704 et
2075 1672 2150 1704 sine
2165 1671 2246 1704 lite-

1261 1720 1326 1759 ris,
1359 1720 1434 1753 sine
1464 1720 1566 1762 longa
1597 1719 1818 1753 institutione
1842 1721 2022 1764 religionis
2047 1721 2246 1754 doctrinam

1261 1770 1378 1803 subito
1410 1769 1541 1813 percipi
1574 1781 1674 1813 posse
1701 1771 1890 1805 somniant.
1949 1770 2106 1804 Primum
2136 1782 2245 1814 genus

1262 1820 1434 1853 sermonis
1466 1816 1660 1863 prophetici
1693 1827 1726 1853 et
1755 1821 1935 1865 apostolici
1967 1822 2247 1864 cognoscendum

1263 1877 1323 1903 est.
1374 1868 1568 1903 Discendae
1586 1877 1667 1903 sunt
1684 1870 1942 1914 igiturlinguae
1957 1878 2108 1912 veteres,
2131 1878 2162 1905 et
2175 1877 2248 1905 tota

1263 1920 1352 1954 ratio
1376 1920 1581 1953 formandae
1602 1921 1774 1954 orationis
1794 1923 2032 1964 cognoscenda
2049 1928 2114 1955 est:
2140 1933 2247 1967 quam

1263 1972 1304 2003 ad
1321 1982 1394 2003 rem
1411 1970 1514 2003 bonis
1535 1970 1736 2005 doctoribus
1760 1978 1916 2005 veterum
1936 1979 2247 2006 monumentorum

1264 2021 1430 2059 lectione,
1463 2021 1610 2054 literatis
1631 2021 1820 2058 exercitiis.
1853 2022 2006 2066 denique
2030 2022 2132 2055 etiam
2159 2029 2247 2055 tem·

1264 2082 1347 2113 porc
1365 2082 1452 2114 opus
1469 2078 1529 2104 est.
1583 2071 1705 2105 Postea
1723 2072 1835 2105 maior
1852 2072 1951 2105 labor
1965 2072 2129 2106 succedit.
2173 2071 2248 2105 Ha-

1264 2122 1319 2154 bet
1340 2119 1493 2154 Ecclesia
1520 2133 1617 2154 suam
1636 2123 1811 2167 quandam
1834 2122 2039 2165 sapientiam
2057 2134 2161 2166 supra
2180 2119 2249 2156 hu-

1263 2183 1365 2204 mana
1393 2171 1518 2204 iudicia
1544 2172 1702 2215 positam.
1754 2171 1867 2205 Habet
1894 2169 2028 2206 hostem
2055 2173 2248 2213 diabolum,

1264 2223 1322 2265 qui
1342 2222 1491 2254 obruere
1510 2223 1689 2256 veritatem
1701 2229 1864 2255 conatur:
1894 2231 1924 2257 et
1943 2223 2052 2256 multa
2069 2230 2149 2256 sunt
2167 2235 2248 2266 pra-

1263 2284 1303 2304 va
1329 2272 1488 2313 ingenia,
1524 2284 1611 2317 qnae
1640 2272 1693 2305 vel
1719 2273 1929 2316 petulantia,
1964 2273 2017 2306 vel
2043 2273 2249 2314 ambitione,

1263 2323 1316 2354 vel
1334 2321 1552 2367 (μλοιέικείᾳ
1565 2333 1661 2355 veras
1677 2323 1864 2356 sententias
1880 2330 2123 2367 corrumpunt.
2156 2323 2248 2357 Fue-

1264 2380 1345 2406 runt
1370 2373 1476 2415 igitur
1491 2373 1655 2406 omnibus
1677 2374 1850 2406 aetatibus
1867 2374 2056 2407 acerrimae
2073 2374 2108 2406 in
2127 2371 2247 2406 Eccle-

1263 2424 1312 2456 sia
1337 2423 1588 2457 contentiones.
1651 2422 1753 2467 Opus
1779 2431 1826 2457 cst
1844 2431 1960 2457 autem
1985 2424 2026 2456 ad
2046 2423 2246 2467 explicatio-

1263 2486 1341 2505 nem
1358 2474 1674 2507 controversiarum
1693 2474 1941 2513 maximarum,
1968 2486 2038 2506 non
2061 2474 2174 2506 solum
2191 2473 2246 2506 in-

1262 2525 1354 2566 genii
1377 2524 1582 2558 dexteritate
1609 2531 1638 2557 ct
1664 2525 1831 2557 mediocri
1852 2524 2052 2566 cognitione
2067 2535 2245 2557 sacrorum

1263 2576 1455 2612 librorum,
1490 2575 1548 2606 scd
1572 2575 1674 2607 etiarn
1702 2575 1904 2618 disputandi
1930 2581 2020 2609 arte.
2049 2574 2147 2617 cripia
2165 2585 2245 2607 ora-

1262 2626 1386 2662 tionis,
1413 2624 1541 2657 noticia
1563 2622 1748 2663 historiae,
1776 2625 2004 2669 antiquitatis.
2033 2631 2062 2657 et
2090 2632 2243 2658 veterum

1263 2676 1484 2708 iudiciorum.
1539 2674 1589 2708 Ac
1614 2683 1726 2709 tantas
1743 2687 1795 2707 res
1819 2675 1879 2706 din
1898 2676 2118 2720 inultumque
2136 2675 2243 2717 agita-
