2338 2958
191 141 266 179 515

197 226 391 261 audivistis.
442 221 491 258 Et
503 222 677 267 profecto,
703 227 743 255 ut
759 220 998 265 exemplorum
1014 219 1052 252 in
1069 219 1183 253 omni-

197 279 262 312 bus
284 277 415 310 artibus
435 285 559 317 magna
584 271 637 304 vis
656 278 725 310 est,
752 272 799 305 ita
817 271 1092 304 clarissimorum
1117 269 1190 303 Im-

200 335 398 373 peratorum
415 332 447 358 et
464 323 602 366 Regum
621 319 788 356 historiae
809 322 1001 366 plurimum
1020 320 1190 354 momenti

201 379 352 412 afferunt
378 376 422 408 ad
452 386 568 407 veram
592 373 732 406 virtutis
756 373 1005 415 cognitionem.
1070 371 1191 404 Bonae

203 429 294 462 enim
320 434 466 460 naturae
489 423 718 467 cogitatione,
749 430 783 457 et
799 423 1034 456 admiratione
1052 422 1192 456 virtutis

204 480 240 512 in
258 477 342 510 viris
371 475 629 520 praestantibus
655 474 804 508 maxime
831 474 1068 507 exuscitantur
1087 479 1120 506 et
1137 473 1192 505 in-

204 529 414 562 cenduntur.
900 561 909 570 ⁸

306 577 374 611 Sed
392 577 434 610 de
449 574 583 610 Ottone
599 575 711 608 dicam
723 602 732 616 ‚
759 576 802 608 ad
820 574 919 608 cuius
933 572 1117 607 historiam
1140 584 1196 606 re-

205 629 379 663 citandam
412 639 490 661 cum
518 626 664 671 reliquis
688 626 800 659 causis
825 623 909 658 haec
931 636 1071 669 quoque
1104 623 1195 656 ratio

206 692 260 713 me
293 678 457 719 deduxit,
498 678 592 721 quod
625 682 743 720 putem
778 673 847 708 hoc
874 675 1015 719 pietatis
1041 673 1195 706 officium

206 736 348 774 propter
378 739 599 761 communem
631 725 780 769 patriam
808 725 917 768 magis
947 725 1196 769 praestandum

206 778 296 813 mihi
314 791 385 812 esse
399 777 526 812 Ottoni
546 776 771 820 lmperatori,
798 788 902 821 quam
919 776 962 808 de
978 787 1019 808 eo
1035 787 1053 808 a
1070 786 1124 807 me
1141 772 1198 807 bic

207 829 331 864 baberi
363 829 577 868 orationem,
613 827 669 860 cui
695 838 751 859 me
780 826 976 860 communis
1000 825 1097 858 natio
1125 836 1198 857 non

206 889 277 915 tam
302 880 382 913 fecit
407 878 633 917 obstrictum,
667 889 772 922 quam
789 874 918 911 Ottoni
937 875 1081 910 Saxoni.
1134 873 1200 908 Est

208 932 300 965 enim
318 930 534 973 ingratitudo
551 928 722 974 quaedam
734 955 743 969 ‚
760 928 870 971 magis
885 925 1048 960 homines
1065 925 1198 958 moveri

209 981 360 1016 externis
381 980 506 1020 bonis,
534 990 638 1024 quam
661 978 827 1022 propriis.
887 977 1007 1020 Quare
1025 977 1200 1020 eleganter

209 1031 494 1070 dixitLucianus,
521 1041 601 1062 cum
613 1028 677 1062 ait:
706 1027 767 1062 καὶ
785 1026 805 1062 ὁ
819 1030 883 1072 τῆς
900 1025 1078 1074 πατρίδος
1096 1025 1200 1072 αὐτῷ

209 1079 348 1120 καπνὸς
378 1076 629 1126 λαμπρότερος
659 1071 866 1125 ὀῷθήσεται
891 1080 945 1124 τῷ
970 1077 1054 1124 παρ’
1080 1076 1201 1115 ἄλλοις

210 1130 346 1179 πόροις.
400 1130 478 1165 Hoc
495 1137 565 1171 est,
592 1130 725 1174 patriae
741 1130 858 1163 sumus
875 1130 948 1172 igni
966 1130 1082 1162 alieno
1099 1128 1200 1161 lucu-

209 1185 339 1217 lentior
365 1194 437 1216 esse
461 1181 610 1216 videtur.
669 1178 748 1213 Etsi
771 1187 885 1213 autem
906 1178 1200 1223 praeclarissimas

209 1246 264 1268 res
288 1233 475 1277 gesserint,
510 1239 542 1265 et
565 1231 690 1264 caeteri
707 1228 938 1272 Imperatores
955 1229 1139 1268 Saxonici,
1161 1235 1202 1261 ut

209 1292 307 1329 pater
334 1282 479 1317 Ottonis
509 1281 613 1324 primi
648 1279 844 1318 Henricus,
878 1285 910 1313 et
943 1279 1003 1323 qui
1028 1276 1200 1312 Ottonem

209 1335 363 1379 primum
380 1332 517 1376 sequuti
534 1338 614 1364 sunt
625 1329 799 1370 Saxones,
826 1336 962 1369 tamen,
988 1329 1048 1374 qui
1067 1328 1200 1373 accipio

210 1383 315 1418 huius
341 1381 488 1417 Ottonis
521 1382 613 1414 inter
648 1380 840 1414 Saxonicos
871 1378 1035 1413 Caesares
1059 1379 1201 1413 virtutis

210 1435 414 1480 opinionem
433 1445 505 1466 esse
521 1431 733 1475 singularem
747 1455 754 1468 ‚
782 1430 976 1464 existimavi
994 1441 1093 1474 posse
1111 1442 1128 1463 a
1145 1442 1201 1462 me

210 1498 283 1520 non
315 1485 389 1519 sine
425 1495 525 1517 causa
558 1482 701 1516 caeteris
730 1480 1006 1525 lmperatoribus
1035 1478 1199 1514 anteferri

210 1536 381 1572 Ottonem
405 1535 577 1579 primum,
610 1533 710 1566 cuius
733 1532 910 1576 praeclara
938 1532 1047 1572 facta,
1082 1540 1121 1564 ut
1139 1542 1202 1563 ue-

210 1599 387 1633 quaquam
417 1590 584 1629 poterunt
613 1595 632 1616 a
656 1594 712 1615 me
741 1580 798 1615 hic
827 1582 947 1615 omnia
973 1581 1119 1625 exponi,
1155 1581 1200 1613 ita

211 1640 315 1681 digna
342 1637 485 1681 quidem
508 1639 642 1672 essent,
668 1640 707 1666 ut
730 1644 749 1665 a
771 1632 857 1666 viris
873 1632 1053 1673 doctrina,
1082 1639 1115 1666 et
1136 1642 1201 1665 usu

211 1688 350 1723 dicendi
369 1685 627 1731 praestantibus
638 1683 735 1717 omni
751 1683 921 1716 orationis
932 1683 1059 1726 gratia,
1088 1689 1203 1727 atque,

212 1751 279 1785 qua
296 1743 457 1782 possent,
486 1735 623 1768 Venere
640 1739 864 1780 ornarentur.

314 1787 492 1830 Quoniam
525 1785 554 1818 si
577 1791 734 1818 veterum
762 1783 941 1817 Saxonum
972 1783 1060 1815 sacta
1092 1782 1203 1816 literis

214 1846 325 1873 essent
357 1838 548 1875 illustrata,
582 1842 621 1869 ut
647 1833 894 1868 Romanorum
925 1838 958 1866 et
985 1832 1202 1866 Graecorum

216 1901 269 1923 res
287 1895 399 1932 gestae
415 1888 459 1920 ab
477 1884 621 1920 historia
642 1885 760 1918 lumen
784 1891 1011 1928 acceperunt,
1039 1896 1112 1916 non
1132 1883 1204 1916 exi-

214 1941 317 1975 stimo
354 1938 590 1972 dubitandum
621 1947 709 1976 esse,
750 1935 837 1979 quin
875 1942 1007 1968 veteres
1037 1934 1204 1975 Saxones,

213 2002 364 2036 quorum
389 2000 495 2033 opera
513 1986 668 2022 Romani
690 1998 790 2029 saepe
808 1985 1010 2029 gravissima
1027 1985 1119 2018 bella
1141 1986 1205 2018 ad-

215 2052 335 2075 versus
355 2040 565 2078 Saracenos,
594 2036 774 2080 Ungar05‚
801 2036 959 2080 aliosque
978 2041 1114 2068 exteros
1130 2046 1206 2067 sus-

217 2099 312 2136 cepta
339 2091 413 2124 sine
438 2090 556 2122 labore
581 2095 612 2122 et
637 2087 794 2132 periculo
817 2087 1061 2126 confecerunt,
1093 2083 1205 2119 baud-

217 2154 390 2187 quaquam
428 2145 657 2173 cernerentur
680 2137 880 2171 fortissimis
905 2135 1149 2171 Romanorum
1175 2143 1207 2170 et

219 2192 435 2226 Graecorum
470 2189 695 2233 Principibus
729 2199 800 2221 esse
826 2187 1020 2222 inferiores.
1088 2187 1206 2230 Quare

218 2255 296 2276 cum
326 2242 538 2285 reperiamus
570 2238 636 2273 lioc
662 2239 875 2283 iniquiorem
908 2249 980 2271 esse
1005 2245 1205 2271 nostrorum

219 2292 403 2326 bominum
428 2292 625 2331 fortunam,
652 2291 828 2335 requirere
850 2286 915 2322 boc
940 2301 957 2322 a
978 2289 1080 2321 nobis
1100 2289 1208 2333 pictas

220 2345 376 2382 videtur,
415 2350 451 2375 ut
487 2349 689 2375 nostrorum
724 2340 927 2383 Principum
963 2340 1050 2373 facta
1081 2351 1207 2372 ornare

220 2405 406 2431 conemur,
432 2405 581 2437 quorum
601 2392 805 2424 memoriam
825 2402 1015 2434 paucorum
1041 2391 1207 2435 prodide-

222 2457 258 2477 re
276 2442 453 2478 historiae.
505 2441 580 2484 Ego
599 2443 714 2487 itaque
730 2443 874 2475 eandem
889 2442 936 2474 ol)
951 2453 1087 2474 causam
1100 2468 1108 2481 ,
1133 2449 1206 2474 tum

221 2495 325 2528 etiam
360 2502 501 2537 propter
531 2493 698 2537 temporis
729 2492 924 2535 angustiam
960 2491 1206 2538 (posteaquam

221 2546 367 2586 attigero
408 2546 550 2582 saltem,
593 2557 681 2588 quae
712 2545 753 2577 ad
785 2543 957 2586 originem
989 2542 1136 2576 Ottonis
1175 2550 1207 2576 ct

220 2596 452 2640 possessiones
474 2595 547 2627 eius
573 2602 746 2638 spectant,
781 2601 854 2627 tum
880 2594 947 2627 alia
972 2594 1145 2627 nonnulla
1171 2594 1206 2626 iu

220 2647 354 2680 ()ttone
372 2657 591 2690 nequaquam
613 2644 775 2690 tacenda)
802 2657 908 2689 pauca
923 2645 1077 2678 adseram
1094 2645 1137 2677 ‹le
1152 2657 1205 2677 re-

221 2699 284 2731 bus
301 2698 344 2731 ab
362 2696 496 2731 Ouonc
513 2696 686 2740 praeclare
702 2697 804 2738 gestis
822 2697 857 2728 in
877 2695 992 2734 ltalia,
1023 2708 1060 2729 ex
1076 2695 1204 2741 quibus

681 133 841 172 DECL.
875 132 952 170 DE
984 127 1383 170 IMPERATORE
1416 128 1666 168 OTTONE
1700 132 1728 168 Ι.

2155 132 2230 170 516

1242 228 1417 252 summum
1447 216 1522 251 eius
1556 217 1712 251 studium
1747 218 1993 262 propugnandi
2028 217 2232 254 Romanum

1243 268 1452 312 imperium,
1491 268 1677 312 praecipue
1703 279 1786 301 vero
1818 269 2019 304 illustrandi
2044 281 2173 303 nomen
2201 276 2234 303 et

1244 319 1392 363 gloriam
1421 316 1554 352 Christi
1582 318 1745 362 cognosci
1778 319 1917 363 poterit.
1983 320 2078 354 Haec
2115 320 2234 365 itaque

1245 372 1328 403 dum
1347 368 1501 402 breviter
1516 381 1652 413 expono
1664 396 1673 409 ,
1699 380 1784 412 rogo
1800 379 1862 402 vos
1873 370 2064 404 doctissimi
2080 371 2169 411 viri,
2195 377 2236 404 ut

1245 432 1302 454 me
1325 419 1498 464 patienter
1520 420 1641 453 audire
1666 420 1793 453 velitis.
1853 418 1949 463 Ego,
1983 423 2074 466 quod
2107 423 2150 454 ad
2179 432 2236 453 me

1246 472 1316 505 scio
1337 470 1530 514 pertinere,
1558 471 1646 504 dabo
1661 482 1824 514 operam,
1849 477 1889 504 ut
1911 471 2080 505 brevitate
2103 471 2236 505 oratio-

1246 522 1302 555 nis
1319 521 1474 554 taedium
1492 521 1627 555 levetur
1640 521 1872 555 auditoribuS.

1350 570 1521 605 Obtinuit
1542 570 1630 605 Otto
1657 571 1899 615 principatum
1926 569 2099 604 Saxoniae
2117 571 2170 614 (ut
2189 569 2238 612 hi,

1249 623 1310 668 qui
1346 620 1518 663 Ottones,
1559 621 1750 663 Henricos,
1793 619 1982 655 Lotharios
2015 621 2238 665 descripsere,

1249 680 1387 707 autores
1419 674 1516 717 sunt)
1553 685 1646 706 anno
1679 673 1786 706 ferme
1811 673 1854 705 ab
1879 670 1963 705 hinc
1990 671 2238 714 sexingentesi—

1250 736 1320 758 mo.
1380 721 1468 757 Erat
1489 730 1605 757 autem
1630 724 1666 756 in
1697 723 1974 768 possessionibus
1997 720 2142 756 Ottonis
2168 728 2239 756 tota

1251 774 1415 808 Saxonia.
1476 773 1598 807 Paruit
1622 774 1714 807 enim
1741 772 1869 807 Ottoni
1895 786 1931 806 ea
1957 785 2055 817 pars,
2088 783 2177 818 quae
2196 772 2240 805 ad

1252 822 1482 857 Occidentem
1505 831 1651 868 spectat:
1689 822 1773 858 baec
1797 824 2093 869 complectebatur
2112 822 2241 856 XVest-

1252 873 1426 919 phaliam,
1469 871 1674 919 Phrysiam‚
1718 875 1946 909 vandalicam
1983 874 2161 917 regionem
2197 873 2241 906 ad

1252 924 1374 959 Albim
1401 931 1433 958 et
1461 936 1556 958 mare
1582 925 1836 968 pertinentem,
1868 926 1905 958 in
1932 937 2000 971 qua
2026 923 2132 958 hodie
2157 923 2243 957 sitae
2293 950 2297 954 .

1252 982 1334 1009 sunt
1367 975 1536 1008 maximae
1571 982 1603 1009 et
1638 976 1897 1020 copiosissimae
1922 977 2026 1009 urbes
2051 975 2242 1014 Saxonum,

1253 1038 1339 1071 quas
1364 1024 1574 1058 Vandalicas
1602 1033 1738 1060 vocant.
1808 1026 1942 1060 Tenuit
1971 1033 2003 1060 et
2025 1025 2243 1069 superiorem

1253 1076 1442 1111 Saxoniam
1475 1075 1582 1117 Ott0‚
1621 1077 1657 1109 id
1687 1085 1755 1118 est,
1789 1077 2140 1120 &Vitteilbergensem
2173 1085 2242 1108 una

1253 1139 1332 1161 cum
1368 1124 1528 1160 Marchia
1563 1125 1920 1172 Brandenburgensi,
1971 1127 2122 1167 Misnia‚
2166 1124 2244 1159 Tu·

1254 1178 1378 1221 ringia.

1355 1227 1495 1262 Patrem
1517 1226 1642 1263 habuit
1655 1226 1850 1262 Henricum
1868 1229 2040 1274 primum,
2066 1231 2127 1277 qui
2152 1231 2247 1267 inter

1257 1276 1488 1322 Imperatores
1505 1279 1641 1322 primus
1659 1279 1725 1313 suit
1740 1278 1851 1320 Saxo,
1880 1286 1982 1313 natus
2004 1293 2043 1314 ex
2064 1289 2161 1326 patre
2175 1280 2245 1317 Ot-

1256 1335 1358 1369 tone,
1386 1331 1472 1363 duce
1489 1329 1682 1367 Saxoniae,
1709 1329 1780 1363 filio
1799 1327 1996 1374 Ludolphi,
2023 1333 2122 1365 ducis
2134 1332 2246 1367 Saxo-

1255 1392 1360 1420 num,
1388 1380 1487 1413 cuius
1513 1387 1611 1424 pater
1632 1379 1756 1414 Bruno
1772 1380 1838 1414 suit
1854 1379 2047 1415 Saxonicus
2067 1381 2247 1427 Princeps,

1255 1438 1357 1464 natus
1373 1443 1412 1464 ex
1429 1430 1638 1471 w'ilgberto
1658 1430 1863 1464 Britanniae
1880 1432 1986 1467 duce,
2014 1430 2086 1464 filio
2106 1430 2248 1466 NVede-

1254 1479 1355 1512 kindi
1381 1478 1504 1522 Magni
1534 1490 1671 1512 summo
1705 1479 1781 1512 loco
1807 1478 1843 1511 in
1870 1479 2069 1514 Saxonibus
2093 1482 2185 1524 nati,
2214 1489 2248 1517 et

1255 1529 1354 1563 ducis
1377 1529 1556 1563 Saxonum
1583 1529 1620 1562 in
1647 1529 1740 1563 bello
1764 1529 1938 1563 Saxonico
1963 1532 2106 1575 triginta
2135 1545 2248 1568 annos

1255 1587 1349 1623 gesto
1368 1592 1386 1612 a
1404 1578 1532 1613 Carolo
1554 1581 1721 1614 adversus
1739 1579 1911 1621 Saxones,
1939 1589 2082 1626 propter
2105 1584 2249 1628 religio-

1256 1643 1335 1663 uem
1349 1627 1588 1664 Christianam
1612 1632 1773 1664 nondum
1797 1631 2002 1665 translatam
2026 1634 2069 1666 ad
2097 1631 2159 1667 hos
2185 1647 2249 1679 po-

1257 1681 1369 1725 puIOS.
1421 1678 1474 1714 Ex
1497 1687 1608 1714 matre
1630 1693 1712 1715 vero
1729 1681 1821 1714 idem
1844 1679 2036 1723 Henricus,
2063 1691 2160 1727 pater
2179 1682 2250 1720 Ot-

1257 1731 1349 1764 tonis
1360 1758 1368 1772 ,
1395 1738 1498 1764 natus
1514 1738 1565 1766 est
1580 1731 1738 1765 Lucarda
1752 1759 1760 1771 ‚
1789 1731 1859 1764 filia
1872 1731 2097 1776 Imperatoris
2112 1733 2249 1770 Arnul-

1258 1780 1338 1826 phi,
1365 1782 1464 1815 cuius
1490 1789 1587 1826 pater
1610 1783 1678 1816 suit
1699 1782 1978 1824 Carlomannus,
2007 1784 2113 1819 frater
2132 1786 2249 1831 Impe-

1258 1832 1383 1865 ratoris
1400 1830 1518 1866 Caroli
1545 1832 1660 1867 Crassi
1688 1840 1720 1867 et
1745 1832 2026 1868 filiussLudovici
2050 1836 2138 1880 regis
2156 1835 2250 1872 Ger-

1258 1895 1462 1923 manorum,
1488 1884 1548 1928 qui
1564 1890 1698 1928 patrem
1719 1881 1842 1918 habuit
1860 1883 2110 1928 Imperatorem
2128 1886 2250 1922 Ludo-

1259 1934 1374 1966 vicum
1399 1934 1573 1978 primum,
1610 1935 1721 1968 filium
1754 1934 1873 1968 Caroli
1899 1934 2033 1979 Magni.
2102 1937 2251 1983 Propter

1259 1985 1372 2017 aviam
1391 1985 1510 2030 itaque
1525 1986 1567 2018 ad
1581 1987 1787 2027 sanguinem
1804 1985 1921 2019 Caroli
1939 1985 2060 2029 Magni
2078 1989 2250 2032 pertinuit

1260 2033 1347 2067 Otto
1365 2035 1518 2077 primus,
1546 2042 1689 2079 propter
1707 2048 1811 2069 avum
1828 2047 1909 2068 vero
1921 2033 2091 2070 Ottonem
2109 2039 2151 2071 ad
2169 2039 2250 2073 stir-

1261 2097 1338 2129 pem
1366 2084 1591 2119 VVedekintli
1623 2085 1745 2129 Magni
1770 2086 1947 2130 spectavit.
2010 2086 2160 2122 Matrem
2186 2086 2250 2123 ha-

1261 2136 1335 2169 buit
1362 2133 1449 2170 Ouo
1474 2134 1704 2175 Matbildrm,
1741 2137 1845 2169 tiliam
1872 2136 2010 2171 comitis
2035 2137 2252 2175 Theudorici

1260 2187 1426 2227 Saxonis,
1452 2187 1494 2220 ad
1514 2187 1667 2221 eiusdem
1688 2186 1911 2220 VVetlekiudi
1939 2187 2062 2233 Magni
2080 2189 2250 2225 familiam

1262 2245 1483 2281 pertinentis.

1363 2287 1402 2321 ln
1422 2289 1570 2333 imperio
1587 2288 1689 2322 etiam
1709 2289 2035 2334 propinquitatibus
2051 2296 2084 2324 et
2099 2291 2252 2327 affinita-

1262 2339 1354 2372 tibus
1379 2339 1682 2383 praestantissimis
1706 2340 1928 2384 priucipibus
1952 2341 2017 2375 suit
2044 2342 2252 2376 coniunctus

1262 2388 1359 2424 Ouo.
1414 2389 1488 2425 Rex
1501 2390 1638 2423 Galliae
1655 2403 1762 2433 gener
1779 2398 1867 2425 erat:
1896 2391 2102 2426 Britanniae
2118 2404 2177 2426 rex
2194 2403 2250 2426 so-

1261 2453 1318 2474 cer
1338 2440 1497 2475 Ottonis:
1534 2441 1644 2474 Filius
1667 2440 1813 2475 Ottouis
1836 2440 2044 2486 Lmlolpbus
2068 2442 2142 2477 Rex
2161 2445 2250 2477 Sue-

1262 2504 1385 2525 vorum
1412 2499 1500 2525 erat:
1540 2493 1618 2525 Dux
1644 2491 1812 2526 Bavariae
1845 2491 2018 2527 Henricus
2048 2494 2112 2527 suit
2144 2495 2252 2528 frater

1261 2543 1422 2576 Ottouis:
1462 2542 1729 2577 Coloniensium
1760 2544 1941 2588 episcopus
1966 2542 2113 2577 Ouonis
2145 2545 2252 2578 frater

1261 2593 1381 2626 Bruuo
1407 2595 1487 2628 suit:
1525 2594 1756 2636 Maguutiuus
1777 2601 1850 2627 erat
1868 2594 2012 2627 Ouonis
2037 2595 2127 2628 tilius
2146 2593 2251 2627 xvi!-

1260 2642 1412 2678 lwlmus:
1440 2647 1528 2679 ouo
1547 2646 1637 2679 filius
1648 2644 1791 2679 ononis
1809 2644 2044 2689 Imperatori-³,
2070 2657 2110 2679 ex
2127 2657 2250 2678 secun-

1259 2696 1302 2729 da
1321 2707 1428 2730 uxore
1446 2703 1567 2737 uatus,
1596 2710 1613 2730 a
1638 2704 1748 2741 patre,
1777 2697 1831 2729 cui
1856 2704 1974 2741 postea
1993 2697 2029 2729 iu
2047 2708 2154 2740 reguo
2172 2707 2249 2729 suc-
