2338 2958
168 130 242 168 487

169 219 245 253 litia
260 229 333 252 non
350 214 508 250 concedit
527 211 626 245 vobis
649 209 783 248 ocium,
810 207 869 239 sed
890 205 1045 250 postulat
1064 216 1160 238 acer-

170 271 300 305 rimum
322 267 477 302 studium
500 259 760 305 cognoscendae
786 257 944 291 coelestis
969 255 1160 297 doctrinae,

170 321 305 365 flagitat
328 317 484 352 animum
512 325 585 347 non
618 311 780 350 mollem,
813 320 886 341 non
909 309 1160 341 detrectantem

171 370 372 407 certamina.
432 365 527 399 Haec
553 370 593 398 ut
615 373 716 406 saepe
744 360 967 403 multumque
994 357 1161 401 cogitetis,

171 434 232 456 vos
255 420 358 453 etiam
384 424 488 461 atque
513 415 616 448 etiam
640 409 828 450 adhortor,
859 416 898 443 ut
922 409 1077 442 officium
1101 421 1161 442 ve-

172 481 282 506 strum
310 475 400 502 recte
426 465 647 509 intelligatis,
685 469 718 496 et
743 460 937 505 agnoscatis
961 460 1062 493 vobis
1087 471 1161 492 non

173 524 248 555 leve
267 530 396 553 munus
417 530 436 551 a
452 517 528 551 Deo
550 515 755 549 mandatum
774 523 865 549 esse,
894 523 1025 556 vosque
1050 510 1085 543 in
1103 522 1163 543 ex-

172 581 284 608 tremo
319 569 450 602 iudicio
485 565 722 612 spectantibus
757 562 923 596 omnibus
956 559 1163 594 hominibus

173 630 276 668 atque
289 620 444 664 AngeliS,
468 618 640 652 rationem
656 613 894 648 administrati
910 612 1068 645 muneris
1083 611 1163 644 red-

174 674 309 708 dituros
328 681 419 704 esse:
447 669 508 703 ubi
526 669 629 701 etiam
646 664 702 699 hic
718 671 836 698 noster
852 665 941 708 latro
959 663 1052 696 inter
1069 661 1164 695 iudi-

174 736 228 759 ces
243 722 423 761 assidebit,
451 727 483 753 et
502 726 662 752 strenuos
678 716 807 748 milites
824 711 966 747 Christo
986 725 1162 746 commen-

174 775 292 814 dabit,
321 774 364 806 de
381 771 515 814 ignavis
531 782 569 802 ac
587 766 823 801 desertoribus
843 764 1054 808 supplicium
1072 763 1163 797 sumi

174 832 279 871 petet.
323 822 442 865 Quare
460 832 554 853 nunc
571 819 648 852 date
664 828 807 861 operam
823 815 1078 855 adolescentes,
1104 813 1165 859 qui

176 875 283 910 huius
311 871 478 916 Signiferi
514 878 655 916 tyrones
689 867 789 907 estis,
826 872 865 899 ut
892 876 953 898 vos
980 865 1167 908 diligenter

176 924 363 961 exerceatis
388 935 426 956 ac
459 919 673 965 praeparetis
698 919 741 951 ad
771 929 851 950 vera
882 916 1092 954 certamina,
1130 916 1166 948 in

175 990 245 1023 quo
269 974 416 1019 gloriam
434 970 567 1006 Christi
592 970 772 1014 aliquanto
800 974 877 1012 post
897 968 1088 1013 defendere
1107 977 1168 999 vos

176 1026 364 1072 oportebit.
416 1022 522 1056 Hunc
545 1019 716 1055 honorem
733 1018 829 1053 Deus
850 1018 1002 1061 flagitat,
1030 1024 1069 1051 ut
1090 1015 1167 1051 heri

175 1080 214 1112 in
233 1075 412 1111 versiculis
428 1072 636 1117 significavi:

280 1129 356 1160 Vult
377 1128 539 1157 adsertores
561 1126 684 1155 laudum
698 1134 752 1153 nos
770 1135 831 1154 esse
847 1133 979 1160 suarum,

329 1178 424 1219 quue
441 1180 534 1217 magis
550 1179 664 1217 poscit,
693 1185 783 1214 quam
798 1184 876 1203 nova
895 1173 982 1202 thura
998 1170 1092 1202 Deus.

622 1221 717 1256 Dixi.

185 1333 253 1340 .--

1007 1403 1055 1424 an¹
1076 1391 1171 1422 1540.

1002 1436 1172 1449 Μ

198 1401 262 1434 No.
280 1399 340 1433 62.

186 1447 357 1462 w

380 1499 455 1539 De
485 1493 779 1537 restituendis
803 1493 975 1534 scholis.

249 1590 329 1624 Apud
344 1589 416 1615 Crat.
430 1586 501 1620 Myt.
517 1595 542 1619 p.
555 1585 604 1609 348
619 1593 693 1617 sqq.,
718 1582 744 1621 in
762 1581 912 1608 Declamat.
927 1581 960 1606 T.
973 1580 993 1605 l.
1011 1589 1036 1613 p.
1052 1579 1128 1611 527„
1146 1580 1172 1605 in

282 1624 404 1649 Sei-vest.
421 1622 453 1648 T.
469 1621 488 1645 Ι.
504 1630 528 1654 p.
538 1619 597 1645 459.
615 1624 640 1643 et
658 1627 700 1651 ΒΡ.
715 1616 842 1642 [sichard.
858 1615 890 1641 T.
903 1616 921 1642 l.
944 1614 1036 1649 p.671.

182 1707 240 1741 De
255 1699 500 1739 restituendis
516 1696 660 1733 scholis
677 1699 819 1738 oratio,
847 1694 977 1730 habita
998 1693 1044 1728 ab
1066 1694 1174 1728 Ale-

181 1755 360 1791 xandro
385 1753 547 1788 Alesia
570 1751 724 1791 Scoto,
751 1751 791 1782 in
808 1746 943 1781 celebri
964 1745 1174 1780 Academia

311 1800 638 1848 Francofordt'ana
662 1799 712 1833 ad
728 1798 898 1833 ederam.
936 1796 1048 1833 1540.

183 1877 238 1918 Ut
262 1880 394 1915 Paulus
411 1877 542 1922 inquit:
578 1873 726 1908 Incertis
750 1884 917 1916 vagamur
939 1871 1102 1909 sedibus,
1130 1870 1176 1903 ita

183 1932 340 1968 Ecclesia
358 1941 439 1963 vera
453 1925 587 1961 Christi
616 1924 732 1957 exulat
759 1923 795 1956 in
818 1920 888 1956 hoc
912 1922 1065 1961 mundo,
1094 1931 1178 1954 nus-

185 1996 291 2031 quam
311 1988 440 2016 certam
457 1991 496 2012 ac
514 1975 713 2011 durabilem
730 1975 848 2007 sedem
866 1971 988 2006 habet:
1015 1971 1178 2005 diabolus

187 2035 282 2069 enim
299 2033 382 2067 odio
406 2030 467 2063 filii
486 2028 550 2063 Dei
570 2025 727 2060 incendit
747 2025 880 2070 ubique
898 2024 1026 2068 impios
1043 2023 1083 2056 ad
1103 2034 1177 2055 eam

187 2085 386 2131 pellendam
405 2088 438 2115 et
456 2079 709 2123 dissipandam.
763 2075 814 2109 lta
839 2087 994 2109 summos
1017 2074 1096 2107 illos
1116 2071 1178 2106 he-

189 2148 287 2175 roas,
317 2130 516 2171 Abraham,
552 2129 674 2166 lacob,
709 2126 878 2173 Moysen,
911 2124 1028 2159 hostes
1050 2125 1180 2166 sugere,

190 2197 356 2233 quaerere
372 2184 439 2216 alia
457 2180 608 2225 hospitia
624 2178 749 2221 tegitis.
801 2176 973 2211 Davidem
992 2183 1022 2209 et
1041 2175 1178 2208 lleliam

191 2238 248 2271 vix
268 2241 419 2269 remotae
443 2231 670 2270 solitudines,
695 2236 729 2263 et
742 2240 863 2274 specus
880 2228 915 2261 in
941 2227 1032 2260 saxis
1054 2227 1179 2259 adver-

193 2300 250 2323 sus
273 2294 441 2332 tyrannos
460 2290 630 2317 texerunt.
687 2280 847 2325 Apostoli
872 2286 945 2313 toto
964 2279 1049 2311 orbe
1072 2285 1179 2311 terra-

193 2351 270 2373 rum
294 2343 473 2379 vagantur.
529 2333 605 2377 lpse
627 2333 729 2366 etiam
758 2331 870 2365 Filius
887 2329 951 2363 Dei
977 2329 1121 2362 veniens
1146 2328 1180 2360 in

194 2388 288 2423 hunc
304 2388 476 2420 muudum
498 2397 536 2418 ex
554 2383 695 2417 coelesti
718 2382 847 2425 patria,
874 2381 1013 2414 exulare
1039 2392 1073 2412 se
1096 2379 1181 2413 sate-

195 2448 270 2480 tur,
296 2451 373 2471 cum
394 2438 454 2469 ait:
485 2434 598 2471 Fssius
625 2433 781 2468 hominis
804 2445 875 2465 non
894 2430 1016 2472 hahet,
1045 2430 1106 2464 ubi
1126 2443 1182 2463 ca-

196 2497 258 2536 put
281 2489 434 2522 reclinet.
489 2489 608 2529 Quare
631 2485 765 2519 etiamsi
789 2485 831 2517 de
847 2483 1008 2516 exulibus
1032 2481 1183 2523 graviter

196 2540 363 2585 suspicari
384 2537 544 2571 homines
563 2538 688 2575 solent,
715 2543 832 2569 tamen
849 2532 1069 2567 Christianos
1087 2545 1182 2566 cnm-

197 2604 339 2626 munem
370 2588 544 2624 Ecclesiae.
578 2590 755 2621 fortunam
785 2586 936 2629 cogitare
970 2586 1085 2623 decet,
1120 2595 1182 2616 nec

196 2644 340 2677 exilium
364 2642 454 2675 iuter
476 2640 602 2684 probra
623 2640 767 2674 ducere,
794 2637 822 2671 si
839 2648 940 2670 causa
957 2637 1001 2670 sit
1026 2633 1181 2668 honesta.

200 2695 327 2728 Fateor
348 2705 403 2726 me
428 2692 494 2724 iam
517 2701 628 2725 atinos
651 2697 729 2723 octo
753 2689 870 2722 abesse
894 2700 913 2722 a
937 2686 1068 2732 patria,
1103 2697 1182 2718 vere

655 120 814 157 DECL.
854 116 932 154 DE
963 110 1413 154 RESTITUENDIS
1446 109 1714 151 SCHOLtS.

2131 115 2206 152 488

1213 199 1336 234 divina
1350 209 1417 243 ope
1432 197 1632 232 crudelitati
1649 197 1829 232 cuiusdam
1849 200 2039 234 saevissimi
2059 202 2203 246 tyranni

1214 257 1392 295 ereptum,
1418 248 1479 294 qui
1503 260 1578 289 me,
1604 260 1683 282 cum
1702 250 1872 294 quaedam
1892 258 2005 285 errata
2021 251 2203 286 doctrinae

1213 300 1476 336 Ecclesiasticae
1509 299 1696 333 manifesta
1722 306 1908 342 taxassem,
1941 302 2009 336 iam
2043 303 2203 336 vinctum

1214 351 1432 389 adservabat,
1459 356 1494 383 et
1508 350 1622 383 diram
1637 362 1756 383 necem
1773 347 1861 383 mihi
1876 351 2089 389 minabatur.
2124 351 2204 388 Etsi

1215 410 1331 437 autem
1348 409 1467 446 postea
1482 401 1604 434 multis
1620 400 1784 445 periculis
1801 401 2021 436 conflictatus
2037 414 2124 444 sum,
2150 411 2203 437 ta-

1216 466 1295 487 men
1318 465 1373 486 res
1395 453 1469 496 ipsa
1492 452 1665 493 ostendit,
1697 450 1812 484 Deum
1838 463 1920 486 vere
1941 450 2031 486 mihi
2053 455 2204 488 adfuisse

1216 505 1339 538 ducem
1373 503 1409 536 in
1436 502 1508 535 illis
1539 502 1653 546 longis
1682 501 2046 546 peregrinationibus,
2079 516 2205 550 meque

1216 555 1406 589 clementer
1428 564 1599 595 servasse,
1624 560 1664 587 ut
1688 564 1810 597 spero,
1837 554 1880 587 ad
1904 553 2058 599 aliquam
2082 552 2205 589 Eccle-

1215 606 1284 640 siae
1309 605 1509 639 utilitatem.

1320 655 1480 689 Primum
1504 667 1543 687 ex
1560 654 1671 699 patria
1690 653 1892 692 discedens,
1919 653 2001 687 veni
2017 654 2055 687 in
2072 652 2208 688 Acade-

1218 707 1325 740 miam
1342 705 1562 743 Saxonicam,
1591 717 1630 738 eo
1647 712 1817 749 tempore,
1844 716 1914 750 quo
1931 716 2054 738 omnes
2069 705 2208 738 articuli

1219 757 1399 790 doctrinae
1425 755 1693 799 diligentissime
1719 756 2010 799 disputabantur,
2041 755 2103 789 ubi
2124 767 2210 788 con-

1219 807 1403 841 suetudine
1418 806 1638 840 eruditorum
1652 806 1832 846 excitatus,
1848 806 1960 840 multo
1976 806 2109 840 maiore
2126 817 2209 840 cura

1220 858 1378 891 conferre
1396 858 1558 900 dogmata
1583 856 1692 899 coepi.
1745 855 1869 890 Postea
1887 855 2111 890 Britanniam
2127 855 2211 897 adii,

1220 909 1283 942 nbi
1308 914 1340 941 et
1364 908 1468 941 docui
1492 906 1701 952 aliquandiu
1726 906 1765 940 in
1787 906 1996 948 Academia,
2028 914 2062 942 et
2088 918 2210 941 rursus

1220 971 1298 993 cum
1314 958 1357 992 iis
1374 958 1434 1004 qui
1450 958 1625 991 excellunt
1639 957 1850 998 eruditione,
1875 958 1917 990 de
1935 958 2094 991 doctrina
2105 955 2212 991 Chri-

1220 1010 1333 1044 stiana
1350 1009 1544 1042 collocutus
1563 1019 1640 1041 sum
1656 1014 1828 1042 accurate.
1880 1006 2015 1053 Estque
2033 1014 2211 1052 perspecta

1220 1072 1296 1093 mea
1312 1071 1411 1092 mens
1428 1060 1464 1092 in
1482 1071 1520 1092 ea
1537 1059 1650 1091 insula
1669 1058 1928 1102 praestantibus
1943 1058 2039 1099 viris,
2065 1056 2214 1102 Episco-

1220 1123 1266 1154 po
1284 1109 1550 1147 Cantuariensi,
1575 1108 1753 1141 Latimero
1770 1115 1804 1141 et
1820 1109 1910 1142 aliis.
1960 1106 2121 1154 Cumque
2144 1108 2214 1142 iam

1221 1160 1376 1193 defessus
1407 1166 1459 1193 tot
1486 1157 1848 1202 peregrinationibus,
1881 1158 1979 1203 qnasi
2006 1158 2043 1191 in
2072 1165 2214 1203 portum

1221 1210 1394 1244 venissem
1406 1236 1416 1250 ‚
1437 1220 1648 1253 manereque
1665 1208 1715 1241 ibi
1731 1209 1974 1250 decrevissem,
1999 1220 2076 1243 ecce
2092 1220 2215 1243 rursus

1222 1261 1401 1305 prodeunt
1442 1259 1659 1293 atrocissima
1701 1259 1813 1292 edicta
1854 1266 1976 1293 contra
2015 1260 2214 1293 doctrinam

1223 1310 1420 1354 Evangelii.
1463 1309 1585 1354 Itaque
1605 1321 1684 1342 cum
1704 1316 1764 1342 aut
1777 1309 1961 1343 subeunda
1980 1317 2068 1344 esset
2083 1309 2214 1354 impio-

1222 1373 1302 1395 rum
1320 1360 1528 1400 crudelitas,
1554 1365 1615 1393 aut
1633 1360 1829 1393 cedendum
1841 1384 1851 1398 ‚
1877 1366 2015 1393 secutus
2032 1371 2110 1393 sum
2129 1371 2215 1393 con-

1224 1412 1343 1446 silium
1367 1411 1561 1445 multorum
1583 1411 1761 1443 bonorum
1785 1410 1962 1451 virorum,
1989 1410 2049 1455 qui
2075 1417 2106 1444 et
2126 1407 2215 1443 mihi

1224 1470 1258 1498 et
1273 1462 1350 1495 aliis
1366 1462 1444 1506 piis,
1469 1461 1530 1507 qui
1548 1461 1661 1505 palam
1679 1461 1934 1495 dissentiebant
1948 1461 1991 1495 ab
2008 1461 2078 1494 illis
2094 1461 2216 1494 decre-

1225 1515 1268 1549 tis
1282 1513 1451 1556 sanguine
1467 1511 1617 1556 scriptis,
1644 1509 1843 1545 hortatores
1861 1519 1977 1552 erant,
2004 1518 2041 1545 ut
2060 1511 2217 1545 discede-

1223 1575 1351 1598 remus.
1404 1562 1509 1597 Redii
1529 1563 1636 1606 igitur
1655 1562 1692 1595 in
1711 1561 1941 1595 Germaniam
1960 1563 2005 1596 ad
2022 1573 2079 1596 eas
2093 1559 2217 1596 Eccle—

1225 1615 1312 1655 sias,
1341 1625 1420 1647 cum
1438 1613 1568 1658 quibus
1585 1613 1715 1646 sentire
1733 1624 1789 1645 me
1803 1613 1988 1657 profiteor,
2012 1624 2102 1658 quae
2125 1612 2218 1646 mihi

1226 1663 1418 1709 hospitium
1448 1661 1515 1697 hoc
1539 1662 1698 1696 semestri
1732 1670 1934 1707 pergratum
1967 1664 2218 1707 praebuerunt.

1225 1715 1386 1761 Cumque
1402 1714 1529 1748 eximia
1545 1713 1755 1748 liberalitate
1766 1713 1873 1747 Ducis
1889 1712 2062 1748 Saxoniae
2078 1714 2219 1747 adiutus

1226 1779 1322 1807 sum,
1349 1772 1422 1799 tum
1449 1762 1514 1798 hoc
1538 1765 1700 1805 accessit,
1724 1765 1820 1809 quod
1843 1764 1969 1798 iterum
1996 1765 2039 1798 de
2057 1764 2218 1798 doctrina

1226 1817 1327 1851 licuit
1361 1827 1439 1850 cum
1477 1813 1684 1848 hominibus
1719 1815 1786 1859 piis
1820 1822 1854 1849 et
1889 1815 2010 1859 peritis
2046 1815 2220 1849 conterre.

1226 1867 1364 1903 Deinde
1381 1864 1469 1899 mihi
1489 1864 1752 1899 lllustrissimus
1768 1864 1935 1911 Princeps
1953 1863 2115 1899 Marchio
2135 1863 2220 1899 Ete-

1228 1926 1303 1953 ctor
1324 1918 1441 1951 locum
1469 1917 1504 1951 in
1523 1914 1712 1950 Academia
1730 1923 1844 1950 vestra
1867 1917 2057 1951 clementer
2081 1916 2220 1955 tribuit,

1228 1982 1266 2003 ac
1282 1979 1414 2003 munus
1429 1967 1692 2001 commendavit
1712 1979 1749 2001 re
1763 1967 1836 2011 ipsa
1860 1967 2138 2012 amplissimum,
2165 1967 2220 2000 vi-

1229 2021 1374 2060 delicet,
1424 2018 1605 2052 doctrinae
1642 2016 1903 2052 Ecclesiasticae
1938 2018 2219 2062 explicationem.

1229 2071 1324 2105 Ilaec
1349 2083 1389 2103 eo
1413 2069 1706 2108 commemoravi,
1734 2075 1774 2102 ut
1797 2069 1885 2103 sicut
1911 2069 2080 2113 meipsum
2114 2068 2220 2103 series

1231 2133 1388 2155 mearum
1404 2132 1653 2154 aerumnarum
1669 2127 1701 2153 et
1721 2119 1831 2153 exitus
1849 2126 2009 2158 movent,
2033 2126 2071 2153 ut
2087 2119 2221 2153 divini-

1231 2181 1285 2207 tus
1301 2185 1355 2205 me
1373 2179 1548 2205 servatum
1565 2183 1636 2204 esse
1654 2171 1697 2204 ad
1714 2170 1867 2215 aliquam
1883 2168 2061 2204 Ecclesiae
2082 2170 2220 2204 utilita-

1231 2232 1298 2258 tem
1320 2223 1534 2263 existimem,
1562 2223 1607 2256 ita
1626 2229 1658 2256 ct
1675 2233 1736 2255 vos
1753 2222 1840 2254 bene
1857 2228 1889 2254 et
1912 2228 2071 2256 amanter
2090 2221 2134 2254 dc
2153 2218 2219 2256 ho-

1232 2275 1319 2319 spite
1342 2274 1516 2313 sentiatis,
1549 2285 1612 2307 nec
1634 2285 1689 2306 me
1719 2279 1863 2317 propter
1886 2272 2029 2306 exilium
2055 2283 2222 2317 asperne-

1233 2326 1333 2359 mini.
1386 2323 1569 2358 Laudatur
1593 2331 1691 2357 vetus
1714 2322 1908 2357 Germania
1932 2330 2076 2368 propter
2100 2323 2221 2367 singu-

1233 2379 1340 2410 larem
1380 2377 1483 2409 fidem
1517 2382 1549 2409 et
1583 2372 1856 2413 luuuanitatem,
1899 2387 1967 2419 qua
2003 2374 2160 2418 excipere
2185 2380 2220 2407 et

1232 2437 1344 2470 tegere.
1369 2425 1522 2471 hospites
1545 2426 1646 2459 solita
1673 2433 1733 2459 est.
1786 2423 1831 2459 Et
1850 2436 1910 2458 vos
1934 2425 2088 2459 arbitror
2107 2421 2222 2458 adhue

1234 2480 1383 2513 retinere
1402 2478 1595 2522 plurimum
1614 2477 1746 2521 priscae
1763 2484 1794 2510 et
1812 2477 1976 2521 antiquae
1996 2475 2151 2515 virtutis,
2177 2476 2220 2508 ad

1233 2543 1337 2576 quam
1357 2530 1519 2563 accedere
1536 2529 1639 2561 etiatu
1660 2528 1768 2572 pietas
1782 2527 1897 2561 dehet.

1335 2580 1524 2624 Praecipue.
1540 2586 1656 2613 autem
1681 2576 1746 2611 hoc
1770 2578 1922 2610 officium
1941 2574 2104 2611 Christus
2122 2576 2222 2619 flagi-

1233 2640 1278 2666 tat
1293 2661 1300 2670 ,
1328 2640 1363 2665 ut
1384 2644 1441 2664 eos
1457 2631 1516 2676 qui
1537 2637 1709 2673 vagantur
1724 2629 1777 2661 vel
1795 2627 1962 2666 ducendi,
1991 2628 2043 2660 vel
2063 2627 2219 2661 discendi

1232 2682 1416 2727 Evangelii
1442 2694 1562 2721 causa,
1596 2680 1719 2714 caeteri
1752 2685 1911 2713 amanter
1934 2678 2222 2723 complectantur,
