2338 2958
113 138 187 173 957
577 136 732 173 DECL.
769 136 840 172 DE
877 135 1097 174 IOANNE

108 235 199 265 esse,
222 236 294 257 non
318 222 592 267 pleonecticum,
619 235 689 256 non
716 223 888 263 sucatum,
915 234 988 256 non
1008 223 1096 255 insi—

108 274 266 315 diosum,
293 285 365 306 non
384 273 553 313 lividum,
581 285 653 306 non
679 274 854 317 suspicax,
881 274 1036 306 alienum
1052 274 1096 306 ab

107 325 362 364 aemulatione,
387 336 406 356 a
428 323 652 365 crudelitate,
681 325 725 357 ab
749 324 918 364 avaritia,
948 323 1095 357 curiosi-

107 383 194 414 tate,
227 387 246 408 a
272 370 635 422 πολυπρα)’,ιιοσά”η,
669 375 816 408 candide
841 386 942 407 suum
969 374 1095 419 cuique

106 426 222 459 locum
241 425 419 465 tribuens,
445 425 598 469 fugitans
619 425 792 463 rixarum,
819 436 940 457 amans
962 425 1094 468 princi-

104 488 188 521 pum
233 475 529 509 consociationem
569 482 602 509 et
638 476 814 518 publicam
859 475 1093 509 concordiam.

104 526 179 560 Has
198 527 344 560 virtutes
367 527 508 569 regebat
532 538 604 559 non
627 527 813 560 ostentatio
830 526 1020 570 sapientiae
1037 536 1093 558 so-
1117 539 1119 547 >

103 575 275 622 phistica,
309 577 366 610 sed
401 589 480 610 vera
514 577 721 621 prudentia,
757 577 896 610 intuens
921 576 1092 609 virtutum

103 629 235 668 fontes,
271 634 452 672 praecepta
472 627 555 668 Dei,
588 633 621 661 et
645 627 868 671 disciplinam
893 638 912 660 a
936 627 1093 659 moribus

103 679 280 712 traditam.
339 677 412 712 Nec
437 679 554 712 deerat
578 678 610 711 ei
644 678 806 711 facundia
837 678 880 710 ad
914 689 1092 721 exponen-

103 730 183 763 dam
202 729 311 762 animi
328 729 548 763 sententiam.

203 779 292 814 Cum
313 786 428 813 autem
453 786 486 813 et
502 780 610 812 frater
625 791 664 812 ex
690 779 783 812 bello
806 778 942 812 Veneto
968 779 1005 812 in
1030 790 1092 823 pa-

102 831 205 864 triam
224 830 393 870 rediisset,
419 829 465 863 ita
484 830 646 864 vixerunt
661 842 730 862 una
747 829 900 874 primum
918 830 953 862 in
972 831 1090 862 eadem

101 882 228 922 domo,
255 888 373 925 postea
390 880 537 913 diversis
560 880 663 913 locis:
690 893 762 913 non
787 881 901 913 solnm
924 886 964 914 ut
985 880 1092 913 fuerit

101 939 268 976 perpetua
292 932 450 976 ipsorum
481 932 690 972 concordia,
731 933 790 964 sed
817 932 919 964 etiam
949 938 1091 964 mutuus

100 995 218 1023 amor,
244 983 303 1027 qui
321 982 356 1014 in
377 994 497 1015 eorum
516 989 670 1022 senecta,
698 982 734 1015 in
753 982 935 1027 utriusque
953 982 1091 1026 pericu—

99 1033 144 1066 lis
176 1040 209 1067 et
241 1033 456 1076 gravissimis
489 1032 806 1066 deliberationibus
838 1035 940 1065 etiam
972 1032 1091 1066 crevit.

100 1083 153 1118 De
169 1084 305 1117 arcanis
323 1084 428 1116 rebus
445 1083 610 1116 omnibus
635 1084 726 1116 inter
749 1094 820 1115 sese
836 1083 1091 1123 deliberabant,

99 1135 219 1168 omnia
245 1135 282 1167 in
297 1133 494 1178 Republica
512 1133 778 1167 communicatis
802 1133 986 1166 sententiis
1007 1144 1091 1166 con-

99 1186 303 1219 stituebant.
367 1182 456 1217 Erat
490 1184 660 1216 excellens
697 1184 866 1228 sapientia
901 1183 1088 1216 Friderici:

99 1248 210 1281 eoque
227 1235 346 1268 minus
365 1235 433 1268 sibi
457 1234 652 1272 tribuebat,
687 1241 720 1267 et
745 1234 874 1268 sciebat
894 1235 994 1267 fratri
1017 1246 1087 1266 non

99 1288 216 1320 deesse
240 1285 448 1326 consilium,
476 1292 507 1318 et
527 1285 716 1328 gubernari
736 1286 910 1318 bonorum
932 1285 1088 1317 virorum

99 1343 232 1370 mentes
249 1349 266 1369 a
283 1335 359 1369 Deo
375 1336 565 1375 statuebat,
591 1336 730 1380 qualem
747 1347 819 1369 esse
833 1323 975 1368 fnl'trem
996 1335 1087 1367 indi-

98 1388 208 1422 cabat.
261 1385 398 1419 Deinde
418 1387 460 1418 ad
478 1386 760 1419 benevolentiam
779 1387 965 1425 tuendam,
993 1394 1026 1418 et
1045 1387 1085 1418 ad

98 1437 363 1481 significandam
386 1437 651 1482 aequalitatem,
677 1437 852 1481 pertinere
880 1434 969 1470 hanc
993 1449 1088 1469 com—

97 1488 374 1522 municationem
392 1488 620 1521 consiliorum
632 1513 641 1526 ,
666 1495 777 1521 norat.
830 1486 876 1521 Et
893 1487 975 1533 quia
993 1499 1089 1521 com-

97 1539 219 1572 munia
247 1545 347 1572 erant
376 1539 549 1582 pericula,
578 1545 611 1572 et
641 1539 839 1571 communis
869 1538 1088 1581 gubernatio,

96 1590 228 1624 iustum
245 1595 318 1623 erat
338 1601 542 1622 communes
568 1601 641 1622 esse
657 1589 945 1630 deliberationes,
973 1596 1010 1622 ut
1030 1588 1087 1620 ille

96 1641 234 1685 sapiens
257 1638 427 1673 Aeacides
459 1638 583 1673 Peleus
618 1640 710 1673 inter
734 1640 956 1683 Argonautas
989 1639 1086 1672 dicit:

96 1690 305 1724 Communis
333 1690 519 1723 necessitas
545 1697 610 1731 est,
646 1691 717 1724 sint
748 1690 856 1733 igitur
884 1702 1086 1723 communes
1111 1720 1113 1730 ε

95 1741 377 1775 deliberationes.
430 1740 510 1774 Non
529 1753 589 1774 sua
605 1741 749 1784 gaudia,
777 1749 836 1775 aut
850 1753 931 1774 suos
949 1741 1086 1773 dolores

96 1793 264 1826 alteruter
289 1792 453 1836 cuiquam
482 1792 580 1835 prius
604 1804 708 1836 quam
736 1791 836 1824 fratri
869 1791 1085 1834 significavit.
1111 1817 1112 1829 ἰ

96 1842 179 1876 Post
199 1842 404 1875 electionem
421 1840 540 1874 Caroli
568 1841 792 1885 imperatoris
820 1841 1020 1874 Fridericus
1043 1842 1083 1873 ad

95 1894 237 1926 fratrem
266 1893 302 1924 in
328 1892 452 1925 itinere
477 1903 557 1923 mox
583 1892 742 1929 deflexit,
776 1892 877 1936 eique
903 1889 1085 1924 historiam

95 1944 265 1987 integram
279 1969 288 1983 ,
314 1942 440 1976 ordine
462 1941 696 1975 assidentibus
714 1942 910 1986 praecipuis
929 1942 1013 1975 viris
1031 1953 1084 1974 re-

96 1995 229 2028 citavit.

197 2044 248 2078 Ac
287 2044 379 2078 inter
412 2043 569 2087 exempla
602 2043 776 2076 fraternae
812 2043 1018 2077 concordiae
1048 2040 1111 2075 hii

95 2097 166 2130 duo
199 2096 322 2128 fratres
353 2095 478 2128 merito
511 2094 750 2127 celebrantur:
788 2096 846 2127 sed
882 2101 1111 2144 acceperantx

95 2147 161 2190 ipsi
185 2158 326 2191 quoque
350 2158 368 2178 a
394 2153 490 2189 patre
517 2143 684 2183 Ernesto,
718 2152 751 2178 et
775 2152 899 2189 patruo
926 2143 1085 2183 Alberto,

95 2197 209 2230 simile
241 2196 450 2240 exemplum.

95 2306 214 2332 tamen
242 2297 339 2330 nulla
362 2297 536 2330 discordia
559 2304 634 2330 orta
660 2304 720 2332 est.

94 2348 273 2383 Castorem
292 2355 325 2381 et
345 2347 542 2388 Pollucem,
556 2349 694 2381 'fratres
715 2347 914 2391 Scipiones,
937 2347 1086 2391 impera-

94 2408 187 2434 tores
203 2399 425 2437 Antoninos,
453 2399 600 2441 collegas
620 2397 780 2431 Marcum
805 2406 836 2432 et
854 2397 996 2431 Verum.
1040 2396 1085 2431 Et

95 2448 182 2484 haec
199 2457 291 2482 aetas
312 2449 439 2481 intueri
459 2450 561 2482 debet
577 2448 743 2482 Cat-olum
758 2456 791 2481 et
809 2449 1086 2483 Ferdinandum.
1109 2455 1112 2490 t

1110 2494 1111 2505 ¹
1137 2508 1173 2533 ut
1193 2513 1254 2544 per
1275 2500 1433 2533 pastores
1450 2503 1492 2533 de
1509 2502 1622 2533 officio
1642 2514 1703 2535 suo
1722 2500 1883 2536 homines
1898 2511 1989 2537 recte
2006 2503 2125 2535 erudi-

199 2499 262 2534 Est
294 2507 407 2533 autem
439 2512 500 2543 per
531 2511 603 2532 sese
636 2500 746 2533 virtus
779 2500 932 2542 egregia,
966 2507 1084 2534 mutua

74 2549 235 2598 χστοργὴ
260 2551 295 2583 ἰη
315 2550 498 2589 fratribus,
521 2557 553 2583 et
569 2562 641 2582 non
664 2550 739 2583 sine
759 2551 880 2584 multis
898 2551 1086 2585 virtutibus
1109 2537 1111 2586 l

821 2601 893 2633 lmo
915 2614 958 2634 ne
977 2609 1085 2644 potest
1109 2593 1111 2634 l

92 2653 237 2698 quidem
265 2652 332 2684 nisi
360 2652 452 2685 inter
483 2653 593 2684 bonos
618 2651 778 2683 retineri:
814 2659 851 2684 ut
883 2650 1085 2697 philosophi
1109 2663 1111 2682 τ

92 2704 234 2744 dicunt,
273 2701 413 2736 Bonum
447 2715 564 2736 amare
597 2703 918 2745 congregationem,
956 2705 1112 2742 malum}

92 2601 243 2635 retineri
265 2599 348 2634 haec
376 2601 617 2634 benevolentia
643 2607 765 2644 potest.

519 2195 616 2229 Inter
639 2207 743 2240 quos,
778 2207 979 2240 quanquam
1003 2207 1085 2238 opes
1108 2214 1111 2247 ..ς

94 2260 218 2281 eorum
238 2247 388 2279 maiores
402 2254 501 2280 erant
527 2254 559 2279 et
588 2247 701 2279 maior
718 2247 808 2280 vitae
823 2246 1086 2286 dissimilitudo,
1109 2278 1111 2288 ¹

771 2295 909 2330 Recitat
936 2304 1086 2330 vetustas
1108 2308 1112 2343 2

1123 137 1280 183 ,DUCE
1317 138 1438 173 SAX.
1471 137 1672 174 ELECT.
2064 144 2136 178 958

1146 235 1229 257 vero
1246 224 1313 256 sibi
1334 224 1399 268 ipsi
1416 224 1598 258 exitiosum
1619 237 1700 258 esse.
1753 225 1834 258 Non
1853 226 2053 260 dubitemus
2072 229 2137 271 igi-

1146 281 1222 317 tur,
1250 275 1355 307 fuisse
1379 275 1473 308 viros
1495 276 1607 308 bonos
1634 273 1697 309 hos
1721 276 1814 320 ipsos
1840 275 2040 320 Principes,
2068 277 2136 311 Er-

1146 332 1283 358 nestum
1318 331 1350 358 et
1387 325 1591 364 Albertum,
1632 334 1664 360 et
1697 327 1824 359 deinde
1852 326 2071 360 Fridericum
2101 336 2135 362 et

1147 375 1331 417 loannem,
1359 376 1439 420 quia
1458 377 1555 409 nulla
1580 377 1672 410 inter
1697 389 1754 410 eos
1778 377 1951 410 discordia
1978 390 2135 423 unquam

1145 426 1272 459 extitit:
1300 433 1332 458 et
1357 426 1486 459 talibus
1510 427 1676 470 exemplis
1701 439 1764 460 nos
1788 428 1976 461 invitemus
1997 431 2038 462 ad
2064 430 2134 462 sra—
2172 467 2175 469 .

1143 483 1277 509 ternam
1300 477 1523 508 concordi-‘nn
1544 479 1721 509 tuendam.
1757 477 1954 511 Adiicerem
1973 477 2029 512 hic
2046 491 2134 524 quae

1144 527 1377 559 communiter
1393 527 1545 569 egerint,
1571 529 1629 559 sed
1650 529 1817 570 temporis
1836 530 1995 571 angustia
2022 530 2134 574 impe-

1144 578 1231 611 dior.
1277 576 1431 610 Tantum
1453 575 1536 609 haee
1553 577 1650 620 signa
1671 590 1786 610 rernm
1805 579 2018 619 suturarum,
2045 592 2134 625 quae.

1143 628 1283 672 utrique
1305 628 1410 660 simul
1439 637 1574 661 ostensa
1600 636 1700 665 sunt,
1729 629 1896 663 recitabo.
1949 628 2002 662 Eo
2027 643 2134 669 anno,

1143 691 1212 723 quo
1244 678 1395 721 primum
1421 690 1540 711 mense
1569 678 1760 712 Novembri
1790 681 1902 713 editae
1927 688 2009 714 sunt
2033 693 2132 714 reve-

1144 729 1244 762 rendi
1269 729 1334 761 viri
1354 728 1396 763 D.
1421 727 1568 762 Lutheri
1596 730 1854 774 propositiones
1879 732 1922 763 de
1946 731 2134 774 indulgen—

1142 781 1218 820 tiis,
1254 792 1332 812 cum
1354 791 1394 812 ex
1420 780 1553 823 templo
1578 779 1782 813 WVimariae
1805 782 1841 814 in
1869 782 1977 814 natali
2001 779 2134 816 Christi

1142 832 1212 864 duo
1235 830 1376 871 fratres,
1410 836 1441 863 et
1460 831 1551 863 filius
1568 829 1646 863 Dux
1665 831 1813 865 Ioannes
1829 833 2032 865 Fridericus
2052 845 2134 873 nna,

1143 888 1219 926 post
1245 881 1395 913 mediam
1422 888 1577 921 noctem,
1618 889 1657 915 nt
1683 894 1805 925 magna
1830 884 1866 915 in
1889 890 2038 928 utroque
2063 890 2135 917 erat

1142 932 1337 965 reverentia
1356 943 1433 974 erga
1452 944 1505 964 res
1525 932 1682 971 divinas,
1714 934 1944 975 egrediuntur
1967 946 2046 967 cum
2064 934 2134 967 sre-

1142 983 1262 1028 quenti
1282 983 1469 1023 comitatu,
1499 983 1618 1016 vident
1637 995 1740 1027 snpra
1760 996 1872 1017 arcem
1886 1012 1894 1025 ‚
1922 985 2019 1018 coelo
2041 996 2134 1018 sere-

1142 1046 1204 1074 no,
1231 1034 1421 1075 fulgentem
1442 1045 1578 1066 crucem
1601 1046 1831 1077 purpuream,
1858 1036 1940 1069 satis
1959 1047 2132 1077 magnam,

1142 1091 1173 1117 et
1191 1085 1370 1128 perspicue
1394 1095 1552 1126 expressa
1572 1084 1692 1126 figura.
1750 1084 1802 1117 lbi
1821 1098 1898 1119 cum
1918 1086 1979 1119 diu
2003 1093 2134 1120 starent

1141 1134 1280 1168 attoniti
1304 1141 1532 1178 spectatores,
1570 1135 1694 1168 fratres
1717 1136 1871 1181 colloqui
1892 1137 1934 1169 de
1963 1137 2134 1179 religione

1141 1192 1348 1229 coeperunt:
1382 1191 1413 1217 et
1440 1197 1479 1217 eo
1503 1185 1601 1227 signo
1625 1186 1788 1229 portendi
1807 1188 1923 1220 futura
1942 1188 2133 1221 certamina

1141 1237 1182 1269 de
1207 1235 1386 1275 doctrina,
1412 1242 1445 1269 et
1470 1236 1595 1268 domus
1623 1236 1815 1270 saxonicae
1841 1237 2014 1281 pericula,
2043 1238 2133 1271 vati—

1140 1286 1247 1319 cinati
1265 1293 1356 1319 sunt.
1412 1284 1550 1320 Accidit
1569 1287 1673 1319 etiam
1699 1288 1769 1319 illis
1785 1289 1904 1328 annis,
1930 1295 1970 1322 ut
1994 1301 2072 1321 cum
2092 1300 2132 1321 ex

1141 1337 1281 1379 Argelia
1306 1337 1342 1369 in
1369 1334 1453 1370 Albi
1483 1337 1689 1380 navigarent
1716 1338 1963 1381 XVitebergam
1995 1339 2031 1371 in
2058 1339 2132 1382 ipsa

1141 1389 1283 1425 bruma,
1311 1387 1411 1420 navis
1436 1388 1572 1420 duriter
1592 1396 1750 1433 quassata
1774 1389 1817 1422 sit
1842 1390 1968 1433 glacie,
1998 1396 2035 1423 ut
2059 1402 2131 1422 non

1141 1450 1264 1481 parvas
1281 1438 1390 1471 moles
1406 1438 1584 1471 interdum
1602 1437 1698 1473 vehit
1710 1438 1823 1474 Albis,
1859 1440 1995 1473 Nolunt
2012 1447 2130 1473 tamen

1140 1489 1321 1533 Principes
1340 1489 1458 1521 navim
1479 1490 1522 1522 ad
1548 1490 1660 1534 ripam
1685 1491 1783 1534 prins
1802 1491 1999 1534 adplicare,
2026 1503 2131 1535 quam

1141 1538 1207 1572 huc
1233 1541 1274 1571 ad
1307 1552 1420 1573 arcem
1445 1547 1587 1573 ventum
1618 1547 1722 1574 esset:
1760 1554 1961 1586 quanquam
1992 1542 2131 1575 tabulae

1140 1590 1238 1622 navis
1256 1590 1323 1623 iam
1342 1587 1520 1623 dehiscere
1539 1591 1766 1633 incipiebant.
1820 1591 1909 1625 Cum
1927 1599 2041 1625 autem
2062 1589 2130 1625 hnc

1140 1647 1281 1674 ventum
1310 1648 1416 1681 esset,
1453 1648 1485 1674 et
1518 1642 1585 1674 iam
1614 1641 1796 1686 Principes
1825 1655 1864 1675 ex
1892 1644 1973 1675 navi
2003 1643 2130 1685 egressi

1139 1697 1272 1733 essent,
1305 1692 1510 1736 priusquam
1547 1692 1681 1737 reliqua
1717 1693 1908 1727 multitudo
1944 1694 1978 1725 in
2015 1694 2129 1736 ripam

1138 1742 1312 1782 ascendit,
1339 1742 1581 1776 dissolvuntur
1599 1743 1758 1782 tabulae,
1786 1751 1818 1777 et
1841 1745 1967 1788 passini
1992 1744 2026 1776 in
2044 1742 2128 1776 Albi

1140 1799 1271 1825 natant.
1324 1792 1426 1827 Stant
1443 1793 1546 1825 simul
1565 1794 1688 1826 fratres
1704 1794 1739 1826 in
1758 1794 1847 1837 ripa,
1874 1801 1907 1827 et
1923 1795 2078 1827 fatentur
2094 1806 2128 1827 se

1138 1843 1310 1875 divinitus
1334 1849 1487 1875 servatos
1511 1855 1593 1877 esse.
1657 1843 1858 1877 Fridericus
1882 1845 1985 1878 etiam
2014 1845 2128 1878 addit:

1110 1899 1112 1907 '
1136 1892 1282 1927 Utinam
1307 1891 1391 1925 haec
1415 1893 1514 1926 navis
1537 1906 1607 1927 non
1631 1895 1800 1937 significet
1825 1896 2046 1938 naufragium
2063 1897 2127 1928 do-

1137 1955 1215 1976 mus
1233 1943 1436 1978 Saxonicae.

1238 1993 1321 2028 Fuit
1349 2001 1465 2028 autem
1499 2002 1671 2038 postrema
1705 1996 1850 2040 epistola
1879 1996 2049 2032 Friderici
2083 1998 2127 2030 ad

1138 2047 1297 2086 fratrem,
1319 2044 1446 2090 scripta
1465 2047 1583 2079 triduo
1603 2054 1682 2080 ante
1699 2055 1866 2088 mortem,
1895 2049 1930 2080 in
1956 2048 2030 2091 ipso
2058 2048 2128 2080 ini-

1138 2096 1187 2130 tio
1211 2096 1378 2128 rusticani
1402 2097 1590 2136 tumultus,
1626 2098 1685 2142 qui
1711 2111 1782 2130 non
1808 2099 1927 2142 procul
1953 2100 1996 2131 ab
2023 2098 2127 2133 Ulma

1136 2153 1234 2180 ortus
1264 2153 1408 2190 propter
1439 2148 1661 2192 tyrannidem
1687 2147 1835 2183 Abbatis
1865 2150 2044 2182 cuiusdam
2071 2150 2127 2182 in-

1136 2198 1289 2239 signem,
1317 2204 1354 2230 ut
1379 2205 1472 2231 certo
1496 2211 1641 2231 narrare
1665 2211 1818 2243 possem,
1847 2208 2052 2243 pervagatus
2078 2208 2128 2234 est

1137 2248 1245 2280 multa
1267 2247 1479 2281 Germaniae
1495 2249 1580 2283 loca.
1624 2248 1663 2282 In
1684 2247 1746 2282 hac
1763 2251 1906 2294 epistola
1925 2251 2127 2284 consolatur

1138 2299 1297 2337 fratrem,
1325 2306 1443 2332 narrat
1460 2299 1579 2331 divina
1599 2300 1782 2333 clementia
1804 2301 1838 2333 in
1856 2301 1974 2334 multis
1991 2302 2126 2344 magnis

1138 2349 1301 2393 periculis
1326 2361 1360 2381 se
1384 2356 1415 2381 et
1439 2350 1580 2382 fratrem
1607 2357 1760 2384 servatos
1783 2363 1877 2391 esse,
1910 2352 1984 2384 sore
2011 2350 2124 2385 Deum

1137 2401 1315 2433 custodem
1336 2397 1440 2431 huius
1463 2401 1616 2443 regionis
1638 2401 1740 2434 etiam
1761 2402 1938 2446 deinceps,
1966 2415 2027 2435 nec
2047 2403 2125 2435 lon-

1137 2462 1217 2493 gum
1234 2451 1305 2482 sore
1324 2447 1416 2482 hunc
1432 2463 1584 2483 errorem
1602 2452 1728 2494 plebis:
1756 2454 1813 2485 sed
1832 2454 2026 2486 curandum
2043 2464 2126 2491 esse,

1137 2559 1269 2586 rentur.
1330 2549 1375 2584 Et
1404 2559 1439 2584 ut
1471 2552 1541 2595 ipse
1572 2550 1697 2587 habeat
1722 2555 1913 2597 praesidia,
1951 2561 1979 2585 et
2008 2553 2125 2595 paucis

1138 2602 1310 2643 castigatis
1327 2609 1479 2644 parceret
1498 2603 1727 2636 multitudini.
1764 2605 1898 2638 Deinde
1913 2605 1979 2645 agit
1997 2603 2125 2645 gratias

1139 2665 1200 2697 pro
1219 2660 1383 2696 perpetua
1403 2653 1659 2693 benevolentia,
1687 2663 1717 2688 et
1736 2655 1905 2697 significat
1925 2654 1990 2685 iain
2010 2653 2125 2686 morbi

1137 2704 1284 2736 saevicia
1304 2710 1450 2737 naturae
1470 2705 1560 2737 vires
1578 2712 1755 2748 superatas
1773 2717 1854 2740 esse.
1908 2704 1975 2737 Sed
1994 2704 2029 2736 in
2048 2715 2126 2737 coe-
