2338 2958
85 149 160 185 906

464 148 622 184 DECL.
656 149 730 185 DE
763 147 966 184 DICTO:
1003 147 1171 184 NEMO
1204 148 1422 186 RAPIET
1460 148 1612 186 OVES
1646 159 1729 186 ETC.

2047 151 2120 187 906

187 234 316 278 Magna
342 235 379 267 in
403 235 569 269 omnibus
598 233 803 269 hominibus
821 235 926 269 etiam
943 234 1079 267 medio-
1129 247 1246 269 meum
1264 236 1436 278 servabit,
1462 243 1494 270 et
1511 243 1610 281 pater
1626 247 1724 270 meus
1741 235 1865 279 diliget
1889 247 1986 275 eum,
2015 245 2047 271 et
2065 249 2124 271 ve-

83 287 202 321 cribus
225 286 335 328 caligo
360 293 425 320 est:
454 299 526 319 non
554 287 730 320 cernimus
747 292 919 332 quantum
943 285 1077 318 malum

83 339 127 372 sit
152 344 348 382 peccatum,
378 349 441 370 nec
460 349 524 370 nos
545 338 638 382 ipsos
662 339 749 371 adeo
767 337 937 381 flagitiose
956 342 1074 370 conta-

82 389 233 422 minatos
269 399 339 420 esse
374 388 587 429 iudicamus,
626 389 730 421 nobis
765 388 831 432 ipsi
859 387 1077 427 blandimur,

81 439 283 484 praesertim
309 439 391 483 quia
414 439 611 473 doctrinam
628 440 671 472 de
687 438 761 472 Deo
789 438 967 482 puriorem
993 449 1077 481 pro-

80 491 229 524 fitemur,
273 488 407 522 Interea
426 491 535 523 securi
555 490 744 529 stertimus,
773 489 997 532 indulgemus
1014 487 1074 520 alii

80 541 160 574 aliis
182 541 454 584 cupiditatibus,
487 553 558 573 non
585 541 769 573 adficimur
785 541 907 573 dolore
932 546 1075 582 propter

81 598 239 625 nostram
259 591 542 629 immundiciem,
569 598 711 636 propter
724 590 900 625 Ecclesiae
918 590 1073 630 morbos,

79 649 223 687 propter
245 643 394 675 fratrum
420 654 620 682 aerumnas,
658 654 729 675 non
755 642 853 675 ardet
884 640 1073 681 invocatio,

77 694 180 736 friget
197 705 278 726 cura
297 693 452 726 discendi
470 699 501 726 et
519 694 690 735 regendae
706 692 928 736 disciplinae:
957 703 1072 737 neque

78 756 188 789 pauca
205 750 285 777 sunt
301 750 358 777 tua
376 750 408 776 et
424 755 498 776 mea
517 751 548 776 et
566 743 802 787 plurimorum
820 743 972 776 aliorum
991 755 1071 786 pec—

78 801 172 836 cata,
198 801 341 838 propter
359 806 446 839 quae
461 794 563 827 nobis
584 806 715 837 poenae
731 794 967 827 cumulantur.

180 844 377 879 Flectamus
394 845 500 888 igitur
517 845 653 878 animos
671 846 712 878 ad
734 844 1008 889 poenitentiam,
1036 851 1070 878 et

77 897 280 930 intueamur
303 896 414 928 filium
433 894 515 935 Dei,
551 908 654 941 quem
677 896 911 929 certissimum
934 901 984 928 est
1002 895 1069 927 mi-

75 948 188 981 rando
214 947 361 980 consilio
386 947 583 980 divinitatis
608 947 825 991 propositum
851 958 922 979 esse
949 946 1068 989 generi

75 996 252 1038 humano,
279 1005 319 1031 ut
335 998 378 1030 sit
397 1006 511 1031 custos
529 1005 560 1031 et
578 1005 736 1031 servator
754 997 931 1031 Ecclesiae
948 1008 1041 1032 suae.

177 1048 248 1082 Nec
268 1048 423 1082 miserias
442 1055 597 1087 nostras,
625 1061 688 1082 nec
705 1048 860 1092 pericula
873 1075 882 1088 ‚
910 1060 973 1081 nec
992 1059 1068 1080 sae—

75 1100 196 1134 vitiam
213 1097 385 1140 hostium,
412 1100 480 1132 nisi
500 1107 577 1143 post
592 1106 736 1132 eventus
754 1099 988 1139 tristissimos,
1012 1109 1066 1131 sa-

75 1151 120 1184 tis
145 1152 338 1184 cernimus:
381 1151 440 1183 sed
472 1157 587 1183 tamen
615 1150 660 1183 ita
686 1150 894 1193 cogitemus,
928 1160 1067 1182 necesse

75 1209 125 1236 est
142 1213 284 1245 magnas
307 1201 519 1234 calamitates
537 1212 625 1241 esse,
653 1207 686 1234 et
708 1198 922 1233 horrendam
940 1206 1065 1244 poten-

75 1254 171 1293 tiam,
199 1259 231 1286 et
248 1252 380 1285 rabiem
399 1249 552 1285 hostium
565 1279 573 1291 ‚
602 1264 679 1284 cum
697 1258 816 1285 tantus
832 1257 946 1285 custos
962 1251 1066 1283 nobis

74 1305 176 1337 datus
193 1303 251 1343 sit,
280 1302 411 1335 scilicet
426 1303 519 1335 filius
536 1301 613 1337 Dei.
648 1301 716 1335 Hic
731 1314 810 1335 cum
828 1302 931 1341 dicat,
954 1301 1065 1335 Nemo

75 1354 185 1398 rapiet
216 1365 297 1386 oves
320 1364 414 1385 meas
445 1365 485 1386 ex
513 1354 678 1386 manibus
701 1354 802 1386 meis:
836 1353 1008 1396 significat
1029 1363 1065 1385 se

74 1417 146 1438 non
171 1405 327 1437 ociosum
353 1415 424 1436 esse
441 1410 669 1448 spectatorem
687 1411 886 1437 nostrarum
905 1403 1065 1436 miseria-

73 1467 171 1496 rum,
204 1455 263 1488 sed
289 1466 412 1498 magna
438 1461 471 1488 et
492 1455 630 1488 assidua
654 1455 843 1489 certamina
867 1466 952 1490 esse.
1006 1452 1065 1486 ln-

72 1507 191 1540 cendit
213 1505 374 1539 diabolus
398 1505 516 1550 aliqua
541 1517 601 1539 sua
624 1518 773 1549 organa,
805 1512 845 1539 ut
866 1502 1065 1539 distrahant

71 1555 285 1597 Ecclesiam,
320 1563 378 1590 aut
400 1557 600 1590 societatem
624 1557 822 1601 politicam,
854 1563 895 1590 ut
913 1567 1065 1601 sequan—

72 1615 131 1642 tur
146 1607 304 1640 infinitae
328 1608 568 1648 confusiones,
597 1616 630 1641 et
644 1608 773 1641 deinde
790 1607 932 1640 vastitas
947 1604 1065 1640 ethni—

72 1671 127 1692 ca:
155 1660 214 1692 sed
244 1659 336 1691 filius
351 1657 416 1691 Dei
443 1658 541 1703 quasi
569 1658 607 1691 in
624 1658 788 1692 manibus
810 1657 966 1691 retinens
985 1669 1063 1690 coe-

72 1717 146 1744 tum
165 1722 182 1742 a
199 1721 268 1754 quo
286 1709 481 1749 invocatur,
508 1720 569 1742 sua
589 1709 758 1742 immensa
777 1709 933 1753 potentia
950 1708 1064 1751 repri-

71 1761 135 1795 mit
158 1760 336 1799 diabolos,
375 1766 408 1793 et
435 1760 637 1803 profligatos
661 1760 825 1804 depellit,
860 1765 894 1792 et
921 1760 1063 1793 tandem

70 1818 222 1845 tartareo
247 1810 376 1843 carceri
401 1810 556 1843 inclusos
580 1811 617 1842 in
642 1811 740 1844 omni
758 1810 962 1845 aeternitate
980 1807 1064 1842 hor-

71 1862 191 1896 rendis
210 1860 393 1905 suppliciis
411 1860 560 1895 adficiet.

173 1911 275 1945 Hanc
293 1911 568 1944 consolationem
584 1917 618 1944 et
632 1911 674 1944 de
688 1910 869 1944 communi
886 1908 1063 1944 Ecclesiae

71 1970 190 2002 coetu,
217 1969 251 1995 et
270 1963 313 1995 de
329 1961 433 1995 nobis
450 1961 553 2005 ipsis,
579 1961 710 2005 singuli
727 1968 919 1995 teneamus.

171 2013 261 2047 Cum
278 2013 316 2045 in
330 2010 385 2046 his
402 2012 589 2045 discordiis
613 2019 646 2045 et
673 2012 775 2045 bellis
798 2012 1013 2055 conflagrare
1030 2018 1064 2046 et

69 2076 170 2099 ruere
192 2064 340 2108 imperia
356 2063 534 2101 videmus,
563 2063 731 2096 intuearis
755 2063 866 2096 filium
885 2061 951 2096 Dei
966 2069 1064 2096 stan-

69 2123 137 2150 tem
155 2116 192 2148 in
211 2127 339 2148 arcano
357 2114 504 2148 consilio
522 2114 717 2148 divinitatis
730 2141 740 2155 ‚
767 2120 799 2147 et
822 2120 1061 2158 protegentem

69 2178 130 2200 sua
155 2166 314 2210 agmina,
340 2172 373 2199 et
390 2165 486 2199 velut
510 2165 676 2198 manibus
697 2171 888 2208 gestantem
907 2164 1063 2199 infirmas

69 2217 237 2253 oviculas.
299 2215 356 2250 Ab
379 2214 447 2250 hoc
471 2222 603 2250 statuas
627 2222 660 2249 te
695 2227 836 2261 quoque
865 2215 1002 2260 protegi
1029 2222 1062 2250 et

71 2269 215 2303 servari.

170 2318 241 2353 Sed
258 2317 403 2363 quidam
419 2330 492 2350 non
510 2323 603 2351 recte
619 2316 774 2351 instituti
792 2314 849 2351 hic
867 2317 1063 2351 vociferan-

68 2377 136 2404 tur.
173 2367 340 2413 Optarim
357 2368 500 2413 quidem
520 2375 617 2402 tanto
633 2380 689 2401 me
706 2369 842 2402 custodi
861 2380 964 2401 curae
978 2379 1062 2412 esse,

68 2421 129 2454 sed
152 2431 231 2454 suas
254 2420 315 2453 ille
342 2430 424 2453 oves
443 2426 572 2453 tuetur.
627 2417 704 2463 Ego
723 2431 767 2452 an
787 2416 869 2453 huic
887 2419 983 2463 gregi
999 2431 1063 2452 an-

68 2471 310 2506 numerandus
327 2470 411 2510 sim,
439 2470 568 2505 nescio.

170 2521 263 2556 Huic
300 2521 515 2555 dubitationi
546 2520 829 2555 constantissime
862 2531 1063 2564 repugnan-

67 2575 153 2607 dum
177 2580 238 2607 est.
290 2571 379 2606 Nam
407 2572 480 2616 ipse
497 2572 662 2605 dominus
686 2572 724 2604 in
747 2572 867 2604 eadem
892 2571 1062 2605 concione

67 2625 249 2662 adfirmat,
282 2623 461 2657 nominari
498 2633 598 2661 oves,
635 2629 807 2667 quotquot
846 2622 997 2657 audiunt
1030 2629 1062 2657 et

66 2676 134 2709 fide
160 2674 421 2718 amplectuntur
444 2686 563 2707 vocem
582 2672 788 2717 Evangelii,
815 2673 905 2707 sicut
925 2680 956 2707 et
974 2674 1059 2707 alibi

67 2737 222 2771 expresse
250 2725 397 2759 dicitur:
434 2724 474 2759 Si
506 2725 584 2771 quis
607 2724 724 2768 diligit
753 2735 827 2767 me,
863 2735 1059 2758 sermonem

1128 287 1266 319 niemus
1292 288 1334 319 ad
1361 299 1460 327 eum,
1494 294 1526 320 et
1549 288 1767 321 mansionem
1794 288 1886 331 apud
1912 298 1990 318 eum
2016 288 2122 321 facie—

1129 348 1215 370 muS.
1269 336 1335 371 Irlis
1360 338 1516 371 immotis
1533 339 1685 371 oraculis
1702 339 1765 371 filii
1784 337 1848 371 Dei
1868 337 2036 370 adsentiri
2060 350 2121 371 ne-

1126 399 1218 420 cesse
1235 395 1295 421 est.
1349 387 1421 421 Nec
1437 395 1469 421 te
1487 389 1559 432 ipse
1575 401 1614 421 ex
1634 387 1698 422 hoc
1721 389 1838 422 foelici
1856 400 1957 431 grege
1975 395 2033 421 tua
2053 390 2120 422 du-

1125 438 1297 471 bitatione
1320 439 1515 479 excludito,
1543 452 1631 484 quae
1659 440 1773 473 oritur
1789 452 1826 472 ex
1851 439 1981 473 iustitia
1998 437 2118 472 Evan-

1125 489 1218 532 gelii.
1267 488 1348 522 Non
1364 496 1454 523 recte
1471 489 1677 523 discernunt
1696 491 1805 533 legem
1824 497 1855 523 et
1872 489 2118 532 Ewugelium,

1124 539 1185 585 qui
1211 539 1365 582 cogitant
1391 551 1427 572 se
1450 552 1524 573 non
1547 552 1619 573 esse
1641 552 1742 583 oves,
1770 541 1850 585 quia
1871 541 1940 574 sint
1967 541 2114 583 indigni.

1124 589 1200 623 lmo
1226 588 1309 624 haec
1331 591 1524 624 consolatio
1550 591 1726 636 proposita
1750 598 1816 631 est,
1845 603 1907 624 nos
1929 603 2007 623 vere
2031 604 2115 635 pro-

1123 648 1200 686 pter
1219 642 1330 674 filium
1349 639 1416 674 Dei
1433 642 1540 685 gratis
1558 642 1683 686 recipi,
1710 654 1783 675 non
1802 649 1944 686 propter
1962 642 2115 684 dignita—

1123 700 1192 727 tem
1209 700 1377 733 nostram,
1399 693 1470 725 sola
1488 693 1567 733 fide,
1596 693 1676 738 quia
1696 705 1816 726 sumus
1835 693 1971 735 indigni
1990 700 2021 725 et
2038 705 2113 725 sor-

1121 743 1216 782 didi,
1243 750 1276 777 et
1299 744 1422 787 procul
1450 756 1468 776 a
1492 744 1704 787 perfectione
1728 744 1812 787 legis
1836 745 2012 776 absumus.
2068 743 2113 778 Et

1120 794 1307 838 promissio
1335 795 1546 827 universalis
1583 802 1651 837 est,
1691 802 1730 828 ut
1760 794 1877 840 inquit
1911 794 2003 827 filius
2029 793 2111 827 Dei:

1121 845 1248 879 Venite
1264 846 1306 878 ad
1325 857 1379 878 me
1397 857 1529 887 omne5‚
1557 847 1618 891 qui
1637 847 1803 879 laboratis
1821 853 1853 879 et
1872 845 2006 878 onerati
2024 846 2114 885 estis,

1120 903 1151 930 et
1172 907 1234 940 ego
1255 896 1407 929 reficiam
1427 909 1499 930 vos.

1221 947 1448 982 Severissime
1472 947 1640 992 praecipit
1663 954 1826 981 aeternus
1849 954 1967 991 pater,
1997 947 2111 981 audiri

1118 998 1247 1031 fllium:
1289 1005 1322 1032 et
1357 999 1519 1032 omnium
1553 999 1722 1032 scelerum
1759 999 2014 1032 atrocissimum
2053 1006 2113 1037 est,

1118 1049 1298 1093 aspernari
1323 1049 1454 1088 filium,
1491 1060 1555 1082 nec
1580 1048 1748 1082 adsentiri
1775 1050 1850 1082 eius
1873 1049 1963 1085 voci,
2017 1047 2112 1082 llaec

1117 1100 1283 1133 omnibus
1307 1111 1408 1144 saepe
1424 1100 1647 1145 multumque
1672 1100 1856 1142 cogitanda
1876 1107 1977 1140 sunt,
2005 1106 2037 1132 et
2055 1112 2112 1132 ac-

1117 1151 1368 1196 quiescendum
1386 1157 1436 1185 est
1453 1151 1490 1183 in
1508 1148 1572 1184 hac
1590 1151 1771 1184 voluntate
1787 1150 1871 1192 Dei,
1899 1162 2002 1196 quam
2019 1150 2111 1183 filius

1117 1202 1289 1246 patefecit.

1216 1250 1366 1285 Etiamsi
1390 1251 1426 1284 in
1451 1252 1558 1285 tantis
1582 1252 1694 1285 ruinis
1719 1252 1829 1285 multa
1849 1252 1960 1285 tristia
1978 1259 2111 1296 specta-

1117 1303 1194 1336 cula
1213 1303 1249 1335 in
1267 1303 1386 1336 oculos
1403 1302 1603 1343 incurrunt,
1628 1310 1661 1336 et
1677 1303 1849 1336 laceratur
1864 1301 2020 1336 Ecclesia
2037 1303 2111 1336 dis—

1117 1354 1216 1387 sidiis
1243 1360 1276 1387 et
1299 1354 1406 1394 odiis,
1441 1360 1474 1387 et
1497 1354 1627 1387 multae
1654 1355 1825 1387 accedunt
1845 1354 2054 1387 domesticae
2077 1361 2110 1388 et

1117 1405 1278 1449 publicae
1302 1404 1533 1445 calamitates,
1562 1413 1679 1439 tamen
1702 1417 1773 1437 non
1798 1405 1970 1448 frangaris
1987 1406 2109 1448 despe-

1116 1456 1269 1489 ratione:
1297 1457 1356 1488 sed
1375 1456 1462 1489 scias
1480 1463 1512 1489 te
1537 1453 1664 1490 habere
1691 1457 1870 1489 custodem
1891 1462 1923 1489 et
1947 1456 2109 1489 defenso-

1116 1519 1189 1540 rem
1210 1506 1321 1539 filium
1340 1505 1424 1547 Dei,
1451 1507 1511 1552 qui
1531 1519 1603 1540 non
1618 1505 1830 1545 Ecclesiam,
1857 1519 1930 1540 non
1954 1514 2006 1549 te,
2035 1518 2108 1539 non

1116 1564 1210 1591 tuam
1230 1557 1457 1590 domesticam
1480 1556 1673 1591 Ecclesiam
1699 1570 1738 1590 ex
1765 1558 1928 1591 manibus
1945 1557 2016 1591 suis
2033 1557 2108 1590 ullo

1115 1608 1248 1642 diaboli
1265 1608 1386 1641 furore
1402 1608 1477 1653 rapi
1496 1608 1659 1653 patietur.

1217 1658 1394 1702 Confugio
1420 1659 1528 1702 igitur
1554 1666 1628 1693 toto
1657 1666 1797 1704 pectore
1822 1660 1864 1693 ad
1896 1659 2006 1692 filium
2033 1657 2108 1699 Dei,

1115 1710 1312 1743 Dominum
1343 1717 1502 1747 nostrum
1531 1709 1644 1743 Iesum
1667 1709 1868 1749 Christum,
1904 1710 2107 1743 crucifixum

1116 1772 1179 1804 pro
1196 1760 1301 1793 nobis
1316 1767 1348 1793 et
1363 1761 1618 1801 resuscitatum,
1646 1768 1679 1795 et
1694 1763 1870 1795 sedentem
1889 1763 1930 1794 ad
1948 1762 2107 1794 dextram

1115 1811 1249 1844 aeterni
1276 1811 1402 1854 patris,
1436 1818 1473 1844 ut
1497 1812 1588 1844 dona
1614 1812 1673 1846 det
1697 1810 1920 1845 hominihus:
1956 1823 2106 1856 eumque

1115 1873 1198 1899 oro,
1227 1868 1265 1894 ut
1293 1858 1354 1894 has
1372 1859 1598 1905 Ecclesiulas,
1626 1869 1658 1895 ct
1682 1876 1735 1897 me
1762 1863 1796 1895 in
1823 1863 1871 1896 eis
1895 1869 2053 1907 protegat
2074 1868 2107 1895 et

1114 1913 1297 1955 gubernet.

1217 1961 1334 1996 Aliam
1360 1963 1636 1997 consolationem
1666 1965 1802 1997 firmam
1826 1965 1862 1997 in
1889 1971 1987 1998 tanto
2012 1964 2108 1998 orbis

1114 2021 1287 2048 terrarum
1310 2014 1474 2048 incendio
1499 2015 1634 2049 nullam
1654 2016 1767 2051 video.
1821 2014 1895 2049 Alii
1921 2016 2006 2049 alias
2030 2027 2107 2060 spes

1115 2062 1267 2105 habent,
1303 2072 1335 2099 et
1360 2065 1427 2099 alia
1453 2066 1625 2110 praesidia
1654 2073 1770 2100 mente
1792 2073 1981 2112 quaerunt:
2019 2078 2107 2112 quae

1114 2116 1373 2161 qualiacunque
1388 2123 1502 2157 erunt,
1523 2124 1639 2151 tamen
1657 2115 1743 2151 haec
1760 2117 1951 2151 consolatio
1970 2117 2108 2157 rectior,

1114 2173 1146 2200 et
1171 2164 1265 2199 haud
1293 2167 1400 2200 dubie
1425 2167 1598 2201 efficacior
1620 2174 1688 2209 est,
1721 2170 1908 2211 confugere
1930 2169 1973 2201 ad
1995 2168 2106 2201 filium

1113 2216 1197 2258 Dei,
1232 2223 1266 2250 et
1290 2218 1334 2251 ab
1358 2218 1433 2262 ipso
1459 2226 1575 2262 petere
1599 2225 1633 2252 et
1663 2226 1842 2263 expectare
1873 2220 2043 2254 auxilium
2074 2225 2107 2251 et

1114 2268 1370 2302 liberationem.

1213 2318 1285 2352 Nec
1302 2326 1405 2353 erunt
1424 2319 1523 2353 irrita
1548 2317 1633 2353 haec
1652 2327 1742 2353 vota.
1800 2320 1882 2354 Ideo
1900 2321 1993 2354 enim
2011 2329 2105 2355 tanta

1114 2369 1206 2401 mole
1223 2370 1460 2413 periculorum
1485 2371 1619 2403 onerati
1637 2383 1775 2410 sumus,
1803 2379 1841 2406 nt
1859 2384 1936 2405 cum
1962 2373 2107 2406 inextri-

1113 2420 1239 2453 cabilia
1271 2418 1434 2454 humanis
1466 2422 1623 2454 consiliis
1655 2423 1838 2464 accidunt,
1879 2434 2106 2467 agnoscamus

1114 2471 1319 2504 immensam
1337 2470 1402 2504 Dei
1419 2472 1611 2505 bonitatem
1629 2480 1660 2505 et
1678 2475 1922 2517 praesentiam,
1952 2475 2010 2519 qui
2026 2485 2109 2516 pro-

1114 2528 1190 2566 pter
1207 2522 1317 2555 filium
1337 2529 1370 2555 et
1386 2534 1449 2566 per
1463 2523 1574 2555 filium
1593 2524 1696 2556 nobis
1710 2525 1915 2568 opitulatur.
1969 2524 2054 2557 Vult
2072 2535 2107 2556 se

1114 2572 1268 2616 conspici
1292 2571 1387 2606 Deus
1412 2573 1448 2605 in
1478 2573 1608 2607 talibus
1633 2575 1921 2615 liberationibus,
1956 2575 2042 2607 sicut
2071 2574 2106 2607 in

1114 2623 1325 2657 liberatione
1344 2624 1543 2668 primorum
1562 2633 1757 2669 parentum,
1785 2627 1845 2671 qui
1865 2633 1940 2670 post
1958 2626 2108 2669 lapsum,

1114 2686 1192 2707 cum
1217 2675 1261 2707 ab
1283 2675 1449 2708 omnibus
1475 2676 1643 2710 creaturis
1664 2677 1790 2710 deserti
1810 2683 1944 2719 essent,
1972 2682 2106 2709 tantum

1114 2725 1236 2758 divina
1259 2737 1325 2770 ope
1350 2726 1504 2760 restituti
1526 2733 1621 2761 sunt.
1675 2726 1725 2761 Ita
1749 2733 1883 2761 servata
1909 2734 1958 2761 est
1974 2727 2107 2761 familia
