2338 2958
192 150 267 188 659

209 236 276 270 No.
295 235 355 270 79.

430 332 504 372 De
535 327 630 370 Dei
660 324 953 366 invocatione.

268 422 298 446 In
313 421 461 445 Declamat.
480 418 513 443 Τ.
528 417 578 442 ΙΙΙ.
596 425 623 449 p.
635 413 686 440 638
698 423 765 447 sqq„
783 413 811 438 in
829 412 946 438 Servest.
966 410 1000 437 Τ.
1015 409 1061 438 tlt.
1079 418 1106 443 p.
1120 410 1180 435 600.

300 459 326 479 et
343 454 412 487 apud
431 451 555 478 Richard.
572 451 604 475 T.
620 449 664 474 ltt.
683 456 708 481 p.
723 447 783 473 283.
802 462 835 466 —
872 445 963 471 netuli
982 444 1055 470 hanc
1079 446 1183 470 oratio-

298 488 473 548 :ieneaaziiearrgi-
485 485 561 546 Ῑῖζῖἰι,
574 488 738 551 ἓὶοξῖεὲὧεῗ,
759 490 827 515 quae
842 480 968 514 leguntur
981 481 1008 506 in
1023 478 1088 505 Met.
1105 477 1182 512 epist.

346 601 472 634 Oratio
502 597 547 632 de
573 607 661 631 vera
690 596 764 629 Dei
792 595 1035 628 invocatione.

200 669 380 708 Existimo
411 677 553 715 propter
585 669 712 702 multas
745 678 865 700 causas
897 664 1089 699 Ecclesiam
1120 662 1187 697 Dei

202 723 367 757 omnibus
385 721 530 755 saeculis
552 718 617 752 hoc
639 717 723 751 anni
740 723 916 760 tempore,
947 716 983 748 id
1003 722 1070 755 est,
1096 714 1188 746 veris

202 774 304 806 initio
321 774 364 805 ad
381 769 695 805 considerationem
719 767 953 799 maximorum
970 776 1116 809 operum
1134 764 1188 796 di-

201 825 386 862 vinorum‚
412 833 499 866 quae
523 832 562 852 eo
586 826 741 861 tempore
759 817 848 849 facta
865 822 967 856 sunt,
991 815 1129 858 saepius
1145 814 1187 846 ad

203 872 359 907 coelestis
385 871 564 905 doctrinae
589 867 875 912 explicationem,
910 872 943 898 et
966 866 1008 898 ad
1033 865 1190 908 publicas

202 923 419 968 precationes
445 919 666 957 convenisse,
693 924 725 951 et
742 916 921 950 accessisse
939 916 1027 948 ritus
1044 915 1191 959 aliquos,

203 980 262 1007 aut
281 972 440 1006 exercitia
454 968 715 1013 temperantiae,
742 973 781 1000 ut
801 978 838 999 ea
858 966 958 1011 quasi
975 972 1076 1004 nota,
1102 971 1192 998 tem-

203 1035 269 1068 pus
285 1022 490 1064 insignitum
511 1026 606 1053 esset.

306 1072 394 1105 Nam
414 1071 517 1104 initio
543 1068 636 1102 veris
659 1067 840 1101 conditum
860 1077 932 1099 esse
956 1066 1129 1099 mundum
1152 1076 1191 1097 eo

206 1122 438 1161 existimatur,
465 1120 547 1165 quia
563 1118 746 1152 exordium
762 1116 847 1150 anni
869 1117 907 1149 in
923 1122 1056 1149 vetusta
1071 1113 1193 1148 Eccle-

206 1174 256 1207 sia
273 1172 340 1206 suit
357 1171 513 1215 proxima
531 1168 752 1214 aequinoctio
767 1179 889 1206 verno,
916 1166 1010 1199 Solis
1026 1172 1056 1198 et
1071 1165 1194 1198 Lunae

207 1222 424 1257 coniunctim
467 1219 603 1253 Eodem
620 1229 738 1250 mense
753 1218 790 1249 in
804 1228 919 1249 arcam
937 1213 1040 1248 Noba
1059 1215 1194 1257 ingres-

208 1285 266 1307 sus
287 1279 354 1312 est,
382 1278 414 1304 et
440 1270 649 1303 circumacto
674 1278 767 1300 anno
791 1278 831 1299 ex
854 1277 932 1299 arca
960 1275 1136 1308 egressus,
1161 1269 1196 1296 et

209 1336 249 1357 ex
263 1322 355 1356 tristi
373 1320 547 1365 squallore
564 1319 716 1352 mundus
739 1324 927 1350 renovatus
945 1322 1007 1350 est.
1059 1313 1194 1347 Eodem

208 1384 326 1407 mense
343 1384 381 1405 ex
399 1370 557 1414 Aegypto
575 1370 695 1401 educta
713 1373 761 1399 est
777 1365 946 1406 Ecclesia,
972 1366 1008 1397 in
1027 1376 1094 1409 qua
1111 1365 1197 1397 edu-

210 1424 324 1457 ctione
354 1421 448 1455 Deus
481 1419 677 1453 illustribus
711 1416 921 1450 testimoniis
957 1427 992 1449 se
1025 1414 1196 1459 patefecit.

210 1472 346 1507 Eodem
361 1483 479 1504 mense
495 1476 681 1512 conceptus
701 1467 801 1500 estin
819 1467 897 1499 alvo
916 1473 1074 1499 materno
1085 1464 1197 1498 Filius

214 1523 294 1564 Dei,
328 1530 360 1557 et
382 1520 483 1554 initio
502 1520 584 1553 anni
604 1517 768 1553 tricesimi
785 1517 919 1561 quarti,
952 1522 1068 1560 postea
1095 1514 1196 1547 victi—

211 1586 268 1607 ma
287 1586 349 1617 pro
378 1571 481 1605 nobis
505 1571 540 1603 in
567 1581 667 1603 cruce
692 1569 801 1600 sactus
821 1573 889 1605 est,
918 1573 949 1599 et
977 1565 1199 1598 resuscitatus

213 1623 365 1658 ostendit
381 1621 557 1655 Ecclesiae
582 1618 753 1662 gloriosae
774 1624 807 1650 et
834 1617 924 1649 vitae
946 1623 1107 1648 aeternae
1130 1615 1199 1646 ini-

214 1675 272 1708 tia.
326 1672 433 1705 Multi
455 1671 578 1703 eodem
597 1679 714 1701 mense
734 1673 767 1699 et
786 1666 875 1699 Abel
900 1666 1141 1705 intersectum,
1168 1671 1201 1697 et

215 1725 371 1758 oblatum
389 1733 460 1754 esse
479 1719 572 1753 Isaac
590 1719 816 1752 arbitrantur.

316 1772 450 1806 Harum
484 1770 715 1802 maximarum
752 1778 868 1799 rerum
895 1763 1090 1798 recordatio
1123 1775 1201 1797 cum

216 1825 332 1863 fieret,
359 1819 447 1854 nihil
467 1821 594 1853 mirum
612 1825 662 1851 est
677 1828 813 1860 semper
829 1815 946 1861 aliqua
964 1815 1021 1860 pia
1040 1814 1203 1847 exercitia

217 1875 310 1908 diem
328 1869 515 1906 paschatos
535 1867 768 1914 praecessisse.

330 1920 578 1966 Temperantia
621 1919 730 1961 igitur
769 1916 924 1950 severior
970 1914 1103 1947 indicta
1143 1919 1203 1948 est.

218 1975 355 2010 Deinde
378 1984 450 2006 non
478 1979 546 2004 tarn
565 1968 812 2013 superstitione
829 1978 933 2011 qnam
959 1965 1096 1998 inscitia
1117 1965 1205 1998 ritus

221 2031 420 2062 creverunt,
455 2022 583 2066 quibus
605 2031 699 2052 nnnc
726 2018 868 2051 mutatis
891 2028 955 2048 nos
979 2015 1015 2047 in
1039 2012 1207 2053 Ecclesia,

223 2090 292 2109 non
320 2082 356 2108 ut
381 2074 502 2116 vulgus
526 2071 624 2109 facit,
651 2081 720 2102 una
746 2079 823 2100 cnm
851 2067 978 2100 ritibus
1002 2065 1206 2098 abiiciamus

223 2140 301 2159 vera
322 2124 457 2168 pietatis
475 2121 650 2155 exercitia:
678 2120 735 2152 sed
755 2118 850 2150 illam
872 2117 1033 2150 nltimam
1051 2115 1207 2159 antiqni-

225 2185 327 2209 tatetn
349 2174 544 2209 innitentur,
573 2171 731 2203 miranda
751 2168 812 2202 Dei
838 2167 1003 2200 beneficia
1027 2164 1092 2199 lioc
1120 2173 1207 2199 tein-

225 2240 307 2271 pore
327 2222 500 2261 exhibita,
527 2235 595 2254 una
612 2233 690 2253 cum
713 2218 850 2252 coelesti
868 2216 1020 2251 Ecclesia
1046 2216 1207 2249 conside-

226 2288 360 2313 remus,
386 2286 473 2319 qnae
499 2273 568 2316 ipsa
592 2283 685 2304 nnnc
706 2269 861 2302 assidens
880 2268 971 2312 apnd
997 2267 1106 2299 silium
1127 2266 1209 2306 Dei,

226 2338 336 2360 :annos
358 2330 514 2358 numerat
542 2336 558 2355 a
577 2321 718 2355 condita
737 2327 807 2352 tota
826 2331 940 2351 rerum
959 2325 1100 2356 natura,
1128 2329 1208 2349 nar-

228 2385 279 2410 rat
297 2390 365 2420 qno
383 2383 535 2417 tempore
555 2373 645 2406 Deus
663 2383 696 2403 se
718 2367 889 2409 Abrahae,
918 2367 1045 2413 Moysi,
1074 2367 1208 2412 totique

228 2427 358 2470 populo
387 2424 575 2465 egredienti
607 2435 646 2455 ex
679 2420 835 2465 Aegypto
868 2418 1086 2463 patefecerit,
1122 2430 1209 2463 quae

228 2478 328 2510 fin-rit
348 2476 458 2508 oratio
475 2473 602 2507 aeterni
621 2471 732 2505 Patris
749 2472 789 2503 ad
807 2469 979 2513 Angelum
1000 2469 1148 2511 legatum
1166 2469 1207 2501 ad

229 2542 242 2558 x
255 2527 411 2567 irginem,
428 2538 512 2569 quae
531 2523 717 2556 certamina
734 2521 795 2553 filii
813 2520 875 2554 Dei
894 2521 929 2552 in
947 2520 1071 2552 ultinio
1089 2531 1208 2561 agone„

229 2586 260 2612 et
288 2576 410 2610 liarntn
437 2582 608 2607 tant-‘trinu
636 2585 750 2605 rernm
777 2571 922 2604 consilia
946 2570 1043 2612 legit,
1079 2582 1148 2602 non
1174 2569 1207 2601 in

230 2629 394 2661 arborum
413 2625 537 2667 scripta
555 2623 759 2661 corticibus,
787 2623 844 2654 sed
864 2622 899 2653 in
919 2621 992 2663 ipso
1013 2619 1076 2652 Dei
1096 2626 1209 2663 pecto-

231 2692 282 2718 re,
312 2685 340 2711 ct
361 2678 485 2709 ardens
503 2687 619 2707 autore
638 2671 720 2708 Dei.
749 2673 814 2711 agit
832 2672 861 2703 ei
881 2671 1007 2714 gratias
1025 2683 1103 2703 cum
1121 2670 1209 2703 cele-

766 137 926 177 DECL.
958 134 1033 174 DE
1065 133 1164 173 DEI
1197 127 1631 170 INVOCATIONE.

982 225 1046 264 (an.
1067 225 1177 264 1544.)
1227 220 1307 253 brat
1323 223 1355 251 et
1371 216 1521 255 invocat,
1545 222 1585 249 ut
1599 221 1712 249 servet
1726 213 1902 250 Ecclesiae
1915 215 2094 262 reliquia-s-
2121 214 2213 249 Cum

2133 130 2212 166 660

1228 270 1290 302 itta
1311 266 1453 300 coelesti
1470 264 1625 299 Ecclesia
1646 277 1710 299 nos
1733 266 2005 311 coniungamus,
2032 273 2064 300 et
2081 277 2161 300 cum
2175 276 2216 298 ea

1230 321 1399 352 immensa
1421 315 1489 350 Dei
1515 315 1681 349 beneficia
1704 315 1772 359 piis
1794 316 1972 350 mentibus
1996 316 2216 359 contemple-

1230 380 1329 408 mur,
1351 378 1485 411 nosque
1507 367 1550 399 ad
1571 366 1762 409 gratiarum
1782 365 1955 405 actionem
1980 373 2014 400 et
2042 367 2085 400 ad
2114 366 2217 399 invo-

1233 419 1407 452 cationem
1432 416 1681 457 exuscitemus,
1707 415 1975 449 commonefacit
1997 414 2052 449 his
2069 415 2136 450 Dei
2157 427 2218 460 pa-

1233 467 1481 503 tefactionibus
1491 493 1500 507 ‚
1527 477 1616 511 quae
1632 472 1726 500 certo
1743 471 1917 500 testantur
1931 477 2010 498 vere
2024 476 2133 508 genus
2148 464 2219 499 bu-

1234 530 1379 553 manum
1404 517 1436 550 ei
1461 527 1563 550 curae
1590 527 1678 549 esse:
1712 527 1934 561 nequaquam
1967 516 2061 548 enim
2090 516 2219 549 frustra

1235 569 1331 603 Deus
1347 580 1387 601 ex
1404 578 1530 600 arcana
1546 566 1607 599 illa
1623 578 1684 600 sua
1703 566 1784 599 sede
1806 566 1958 610 prodiit,
1983 577 2022 599 ac
2037 566 2220 600 nobiscum

1236 619 1338 653 toties
1358 625 1427 652 tam
1451 616 1671 653 familiariter
1695 616 1833 649 locutus
1862 623 1930 654 est,
1961 622 1996 649 et
2016 621 2086 648 tam
2112 616 2222 648 multa

1237 668 1422 714 proposuit
1438 678 1518 700 vera
1536 678 1614 710 erga
1630 679 1694 700 nos
1710 666 1977 700 benevolentiae
1992 665 2202 700 testimonia.

1342 717 1388 752 Ut
1405 718 1512 760 igitur
1529 714 1613 750 haec
1630 729 1709 750 vera
1729 716 1813 749 anni
1832 716 1973 750 exordia
1994 715 2066 749 sint
2088 714 2225 748 foelicia

1240 776 1273 803 et
1306 768 1471 802 salutaria
1500 767 1684 801 universae
1709 765 1887 800 Ecclesiae
1913 765 1980 799 Dei
2013 773 2047 799 et
2079 764 2226 809 politiis,

1241 831 1330 864 quae
1353 824 1434 851 sunt
1457 814 1609 860 hospitia
1626 816 1799 850 Ecclesiae
1817 829 1855 850 ac
1872 813 2020 850 scholae
2037 823 2176 849 nostrae
2194 821 2228 848 et

1241 869 1362 902 nobis:
1392 867 1544 911 primum
1570 867 1642 911 ipse
1668 878 1776 911 pauca
1794 867 1838 900 de
1854 866 2055 911 precatione
2070 865 2229 899 dicturus

1243 931 1339 957 sum,
1367 929 1456 962 quae
1474 929 1553 949 cum
1573 917 1755 950 audieritis
1777 928 1848 950 una
1872 928 2012 957 omnes,
2047 923 2080 951 et
2101 914 2230 959 gratias

1243 980 1384 1012 agemus
1407 967 1501 1007 Deo,
1535 973 1569 1000 et
1593 974 1672 1001 vota
1699 967 1883 1008 faciemus,
1910 974 1949 1000 ut
1973 978 2037 1000 nos
2059 967 2230 1009 gubernet

1243 1019 1338 1053 Deus
1358 1030 1396 1050 ac
1411 1023 1535 1050 servet.
1588 1016 1658 1050 Nec
1676 1029 1757 1050 vero
1776 1017 1889 1050 ullum
1913 1023 1964 1050 est
1984 1022 2228 1060 argumentum

1244 1069 1393 1113 amplius
1419 1074 1452 1101 et
1478 1068 1638 1108 uberius,
1671 1079 1776 1112 quam
1808 1067 1924 1100 dicere
1947 1067 1990 1100 de
2019 1066 2233 1110 precatione,

1246 1131 1309 1152 nec
1327 1118 1398 1152 ulla
1416 1117 1526 1149 virtus
1542 1124 1612 1157 est,
1639 1118 1681 1150 de
1698 1130 1764 1162 qua
1783 1117 1921 1160 saepius
1939 1123 1972 1150 et
1990 1116 2158 1150 libentius
2173 1126 2232 1149 co-

1246 1171 1354 1212 gitare
1386 1165 1546 1200 homines
1577 1173 1667 1199 recte
1690 1173 1915 1210 agnoscentes
1939 1166 2052 1200 Deum
2084 1171 2233 1210 oportet.

1246 1218 1340 1251 Haec
1364 1217 1459 1250 enim
1484 1217 1625 1261 proprie
1646 1217 1813 1251 discernit
1829 1214 2022 1250 Ecclesiam
2046 1217 2090 1250 ab
2117 1213 2233 1250 omni-

1248 1269 1312 1302 bus
1331 1267 1504 1311 gentibus.

1348 1316 1484 1350 Multae
1508 1321 1654 1359 possunt
1680 1325 1752 1348 esse
1780 1315 1817 1347 in
1849 1315 2093 1360 ignorantibus
2116 1326 2234 1348 veram

1248 1370 1290 1402 de
1305 1367 1380 1400 Deo
1404 1366 1599 1399 doctrinam
1624 1365 1830 1398 excellentes
1846 1367 2011 1408 virtutes,
2034 1378 2121 1412 quae
2145 1362 2236 1398 hanc

1251 1419 1389 1452 civilem
1407 1417 1513 1449 vitam
1533 1422 1565 1449 ct
1582 1415 1779 1448 societatem
1800 1423 1936 1459 regunt.

1349 1466 1464 1500 Credo
1482 1465 1737 1509 Pomponium,
1762 1464 1934 1504 Atticum,
1958 1465 2143 1506 Senecam,
2169 1463 2238 1498 Pa-

1252 1518 1434 1563 pinianum
1449 1515 1751 1556 Iurisconsultnm‚
1771 1516 1830 1560 qui
1848 1516 2020 1550 iusticiam
2031 1514 2123 1549 vitae
2139 1526 2238 1559 prae-

1252 1569 1350 1607 tulit,
1378 1580 1416 1600 ac
1439 1574 1590 1612 tyranno
1617 1566 1784 1599 cervicem
1810 1567 1994 1610 praebere,
2021 1577 2126 1611 quam
2143 1565 2239 1599 iniu-

1251 1625 1338 1651 stam
1355 1628 1491 1649 causam
1511 1617 1599 1649 tueri
1617 1616 1751 1655 maluit,
1775 1616 1879 1649 fuisse
1895 1617 1988 1649 viros
2007 1616 2126 1656 iustos,
2151 1622 2239 1650 tem-

1253 1673 1432 1711 perantes,
1467 1666 1658 1705 benet‘icos,
1690 1665 1875 1707 fugitantes
1900 1666 2110 1704 libidinum,
2136 1666 2240 1699 utiles

1269 1717 1406 1760 ¹'teipulx
1460 1716 1553 1757 Quid
1573 1715 1677 1759 igitur
1695 1727 1759 1748 nos
1778 1715 2043 1749 antecellimus?
2074 1714 2166 1749 Num
2185 1716 2241 1748 in-

1254 1767 1381 1810 genio?
1408 1767 1564 1799 doctrina
1576 1767 1592 1798 '.'
1618 1777 1755 1799 morum
1777 1766 2020 1799 moderatione
2042 1766 2121 1799 illos
2136 1777 2240 1810 supe-

1255 1815 1396 1850 ramus?
1431 1815 1671 1860 Nequaquam.
1706 1815 1775 1849 Sed
1793 1828 1872 1848 vera
1889 1815 1955 1849 Dei
1969 1816 2159 1860 agnitione,
2185 1816 2241 1850 in-

1256 1867 1440 1900 vocatione
1458 1873 1489 1899 et
1505 1865 1740 1899 celebratione
1755 1872 1980 1909 praestamuS.
2025 1865 2078 1900 De
2094 1878 2161 1912 qua
2178 1866 2242 1900 etsi

1257 1917 1359 1951 multi
1379 1916 1551 1960 sapientes
1567 1917 1708 1954 dicunt,
1735 1927 1807 1949 non
1822 1916 1957 1957 verbis,
1980 1917 2039 1950 sed
2062 1916 2162 1951 factis
2183 1929 2243 1951 co·

1258 1968 1402 2000 lendum
1436 1978 1507 2000 esse
1532 1965 1663 1999 Deum:
1699 1973 1814 2000 tamen
1842 1978 1907 2000 nos
1931 1967 2059 2000 scimus
2085 1964 2150 2000 hoc
2177 1979 2243 2001 no-

1259 2026 1368 2051 strum
1388 2017 1540 2050 officinm
1557 2015 1632 2050 Deo
1648 2028 1727 2049 vere
1751 2017 1898 2060 placere.
1950 2017 2042 2051 Sunt
2067 2017 2102 2049 in
2119 2014 2242 2051 Eccle-

1259 2069 1305 2101 sia
1325 2067 1427 2100 etiam
1447 2073 1600 2100 caeterae
1620 2067 1780 2107 virtutes,
1808 2067 1843 2099 in
1861 2067 1939 2099 aliis
1958 2067 2084 2111 magis,
2111 2067 2146 2100 in
2165 2067 2245 2101 aliis

1259 2119 1376 2151 miuus
1392 2118 1567 2152 excitatae.
1619 2116 1687 2150 Sed
1713 2117 1907 2161 praeluceat
1930 2117 1965 2150 in
1982 2118 2146 2151 omnibus
2164 2129 2244 2151 vera

1261 2168 1455 2207 invocatio,
1489 2175 1631 2211 propter
1663 2165 1751 2200 lianc
1779 2167 1955 2211 placemus
1978 2166 2073 2210 Deo,
2109 2167 2245 2202 etiamsi

1260 2226 1413 2252 caeterae
1432 2218 1579 2251 virtutes
1597 2217 1832 2261 languidiores
1849 2225 1941 2251 sunt.

1362 2268 1428 2301 llic
1451 2268 1602 2301 clamant
1623 2267 1723 2300 mnlti
1748 2268 1939 2311 sapientes,
1969 2274 2004 2301 ut
2027 2267 2126 2302 Plato
2145 2267 2247 2308 dixit,

1262 2319 1373 2352 Deum
1390 2319 1575 2352 colendum
1592 2316 1722 2362 essem]v
1741 2315 1898 2362 σχήμασι
1912 2330 1982 2352 non
1998 2318 2152 2361 gestibus
2167 2325 2246 2353 tan-

1262 2376 1334 2402 tuin
1347 2397 1355 2409 ,
1382 2370 1440 2402 sed
1458 2369 1547 2402 veris
1565 2369 1733 2401 virtutum
1752 2369 1887 2409 officiis,
1914 2377 1945 2403 et
1963 2369 1997 2401 in
2015 2369 2087 2412 lege
2104 2367 2245 2402 Zaleuci

1261 2421 1428 2462 scripturn
1447 2426 1514 2458 est,
1541 2417 1654 2451 Deum
1671 2419 1855 2451 colendum
1875 2431 1947 2452 esse
1970 2431 2041 2452 non
2059 2418 2246 2461 tragoediis

1263 2468 1465 2509 lnuninnm,
1493 2470 1551 2513 qni
1571 2469 1660 2512 rapti
1678 2476 1758 2502 sunt
1779 2470 1814 2502 in
1832 2470 1944 2509 bellis,
1970 2470 2028 2502 scd
2048 2468 2245 2511 integritate

1263 2533 1411 2554 morunt.
1471 2520 1655 2563 Sapienter
1690 2517 1793 2555 baec.
1839 2528 1874 2553 nt
1907 2532 1926 2553 a
1959 2519 2246 2560 legumlatoribus

1262 2571 1351 2604 dista
1376 2577 1476 2608 sunt,
1504 2571 1561 2602 sed
1590 2570 1624 2602 iu
1643 2568 1794 2603 Ecclesia
1821 2571 1904 2603 tales
1928 2569 2117 2602 sententias
2134 2569 2245 2613 expli-

1262 2622 1370 2654 catius
1394 2633 1555 2654 enarrare
1580 2627 1728 2663 oportet.
1782 2619 1866 2653 Nam
1890 2620 1952 2653 etsi
1973 2631 2042 2652 nou
2068 2620 2150 2652 solis
2175 2626 2246 2653 tra-

1261 2672 1393 2711 gummis
1418 2671 1652 2714 captivorum,
1681 2668 1746 2704 hoc
1771 2677 1838 2710 est,
1873 2670 2021 2711 gemitu,
2049 2667 2246 2715 lachrymis,
