<?xml version="1.0" encoding="UTF-8"?>
<!DOCTYPE html PUBLIC "-//W3C//DTD XHTML 1.0 Transitional//EN"
    "http://www.w3.org/TR/xhtml1/DTD/xhtml1-transitional.dtd">
<html xmlns="http://www.w3.org/1999/xhtml" xml:lang="en" lang="en">
 <head>
  <title>
</title>
<meta http-equiv="Content-Type" content="text/html;charset=utf-8" />
  <meta name='ocr-system' content='tesseract 3.04.00' />
  <meta name='ocr-capabilities' content='ocr_page ocr_carea ocr_par ocr_line ocrx_word'/>
</head>
<body>
  <div class='ocr_page' id='page_1' title='image "./operaquaesupersu11melauoft_0426.png"; bbox 0 0 2338 2958; ppageno 0'>
   <div class='ocr_carea' id='block_1_1' title="bbox 169 129 244 167">
    <p class='ocr_par' dir='ltr' id='par_1_1' title="bbox 169 129 244 167">
     <span class='ocr_line' id='line_1_1' title="bbox 169 129 244 167; baseline 0 -1"><span class='ocrx_word' id='word_1_1' title='bbox 169 129 244 167; x_wconf 77' lang='lat'><strong>835</strong></span> 
     </span>
    </p>
   </div>
   <div class='ocr_carea' id='block_1_2' title="bbox 166 215 1174 2764">
    <p class='ocr_par' dir='ltr' id='par_1_2' title="bbox 172 215 1174 556">
     <span class='ocr_line' id='line_1_2' title="bbox 174 215 1173 262; baseline -0.002 -11"><span class='ocrx_word' id='word_1_2' title='bbox 174 218 290 262; x_wconf 88' lang='lat' dir='ltr'><strong>putari</strong></span> <span class='ocrx_word' id='word_1_3' title='bbox 320 224 472 262; x_wconf 83' lang='lat' dir='ltr'>possent.</span> <span class='ocrx_word' id='word_1_4' title='bbox 542 216 612 250; x_wconf 85' lang='lat' dir='ltr'><strong>Sed</strong></span> <span class='ocrx_word' id='word_1_5' title='bbox 643 228 722 250; x_wconf 91' lang='lat' dir='ltr'><strong>cum</strong></span> <span class='ocrx_word' id='word_1_6' title='bbox 753 215 887 259; x_wconf 87' lang='lat' dir='ltr'><strong>ingenii</strong></span> <span class='ocrx_word' id='word_1_7' title='bbox 917 221 950 249; x_wconf 91' lang='lat' dir='ltr'><strong>et</strong></span> <span class='ocrx_word' id='word_1_8' title='bbox 973 215 1173 250; x_wconf 89' lang='lat' dir='ltr'><strong>studiorum</strong></span> 
     </span>
     <span class='ocr_line' id='line_1_3' title="bbox 175 265 1174 313; baseline -0.002 -10"><span class='ocrx_word' id='word_1_9' title='bbox 175 269 383 313; x_wconf 86' lang='lat' dir='ltr'><strong>significatio</strong></span> <span class='ocrx_word' id='word_1_10' title='bbox 400 268 443 301; x_wconf 87' lang='lat' dir='ltr'><strong>sit</strong></span> <span class='ocrx_word' id='word_1_11' title='bbox 460 266 624 307; x_wconf 89' lang='lat' dir='ltr'><strong>illustris,</strong></span> <span class='ocrx_word' id='word_1_12' title='bbox 645 273 778 300; x_wconf 88' lang='lat' dir='ltr'><strong>caetera</strong></span> <span class='ocrx_word' id='word_1_13' title='bbox 794 267 932 303; x_wconf 80' lang='lat' dir='ltr'><strong>omitto.</strong></span> <span class='ocrx_word' id='word_1_14' title='bbox 984 265 1031 301; x_wconf 90' lang='lat' dir='ltr'><strong>Et</strong></span> <span class='ocrx_word' id='word_1_15' title='bbox 1046 265 1174 301; x_wconf 88' lang='lat' dir='ltr'><strong>habuit</strong></span> 
     </span>
     <span class='ocr_line' id='line_1_4' title="bbox 173 318 1173 366; baseline -0.002 -12"><span class='ocrx_word' id='word_1_16' title='bbox 173 321 248 366; x_wconf 89' lang='lat' dir='ltr'><strong>ipse</strong></span> <span class='ocrx_word' id='word_1_17' title='bbox 272 320 542 364; x_wconf 80' lang='lat' dir='ltr'>gubernatorem</span> <span class='ocrx_word' id='word_1_18' title='bbox 566 318 675 351; x_wconf 92' lang='lat' dir='ltr'><strong>alium</strong></span> <span class='ocrx_word' id='word_1_19' title='bbox 700 318 814 352; x_wconf 90' lang='lat' dir='ltr'><strong>multo</strong></span> <span class='ocrx_word' id='word_1_20' title='bbox 839 319 1024 352; x_wconf 89' lang='lat' dir='ltr'><strong>meliorem</strong></span> <span class='ocrx_word' id='word_1_21' title='bbox 1051 326 1084 352; x_wconf 92' lang='lat' dir='ltr'><strong>et</strong></span> <span class='ocrx_word' id='word_1_22' title='bbox 1107 330 1173 363; x_wconf 86' lang='lat' dir='ltr'><strong>po-</strong></span> 
     </span>
     <span class='ocr_line' id='line_1_5' title="bbox 172 368 1172 415; baseline -0.002 -9"><span class='ocrx_word' id='word_1_23' title='bbox 172 371 379 410; x_wconf 88' lang='lat' dir='ltr'><strong>tentiorem,</strong></span> <span class='ocrx_word' id='word_1_24' title='bbox 416 369 548 402; x_wconf 90' lang='lat' dir='ltr'><strong>scilicet</strong></span> <span class='ocrx_word' id='word_1_25' title='bbox 575 368 748 413; x_wconf 89' lang='lat' dir='ltr'><strong>Spiritum</strong></span> <span class='ocrx_word' id='word_1_26' title='bbox 775 376 955 411; x_wconf 89' lang='lat' dir='ltr'><strong>sanctum,</strong></span> <span class='ocrx_word' id='word_1_27' title='bbox 997 382 1068 415; x_wconf 92' lang='lat' dir='ltr'><strong>quo</strong></span> <span class='ocrx_word' id='word_1_28' title='bbox 1092 382 1172 404; x_wconf 90' lang='lat' dir='ltr'><strong>cum</strong></span> 
     </span>
     <span class='ocr_line' id='line_1_6' title="bbox 173 418 1172 465; baseline 0 -10"><span class='ocrx_word' id='word_1_29' title='bbox 173 430 315 455; x_wconf 85' lang='lat' dir='ltr'><strong>aeterno</strong></span> <span class='ocrx_word' id='word_1_30' title='bbox 332 426 429 464; x_wconf 92' lang='lat' dir='ltr'><strong>patre</strong></span> <span class='ocrx_word' id='word_1_31' title='bbox 447 426 479 452; x_wconf 87' lang='lat' dir='ltr'><strong>et</strong></span> <span class='ocrx_word' id='word_1_32' title='bbox 494 418 649 453; x_wconf 91' lang='lat' dir='ltr'><strong>Domino</strong></span> <span class='ocrx_word' id='word_1_33' title='bbox 666 427 787 454; x_wconf 88' lang='lat' dir='ltr'><strong>nostro</strong></span> <span class='ocrx_word' id='word_1_34' title='bbox 807 419 884 454; x_wconf 91' lang='lat' dir='ltr'><strong>lesu</strong></span> <span class='ocrx_word' id='word_1_35' title='bbox 900 419 1042 455; x_wconf 86' lang='lat' dir='ltr'><strong>Christo</strong></span> <span class='ocrx_word' id='word_1_36' title='bbox 1064 433 1172 465; x_wconf 89' lang='lat' dir='ltr'><strong>copu-</strong></span> 
     </span>
     <span class='ocr_line' id='line_1_7' title="bbox 173 471 1171 511; baseline -0.001 -5"><span class='ocrx_word' id='word_1_37' title='bbox 173 474 313 506; x_wconf 76' lang='lat' dir='ltr'>labatur</span> <span class='ocrx_word' id='word_1_38' title='bbox 338 483 421 504; x_wconf 85' lang='lat' dir='ltr'><strong>vero</strong></span> <span class='ocrx_word' id='word_1_39' title='bbox 450 471 614 504; x_wconf 90' lang='lat' dir='ltr'><strong>incendio</strong></span> <span class='ocrx_word' id='word_1_40' title='bbox 635 472 766 505; x_wconf 89' lang='lat' dir='ltr'><strong>amoris</strong></span> <span class='ocrx_word' id='word_1_41' title='bbox 786 471 919 511; x_wconf 88' lang='lat' dir='ltr'><strong>divini,</strong></span> <span class='ocrx_word' id='word_1_42' title='bbox 946 479 979 507; x_wconf 90' lang='lat' dir='ltr'><strong>et</strong></span> <span class='ocrx_word' id='word_1_43' title='bbox 999 472 1171 506; x_wconf 89' lang='lat' dir='ltr'><strong>virtutum</strong></span> 
     </span>
     <span class='ocr_line' id='line_1_8' title="bbox 173 522 667 556; baseline -0.002 0"><span class='ocrx_word' id='word_1_44' title='bbox 173 523 305 556; x_wconf 91' lang='lat' dir='ltr'><strong>semina</strong></span> <span class='ocrx_word' id='word_1_45' title='bbox 326 522 362 554; x_wconf 93' lang='lat' dir='ltr'><strong>in</strong></span> <span class='ocrx_word' id='word_1_46' title='bbox 383 534 423 555; x_wconf 91' lang='lat' dir='ltr'><strong>eo</strong></span> <span class='ocrx_word' id='word_1_47' title='bbox 444 522 667 555; x_wconf 79' lang='lat' dir='ltr'>fovebantur.</span> 
     </span>
    </p>

    <p class='ocr_par' dir='ltr' id='par_1_3' title="bbox 168 570 1172 2396">
     <span class='ocr_line' id='line_1_9' title="bbox 277 570 1171 617; baseline -0.003 -10"><span class='ocrx_word' id='word_1_48' title='bbox 277 573 416 607; x_wconf 82' lang='lat' dir='ltr'><strong>Accedo</strong></span> <span class='ocrx_word' id='word_1_49' title='bbox 434 572 541 617; x_wconf 89' lang='lat' dir='ltr'><strong>igitur</strong></span> <span class='ocrx_word' id='word_1_50' title='bbox 557 574 599 606; x_wconf 91' lang='lat' dir='ltr'><strong>ad</strong></span> <span class='ocrx_word' id='word_1_51' title='bbox 619 573 790 617; x_wconf 89' lang='lat' dir='ltr'><strong>pueritiae</strong></span> <span class='ocrx_word' id='word_1_52' title='bbox 805 575 933 610; x_wconf 90' lang='lat' dir='ltr'><strong>studia.</strong></span> <span class='ocrx_word' id='word_1_53' title='bbox 985 573 1063 608; x_wconf 83' lang='lat' dir='ltr'><strong>Etsi</strong></span> <span class='ocrx_word' id='word_1_54' title='bbox 1080 570 1171 605; x_wconf 87' lang='lat' dir='ltr'><strong>nihil</strong></span> 
     </span>
     <span class='ocr_line' id='line_1_10' title="bbox 174 624 1172 668; baseline -0.002 -10"><span class='ocrx_word' id='word_1_55' title='bbox 174 626 210 658; x_wconf 90' lang='lat' dir='ltr'><strong>in</strong></span> <span class='ocrx_word' id='word_1_56' title='bbox 229 637 269 658; x_wconf 91' lang='lat' dir='ltr'><strong>eo</strong></span> <span class='ocrx_word' id='word_1_57' title='bbox 288 632 454 662; x_wconf 87' lang='lat' dir='ltr'><strong>toruum,</strong></span> <span class='ocrx_word' id='word_1_58' title='bbox 482 631 542 658; x_wconf 92' lang='lat' dir='ltr'><strong>aut</strong></span> <span class='ocrx_word' id='word_1_59' title='bbox 566 636 748 668; x_wconf 90' lang='lat' dir='ltr'><strong>asperum,</strong></span> <span class='ocrx_word' id='word_1_60' title='bbox 775 632 834 659; x_wconf 90' lang='lat' dir='ltr'><strong>aut</strong></span> <span class='ocrx_word' id='word_1_61' title='bbox 856 625 992 658; x_wconf 77' lang='lat' dir='ltr'><strong>immite</strong></span> <span class='ocrx_word' id='word_1_62' title='bbox 1010 624 1092 657; x_wconf 89' lang='lat' dir='ltr'><strong>suit:</strong></span> <span class='ocrx_word' id='word_1_63' title='bbox 1121 631 1172 656; x_wconf 88' lang='lat' dir='ltr'><strong>ta-</strong></span> 
     </span>
     <span class='ocr_line' id='line_1_11' title="bbox 172 674 1171 720; baseline 0 -11"><span class='ocrx_word' id='word_1_64' title='bbox 172 688 254 709; x_wconf 85' lang='lat' dir='ltr'><strong>men</strong></span> <span class='ocrx_word' id='word_1_65' title='bbox 286 682 604 720; x_wconf 76' lang='lat' dir='ltr'>temperamentum</span> <span class='ocrx_word' id='word_1_66' title='bbox 636 676 703 709; x_wconf 87' lang='lat' dir='ltr'><strong>suit</strong></span> <span class='ocrx_word' id='word_1_67' title='bbox 734 674 1049 716; x_wconf 86' lang='lat' dir='ltr'><strong>melancholicum,</strong></span> <span class='ocrx_word' id='word_1_68' title='bbox 1080 682 1112 708; x_wconf 91' lang='lat' dir='ltr'><strong>et</strong></span> <span class='ocrx_word' id='word_1_69' title='bbox 1133 682 1171 709; x_wconf 88' lang='lat' dir='ltr'><strong>ut</strong></span> 
     </span>
     <span class='ocr_line' id='line_1_12' title="bbox 172 725 1171 772; baseline -0.001 -12"><span class='ocrx_word' id='word_1_70' title='bbox 172 728 220 761; x_wconf 91' lang='lat' dir='ltr'><strong>ita</strong></span> <span class='ocrx_word' id='word_1_71' title='bbox 244 727 378 768; x_wconf 87' lang='lat' dir='ltr'><strong>dicam,</strong></span> <span class='ocrx_word' id='word_1_72' title='bbox 414 738 502 771; x_wconf 90' lang='lat' dir='ltr'><strong>pene</strong></span> <span class='ocrx_word' id='word_1_73' title='bbox 526 725 756 762; x_wconf 88' lang='lat' dir='ltr'><strong>Socraticum.</strong></span> <span class='ocrx_word' id='word_1_74' title='bbox 816 727 938 772; x_wconf 88' lang='lat' dir='ltr'><strong>Itaque</strong></span> <span class='ocrx_word' id='word_1_75' title='bbox 963 734 996 761; x_wconf 89' lang='lat' dir='ltr'><strong>et</strong></span> <span class='ocrx_word' id='word_1_76' title='bbox 1013 726 1171 771; x_wconf 90' lang='lat' dir='ltr'><strong>paucilo—</strong></span> 
     </span>
     <span class='ocr_line' id='line_1_13' title="bbox 173 777 1172 824; baseline -0.001 -13"><span class='ocrx_word' id='word_1_77' title='bbox 173 790 264 823; x_wconf 91' lang='lat' dir='ltr'><strong>quus</strong></span> <span class='ocrx_word' id='word_1_78' title='bbox 279 784 371 818; x_wconf 88' lang='lat' dir='ltr'><strong>erat,</strong></span> <span class='ocrx_word' id='word_1_79' title='bbox 398 784 430 811; x_wconf 89' lang='lat' dir='ltr'><strong>et</strong></span> <span class='ocrx_word' id='word_1_80' title='bbox 449 777 724 820; x_wconf 81' lang='lat' dir='ltr'>cogitabundus,</span> <span class='ocrx_word' id='word_1_81' title='bbox 752 785 784 812; x_wconf 84' lang='lat' dir='ltr'><strong>et</strong></span> <span class='ocrx_word' id='word_1_82' title='bbox 801 790 901 824; x_wconf 84' lang='lat' dir='ltr'><strong>saepe</strong></span> <span class='ocrx_word' id='word_1_83' title='bbox 918 778 955 811; x_wconf 89' lang='lat' dir='ltr'><strong>in</strong></span> <span class='ocrx_word' id='word_1_84' title='bbox 973 777 1099 811; x_wconf 88' lang='lat' dir='ltr'><strong>mediis</strong></span> <span class='ocrx_word' id='word_1_85' title='bbox 1115 789 1172 810; x_wconf 90' lang='lat' dir='ltr'><strong>so-</strong></span> 
     </span>
     <span class='ocr_line' id='line_1_14' title="bbox 172 828 1172 874; baseline -0.002 -11"><span class='ocrx_word' id='word_1_86' title='bbox 172 829 305 863; x_wconf 91' lang='lat' dir='ltr'><strong>dalitiis</strong></span> <span class='ocrx_word' id='word_1_87' title='bbox 321 829 421 874; x_wconf 89' lang='lat' dir='ltr'><strong>quasi</strong></span> <span class='ocrx_word' id='word_1_88' title='bbox 435 828 682 871; x_wconf 78' lang='lat' dir='ltr'><strong>peregrinante</strong></span> <span class='ocrx_word' id='word_1_89' title='bbox 699 829 832 862; x_wconf 88' lang='lat' dir='ltr'><strong>animo.</strong></span> <span class='ocrx_word' id='word_1_90' title='bbox 876 828 981 863; x_wconf 73' lang='lat' dir='ltr'><strong>visus</strong></span> <span class='ocrx_word' id='word_1_91' title='bbox 999 836 1048 862; x_wconf 89' lang='lat' dir='ltr'><strong>est</strong></span> <span class='ocrx_word' id='word_1_92' title='bbox 1065 828 1172 872; x_wconf 87' lang='lat' dir='ltr'><strong>igitur</strong></span> 
     </span>
     <span class='ocr_line' id='line_1_15' title="bbox 172 876 1169 924; baseline -0.001 -11"><span class='ocrx_word' id='word_1_93' title='bbox 172 881 275 913; x_wconf 90' lang='lat' dir='ltr'><strong>initio</strong></span> <span class='ocrx_word' id='word_1_94' title='bbox 304 880 509 924; x_wconf 89' lang='lat' dir='ltr'><strong>parentibus</strong></span> <span class='ocrx_word' id='word_1_95' title='bbox 535 876 696 912; x_wconf 78' lang='lat' dir='ltr'><strong>hebetior</strong></span> <span class='ocrx_word' id='word_1_96' title='bbox 722 887 756 914; x_wconf 90' lang='lat' dir='ltr'><strong>et</strong></span> <span class='ocrx_word' id='word_1_97' title='bbox 780 881 932 923; x_wconf 84' lang='lat' dir='ltr'><strong>segnior.</strong></span> <span class='ocrx_word' id='word_1_98' title='bbox 995 880 1064 914; x_wconf 90' lang='lat' dir='ltr'><strong>Sed</strong></span> <span class='ocrx_word' id='word_1_99' title='bbox 1091 891 1169 913; x_wconf 92' lang='lat' dir='ltr'><strong>cum</strong></span> 
     </span>
     <span class='ocr_line' id='line_1_16' title="bbox 173 929 1172 975; baseline -0.001 -11"><span class='ocrx_word' id='word_1_100' title='bbox 173 931 333 965; x_wconf 79' lang='lat' dir='ltr'><strong>celeriter</strong></span> <span class='ocrx_word' id='word_1_101' title='bbox 352 930 562 975; x_wconf 84' lang='lat' dir='ltr'><strong>percepisset</strong></span> <span class='ocrx_word' id='word_1_102' title='bbox 577 929 845 965; x_wconf 88' lang='lat' dir='ltr'><strong>Grammaticen</strong></span> <span class='ocrx_word' id='word_1_103' title='bbox 868 932 961 975; x_wconf 91' lang='lat' dir='ltr'><strong>apud</strong></span> <span class='ocrx_word' id='word_1_104' title='bbox 980 931 1095 964; x_wconf 90' lang='lat' dir='ltr'><strong>virum</strong></span> <span class='ocrx_word' id='word_1_105' title='bbox 1115 931 1172 963; x_wconf 92' lang='lat' dir='ltr'><strong>in-</strong></span> 
     </span>
     <span class='ocr_line' id='line_1_17' title="bbox 172 980 1172 1027; baseline -0.002 -11"><span class='ocrx_word' id='word_1_106' title='bbox 172 982 399 1026; x_wconf 88' lang='lat' dir='ltr'><strong>tegerrimum</strong></span> <span class='ocrx_word' id='word_1_107' title='bbox 426 980 622 1025; x_wconf 86' lang='lat' dir='ltr'><strong>Georgium</strong></span> <span class='ocrx_word' id='word_1_108' title='bbox 645 980 812 1023; x_wconf 91' lang='lat' dir='ltr'><strong>Heltum,</strong></span> <span class='ocrx_word' id='word_1_109' title='bbox 846 990 963 1027; x_wconf 83' lang='lat' dir='ltr'><strong>postea</strong></span> <span class='ocrx_word' id='word_1_110' title='bbox 989 994 1172 1015; x_wconf 86' lang='lat' dir='ltr'><strong>commen-</strong></span> 
     </span>
     <span class='ocr_line' id='line_1_18' title="bbox 172 1031 1170 1079; baseline -0.001 -12"><span class='ocrx_word' id='word_1_111' title='bbox 172 1035 275 1067; x_wconf 89' lang='lat' dir='ltr'><strong>datus</strong></span> <span class='ocrx_word' id='word_1_112' title='bbox 297 1040 347 1066; x_wconf 90' lang='lat' dir='ltr'><strong>est</strong></span> <span class='ocrx_word' id='word_1_113' title='bbox 371 1031 524 1077; x_wconf 89' lang='lat' dir='ltr'><strong>Casparo</strong></span> <span class='ocrx_word' id='word_1_114' title='bbox 547 1031 724 1066; x_wconf 88' lang='lat' dir='ltr'><strong>Bornero:</strong></span> <span class='ocrx_word' id='word_1_115' title='bbox 760 1034 821 1079; x_wconf 93' lang='lat' dir='ltr'><strong>qui</strong></span> <span class='ocrx_word' id='word_1_116' title='bbox 849 1046 928 1067; x_wconf 90' lang='lat' dir='ltr'><strong>cum</strong></span> <span class='ocrx_word' id='word_1_117' title='bbox 945 1033 1170 1067; x_wconf 85' lang='lat' dir='ltr'><strong>animadver-</strong></span> 
     </span>
     <span class='ocr_line' id='line_1_19' title="bbox 173 1084 1171 1129; baseline -0.002 -10"><span class='ocrx_word' id='word_1_118' title='bbox 173 1091 279 1126; x_wconf 82' lang='lat' dir='ltr'><strong>teret,</strong></span> <span class='ocrx_word' id='word_1_119' title='bbox 305 1095 528 1129; x_wconf 88' lang='lat' dir='ltr'><strong>nequaquam</strong></span> <span class='ocrx_word' id='word_1_120' title='bbox 557 1094 629 1116; x_wconf 90' lang='lat' dir='ltr'><strong>esse</strong></span> <span class='ocrx_word' id='word_1_121' title='bbox 653 1084 789 1117; x_wconf 90' lang='lat' dir='ltr'><strong>tardam</strong></span> <span class='ocrx_word' id='word_1_122' title='bbox 807 1091 867 1118; x_wconf 92' lang='lat' dir='ltr'><strong>aut</strong></span> <span class='ocrx_word' id='word_1_123' title='bbox 885 1085 1047 1128; x_wconf 90' lang='lat' dir='ltr'><strong>ignavam</strong></span> <span class='ocrx_word' id='word_1_124' title='bbox 1068 1091 1171 1117; x_wconf 88' lang='lat' dir='ltr'><strong>natu—</strong></span> 
     </span>
     <span class='ocr_line' id='line_1_20' title="bbox 174 1135 1172 1176; baseline -0.001 -7"><span class='ocrx_word' id='word_1_125' title='bbox 174 1149 268 1176; x_wconf 90' lang='lat' dir='ltr'><strong>ram,</strong></span> <span class='ocrx_word' id='word_1_126' title='bbox 303 1142 342 1169; x_wconf 93' lang='lat' dir='ltr'><strong>ut</strong></span> <span class='ocrx_word' id='word_1_127' title='bbox 368 1135 573 1175; x_wconf 88' lang='lat' dir='ltr'><strong>videbatur,</strong></span> <span class='ocrx_word' id='word_1_128' title='bbox 607 1135 667 1167; x_wconf 88' lang='lat' dir='ltr'><strong>sed</strong></span> <span class='ocrx_word' id='word_1_129' title='bbox 691 1142 725 1169; x_wconf 94' lang='lat' dir='ltr'><strong>et</strong></span> <span class='ocrx_word' id='word_1_130' title='bbox 748 1135 886 1168; x_wconf 87' lang='lat' dir='ltr'><strong>avidam</strong></span> <span class='ocrx_word' id='word_1_131' title='bbox 910 1135 1112 1174; x_wconf 92' lang='lat' dir='ltr'><strong>doctrinae,</strong></span> <span class='ocrx_word' id='word_1_132' title='bbox 1138 1141 1172 1168; x_wconf 86' lang='lat' dir='ltr'><strong>et</strong></span> 
     </span>
     <span class='ocr_line' id='line_1_21' title="bbox 172 1186 1172 1231; baseline -0.001 -11"><span class='ocrx_word' id='word_1_133' title='bbox 172 1187 332 1221; x_wconf 82' lang='lat' dir='ltr'><strong>celeriter</strong></span> <span class='ocrx_word' id='word_1_134' title='bbox 353 1186 580 1230; x_wconf 84' lang='lat' dir='ltr'><strong>arripientem</strong></span> <span class='ocrx_word' id='word_1_135' title='bbox 606 1186 725 1218; x_wconf 92' lang='lat' dir='ltr'><strong>omnia</strong></span> <span class='ocrx_word' id='word_1_136' title='bbox 756 1199 845 1231; x_wconf 86' lang='lat' dir='ltr'><strong>quae</strong></span> <span class='ocrx_word' id='word_1_137' title='bbox 868 1187 1172 1230; x_wconf 85' lang='lat' dir='ltr'><strong>proponebantur,</strong></span> 
     </span>
     <span class='ocr_line' id='line_1_22' title="bbox 173 1236 1172 1280; baseline -0.003 -8"><span class='ocrx_word' id='word_1_138' title='bbox 173 1245 206 1272; x_wconf 89' lang='lat' dir='ltr'><strong>et</strong></span> <span class='ocrx_word' id='word_1_139' title='bbox 231 1238 286 1270; x_wconf 90' lang='lat' dir='ltr'><strong>vel</strong></span> <span class='ocrx_word' id='word_1_140' title='bbox 312 1237 404 1270; x_wconf 89' lang='lat' dir='ltr'><strong>inter</strong></span> <span class='ocrx_word' id='word_1_141' title='bbox 420 1237 540 1276; x_wconf 88' lang='lat' dir='ltr'><strong>ludos,</strong></span> <span class='ocrx_word' id='word_1_142' title='bbox 566 1247 644 1269; x_wconf 91' lang='lat' dir='ltr'><strong>cum</strong></span> <span class='ocrx_word' id='word_1_143' title='bbox 662 1236 758 1269; x_wconf 91' lang='lat' dir='ltr'><strong>aliud</strong></span> <span class='ocrx_word' id='word_1_144' title='bbox 778 1249 878 1280; x_wconf 83' lang='lat' dir='ltr'><strong>agere</strong></span> <span class='ocrx_word' id='word_1_145' title='bbox 896 1237 1172 1277; x_wconf 84' lang='lat' dir='ltr'><strong>existimabatur,</strong></span> 
     </span>
     <span class='ocr_line' id='line_1_23' title="bbox 172 1287 1172 1333; baseline -0.003 -10"><span class='ocrx_word' id='word_1_146' title='bbox 172 1288 384 1332; x_wconf 82' lang='lat' dir='ltr'><strong>cogitatione</strong></span> <span class='ocrx_word' id='word_1_147' title='bbox 399 1288 570 1321; x_wconf 91' lang='lat' dir='ltr'><strong>intentam</strong></span> <span class='ocrx_word' id='word_1_148' title='bbox 588 1287 625 1319; x_wconf 91' lang='lat' dir='ltr'><strong>in</strong></span> <span class='ocrx_word' id='word_1_149' title='bbox 642 1299 679 1320; x_wconf 89' lang='lat' dir='ltr'><strong>ea</strong></span> <span class='ocrx_word' id='word_1_150' title='bbox 697 1299 786 1333; x_wconf 87' lang='lat' dir='ltr'><strong>quae</strong></span> <span class='ocrx_word' id='word_1_151' title='bbox 811 1289 984 1326; x_wconf 89' lang='lat' dir='ltr'><strong>discebat,</strong></span> <span class='ocrx_word' id='word_1_152' title='bbox 1013 1299 1052 1320; x_wconf 88' lang='lat' dir='ltr'><strong>ac</strong></span> <span class='ocrx_word' id='word_1_153' title='bbox 1074 1288 1172 1321; x_wconf 89' lang='lat' dir='ltr'><strong>sani-</strong></span> 
     </span>
     <span class='ocr_line' id='line_1_24' title="bbox 170 1338 1171 1384; baseline -0.003 -10"><span class='ocrx_word' id='word_1_154' title='bbox 170 1347 277 1374; x_wconf 87' lang='lat' dir='ltr'><strong>tatem</strong></span> <span class='ocrx_word' id='word_1_155' title='bbox 300 1339 443 1380; x_wconf 83' lang='lat' dir='ltr'><strong>iudicii,</strong></span> <span class='ocrx_word' id='word_1_156' title='bbox 477 1351 516 1371; x_wconf 86' lang='lat' dir='ltr'><strong>ac</strong></span> <span class='ocrx_word' id='word_1_157' title='bbox 537 1338 741 1372; x_wconf 81' lang='lat' dir='ltr'><strong>facilitatem</strong></span> <span class='ocrx_word' id='word_1_158' title='bbox 768 1346 801 1373; x_wconf 91' lang='lat' dir='ltr'><strong>et</strong></span> <span class='ocrx_word' id='word_1_159' title='bbox 827 1339 1111 1384; x_wconf 84' lang='lat' dir='ltr'><strong>perspicuitatem</strong></span> <span class='ocrx_word' id='word_1_160' title='bbox 1133 1339 1171 1371; x_wconf 91' lang='lat' dir='ltr'><strong>in</strong></span> 
     </span>
     <span class='ocr_line' id='line_1_25' title="bbox 172 1389 1171 1436; baseline -0.001 -12"><span class='ocrx_word' id='word_1_161' title='bbox 172 1390 390 1436; x_wconf 81' lang='lat' dir='ltr'><strong>explicandis</strong></span> <span class='ocrx_word' id='word_1_162' title='bbox 425 1389 700 1433; x_wconf 88' lang='lat' dir='ltr'><strong>cogitationibus</strong></span> <span class='ocrx_word' id='word_1_163' title='bbox 743 1391 907 1424; x_wconf 89' lang='lat' dir='ltr'><strong>eximiam</strong></span> <span class='ocrx_word' id='word_1_164' title='bbox 944 1402 1036 1429; x_wconf 89' lang='lat' dir='ltr'><strong>esse,</strong></span> <span class='ocrx_word' id='word_1_165' title='bbox 1080 1390 1171 1423; x_wconf 89' lang='lat' dir='ltr'><strong>bene</strong></span> 
     </span>
     <span class='ocr_line' id='line_1_26' title="bbox 170 1440 1171 1487; baseline -0.002 -11"><span class='ocrx_word' id='word_1_166' title='bbox 170 1454 310 1487; x_wconf 89' lang='lat' dir='ltr'><strong>sperare</strong></span> <span class='ocrx_word' id='word_1_167' title='bbox 344 1447 506 1486; x_wconf 89' lang='lat' dir='ltr'><strong>parentes</strong></span> <span class='ocrx_word' id='word_1_168' title='bbox 536 1441 579 1473; x_wconf 88' lang='lat' dir='ltr'><strong>de</strong></span> <span class='ocrx_word' id='word_1_169' title='bbox 616 1440 760 1484; x_wconf 90' lang='lat' dir='ltr'><strong>ingenio</strong></span> <span class='ocrx_word' id='word_1_170' title='bbox 791 1442 853 1474; x_wconf 86' lang='lat' dir='ltr'><strong>filii</strong></span> <span class='ocrx_word' id='word_1_171' title='bbox 890 1442 1008 1475; x_wconf 89' lang='lat' dir='ltr'><strong>iussit:</strong></span> <span class='ocrx_word' id='word_1_172' title='bbox 1045 1448 1077 1475; x_wconf 91' lang='lat' dir='ltr'><strong>et</strong></span> <span class='ocrx_word' id='word_1_173' title='bbox 1103 1441 1171 1475; x_wconf 87' lang='lat' dir='ltr'><strong>fuit</strong></span> 
     </span>
     <span class='ocr_line' id='line_1_27' title="bbox 170 1490 1171 1538; baseline -0.002 -11"><span class='ocrx_word' id='word_1_174' title='bbox 170 1492 351 1534; x_wconf 87' lang='lat' dir='ltr'><strong>hortator,</strong></span> <span class='ocrx_word' id='word_1_175' title='bbox 378 1500 416 1527; x_wconf 92' lang='lat' dir='ltr'><strong>ut</strong></span> <span class='ocrx_word' id='word_1_176' title='bbox 432 1493 525 1536; x_wconf 90' lang='lat' dir='ltr'><strong>apud</strong></span> <span class='ocrx_word' id='word_1_177' title='bbox 544 1490 687 1525; x_wconf 87' lang='lat' dir='ltr'><strong>Petrum</strong></span> <span class='ocrx_word' id='word_1_178' title='bbox 704 1492 943 1526; x_wconf 90' lang='lat' dir='ltr'><strong>Mosellanum</strong></span> <span class='ocrx_word' id='word_1_179' title='bbox 968 1493 1005 1526; x_wconf 93' lang='lat' dir='ltr'><strong>in</strong></span> <span class='ocrx_word' id='word_1_180' title='bbox 1022 1499 1171 1538; x_wconf 87' lang='lat' dir='ltr'><strong>utraque</strong></span> 
     </span>
     <span class='ocr_line' id='line_1_28' title="bbox 171 1541 1171 1589; baseline -0.002 -11"><span class='ocrx_word' id='word_1_181' title='bbox 171 1545 291 1589; x_wconf 90' lang='lat' dir='ltr'><strong>lingua</strong></span> <span class='ocrx_word' id='word_1_182' title='bbox 335 1550 565 1577; x_wconf 85' lang='lat' dir='ltr'><strong>exerceretur.</strong></span> <span class='ocrx_word' id='word_1_183' title='bbox 635 1541 750 1577; x_wconf 82' lang='lat' dir='ltr'><strong>Antea</strong></span> <span class='ocrx_word' id='word_1_184' title='bbox 791 1543 926 1578; x_wconf 89' lang='lat' dir='ltr'><strong>Graece</strong></span> <span class='ocrx_word' id='word_1_185' title='bbox 967 1545 1171 1585; x_wconf 89' lang='lat' dir='ltr'><strong>docentem,</strong></span> 
     </span>
     <span class='ocr_line' id='line_1_29' title="bbox 171 1593 1171 1641; baseline -0.003 -12"><span class='ocrx_word' id='word_1_186' title='bbox 171 1596 350 1641; x_wconf 85' lang='lat' dir='ltr'><strong>paulisper</strong></span> <span class='ocrx_word' id='word_1_187' title='bbox 365 1594 502 1628; x_wconf 89' lang='lat' dir='ltr'><strong>audivit</strong></span> <span class='ocrx_word' id='word_1_188' title='bbox 517 1593 665 1628; x_wconf 90' lang='lat' dir='ltr'><strong>Crotum</strong></span> <span class='ocrx_word' id='word_1_189' title='bbox 682 1593 917 1636; x_wconf 88' lang='lat' dir='ltr'><strong>Britannum,</strong></span> <span class='ocrx_word' id='word_1_190' title='bbox 944 1596 1004 1628; x_wconf 93' lang='lat' dir='ltr'><strong>ubi</strong></span> <span class='ocrx_word' id='word_1_191' title='bbox 1023 1595 1171 1627; x_wconf 89' lang='lat' dir='ltr'><strong>commi-</strong></span> 
     </span>
     <span class='ocr_line' id='line_1_30' title="bbox 170 1642 1168 1690; baseline -0.003 -10"><span class='ocrx_word' id='word_1_192' title='bbox 170 1648 317 1681; x_wconf 87' lang='lat' dir='ltr'><strong>litonem</strong></span> <span class='ocrx_word' id='word_1_193' title='bbox 352 1644 479 1679; x_wconf 90' lang='lat' dir='ltr'><strong>habuit</strong></span> <span class='ocrx_word' id='word_1_194' title='bbox 514 1642 733 1678; x_wconf 86' lang='lat' dir='ltr'><strong>loachimum</strong></span> <span class='ocrx_word' id='word_1_195' title='bbox 766 1644 1026 1687; x_wconf 90' lang='lat' dir='ltr'><strong>Camerarium‚</strong></span> <span class='ocrx_word' id='word_1_196' title='bbox 1063 1657 1168 1690; x_wconf 91' lang='lat' dir='ltr'><strong>quem</strong></span> 
     </span>
     <span class='ocr_line' id='line_1_31' title="bbox 170 1695 1169 1742; baseline -0.003 -11"><span class='ocrx_word' id='word_1_197' title='bbox 170 1699 230 1731; x_wconf 89' lang='lat' dir='ltr'><strong>illa</strong></span> <span class='ocrx_word' id='word_1_198' title='bbox 250 1697 382 1742; x_wconf 88' lang='lat' dir='ltr'><strong>primae</strong></span> <span class='ocrx_word' id='word_1_199' title='bbox 399 1696 522 1730; x_wconf 87' lang='lat' dir='ltr'><strong>aetatis</strong></span> <span class='ocrx_word' id='word_1_200' title='bbox 537 1695 655 1729; x_wconf 90' lang='lat' dir='ltr'><strong>studia</strong></span> <span class='ocrx_word' id='word_1_201' title='bbox 674 1704 1008 1731; x_wconf 89' lang='lat' dir='ltr'><strong>commemorantem</strong></span> <span class='ocrx_word' id='word_1_202' title='bbox 1029 1696 1169 1730; x_wconf 82' lang='lat' dir='ltr'><strong>audivi-</strong></span> 
     </span>
     <span class='ocr_line' id='line_1_32' title="bbox 171 1747 1168 1793; baseline -0.002 -11"><span class='ocrx_word' id='word_1_203' title='bbox 171 1761 249 1783; x_wconf 92' lang='lat' dir='ltr'><strong>mus</strong></span> <span class='ocrx_word' id='word_1_204' title='bbox 266 1750 309 1781; x_wconf 91' lang='lat' dir='ltr'><strong>de</strong></span> <span class='ocrx_word' id='word_1_205' title='bbox 324 1747 514 1791; x_wconf 86' lang='lat' dir='ltr'><strong>Crucigero</strong></span> <span class='ocrx_word' id='word_1_206' title='bbox 534 1747 671 1790; x_wconf 84' lang='lat' dir='ltr'><strong>dicere,</strong></span> <span class='ocrx_word' id='word_1_207' title='bbox 699 1754 783 1781; x_wconf 90' lang='lat' dir='ltr'><strong>tunc</strong></span> <span class='ocrx_word' id='word_1_208' title='bbox 805 1761 946 1793; x_wconf 89' lang='lat' dir='ltr'><strong>quoque</strong></span> <span class='ocrx_word' id='word_1_209' title='bbox 965 1748 1002 1780; x_wconf 90' lang='lat' dir='ltr'><strong>in</strong></span> <span class='ocrx_word' id='word_1_210' title='bbox 1017 1748 1168 1791; x_wconf 90' lang='lat' dir='ltr'><strong>speciem</strong></span> 
     </span>
     <span class='ocr_line' id='line_1_33' title="bbox 170 1798 1169 1842; baseline -0.003 -9"><span class='ocrx_word' id='word_1_211' title='bbox 170 1801 285 1833; x_wconf 70' lang='lat' dir='ltr'><strong>visum</strong></span> <span class='ocrx_word' id='word_1_212' title='bbox 312 1811 384 1832; x_wconf 88' lang='lat' dir='ltr'><strong>esse</strong></span> <span class='ocrx_word' id='word_1_213' title='bbox 409 1798 553 1832; x_wconf 87' lang='lat' dir='ltr'><strong>caeteris</strong></span> <span class='ocrx_word' id='word_1_214' title='bbox 578 1799 794 1842; x_wconf 87' lang='lat' dir='ltr'><strong>segniorem,</strong></span> <span class='ocrx_word' id='word_1_215' title='bbox 829 1806 862 1833; x_wconf 87' lang='lat' dir='ltr'><strong>et</strong></span> <span class='ocrx_word' id='word_1_216' title='bbox 883 1806 998 1833; x_wconf 90' lang='lat' dir='ltr'><strong>tamen</strong></span> <span class='ocrx_word' id='word_1_217' title='bbox 1016 1799 1095 1842; x_wconf 92' lang='lat' dir='ltr'><strong>plus</strong></span> <span class='ocrx_word' id='word_1_218' title='bbox 1114 1798 1169 1831; x_wconf 90' lang='lat' dir='ltr'><strong>di-</strong></span> 
     </span>
     <span class='ocr_line' id='line_1_34' title="bbox 171 1849 1167 1896; baseline -0.002 -13"><span class='ocrx_word' id='word_1_219' title='bbox 171 1852 316 1891; x_wconf 92' lang='lat' dir='ltr'><strong>dicisse,</strong></span> <span class='ocrx_word' id='word_1_220' title='bbox 352 1862 457 1896; x_wconf 85' lang='lat' dir='ltr'><strong>quam</strong></span> <span class='ocrx_word' id='word_1_221' title='bbox 489 1849 578 1883; x_wconf 86' lang='lat' dir='ltr'><strong>alios</strong></span> <span class='ocrx_word' id='word_1_222' title='bbox 604 1849 876 1885; x_wconf 88' lang='lat' dir='ltr'><strong>commilitones.</strong></span> <span class='ocrx_word' id='word_1_223' title='bbox 938 1849 1062 1883; x_wconf 88' lang='lat' dir='ltr'><strong>Postea</strong></span> <span class='ocrx_word' id='word_1_224' title='bbox 1089 1862 1167 1882; x_wconf 88' lang='lat' dir='ltr'><strong>cum</strong></span> 
     </span>
     <span class='ocr_line' id='line_1_35' title="bbox 169 1900 1168 1947; baseline -0.003 -11"><span class='ocrx_word' id='word_1_225' title='bbox 169 1903 262 1947; x_wconf 86' lang='lat' dir='ltr'><strong>apud</strong></span> <span class='ocrx_word' id='word_1_226' title='bbox 274 1901 419 1935; x_wconf 87' lang='lat' dir='ltr'><strong>Petrum</strong></span> <span class='ocrx_word' id='word_1_227' title='bbox 432 1900 671 1935; x_wconf 85' lang='lat' dir='ltr'><strong>Mosellanum</strong></span> <span class='ocrx_word' id='word_1_228' title='bbox 691 1901 844 1934; x_wconf 86' lang='lat' dir='ltr'><strong>formare</strong></span> <span class='ocrx_word' id='word_1_229' title='bbox 854 1900 1016 1935; x_wconf 87' lang='lat' dir='ltr'><strong>Latinam</strong></span> <span class='ocrx_word' id='word_1_230' title='bbox 1035 1901 1168 1934; x_wconf 90' lang='lat' dir='ltr'><strong>oratio-</strong></span> 
     </span>
     <span class='ocr_line' id='line_1_36' title="bbox 169 1951 1166 1996; baseline -0.003 -9"><span class='ocrx_word' id='word_1_231' title='bbox 169 1966 250 1987; x_wconf 87' lang='lat' dir='ltr'><strong>nem</strong></span> <span class='ocrx_word' id='word_1_232' title='bbox 279 1953 478 1993; x_wconf 83' lang='lat' dir='ltr'><strong>didicisset,</strong></span> <span class='ocrx_word' id='word_1_233' title='bbox 511 1958 543 1985; x_wconf 87' lang='lat' dir='ltr'><strong>et</strong></span> <span class='ocrx_word' id='word_1_234' title='bbox 566 1952 602 1985; x_wconf 91' lang='lat' dir='ltr'><strong>in</strong></span> <span class='ocrx_word' id='word_1_235' title='bbox 622 1951 757 1986; x_wconf 87' lang='lat' dir='ltr'><strong>Graeca</strong></span> <span class='ocrx_word' id='word_1_236' title='bbox 777 1952 894 1996; x_wconf 91' lang='lat' dir='ltr'><strong>lingua</strong></span> <span class='ocrx_word' id='word_1_237' title='bbox 915 1952 1065 1985; x_wconf 84' lang='lat' dir='ltr'><strong>multum</strong></span> <span class='ocrx_word' id='word_1_238' title='bbox 1086 1964 1166 1996; x_wconf 89' lang='lat' dir='ltr'><strong>pro-</strong></span> 
     </span>
     <span class='ocr_line' id='line_1_37' title="bbox 169 2001 1168 2047; baseline -0.003 -9"><span class='ocrx_word' id='word_1_239' title='bbox 169 2005 303 2042; x_wconf 87' lang='lat' dir='ltr'><strong>ficeret,</strong></span> <span class='ocrx_word' id='word_1_240' title='bbox 332 2011 364 2037; x_wconf 85' lang='lat' dir='ltr'><strong>et</strong></span> <span class='ocrx_word' id='word_1_241' title='bbox 388 2004 424 2037; x_wconf 93' lang='lat' dir='ltr'><strong>in</strong></span> <span class='ocrx_word' id='word_1_242' title='bbox 446 2003 606 2037; x_wconf 89' lang='lat' dir='ltr'><strong>moribus</strong></span> <span class='ocrx_word' id='word_1_243' title='bbox 631 2001 722 2036; x_wconf 87' lang='lat' dir='ltr'><strong>nihil</strong></span> <span class='ocrx_word' id='word_1_244' title='bbox 742 2011 827 2037; x_wconf 90' lang='lat' dir='ltr'><strong>esset</strong></span> <span class='ocrx_word' id='word_1_245' title='bbox 846 2003 1086 2047; x_wconf 87' lang='lat' dir='ltr'><strong>arrogantiae,</strong></span> <span class='ocrx_word' id='word_1_246' title='bbox 1112 2003 1168 2035; x_wconf 88' lang='lat' dir='ltr'><strong>ni-</strong></span> 
     </span>
     <span class='ocr_line' id='line_1_38' title="bbox 168 2051 1165 2099; baseline -0.003 -10"><span class='ocrx_word' id='word_1_247' title='bbox 168 2053 220 2089; x_wconf 87' lang='lat' dir='ltr'><strong>hil</strong></span> <span class='ocrx_word' id='word_1_248' title='bbox 240 2055 467 2095; x_wconf 87' lang='lat' dir='ltr'><strong>insolentiae,</strong></span> <span class='ocrx_word' id='word_1_249' title='bbox 496 2051 589 2087; x_wconf 86' lang='lat' dir='ltr'><strong>nihil</strong></span> <span class='ocrx_word' id='word_1_250' title='bbox 606 2055 694 2095; x_wconf 81' lang='lat' dir='ltr'><strong>fuci,</strong></span> <span class='ocrx_word' id='word_1_251' title='bbox 718 2052 809 2087; x_wconf 83' lang='lat' dir='ltr'><strong>nihil</strong></span> <span class='ocrx_word' id='word_1_252' title='bbox 828 2055 1082 2099; x_wconf 86' lang='lat' dir='ltr'><strong>perversitatis,</strong></span> <span class='ocrx_word' id='word_1_253' title='bbox 1108 2055 1165 2087; x_wconf 90' lang='lat' dir='ltr'><strong>sed</strong></span> 
     </span>
     <span class='ocr_line' id='line_1_39' title="bbox 170 2105 1167 2149; baseline -0.002 -9"><span class='ocrx_word' id='word_1_254' title='bbox 170 2113 295 2140; x_wconf 90' lang='lat' dir='ltr'><strong>natura</strong></span> <span class='ocrx_word' id='word_1_255' title='bbox 320 2113 433 2147; x_wconf 88' lang='lat' dir='ltr'><strong>recta,</strong></span> <span class='ocrx_word' id='word_1_256' title='bbox 461 2106 632 2146; x_wconf 84' lang='lat' dir='ltr'><strong>candida,</strong></span> <span class='ocrx_word' id='word_1_257' title='bbox 659 2107 837 2149; x_wconf 87' lang='lat' dir='ltr'><strong>modesta,</strong></span> <span class='ocrx_word' id='word_1_258' title='bbox 872 2105 1081 2149; x_wconf 80' lang='lat' dir='ltr'><strong>disciplinae</strong></span> <span class='ocrx_word' id='word_1_259' title='bbox 1105 2117 1167 2149; x_wconf 88' lang='lat' dir='ltr'><strong>pa-</strong></span> 
     </span>
     <span class='ocr_line' id='line_1_40' title="bbox 169 2155 1168 2200; baseline -0.002 -8"><span class='ocrx_word' id='word_1_260' title='bbox 169 2159 275 2197; x_wconf 87' lang='lat' dir='ltr'><strong>tiens,</strong></span> <span class='ocrx_word' id='word_1_261' title='bbox 307 2169 427 2191; x_wconf 90' lang='lat' dir='ltr'><strong>amans</strong></span> <span class='ocrx_word' id='word_1_262' title='bbox 459 2157 662 2198; x_wconf 86' lang='lat' dir='ltr'><strong>veritatem,</strong></span> <span class='ocrx_word' id='word_1_263' title='bbox 697 2157 859 2200; x_wconf 89' lang='lat' dir='ltr'><strong>pietatem</strong></span> <span class='ocrx_word' id='word_1_264' title='bbox 892 2169 971 2199; x_wconf 82' lang='lat' dir='ltr'><strong>erga</strong></span> <span class='ocrx_word' id='word_1_265' title='bbox 994 2155 1108 2190; x_wconf 84' lang='lat' dir='ltr'><strong>Deum</strong></span> <span class='ocrx_word' id='word_1_266' title='bbox 1134 2163 1168 2190; x_wconf 85' lang='lat' dir='ltr'><strong>et</strong></span> 
     </span>
     <span class='ocr_line' id='line_1_41' title="bbox 170 2207 1166 2251; baseline -0.003 -8"><span class='ocrx_word' id='word_1_267' title='bbox 170 2209 378 2243; x_wconf 82' lang='lat' dir='ltr'><strong>castitatem:</strong></span> <span class='ocrx_word' id='word_1_268' title='bbox 404 2207 529 2242; x_wconf 83' lang='lat' dir='ltr'><strong>Petrus</strong></span> <span class='ocrx_word' id='word_1_269' title='bbox 546 2221 644 2249; x_wconf 89' lang='lat' dir='ltr'><strong>eum,</strong></span> <span class='ocrx_word' id='word_1_270' title='bbox 670 2214 708 2241; x_wconf 88' lang='lat' dir='ltr'><strong>ut</strong></span> <span class='ocrx_word' id='word_1_271' title='bbox 726 2215 798 2241; x_wconf 89' lang='lat' dir='ltr'><strong>erat</strong></span> <span class='ocrx_word' id='word_1_272' title='bbox 820 2220 920 2251; x_wconf 85' lang='lat' dir='ltr'><strong>sagax</strong></span> <span class='ocrx_word' id='word_1_273' title='bbox 941 2208 1166 2251; x_wconf 84' lang='lat' dir='ltr'><strong>ingeniorum</strong></span> 
     </span>
     <span class='ocr_line' id='line_1_42' title="bbox 170 2258 1168 2302; baseline -0.002 -9"><span class='ocrx_word' id='word_1_274' title='bbox 170 2271 310 2299; x_wconf 87' lang='lat' dir='ltr'><strong>censor,</strong></span> <span class='ocrx_word' id='word_1_275' title='bbox 346 2260 392 2293; x_wconf 92' lang='lat' dir='ltr'><strong>ita</strong></span> <span class='ocrx_word' id='word_1_276' title='bbox 412 2267 449 2293; x_wconf 90' lang='lat' dir='ltr'><strong>ut</strong></span> <span class='ocrx_word' id='word_1_277' title='bbox 476 2260 587 2293; x_wconf 85' lang='lat' dir='ltr'><strong>filium</strong></span> <span class='ocrx_word' id='word_1_278' title='bbox 613 2259 814 2302; x_wconf 84' lang='lat' dir='ltr'><strong>complexus</strong></span> <span class='ocrx_word' id='word_1_279' title='bbox 844 2267 914 2299; x_wconf 86' lang='lat' dir='ltr'><strong>cst,</strong></span> <span class='ocrx_word' id='word_1_280' title='bbox 950 2267 982 2294; x_wconf 89' lang='lat' dir='ltr'><strong>et</strong></span> <span class='ocrx_word' id='word_1_281' title='bbox 1009 2258 1168 2293; x_wconf 88' lang='lat' dir='ltr'><strong>laudavit</strong></span> 
     </span>
     <span class='ocr_line' id='line_1_43' title="bbox 170 2310 1165 2353; baseline -0.001 -9"><span class='ocrx_word' id='word_1_282' title='bbox 170 2311 345 2351; x_wconf 84' lang='lat' dir='ltr'><strong>indolem,</strong></span> <span class='ocrx_word' id='word_1_283' title='bbox 381 2311 515 2353; x_wconf 86' lang='lat' dir='ltr'><strong>studia,</strong></span> <span class='ocrx_word' id='word_1_284' title='bbox 549 2318 583 2345; x_wconf 90' lang='lat' dir='ltr'><strong>et</strong></span> <span class='ocrx_word' id='word_1_285' title='bbox 604 2322 720 2344; x_wconf 90' lang='lat' dir='ltr'><strong>mores</strong></span> <span class='ocrx_word' id='word_1_286' title='bbox 745 2310 977 2344; x_wconf 83' lang='lat' dir='ltr'><strong>adolescentis</strong></span> <span class='ocrx_word' id='word_1_287' title='bbox 1002 2310 1165 2343; x_wconf 79' lang='lat' dir='ltr'><strong>universa</strong></span> 
     </span>
     <span class='ocr_line' id='line_1_44' title="bbox 171 2361 372 2396; baseline -0.015 0"><span class='ocrx_word' id='word_1_288' title='bbox 171 2361 372 2396; x_wconf 71' lang='lat' dir='ltr'><strong>Academia.</strong></span> 
     </span>
    </p>

    <p class='ocr_par' dir='ltr' id='par_1_4' title="bbox 166 2411 1166 2764">
     <span class='ocr_line' id='line_1_45' title="bbox 273 2411 1165 2456; baseline 0 -12"><span class='ocrx_word' id='word_1_289' title='bbox 273 2411 362 2445; x_wconf 88' lang='lat' dir='ltr'><strong>Cum</strong></span> <span class='ocrx_word' id='word_1_290' title='bbox 391 2419 508 2446; x_wconf 79' lang='lat' dir='ltr'><strong>autem</strong></span> <span class='ocrx_word' id='word_1_291' title='bbox 546 2413 743 2447; x_wconf 87' lang='lat' dir='ltr'><strong>utilissimis</strong></span> <span class='ocrx_word' id='word_1_292' title='bbox 777 2413 948 2446; x_wconf 80' lang='lat' dir='ltr'><strong>exercitiis</strong></span> <span class='ocrx_word' id='word_1_293' title='bbox 980 2412 1165 2456; x_wconf 84' lang='lat' dir='ltr'><strong>utriusque</strong></span> 
     </span>
     <span class='ocr_line' id='line_1_46' title="bbox 171 2463 1166 2509; baseline -0.001 -13"><span class='ocrx_word' id='word_1_294' title='bbox 171 2465 310 2507; x_wconf 84' lang='lat' dir='ltr'><strong>linguae</strong></span> <span class='ocrx_word' id='word_1_295' title='bbox 333 2465 424 2507; x_wconf 91' lang='lat' dir='ltr'><strong>apud</strong></span> <span class='ocrx_word' id='word_1_296' title='bbox 452 2463 593 2497; x_wconf 75' lang='lat' dir='ltr'><strong>Petrum</strong></span> <span class='ocrx_word' id='word_1_297' title='bbox 618 2465 770 2508; x_wconf 84' lang='lat' dir='ltr'><strong>amplius</strong></span> <span class='ocrx_word' id='word_1_298' title='bbox 795 2464 1030 2509; x_wconf 78' lang='lat' dir='ltr'><strong>quadriennio</strong></span> <span class='ocrx_word' id='word_1_299' title='bbox 1046 2463 1166 2496; x_wconf 82' lang='lat' dir='ltr'><strong>excul-</strong></span> 
     </span>
     <span class='ocr_line' id='line_1_47' title="bbox 171 2515 1163 2559; baseline -0.002 -11"><span class='ocrx_word' id='word_1_300' title='bbox 171 2523 225 2549; x_wconf 85' lang='lat' dir='ltr'><strong>tus</strong></span> <span class='ocrx_word' id='word_1_301' title='bbox 260 2521 365 2554; x_wconf 80' lang='lat' dir='ltr'><strong>esset,</strong></span> <span class='ocrx_word' id='word_1_302' title='bbox 399 2522 428 2546; x_wconf 78' lang='lat' dir='ltr'><strong>et</strong></span> <span class='ocrx_word' id='word_1_303' title='bbox 471 2523 612 2558; x_wconf 83' lang='lat' dir='ltr'><strong>propter</strong></span> <span class='ocrx_word' id='word_1_304' title='bbox 651 2517 743 2548; x_wconf 89' lang='lat' dir='ltr'><strong>luem</strong></span> <span class='ocrx_word' id='word_1_305' title='bbox 779 2515 916 2559; x_wconf 78' lang='lat' dir='ltr'><strong>Lipsiae</strong></span> <span class='ocrx_word' id='word_1_306' title='bbox 949 2520 1163 2557; x_wconf 79' lang='lat' dir='ltr'><strong>grassantem</strong></span> 
     </span>
     <span class='ocr_line' id='line_1_48' title="bbox 169 2566 1162 2610; baseline -0.002 -11"><span class='ocrx_word' id='word_1_307' title='bbox 169 2566 347 2610; x_wconf 81' lang='lat' dir='ltr'><strong>paulisper</strong></span> <span class='ocrx_word' id='word_1_308' title='bbox 364 2567 595 2599; x_wconf 79' lang='lat' dir='ltr'><strong>secedendum</strong></span> <span class='ocrx_word' id='word_1_309' title='bbox 611 2574 715 2605; x_wconf 78' lang='lat' dir='ltr'><strong>esset,</strong></span> <span class='ocrx_word' id='word_1_310' title='bbox 743 2580 812 2599; x_wconf 88' lang='lat' dir='ltr'><strong>una</strong></span> <span class='ocrx_word' id='word_1_311' title='bbox 831 2579 910 2599; x_wconf 87' lang='lat' dir='ltr'><strong>cnm</strong></span> <span class='ocrx_word' id='word_1_312' title='bbox 926 2566 1084 2599; x_wconf 70' lang='lat' dir='ltr'><strong>llnrnero</strong></span> <span class='ocrx_word' id='word_1_313' title='bbox 1103 2577 1162 2597; x_wconf 77' lang='lat' dir='ltr'><strong>ve-</strong></span> 
     </span>
     <span class='ocr_line' id='line_1_49' title="bbox 169 2615 1160 2661; baseline -0.001 -11"><span class='ocrx_word' id='word_1_314' title='bbox 169 2618 221 2651; x_wconf 86' lang='lat' dir='ltr'><strong>nit</strong></span> <span class='ocrx_word' id='word_1_315' title='bbox 236 2618 271 2650; x_wconf 91' lang='lat' dir='ltr'><strong>in</strong></span> <span class='ocrx_word' id='word_1_316' title='bbox 288 2615 378 2650; x_wconf 82' lang='lat' dir='ltr'><strong>hanc</strong></span> <span class='ocrx_word' id='word_1_317' title='bbox 397 2617 546 2649; x_wconf 73' lang='lat' dir='ltr'><strong>vicinam</strong></span> <span class='ocrx_word' id='word_1_318' title='bbox 566 2617 810 2655; x_wconf 68' lang='lat' dir='ltr'><strong>Academiam,</strong></span> <span class='ocrx_word' id='word_1_319' title='bbox 839 2618 1025 2661; x_wconf 78' lang='lat' dir='ltr'><strong>praecipue</strong></span> <span class='ocrx_word' id='word_1_320' title='bbox 1042 2625 1077 2650; x_wconf 89' lang='lat' dir='ltr'><strong>ut</strong></span> <span class='ocrx_word' id='word_1_321' title='bbox 1095 2617 1160 2648; x_wconf 76' lang='lat' dir='ltr'><strong>‹lo-</strong></span> 
     </span>
     <span class='ocr_line' id='line_1_50' title="bbox 168 2667 1158 2709; baseline -0.002 -8"><span class='ocrx_word' id='word_1_322' title='bbox 168 2669 278 2701; x_wconf 79' lang='lat' dir='ltr'><strong>ctrina</strong></span> <span class='ocrx_word' id='word_1_323' title='bbox 303 2670 345 2701; x_wconf 75' lang='lat' dir='ltr'><strong>‹le</strong></span> <span class='ocrx_word' id='word_1_324' title='bbox 372 2668 442 2702; x_wconf 84' lang='lat' dir='ltr'><strong>Deo</strong></span> <span class='ocrx_word' id='word_1_325' title='bbox 472 2675 561 2700; x_wconf 80' lang='lat' dir='ltr'><strong>recte</strong></span> <span class='ocrx_word' id='word_1_326' title='bbox 593 2670 748 2709; x_wconf 71' lang='lat' dir='ltr'><strong>cognita,</strong></span> <span class='ocrx_word' id='word_1_327' title='bbox 779 2669 870 2701; x_wconf 78' lang='lat' dir='ltr'><strong>veris</strong></span> <span class='ocrx_word' id='word_1_328' title='bbox 896 2670 1019 2702; x_wconf 77' lang='lat' dir='ltr'><strong>officiis</strong></span> <span class='ocrx_word' id='word_1_329' title='bbox 1045 2667 1158 2701; x_wconf 83' lang='lat' dir='ltr'><strong>Deum</strong></span> 
     </span>
     <span class='ocr_line' id='line_1_51' title="bbox 166 2717 1158 2764; baseline 0 -13"><span class='ocrx_word' id='word_1_330' title='bbox 166 2721 314 2757; x_wconf 79' lang='lat' dir='ltr'><strong>coleret,</strong></span> <span class='ocrx_word' id='word_1_331' title='bbox 342 2726 370 2753; x_wconf 83' lang='lat' dir='ltr'><strong>ct</strong></span> <span class='ocrx_word' id='word_1_332' title='bbox 391 2717 565 2753; x_wconf 79' lang='lat' dir='ltr'><strong>Ecclesiae</strong></span> <span class='ocrx_word' id='word_1_333' title='bbox 584 2728 700 2764; x_wconf 82' lang='lat' dir='ltr'><strong>postea</strong></span> <span class='ocrx_word' id='word_1_334' title='bbox 720 2721 797 2753; x_wconf 87' lang='lat' dir='ltr'><strong>usui</strong></span> <span class='ocrx_word' id='word_1_335' title='bbox 816 2732 887 2753; x_wconf 86' lang='lat' dir='ltr'><strong>esse</strong></span> <span class='ocrx_word' id='word_1_336' title='bbox 906 2728 1032 2763; x_wconf 84' lang='lat' dir='ltr'><strong>posset.</strong></span> <span class='ocrx_word' id='word_1_337' title='bbox 1071 2719 1158 2752; x_wconf 64' lang='lat' dir='ltr'><strong>Nam</strong></span> 
     </span>
    </p>
   </div>
   <div class='ocr_carea' id='block_1_3' title="bbox 770 125 1619 166">
    <p class='ocr_par' dir='ltr' id='par_1_5' title="bbox 770 125 1619 166">
     <span class='ocr_line' id='line_1_52' title="bbox 770 125 1619 166; baseline 0.004 -4"><span class='ocrx_word' id='word_1_338' title='bbox 770 125 928 163; x_wconf 87' lang='lat' dir='ltr'><strong>DECL.</strong></span> <span class='ocrx_word' id='word_1_339' title='bbox 963 126 1036 162; x_wconf 89' lang='lat' dir='ltr'><strong>DE</strong></span> <span class='ocrx_word' id='word_1_340' title='bbox 1070 127 1223 165; x_wconf 87' lang='lat' dir='ltr'>CASP.</span> <span class='ocrx_word' id='word_1_341' title='bbox 1257 126 1619 166; x_wconf 88' lang='lat' dir='ltr'><strong>CRUCIGERO.</strong></span> 
     </span>
    </p>
   </div>
   <div class='ocr_carea' id='block_1_4' title="bbox 2146 133 2222 171">
    <p class='ocr_par' dir='ltr' id='par_1_6' title="bbox 2146 133 2222 171">
     <span class='ocr_line' id='line_1_53' title="bbox 2146 133 2222 171; baseline 0.039 -3"><span class='ocrx_word' id='word_1_342' title='bbox 2146 133 2222 171; x_wconf 78' lang='lat'><strong>836</strong></span> 
     </span>
    </p>
   </div>
   <div class='ocr_carea' id='block_1_5' title="bbox 1212 212 2222 2760">
    <p class='ocr_par' dir='ltr' id='par_1_7' title="bbox 1222 212 2222 771">
     <span class='ocr_line' id='line_1_54' title="bbox 1224 212 2222 260; baseline 0.006 -12"><span class='ocrx_word' id='word_1_343' title='bbox 1224 216 1267 248; x_wconf 88' lang='lat' dir='ltr'><strong>ad</strong></span> <span class='ocrx_word' id='word_1_344' title='bbox 1293 212 1358 248; x_wconf 92' lang='lat' dir='ltr'><strong>hos</strong></span> <span class='ocrx_word' id='word_1_345' title='bbox 1385 215 1472 249; x_wconf 86' lang='lat' dir='ltr'><strong>fines</strong></span> <span class='ocrx_word' id='word_1_346' title='bbox 1494 215 1609 249; x_wconf 90' lang='lat' dir='ltr'><strong>studia</strong></span> <span class='ocrx_word' id='word_1_347' title='bbox 1637 222 1671 250; x_wconf 92' lang='lat' dir='ltr'><strong>et</strong></span> <span class='ocrx_word' id='word_1_348' title='bbox 1691 215 1799 249; x_wconf 88' lang='lat' dir='ltr'><strong>vitam</strong></span> <span class='ocrx_word' id='word_1_349' title='bbox 1825 218 2016 259; x_wconf 80' lang='lat' dir='ltr'><strong>referebat,</strong></span> <span class='ocrx_word' id='word_1_350' title='bbox 2049 217 2147 260; x_wconf 87' lang='lat' dir='ltr'><strong>Deo,</strong></span> <span class='ocrx_word' id='word_1_351' title='bbox 2181 225 2222 254; x_wconf 88' lang='lat' dir='ltr'><strong>ut</strong></span> 
     </span>
     <span class='ocr_line' id='line_1_55' title="bbox 1222 267 2220 313; baseline 0.006 -14"><span class='ocrx_word' id='word_1_352' title='bbox 1222 272 1342 310; x_wconf 91' lang='lat' dir='ltr'><strong>postea</strong></span> <span class='ocrx_word' id='word_1_353' title='bbox 1374 273 1521 299; x_wconf 88' lang='lat' dir='ltr'><strong>eventus</strong></span> <span class='ocrx_word' id='word_1_354' title='bbox 1552 267 1726 307; x_wconf 85' lang='lat' dir='ltr'><strong>ostendit,</strong></span> <span class='ocrx_word' id='word_1_355' title='bbox 1769 268 1869 312; x_wconf 88' lang='lat' dir='ltr'><strong>quasi</strong></span> <span class='ocrx_word' id='word_1_356' title='bbox 1894 280 1957 312; x_wconf 90' lang='lat' dir='ltr'><strong>per</strong></span> <span class='ocrx_word' id='word_1_357' title='bbox 1984 269 2112 313; x_wconf 86' lang='lat' dir='ltr'><strong>gradus</strong></span> <span class='ocrx_word' id='word_1_358' title='bbox 2139 282 2220 304; x_wconf 91' lang='lat' dir='ltr'><strong>eum</strong></span> 
     </span>
     <span class='ocr_line' id='line_1_56' title="bbox 1224 315 2219 365; baseline 0.004 -14"><span class='ocrx_word' id='word_1_359' title='bbox 1224 319 1373 352; x_wconf 88' lang='lat' dir='ltr'><strong>ducente</strong></span> <span class='ocrx_word' id='word_1_360' title='bbox 1398 318 1435 351; x_wconf 91' lang='lat' dir='ltr'><strong>in</strong></span> <span class='ocrx_word' id='word_1_361' title='bbox 1461 315 1553 352; x_wconf 88' lang='lat' dir='ltr'><strong>hanc</strong></span> <span class='ocrx_word' id='word_1_362' title='bbox 1574 318 1782 360; x_wconf 87' lang='lat' dir='ltr'><strong>stationem,</strong></span> <span class='ocrx_word' id='word_1_363' title='bbox 1806 318 1845 352; x_wconf 90' lang='lat' dir='ltr'><strong>in</strong></span> <span class='ocrx_word' id='word_1_364' title='bbox 1861 330 1930 364; x_wconf 88' lang='lat' dir='ltr'><strong>qua</strong></span> <span class='ocrx_word' id='word_1_365' title='bbox 1947 329 2066 365; x_wconf 90' lang='lat' dir='ltr'><strong>postea</strong></span> <span class='ocrx_word' id='word_1_366' title='bbox 2087 321 2219 355; x_wconf 89' lang='lat' dir='ltr'><strong>bonam</strong></span> 
     </span>
     <span class='ocr_line' id='line_1_57' title="bbox 1223 368 2220 415; baseline 0.004 -13"><span class='ocrx_word' id='word_1_367' title='bbox 1223 381 1365 413; x_wconf 90' lang='lat' dir='ltr'><strong>operam</strong></span> <span class='ocrx_word' id='word_1_368' title='bbox 1389 368 1568 403; x_wconf 88' lang='lat' dir='ltr'><strong>Ecclesiae</strong></span> <span class='ocrx_word' id='word_1_369' title='bbox 1588 370 1742 405; x_wconf 87' lang='lat' dir='ltr'><strong>navavit.</strong></span> <span class='ocrx_word' id='word_1_370' title='bbox 1792 368 1862 403; x_wconf 86' lang='lat' dir='ltr'><strong>Hic</strong></span> <span class='ocrx_word' id='word_1_371' title='bbox 1885 371 1928 404; x_wconf 90' lang='lat' dir='ltr'><strong>ad</strong></span> <span class='ocrx_word' id='word_1_372' title='bbox 1947 371 2065 415; x_wconf 85' lang='lat' dir='ltr'><strong>priora</strong></span> <span class='ocrx_word' id='word_1_373' title='bbox 2087 373 2220 406; x_wconf 86' lang='lat' dir='ltr'><strong>exerci-</strong></span> 
     </span>
     <span class='ocr_line' id='line_1_58' title="bbox 1224 419 2219 463; baseline 0.004 -11"><span class='ocrx_word' id='word_1_374' title='bbox 1224 420 1270 453; x_wconf 89' lang='lat' dir='ltr'><strong>tia</strong></span> <span class='ocrx_word' id='word_1_375' title='bbox 1297 420 1438 463; x_wconf 90' lang='lat' dir='ltr'><strong>linguae</strong></span> <span class='ocrx_word' id='word_1_376' title='bbox 1460 419 1608 454; x_wconf 87' lang='lat' dir='ltr'><strong>Latinae</strong></span> <span class='ocrx_word' id='word_1_377' title='bbox 1637 427 1670 454; x_wconf 89' lang='lat' dir='ltr'><strong>et</strong></span> <span class='ocrx_word' id='word_1_378' title='bbox 1695 419 1851 454; x_wconf 88' lang='lat' dir='ltr'><strong>Graecae</strong></span> <span class='ocrx_word' id='word_1_379' title='bbox 1879 421 2041 456; x_wconf 81' lang='lat' dir='ltr'><strong>adiunxit</strong></span> <span class='ocrx_word' id='word_1_380' title='bbox 2062 424 2219 458; x_wconf 90' lang='lat' dir='ltr'><strong>studium</strong></span> 
     </span>
     <span class='ocr_line' id='line_1_59' title="bbox 1224 469 2220 514; baseline 0.005 -11"><span class='ocrx_word' id='word_1_381' title='bbox 1224 471 1365 514; x_wconf 87' lang='lat' dir='ltr'><strong>linguae</strong></span> <span class='ocrx_word' id='word_1_382' title='bbox 1386 469 1564 512; x_wconf 84' lang='lat' dir='ltr'><strong>Ebraeae,</strong></span> <span class='ocrx_word' id='word_1_383' title='bbox 1599 483 1638 505; x_wconf 92' lang='lat' dir='ltr'><strong>ac</strong></span> <span class='ocrx_word' id='word_1_384' title='bbox 1670 482 1794 505; x_wconf 89' lang='lat' dir='ltr'><strong>omnes</strong></span> <span class='ocrx_word' id='word_1_385' title='bbox 1819 471 1865 505; x_wconf 81' lang='lat' dir='ltr'><strong>ita</strong></span> <span class='ocrx_word' id='word_1_386' title='bbox 1893 472 2036 514; x_wconf 85' lang='lat' dir='ltr'><strong>didicit,</strong></span> <span class='ocrx_word' id='word_1_387' title='bbox 2066 481 2106 508; x_wconf 91' lang='lat' dir='ltr'><strong>ut</strong></span> <span class='ocrx_word' id='word_1_388' title='bbox 2133 476 2220 508; x_wconf 90' lang='lat' dir='ltr'><strong>adeo</strong></span> 
     </span>
     <span class='ocr_line' id='line_1_60' title="bbox 1223 522 2220 570; baseline 0.003 -15"><span class='ocrx_word' id='word_1_389' title='bbox 1223 522 1446 556; x_wconf 87' lang='lat' dir='ltr'><strong>familiariter</strong></span> <span class='ocrx_word' id='word_1_390' title='bbox 1469 522 1537 555; x_wconf 91' lang='lat' dir='ltr'><strong>sibi</strong></span> <span class='ocrx_word' id='word_1_391' title='bbox 1561 529 1665 556; x_wconf 89' lang='lat' dir='ltr'><strong>notae</strong></span> <span class='ocrx_word' id='word_1_392' title='bbox 1688 529 1822 564; x_wconf 89' lang='lat' dir='ltr'><strong>essent,</strong></span> <span class='ocrx_word' id='word_1_393' title='bbox 1860 535 1899 556; x_wconf 90' lang='lat' dir='ltr'><strong>ac</strong></span> <span class='ocrx_word' id='word_1_394' title='bbox 1927 523 1956 556; x_wconf 90' lang='lat' dir='ltr'><strong>si</strong></span> <span class='ocrx_word' id='word_1_395' title='bbox 1982 523 2120 558; x_wconf 89' lang='lat' dir='ltr'><strong>nativae</strong></span> <span class='ocrx_word' id='word_1_396' title='bbox 2142 526 2220 570; x_wconf 90' lang='lat' dir='ltr'><strong>ipsi,</strong></span> 
     </span>
     <span class='ocr_line' id='line_1_61' title="bbox 1224 571 2220 610; baseline 0.004 -4"><span class='ocrx_word' id='word_1_397' title='bbox 1224 585 1297 607; x_wconf 90' lang='lat' dir='ltr'><strong>non</strong></span> <span class='ocrx_word' id='word_1_398' title='bbox 1322 573 1496 607; x_wconf 87' lang='lat' dir='ltr'><strong>insiticiae</strong></span> <span class='ocrx_word' id='word_1_399' title='bbox 1521 573 1680 608; x_wconf 86' lang='lat' dir='ltr'><strong>fuissent.</strong></span> <span class='ocrx_word' id='word_1_400' title='bbox 1730 571 1909 607; x_wconf 88' lang='lat' dir='ltr'><strong>Audiebat</strong></span> <span class='ocrx_word' id='word_1_401' title='bbox 1930 574 2085 608; x_wconf 86' lang='lat' dir='ltr'><strong>studiose</strong></span> <span class='ocrx_word' id='word_1_402' title='bbox 2104 582 2135 609; x_wconf 92' lang='lat' dir='ltr'><strong>et</strong></span> <span class='ocrx_word' id='word_1_403' title='bbox 2155 577 2220 610; x_wconf 89' lang='lat' dir='ltr'><strong>do-</strong></span> 
     </span>
     <span class='ocr_line' id='line_1_62' title="bbox 1225 622 2220 671; baseline 0.003 -14"><span class='ocrx_word' id='word_1_404' title='bbox 1225 625 1374 658; x_wconf 89' lang='lat' dir='ltr'><strong>ctrinam</strong></span> <span class='ocrx_word' id='word_1_405' title='bbox 1391 622 1585 665; x_wconf 89' lang='lat' dir='ltr'><strong>Ecclesiae,</strong></span> <span class='ocrx_word' id='word_1_406' title='bbox 1612 637 1650 658; x_wconf 88' lang='lat' dir='ltr'><strong>ac</strong></span> <span class='ocrx_word' id='word_1_407' title='bbox 1667 624 1854 658; x_wconf 88' lang='lat' dir='ltr'><strong>universae</strong></span> <span class='ocrx_word' id='word_1_408' title='bbox 1872 625 2094 671; x_wconf 89' lang='lat' dir='ltr'><strong>antiquitatis</strong></span> <span class='ocrx_word' id='word_1_409' title='bbox 2108 633 2220 660; x_wconf 88' lang='lat' dir='ltr'><strong>certa-</strong></span> 
     </span>
     <span class='ocr_line' id='line_1_63' title="bbox 1224 675 2221 721; baseline 0.002 -13"><span class='ocrx_word' id='word_1_410' title='bbox 1224 675 1320 708; x_wconf 91' lang='lat' dir='ltr'><strong>mina</strong></span> <span class='ocrx_word' id='word_1_411' title='bbox 1338 682 1371 709; x_wconf 91' lang='lat' dir='ltr'><strong>et</strong></span> <span class='ocrx_word' id='word_1_412' title='bbox 1389 675 1519 709; x_wconf 88' lang='lat' dir='ltr'><strong>iudicia</strong></span> <span class='ocrx_word' id='word_1_413' title='bbox 1537 676 1757 715; x_wconf 90' lang='lat' dir='ltr'><strong>conferebat,</strong></span> <span class='ocrx_word' id='word_1_414' title='bbox 1779 687 1818 709; x_wconf 90' lang='lat' dir='ltr'><strong>ac</strong></span> <span class='ocrx_word' id='word_1_415' title='bbox 1836 687 1936 709; x_wconf 89' lang='lat' dir='ltr'><strong>veros</strong></span> <span class='ocrx_word' id='word_1_416' title='bbox 1953 677 2115 710; x_wconf 89' lang='lat' dir='ltr'><strong>omnium</strong></span> <span class='ocrx_word' id='word_1_417' title='bbox 2133 679 2221 721; x_wconf 71' lang='lat' dir='ltr'><strong>dog·</strong></span> 
     </span>
     <span class='ocr_line' id='line_1_64' title="bbox 1225 727 1703 771; baseline 0.002 -12"><span class='ocrx_word' id='word_1_418' title='bbox 1225 733 1357 760; x_wconf 88' lang='lat' dir='ltr'><strong>matum</strong></span> <span class='ocrx_word' id='word_1_419' title='bbox 1367 727 1483 760; x_wconf 85' lang='lat' dir='ltr'><strong>fontes</strong></span> <span class='ocrx_word' id='word_1_420' title='bbox 1500 728 1703 771; x_wconf 91' lang='lat' dir='ltr'><strong>quaerebat.</strong></span> 
     </span>
    </p>

    <p class='ocr_par' dir='ltr' id='par_1_8' title="bbox 1224 776 2221 1015">
     <span class='ocr_line' id='line_1_65' title="bbox 1327 776 2221 823; baseline 0.002 -13"><span class='ocrx_word' id='word_1_421' title='bbox 1327 776 1405 810; x_wconf 88' lang='lat' dir='ltr'><strong>Hoc</strong></span> <span class='ocrx_word' id='word_1_422' title='bbox 1428 777 1587 811; x_wconf 89' lang='lat' dir='ltr'><strong>studium</strong></span> <span class='ocrx_word' id='word_1_423' title='bbox 1611 784 1645 812; x_wconf 92' lang='lat' dir='ltr'><strong>et</strong></span> <span class='ocrx_word' id='word_1_424' title='bbox 1667 777 1826 811; x_wconf 90' lang='lat' dir='ltr'><strong>moribus</strong></span> <span class='ocrx_word' id='word_1_425' title='bbox 1849 778 1950 811; x_wconf 89' lang='lat' dir='ltr'><strong>castis</strong></span> <span class='ocrx_word' id='word_1_426' title='bbox 1973 790 2011 812; x_wconf 89' lang='lat' dir='ltr'><strong>ac</strong></span> <span class='ocrx_word' id='word_1_427' title='bbox 2030 778 2096 823; x_wconf 92' lang='lat' dir='ltr'><strong>piis</strong></span> <span class='ocrx_word' id='word_1_428' title='bbox 2114 791 2221 812; x_wconf 89' lang='lat' dir='ltr'><strong>orna-</strong></span> 
     </span>
     <span class='ocr_line' id='line_1_66' title="bbox 1224 827 2220 874; baseline 0.001 -12"><span class='ocrx_word' id='word_1_429' title='bbox 1224 829 1304 870; x_wconf 91' lang='lat' dir='ltr'><strong>bat,</strong></span> <span class='ocrx_word' id='word_1_430' title='bbox 1337 834 1482 874; x_wconf 88' lang='lat' dir='ltr'><strong>eratque</strong></span> <span class='ocrx_word' id='word_1_431' title='bbox 1499 828 1575 862; x_wconf 91' lang='lat' dir='ltr'><strong>eius</strong></span> <span class='ocrx_word' id='word_1_432' title='bbox 1594 828 1814 862; x_wconf 83' lang='lat' dir='ltr'><strong>familiaritas</strong></span> <span class='ocrx_word' id='word_1_433' title='bbox 1833 828 2012 870; x_wconf 88' lang='lat' dir='ltr'><strong>Bornero,</strong></span> <span class='ocrx_word' id='word_1_434' title='bbox 2041 827 2220 864; x_wconf 87' lang='lat' dir='ltr'><strong>loachimo</strong></span> 
     </span>
     <span class='ocr_line' id='line_1_67' title="bbox 1224 878 2220 926; baseline 0.002 -13"><span class='ocrx_word' id='word_1_435' title='bbox 1224 878 1449 920; x_wconf 88' lang='lat' dir='ltr'><strong>Camerario,</strong></span> <span class='ocrx_word' id='word_1_436' title='bbox 1483 878 1587 913; x_wconf 88' lang='lat' dir='ltr'><strong>Petro</strong></span> <span class='ocrx_word' id='word_1_437' title='bbox 1611 878 1808 920; x_wconf 84' lang='lat' dir='ltr'><strong>Suavenio,</strong></span> <span class='ocrx_word' id='word_1_438' title='bbox 1841 878 2063 926; x_wconf 87' lang='lat' dir='ltr'><strong>Hieronymo</strong></span> <span class='ocrx_word' id='word_1_439' title='bbox 2087 879 2220 915; x_wconf 89' lang='lat' dir='ltr'><strong>Baum-</strong></span> 
     </span>
     <span class='ocr_line' id='line_1_68' title="bbox 1224 927 2221 976; baseline 0.003 -13"><span class='ocrx_word' id='word_1_440' title='bbox 1224 938 1406 974; x_wconf 87' lang='lat' dir='ltr'><strong>gartnero,</strong></span> <span class='ocrx_word' id='word_1_441' title='bbox 1439 927 1608 964; x_wconf 87' lang='lat' dir='ltr'><strong>Chiliano</strong></span> <span class='ocrx_word' id='word_1_442' title='bbox 1631 929 1830 971; x_wconf 91' lang='lat' dir='ltr'><strong>Goltstein‚</strong></span> <span class='ocrx_word' id='word_1_443' title='bbox 1862 928 2032 966; x_wconf 79' lang='lat' dir='ltr'><strong>Michaeli</strong></span> <span class='ocrx_word' id='word_1_444' title='bbox 2051 930 2221 976; x_wconf 86' lang='lat' dir='ltr'><strong>Rotingo,</strong></span> 
     </span>
     <span class='ocr_line' id='line_1_69' title="bbox 1225 981 1911 1015; baseline -0.001 0"><span class='ocrx_word' id='word_1_445' title='bbox 1225 989 1258 1015; x_wconf 89' lang='lat' dir='ltr'><strong>et</strong></span> <span class='ocrx_word' id='word_1_446' title='bbox 1276 982 1355 1015; x_wconf 93' lang='lat' dir='ltr'><strong>aliis</strong></span> <span class='ocrx_word' id='word_1_447' title='bbox 1374 981 1523 1015; x_wconf 90' lang='lat' dir='ltr'><strong>eruditis</strong></span> <span class='ocrx_word' id='word_1_448' title='bbox 1541 981 1627 1014; x_wconf 87' lang='lat' dir='ltr'><strong>viris</strong></span> <span class='ocrx_word' id='word_1_449' title='bbox 1644 981 1911 1015; x_wconf 89' lang='lat' dir='ltr'><strong>iucundissima.</strong></span> 
     </span>
    </p>

    <p class='ocr_par' dir='ltr' id='par_1_9' title="bbox 1222 1032 2220 1383">
     <span class='ocr_line' id='line_1_70' title="bbox 1325 1032 2220 1078; baseline 0 -12"><span class='ocrx_word' id='word_1_450' title='bbox 1325 1032 1522 1078; x_wconf 84' lang='lat' dir='ltr'><strong>Aliquanto</strong></span> <span class='ocrx_word' id='word_1_451' title='bbox 1555 1039 1631 1076; x_wconf 88' lang='lat' dir='ltr'><strong>post</strong></span> <span class='ocrx_word' id='word_1_452' title='bbox 1669 1045 1778 1066; x_wconf 88' lang='lat' dir='ltr'><strong>uxore</strong></span> <span class='ocrx_word' id='word_1_453' title='bbox 1806 1033 1912 1067; x_wconf 86' lang='lat' dir='ltr'><strong>ducta</strong></span> <span class='ocrx_word' id='word_1_454' title='bbox 1944 1033 2100 1066; x_wconf 89' lang='lat' dir='ltr'><strong>medicae</strong></span> <span class='ocrx_word' id='word_1_455' title='bbox 2134 1033 2220 1067; x_wconf 91' lang='lat' dir='ltr'><strong>artis</strong></span> 
     </span>
     <span class='ocr_line' id='line_1_71' title="bbox 1225 1084 2219 1129; baseline 0.001 -12"><span class='ocrx_word' id='word_1_456' title='bbox 1225 1084 1423 1118; x_wconf 88' lang='lat' dir='ltr'><strong>doctrinam</strong></span> <span class='ocrx_word' id='word_1_457' title='bbox 1443 1095 1653 1127; x_wconf 83' lang='lat' dir='ltr'><strong>cognoscere</strong></span> <span class='ocrx_word' id='word_1_458' title='bbox 1674 1084 1806 1127; x_wconf 88' lang='lat' dir='ltr'><strong>coepit,</strong></span> <span class='ocrx_word' id='word_1_459' title='bbox 1841 1096 1944 1129; x_wconf 90' lang='lat' dir='ltr'><strong>quam</strong></span> <span class='ocrx_word' id='word_1_460' title='bbox 1970 1090 2004 1118; x_wconf 90' lang='lat' dir='ltr'><strong>et</strong></span> <span class='ocrx_word' id='word_1_461' title='bbox 2029 1091 2146 1128; x_wconf 85' lang='lat' dir='ltr'><strong>postea</strong></span> <span class='ocrx_word' id='word_1_462' title='bbox 2170 1084 2219 1118; x_wconf 89' lang='lat' dir='ltr'><strong>sic</strong></span> 
     </span>
     <span class='ocr_line' id='line_1_72' title="bbox 1224 1135 2219 1179; baseline 0.002 -11"><span class='ocrx_word' id='word_1_463' title='bbox 1224 1135 1374 1176; x_wconf 90' lang='lat' dir='ltr'><strong>amavit,</strong></span> <span class='ocrx_word' id='word_1_464' title='bbox 1399 1141 1439 1168; x_wconf 92' lang='lat' dir='ltr'><strong>ut</strong></span> <span class='ocrx_word' id='word_1_465' title='bbox 1455 1146 1638 1179; x_wconf 87' lang='lat' dir='ltr'><strong>nunquam</strong></span> <span class='ocrx_word' id='word_1_466' title='bbox 1658 1135 1732 1167; x_wconf 90' lang='lat' dir='ltr'><strong>eius</strong></span> <span class='ocrx_word' id='word_1_467' title='bbox 1748 1135 1906 1168; x_wconf 90' lang='lat' dir='ltr'><strong>studium</strong></span> <span class='ocrx_word' id='word_1_468' title='bbox 1923 1135 2093 1170; x_wconf 87' lang='lat' dir='ltr'><strong>omiserit.</strong></span> <span class='ocrx_word' id='word_1_469' title='bbox 2147 1135 2219 1170; x_wconf 87' lang='lat' dir='ltr'><strong>Nec</strong></span> 
     </span>
     <span class='ocr_line' id='line_1_73' title="bbox 1223 1182 2219 1230; baseline 0.001 -11"><span class='ocrx_word' id='word_1_470' title='bbox 1223 1187 1338 1219; x_wconf 90' lang='lat' dir='ltr'><strong>solum</strong></span> <span class='ocrx_word' id='word_1_471' title='bbox 1356 1193 1459 1218; x_wconf 89' lang='lat' dir='ltr'><strong>norat</strong></span> <span class='ocrx_word' id='word_1_472' title='bbox 1482 1182 1610 1218; x_wconf 86' lang='lat' dir='ltr'><strong>herbas</strong></span> <span class='ocrx_word' id='word_1_473' title='bbox 1623 1192 1657 1219; x_wconf 89' lang='lat' dir='ltr'><strong>et</strong></span> <span class='ocrx_word' id='word_1_474' title='bbox 1674 1185 1835 1226; x_wconf 79' lang='lat' dir='ltr'><strong>frutices,</strong></span> <span class='ocrx_word' id='word_1_475' title='bbox 1863 1186 1923 1219; x_wconf 91' lang='lat' dir='ltr'><strong>sed</strong></span> <span class='ocrx_word' id='word_1_476' title='bbox 1941 1186 2014 1230; x_wconf 91' lang='lat' dir='ltr'><strong>ipse</strong></span> <span class='ocrx_word' id='word_1_477' title='bbox 2028 1187 2117 1220; x_wconf 88' lang='lat' dir='ltr'><strong>duos</strong></span> <span class='ocrx_word' id='word_1_478' title='bbox 2134 1183 2219 1220; x_wconf 85' lang='lat' dir='ltr'><strong>bor-</strong></span> 
     </span>
     <span class='ocr_line' id='line_1_74' title="bbox 1225 1236 2218 1281; baseline 0.002 -11"><span class='ocrx_word' id='word_1_479' title='bbox 1225 1243 1277 1270; x_wconf 90' lang='lat' dir='ltr'><strong>tos</strong></span> <span class='ocrx_word' id='word_1_480' title='bbox 1301 1248 1362 1271; x_wconf 90' lang='lat' dir='ltr'><strong>sua</strong></span> <span class='ocrx_word' id='word_1_481' title='bbox 1393 1247 1502 1269; x_wconf 88' lang='lat' dir='ltr'><strong>manu</strong></span> <span class='ocrx_word' id='word_1_482' title='bbox 1531 1247 1656 1278; x_wconf 89' lang='lat' dir='ltr'><strong>magna</strong></span> <span class='ocrx_word' id='word_1_483' title='bbox 1684 1236 1852 1271; x_wconf 89' lang='lat' dir='ltr'><strong>varietate</strong></span> <span class='ocrx_word' id='word_1_484' title='bbox 1876 1236 2040 1281; x_wconf 91' lang='lat' dir='ltr'><strong>stirpium</strong></span> <span class='ocrx_word' id='word_1_485' title='bbox 2067 1237 2218 1272; x_wconf 85' lang='lat' dir='ltr'><strong>ornavit.</strong></span> 
     </span>
     <span class='ocr_line' id='line_1_75' title="bbox 1222 1286 2218 1331; baseline 0 -9"><span class='ocrx_word' id='word_1_486' title='bbox 1222 1287 1395 1322; x_wconf 87' lang='lat' dir='ltr'><strong>Remedia</strong></span> <span class='ocrx_word' id='word_1_487' title='bbox 1419 1286 1523 1320; x_wconf 90' lang='lat' dir='ltr'><strong>etiam</strong></span> <span class='ocrx_word' id='word_1_488' title='bbox 1547 1287 1733 1331; x_wconf 89' lang='lat' dir='ltr'><strong>praecipua</strong></span> <span class='ocrx_word' id='word_1_489' title='bbox 1755 1287 1962 1321; x_wconf 88' lang='lat' dir='ltr'><strong>morborum</strong></span> <span class='ocrx_word' id='word_1_490' title='bbox 1987 1287 2019 1320; x_wconf 89' lang='lat' dir='ltr'><strong>ei</strong></span> <span class='ocrx_word' id='word_1_491' title='bbox 2035 1288 2218 1322; x_wconf 85' lang='lat' dir='ltr'><strong>notissima</strong></span> 
     </span>
     <span class='ocr_line' id='line_1_76' title="bbox 1223 1337 2218 1383; baseline 0 -11"><span class='ocrx_word' id='word_1_492' title='bbox 1223 1346 1339 1380; x_wconf 88' lang='lat' dir='ltr'><strong>erant,</strong></span> <span class='ocrx_word' id='word_1_493' title='bbox 1363 1344 1397 1372; x_wconf 89' lang='lat' dir='ltr'><strong>et</strong></span> <span class='ocrx_word' id='word_1_494' title='bbox 1415 1337 1487 1382; x_wconf 91' lang='lat' dir='ltr'><strong>ipse</strong></span> <span class='ocrx_word' id='word_1_495' title='bbox 1504 1338 1613 1371; x_wconf 89' lang='lat' dir='ltr'><strong>multa</strong></span> <span class='ocrx_word' id='word_1_496' title='bbox 1635 1337 1806 1381; x_wconf 88' lang='lat' dir='ltr'><strong>singulari</strong></span> <span class='ocrx_word' id='word_1_497' title='bbox 1824 1338 1998 1372; x_wconf 88' lang='lat' dir='ltr'><strong>industria</strong></span> <span class='ocrx_word' id='word_1_498' title='bbox 2016 1339 2218 1383; x_wconf 84' lang='lat' dir='ltr'><strong>adparabat.</strong></span> 
     </span>
    </p>

    <p class='ocr_par' dir='ltr' id='par_1_10' title="bbox 1220 1388 2219 1730">
     <span class='ocr_line' id='line_1_77' title="bbox 1324 1388 2219 1436; baseline 0.001 -13"><span class='ocrx_word' id='word_1_499' title='bbox 1324 1389 1506 1423; x_wconf 89' lang='lat' dir='ltr'><strong>Hactenus</strong></span> <span class='ocrx_word' id='word_1_500' title='bbox 1521 1401 1559 1422; x_wconf 91' lang='lat' dir='ltr'><strong>ea</strong></span> <span class='ocrx_word' id='word_1_501' title='bbox 1576 1391 1834 1433; x_wconf 90' lang='lat' dir='ltr'><strong>propemodum</strong></span> <span class='ocrx_word' id='word_1_502' title='bbox 1852 1388 2031 1430; x_wconf 90' lang='lat' dir='ltr'><strong>recensui,</strong></span> <span class='ocrx_word' id='word_1_503' title='bbox 2057 1401 2146 1435; x_wconf 87' lang='lat' dir='ltr'><strong>quae</strong></span> <span class='ocrx_word' id='word_1_504' title='bbox 2162 1396 2219 1436; x_wconf 87' lang='lat' dir='ltr'><strong>ty-</strong></span> 
     </span>
     <span class='ocr_line' id='line_1_78' title="bbox 1222 1439 2219 1485; baseline 0 -10"><span class='ocrx_word' id='word_1_505' title='bbox 1222 1441 1350 1475; x_wconf 90' lang='lat' dir='ltr'><strong>rocinii</strong></span> <span class='ocrx_word' id='word_1_506' title='bbox 1374 1440 1517 1485; x_wconf 88' lang='lat' dir='ltr'><strong>propria</strong></span> <span class='ocrx_word' id='word_1_507' title='bbox 1541 1440 1695 1473; x_wconf 83' lang='lat' dir='ltr'><strong>fuerunt.</strong></span> <span class='ocrx_word' id='word_1_508' title='bbox 1749 1439 1872 1474; x_wconf 85' lang='lat' dir='ltr'><strong>Postea</strong></span> <span class='ocrx_word' id='word_1_509' title='bbox 1892 1440 1922 1473; x_wconf 92' lang='lat' dir='ltr'><strong>ei</strong></span> <span class='ocrx_word' id='word_1_510' title='bbox 1944 1440 2150 1474; x_wconf 90' lang='lat' dir='ltr'><strong>mandatum</strong></span> <span class='ocrx_word' id='word_1_511' title='bbox 2168 1447 2219 1475; x_wconf 88' lang='lat' dir='ltr'><strong>est</strong></span> 
     </span>
     <span class='ocr_line' id='line_1_79' title="bbox 1222 1488 2217 1536; baseline -0.001 -10"><span class='ocrx_word' id='word_1_512' title='bbox 1222 1504 1352 1526; x_wconf 91' lang='lat' dir='ltr'><strong>munus</strong></span> <span class='ocrx_word' id='word_1_513' title='bbox 1377 1498 1412 1525; x_wconf 88' lang='lat' dir='ltr'><strong>et</strong></span> <span class='ocrx_word' id='word_1_514' title='bbox 1434 1491 1691 1535; x_wconf 89' lang='lat' dir='ltr'><strong>interpretandi</strong></span> <span class='ocrx_word' id='word_1_515' title='bbox 1724 1488 1929 1535; x_wconf 81' lang='lat' dir='ltr'><strong>prophetica</strong></span> <span class='ocrx_word' id='word_1_516' title='bbox 1963 1498 1996 1525; x_wconf 91' lang='lat' dir='ltr'><strong>et</strong></span> <span class='ocrx_word' id='word_1_517' title='bbox 2026 1492 2217 1536; x_wconf 90' lang='lat' dir='ltr'><strong>apostolica</strong></span> 
     </span>
     <span class='ocr_line' id='line_1_80' title="bbox 1220 1540 2216 1586; baseline 0 -9"><span class='ocrx_word' id='word_1_518' title='bbox 1220 1549 1470 1583; x_wconf 88' lang='lat' dir='ltr'><strong>monumenta,</strong></span> <span class='ocrx_word' id='word_1_519' title='bbox 1505 1548 1539 1576; x_wconf 90' lang='lat' dir='ltr'><strong>et</strong></span> <span class='ocrx_word' id='word_1_520' title='bbox 1563 1542 1600 1575; x_wconf 92' lang='lat' dir='ltr'><strong>in</strong></span> <span class='ocrx_word' id='word_1_521' title='bbox 1623 1541 1754 1586; x_wconf 85' lang='lat' dir='ltr'><strong>templo</strong></span> <span class='ocrx_word' id='word_1_522' title='bbox 1778 1542 2026 1576; x_wconf 90' lang='lat' dir='ltr'><strong>concionandi.</strong></span> <span class='ocrx_word' id='word_1_523' title='bbox 2088 1541 2130 1576; x_wconf 88' lang='lat' dir='ltr'><strong>In</strong></span> <span class='ocrx_word' id='word_1_524' title='bbox 2150 1540 2216 1577; x_wconf 89' lang='lat' dir='ltr'><strong>hoc</strong></span> 
     </span>
     <span class='ocr_line' id='line_1_81' title="bbox 1220 1592 2217 1638; baseline -0.001 -10"><span class='ocrx_word' id='word_1_525' title='bbox 1220 1596 1331 1637; x_wconf 90' lang='lat' dir='ltr'><strong>gradu</strong></span> <span class='ocrx_word' id='word_1_526' title='bbox 1355 1606 1434 1627; x_wconf 93' lang='lat' dir='ltr'><strong>cum</strong></span> <span class='ocrx_word' id='word_1_527' title='bbox 1461 1593 1530 1626; x_wconf 91' lang='lat' dir='ltr'><strong>iam</strong></span> <span class='ocrx_word' id='word_1_528' title='bbox 1545 1592 1679 1627; x_wconf 91' lang='lat' dir='ltr'><strong>Doctor</strong></span> <span class='ocrx_word' id='word_1_529' title='bbox 1695 1600 1801 1633; x_wconf 84' lang='lat' dir='ltr'><strong>esset,</strong></span> <span class='ocrx_word' id='word_1_530' title='bbox 1828 1605 1918 1638; x_wconf 89' lang='lat' dir='ltr'><strong>quae</strong></span> <span class='ocrx_word' id='word_1_531' title='bbox 1933 1593 2040 1627; x_wconf 89' lang='lat' dir='ltr'><strong>suerit</strong></span> <span class='ocrx_word' id='word_1_532' title='bbox 2057 1593 2131 1627; x_wconf 85' lang='lat' dir='ltr'><strong>eius</strong></span> <span class='ocrx_word' id='word_1_533' title='bbox 2147 1593 2217 1627; x_wconf 94' lang='lat' dir='ltr'><strong>mi—</strong></span> 
     </span>
     <span class='ocr_line' id='line_1_82' title="bbox 1221 1641 2217 1689; baseline -0.001 -10"><span class='ocrx_word' id='word_1_534' title='bbox 1221 1646 1316 1686; x_wconf 91' lang='lat' dir='ltr'><strong>litia,</strong></span> <span class='ocrx_word' id='word_1_535' title='bbox 1341 1644 1573 1678; x_wconf 87' lang='lat' dir='ltr'><strong>considerate.</strong></span> <span class='ocrx_word' id='word_1_536' title='bbox 1632 1643 1700 1677; x_wconf 92' lang='lat' dir='ltr'><strong>Hic</strong></span> <span class='ocrx_word' id='word_1_537' title='bbox 1719 1645 1761 1677; x_wconf 90' lang='lat' dir='ltr'><strong>de</strong></span> <span class='ocrx_word' id='word_1_538' title='bbox 1779 1641 1935 1677; x_wconf 81' lang='lat' dir='ltr'><strong>Ecclesia</strong></span> <span class='ocrx_word' id='word_1_539' title='bbox 1961 1651 1993 1678; x_wconf 90' lang='lat' dir='ltr'><strong>et</strong></span> <span class='ocrx_word' id='word_1_540' title='bbox 2011 1651 2082 1679; x_wconf 88' lang='lat' dir='ltr'><strong>tota</strong></span> <span class='ocrx_word' id='word_1_541' title='bbox 2099 1652 2217 1689; x_wconf 90' lang='lat' dir='ltr'><strong>poste-</strong></span> 
     </span>
     <span class='ocr_line' id='line_1_83' title="bbox 1221 1695 1669 1730; baseline -0.002 0"><span class='ocrx_word' id='word_1_542' title='bbox 1221 1697 1322 1730; x_wconf 87' lang='lat' dir='ltr'><strong>ritate</strong></span> <span class='ocrx_word' id='word_1_543' title='bbox 1337 1696 1428 1729; x_wconf 87' lang='lat' dir='ltr'><strong>bene</strong></span> <span class='ocrx_word' id='word_1_544' title='bbox 1443 1695 1591 1728; x_wconf 86' lang='lat' dir='ltr'><strong>meritus</strong></span> <span class='ocrx_word' id='word_1_545' title='bbox 1607 1701 1669 1729; x_wconf 89' lang='lat' dir='ltr'><strong>est.</strong></span> 
     </span>
    </p>

    <p class='ocr_par' dir='ltr' id='par_1_11' title="bbox 1218 1744 2217 2241">
     <span class='ocr_line' id='line_1_84' title="bbox 1322 1744 2214 1790; baseline -0.002 -10"><span class='ocrx_word' id='word_1_546' title='bbox 1322 1746 1502 1784; x_wconf 83' lang='lat' dir='ltr'><strong>Primum,</strong></span> <span class='ocrx_word' id='word_1_547' title='bbox 1530 1745 1612 1790; x_wconf 90' lang='lat' dir='ltr'><strong>qnia</strong></span> <span class='ocrx_word' id='word_1_548' title='bbox 1632 1746 1669 1778; x_wconf 93' lang='lat' dir='ltr'><strong>in</strong></span> <span class='ocrx_word' id='word_1_549' title='bbox 1687 1744 1941 1779; x_wconf 82' lang='lat' dir='ltr'><strong>transferendis</strong></span> <span class='ocrx_word' id='word_1_550' title='bbox 1959 1745 1995 1778; x_wconf 92' lang='lat' dir='ltr'><strong>in</strong></span> <span class='ocrx_word' id='word_1_551' title='bbox 2017 1757 2214 1778; x_wconf 88' lang='lat' dir='ltr'><strong>sermonem</strong></span> 
     </span>
     <span class='ocr_line' id='line_1_85' title="bbox 1221 1794 2217 1840; baseline -0.002 -8"><span class='ocrx_word' id='word_1_552' title='bbox 1221 1797 1473 1832; x_wconf 89' lang='lat' dir='ltr'><strong>Germanicum</strong></span> <span class='ocrx_word' id='word_1_553' title='bbox 1499 1796 1601 1829; x_wconf 90' lang='lat' dir='ltr'><strong>libris</strong></span> <span class='ocrx_word' id='word_1_554' title='bbox 1620 1794 1837 1840; x_wconf 83' lang='lat' dir='ltr'><strong>propheticis</strong></span> <span class='ocrx_word' id='word_1_555' title='bbox 1861 1807 1986 1839; x_wconf 89' lang='lat' dir='ltr'><strong>magna</strong></span> <span class='ocrx_word' id='word_1_556' title='bbox 2012 1796 2099 1834; x_wconf 78' lang='lat' dir='ltr'><strong>fide,</strong></span> <span class='ocrx_word' id='word_1_557' title='bbox 2133 1796 2217 1830; x_wconf 89' lang='lat' dir='ltr'><strong>dili-</strong></span> 
     </span>
     <span class='ocr_line' id='line_1_86' title="bbox 1218 1845 2214 1893; baseline -0.003 -10"><span class='ocrx_word' id='word_1_558' title='bbox 1218 1850 1334 1893; x_wconf 89' lang='lat' dir='ltr'><strong>gentia</strong></span> <span class='ocrx_word' id='word_1_559' title='bbox 1358 1855 1391 1882; x_wconf 92' lang='lat' dir='ltr'><strong>et</strong></span> <span class='ocrx_word' id='word_1_560' title='bbox 1415 1847 1643 1887; x_wconf 91' lang='lat' dir='ltr'><strong>adsiduitate,</strong></span> <span class='ocrx_word' id='word_1_561' title='bbox 1670 1846 1920 1881; x_wconf 60' lang='lat' dir='ltr'><strong>Rex-erendum</strong></span> <span class='ocrx_word' id='word_1_562' title='bbox 1947 1847 2063 1880; x_wconf 85' lang='lat' dir='ltr'><strong>virum</strong></span> <span class='ocrx_word' id='word_1_563' title='bbox 2081 1845 2126 1882; x_wconf 92' lang='lat' dir='ltr'><strong>D.</strong></span> <span class='ocrx_word' id='word_1_564' title='bbox 2143 1846 2214 1881; x_wconf 90' lang='lat' dir='ltr'><strong>Lu-</strong></span> 
     </span>
     <span class='ocr_line' id='line_1_87' title="bbox 1219 1894 2214 1934; baseline -0.002 -1"><span class='ocrx_word' id='word_1_565' title='bbox 1219 1899 1360 1934; x_wconf 90' lang='lat' dir='ltr'><strong>therum</strong></span> <span class='ocrx_word' id='word_1_566' title='bbox 1392 1899 1540 1933; x_wconf 81' lang='lat' dir='ltr'><strong>adiuvit.</strong></span> <span class='ocrx_word' id='word_1_567' title='bbox 1610 1896 1687 1931; x_wconf 89' lang='lat' dir='ltr'><strong>Etsi</strong></span> <span class='ocrx_word' id='word_1_568' title='bbox 1719 1899 1814 1931; x_wconf 87' lang='lat' dir='ltr'><strong>enim</strong></span> <span class='ocrx_word' id='word_1_569' title='bbox 1838 1894 2017 1932; x_wconf 86' lang='lat' dir='ltr'><strong>Lutberus</strong></span> <span class='ocrx_word' id='word_1_570' title='bbox 2039 1895 2214 1931; x_wconf 88' lang='lat' dir='ltr'><strong>Ebraeam</strong></span> 
     </span>
     <span class='ocr_line' id='line_1_88' title="bbox 1219 1948 2214 1995; baseline -0.002 -11"><span class='ocrx_word' id='word_1_571' title='bbox 1219 1953 1375 1995; x_wconf 85' lang='lat' dir='ltr'><strong>linguam</strong></span> <span class='ocrx_word' id='word_1_572' title='bbox 1402 1950 1513 1995; x_wconf 91' lang='lat' dir='ltr'><strong>probe</strong></span> <span class='ocrx_word' id='word_1_573' title='bbox 1539 1949 1706 1990; x_wconf 84' lang='lat' dir='ltr'><strong>callebat,</strong></span> <span class='ocrx_word' id='word_1_574' title='bbox 1740 1957 1858 1983; x_wconf 90' lang='lat' dir='ltr'><strong>tamen</strong></span> <span class='ocrx_word' id='word_1_575' title='bbox 1882 1949 1965 1994; x_wconf 86' lang='lat' dir='ltr'><strong>quia</strong></span> <span class='ocrx_word' id='word_1_576' title='bbox 1990 1948 2214 1983; x_wconf 85' lang='lat' dir='ltr'><strong>collationem</strong></span> 
     </span>
     <span class='ocr_line' id='line_1_89' title="bbox 1219 1997 2216 2044; baseline -0.002 -9"><span class='ocrx_word' id='word_1_577' title='bbox 1219 2003 1433 2037; x_wconf 90' lang='lat' dir='ltr'><strong>iudiciorum</strong></span> <span class='ocrx_word' id='word_1_578' title='bbox 1454 2001 1584 2034; x_wconf 88' lang='lat' dir='ltr'><strong>sciebat</strong></span> <span class='ocrx_word' id='word_1_579' title='bbox 1598 2012 1670 2033; x_wconf 88' lang='lat' dir='ltr'><strong>non</strong></span> <span class='ocrx_word' id='word_1_580' title='bbox 1691 2001 1970 2044; x_wconf 86' lang='lat' dir='ltr'><strong>adspernandam</strong></span> <span class='ocrx_word' id='word_1_581' title='bbox 1994 2012 2085 2041; x_wconf 87' lang='lat' dir='ltr'><strong>esse,</strong></span> <span class='ocrx_word' id='word_1_582' title='bbox 2113 1997 2216 2033; x_wconf 85' lang='lat' dir='ltr'><strong>adbi-</strong></span> 
     </span>
     <span class='ocr_line' id='line_1_90' title="bbox 1219 2049 2213 2095; baseline -0.003 -8"><span class='ocrx_word' id='word_1_583' title='bbox 1219 2054 1296 2087; x_wconf 92' lang='lat' dir='ltr'><strong>buit</strong></span> <span class='ocrx_word' id='word_1_584' title='bbox 1321 2054 1415 2086; x_wconf 71' lang='lat' dir='ltr'><strong>viros</strong></span> <span class='ocrx_word' id='word_1_585' title='bbox 1442 2052 1534 2086; x_wconf 88' lang='lat' dir='ltr'><strong>inea</strong></span> <span class='ocrx_word' id='word_1_586' title='bbox 1562 2052 1678 2094; x_wconf 84' lang='lat' dir='ltr'><strong>lingua</strong></span> <span class='ocrx_word' id='word_1_587' title='bbox 1699 2052 1875 2095; x_wconf 90' lang='lat' dir='ltr'><strong>praeclare</strong></span> <span class='ocrx_word' id='word_1_588' title='bbox 1893 2050 2068 2091; x_wconf 79' lang='lat' dir='ltr'><strong>eruditos.</strong></span> <span class='ocrx_word' id='word_1_589' title='bbox 2094 2049 2213 2084; x_wconf 76' lang='lat' dir='ltr'><strong>Auro-</strong></span> 
     </span>
     <span class='ocr_line' id='line_1_91' title="bbox 1218 2100 2214 2148; baseline -0.002 -11"><span class='ocrx_word' id='word_1_590' title='bbox 1218 2105 1371 2148; x_wconf 84' lang='lat' dir='ltr'><strong>gallnm,</strong></span> <span class='ocrx_word' id='word_1_591' title='bbox 1397 2102 1628 2147; x_wconf 81' lang='lat' dir='ltr'><strong>Crucigerum</strong></span> <span class='ocrx_word' id='word_1_592' title='bbox 1651 2109 1682 2136; x_wconf 88' lang='lat' dir='ltr'><strong>et</strong></span> <span class='ocrx_word' id='word_1_593' title='bbox 1708 2101 1924 2136; x_wconf 88' lang='lat' dir='ltr'><strong>Forsterum.</strong></span> <span class='ocrx_word' id='word_1_594' title='bbox 1977 2100 2052 2135; x_wconf 82' lang='lat' dir='ltr'><strong>llos</strong></span> <span class='ocrx_word' id='word_1_595' title='bbox 2068 2109 2100 2136; x_wconf 88' lang='lat' dir='ltr'><strong>et</strong></span> <span class='ocrx_word' id='word_1_596' title='bbox 2120 2102 2214 2136; x_wconf 86' lang='lat' dir='ltr'><strong>iudi-</strong></span> 
     </span>
     <span class='ocr_line' id='line_1_92' title="bbox 1218 2152 2215 2197; baseline -0.002 -8"><span class='ocrx_word' id='word_1_597' title='bbox 1218 2168 1273 2189; x_wconf 84' lang='lat' dir='ltr'><strong>ces</strong></span> <span class='ocrx_word' id='word_1_598' title='bbox 1297 2156 1333 2188; x_wconf 89' lang='lat' dir='ltr'><strong>in</strong></span> <span class='ocrx_word' id='word_1_599' title='bbox 1359 2154 1518 2189; x_wconf 87' lang='lat' dir='ltr'><strong>obscuris</strong></span> <span class='ocrx_word' id='word_1_600' title='bbox 1544 2153 1649 2193; x_wconf 84' lang='lat' dir='ltr'><strong>locis,</strong></span> <span class='ocrx_word' id='word_1_601' title='bbox 1677 2160 1711 2187; x_wconf 90' lang='lat' dir='ltr'><strong>et</strong></span> <span class='ocrx_word' id='word_1_602' title='bbox 1736 2165 1817 2187; x_wconf 89' lang='lat' dir='ltr'><strong>suae</strong></span> <span class='ocrx_word' id='word_1_603' title='bbox 1835 2153 1915 2187; x_wconf 84' lang='lat' dir='ltr'><strong>fidei</strong></span> <span class='ocrx_word' id='word_1_604' title='bbox 1944 2165 1983 2186; x_wconf 87' lang='lat' dir='ltr'><strong>ac</strong></span> <span class='ocrx_word' id='word_1_605' title='bbox 2010 2152 2215 2197; x_wconf 86' lang='lat' dir='ltr'><strong>diligentiae</strong></span> 
     </span>
     <span class='ocr_line' id='line_1_93' title="bbox 1219 2205 1614 2241; baseline -0.008 0"><span class='ocrx_word' id='word_1_606' title='bbox 1219 2215 1319 2241; x_wconf 86' lang='lat' dir='ltr'><strong>testes</strong></span> <span class='ocrx_word' id='word_1_607' title='bbox 1337 2205 1467 2240; x_wconf 85' lang='lat' dir='ltr'><strong>habere</strong></span> <span class='ocrx_word' id='word_1_608' title='bbox 1492 2205 1614 2238; x_wconf 85' lang='lat' dir='ltr'><strong>voluit.</strong></span> 
     </span>
    </p>

    <p class='ocr_par' dir='ltr' id='par_1_12' title="bbox 1212 2255 2213 2760">
     <span class='ocr_line' id='line_1_94' title="bbox 1319 2255 2213 2291; baseline -0.002 0"><span class='ocrx_word' id='word_1_609' title='bbox 1319 2257 1502 2291; x_wconf 86' lang='lat' dir='ltr'><strong>Praeterea</strong></span> <span class='ocrx_word' id='word_1_610' title='bbox 1519 2268 1598 2290; x_wconf 88' lang='lat' dir='ltr'><strong>cum</strong></span> <span class='ocrx_word' id='word_1_611' title='bbox 1618 2262 1706 2289; x_wconf 90' lang='lat' dir='ltr'><strong>esset</strong></span> <span class='ocrx_word' id='word_1_612' title='bbox 1723 2255 1759 2288; x_wconf 92' lang='lat' dir='ltr'><strong>in</strong></span> <span class='ocrx_word' id='word_1_613' title='bbox 1779 2256 1966 2289; x_wconf 84' lang='lat' dir='ltr'><strong>scribendo</strong></span> <span class='ocrx_word' id='word_1_614' title='bbox 1982 2255 2069 2288; x_wconf 89' lang='lat' dir='ltr'><strong>mira</strong></span> <span class='ocrx_word' id='word_1_615' title='bbox 2089 2255 2213 2289; x_wconf 87' lang='lat' dir='ltr'><strong>celeri-</strong></span> 
     </span>
     <span class='ocr_line' id='line_1_95' title="bbox 1218 2306 2212 2352; baseline -0.002 -9"><span class='ocrx_word' id='word_1_616' title='bbox 1218 2316 1268 2343; x_wconf 83' lang='lat' dir='ltr'><strong>tas</strong></span> <span class='ocrx_word' id='word_1_617' title='bbox 1297 2308 1497 2352; x_wconf 83' lang='lat' dir='ltr'><strong>Crucigeri,</strong></span> <span class='ocrx_word' id='word_1_618' title='bbox 1532 2318 1693 2350; x_wconf 82' lang='lat' dir='ltr'><strong>magnam</strong></span> <span class='ocrx_word' id='word_1_619' title='bbox 1729 2314 1862 2351; x_wconf 86' lang='lat' dir='ltr'><strong>partem</strong></span> <span class='ocrx_word' id='word_1_620' title='bbox 1889 2306 2155 2340; x_wconf 72' lang='lat' dir='ltr'><strong>enai-rationum</strong></span> <span class='ocrx_word' id='word_1_621' title='bbox 2177 2313 2212 2341; x_wconf 82' lang='lat' dir='ltr'><strong>et</strong></span> 
     </span>
     <span class='ocr_line' id='line_1_96' title="bbox 1217 2355 2210 2403; baseline -0.003 -10"><span class='ocrx_word' id='word_1_622' title='bbox 1217 2361 1428 2394; x_wconf 83' lang='lat' dir='ltr'><strong>concionum</strong></span> <span class='ocrx_word' id='word_1_623' title='bbox 1444 2356 1591 2392; x_wconf 79' lang='lat' dir='ltr'><strong>Lutlieri</strong></span> <span class='ocrx_word' id='word_1_624' title='bbox 1607 2357 1739 2402; x_wconf 78' lang='lat' dir='ltr'><strong>excepit</strong></span> <span class='ocrx_word' id='word_1_625' title='bbox 1759 2358 1794 2390; x_wconf 89' lang='lat' dir='ltr'><strong>iu</strong></span> <span class='ocrx_word' id='word_1_626' title='bbox 1809 2355 1938 2391; x_wconf 81' lang='lat' dir='ltr'><strong>scholis</strong></span> <span class='ocrx_word' id='word_1_627' title='bbox 1953 2365 1984 2391; x_wconf 86' lang='lat' dir='ltr'><strong>et</strong></span> <span class='ocrx_word' id='word_1_628' title='bbox 2000 2358 2035 2390; x_wconf 93' lang='lat' dir='ltr'><strong>in</strong></span> <span class='ocrx_word' id='word_1_629' title='bbox 2055 2357 2210 2403; x_wconf 80' lang='lat' dir='ltr'><strong>templis:</strong></span> 
     </span>
     <span class='ocr_line' id='line_1_97' title="bbox 1216 2409 2210 2457; baseline -0.004 -12"><span class='ocrx_word' id='word_1_630' title='bbox 1216 2423 1302 2457; x_wconf 83' lang='lat' dir='ltr'><strong>quas</strong></span> <span class='ocrx_word' id='word_1_631' title='bbox 1333 2418 1363 2445; x_wconf 85' lang='lat' dir='ltr'><strong>et</strong></span> <span class='ocrx_word' id='word_1_632' title='bbox 1396 2410 1563 2444; x_wconf 78' lang='lat' dir='ltr'><strong>brevibus</strong></span> <span class='ocrx_word' id='word_1_633' title='bbox 1594 2409 1686 2442; x_wconf 86' lang='lat' dir='ltr'><strong>notis</strong></span> <span class='ocrx_word' id='word_1_634' title='bbox 1719 2409 1936 2443; x_wconf 83' lang='lat' dir='ltr'><strong>velocissime</strong></span> <span class='ocrx_word' id='word_1_635' title='bbox 1970 2409 2143 2449; x_wconf 75' lang='lat' dir='ltr'><strong>seribere,</strong></span> <span class='ocrx_word' id='word_1_636' title='bbox 2176 2414 2210 2441; x_wconf 84' lang='lat' dir='ltr'><strong>et</strong></span> 
     </span>
     <span class='ocr_line' id='line_1_98' title="bbox 1216 2459 2208 2506; baseline -0.002 -13"><span class='ocrx_word' id='word_1_637' title='bbox 1216 2470 1333 2506; x_wconf 74' lang='lat' dir='ltr'><strong>postea</strong></span> <span class='ocrx_word' id='word_1_638' title='bbox 1358 2473 1479 2496; x_wconf 90' lang='lat' dir='ltr'><strong>rursus</strong></span> <span class='ocrx_word' id='word_1_639' title='bbox 1504 2461 1648 2503; x_wconf 88' lang='lat' dir='ltr'><strong>integris</strong></span> <span class='ocrx_word' id='word_1_640' title='bbox 1672 2460 1816 2505; x_wconf 77' lang='lat' dir='ltr'><strong>syllabis</strong></span> <span class='ocrx_word' id='word_1_641' title='bbox 1837 2472 1875 2494; x_wconf 92' lang='lat' dir='ltr'><strong>ac</strong></span> <span class='ocrx_word' id='word_1_642' title='bbox 1893 2460 2110 2495; x_wconf 80' lang='lat' dir='ltr'><strong>dictionibus</strong></span> <span class='ocrx_word' id='word_1_643' title='bbox 2127 2459 2208 2492; x_wconf 85' lang='lat' dir='ltr'><strong>red-</strong></span> 
     </span>
     <span class='ocr_line' id='line_1_99' title="bbox 1215 2509 2209 2553; baseline -0.002 -8"><span class='ocrx_word' id='word_1_644' title='bbox 1215 2515 1304 2548; x_wconf 86' lang='lat' dir='ltr'><strong>ditas</strong></span> <span class='ocrx_word' id='word_1_645' title='bbox 1330 2515 1451 2553; x_wconf 84' lang='lat' dir='ltr'><strong>edere,</strong></span> <span class='ocrx_word' id='word_1_646' title='bbox 1483 2524 1628 2553; x_wconf 79' lang='lat' dir='ltr'><strong>magnae</strong></span> <span class='ocrx_word' id='word_1_647' title='bbox 1655 2511 1850 2545; x_wconf 81' lang='lat' dir='ltr'><strong>industriae</strong></span> <span class='ocrx_word' id='word_1_648' title='bbox 1873 2518 1907 2546; x_wconf 84' lang='lat' dir='ltr'><strong>et</strong></span> <span class='ocrx_word' id='word_1_649' title='bbox 1933 2511 2050 2553; x_wconf 77' lang='lat' dir='ltr'><strong>magni</strong></span> <span class='ocrx_word' id='word_1_650' title='bbox 2077 2509 2209 2543; x_wconf 82' lang='lat' dir='ltr'><strong>laboris</strong></span> 
     </span>
     <span class='ocr_line' id='line_1_100' title="bbox 1214 2560 2208 2609; baseline -0.004 -12"><span class='ocrx_word' id='word_1_651' title='bbox 1214 2577 1301 2609; x_wconf 79' lang='lat' dir='ltr'><strong>opus</strong></span> <span class='ocrx_word' id='word_1_652' title='bbox 1334 2566 1419 2601; x_wconf 83' lang='lat' dir='ltr'><strong>fnit,</strong></span> <span class='ocrx_word' id='word_1_653' title='bbox 1454 2576 1521 2609; x_wconf 87' lang='lat' dir='ltr'><strong>qua</strong></span> <span class='ocrx_word' id='word_1_654' title='bbox 1557 2563 1592 2595; x_wconf 93' lang='lat' dir='ltr'><strong>in</strong></span> <span class='ocrx_word' id='word_1_655' title='bbox 1621 2575 1657 2596; x_wconf 88' lang='lat' dir='ltr'><strong>re</strong></span> <span class='ocrx_word' id='word_1_656' title='bbox 1683 2563 1786 2595; x_wconf 77' lang='lat' dir='ltr'><strong>fidem</strong></span> <span class='ocrx_word' id='word_1_657' title='bbox 1811 2562 1920 2607; x_wconf 90' lang='lat' dir='ltr'><strong>ipsius</strong></span> <span class='ocrx_word' id='word_1_658' title='bbox 1947 2561 2107 2606; x_wconf 73' lang='lat' dir='ltr'><strong>probavit</strong></span> <span class='ocrx_word' id='word_1_659' title='bbox 2135 2560 2208 2605; x_wconf 88' lang='lat' dir='ltr'><strong>ipse</strong></span> 
     </span>
     <span class='ocr_line' id='line_1_101' title="bbox 1215 2612 2206 2655; baseline -0.004 -6"><span class='ocrx_word' id='word_1_660' title='bbox 1215 2615 1402 2650; x_wconf 70' lang='lat' dir='ltr'><strong>lanbertus.</strong></span> <span class='ocrx_word' id='word_1_661' title='bbox 1460 2612 1507 2648; x_wconf 86' lang='lat' dir='ltr'><strong>Et</strong></span> <span class='ocrx_word' id='word_1_662' title='bbox 1533 2621 1618 2648; x_wconf 88' lang='lat' dir='ltr'><strong>teste</strong></span> <span class='ocrx_word' id='word_1_663' title='bbox 1641 2612 1793 2648; x_wconf 72' lang='lat' dir='ltr'><strong>Rotaria</strong></span> <span class='ocrx_word' id='word_1_664' title='bbox 1820 2614 1896 2646; x_wconf 77' lang='lat' dir='ltr'><strong>viro</strong></span> <span class='ocrx_word' id='word_1_665' title='bbox 1915 2612 2162 2655; x_wconf 77' lang='lat' dir='ltr'><strong>integerrimo,</strong></span> <span class='ocrx_word' id='word_1_666' title='bbox 2188 2624 2206 2645; x_wconf 84' lang='lat' dir='ltr'><strong>a</strong></span> 
     </span>
     <span class='ocr_line' id='line_1_102' title="bbox 1212 2664 2204 2712; baseline -0.004 -12"><span class='ocrx_word' id='word_1_667' title='bbox 1212 2680 1282 2712; x_wconf 77' lang='lat' dir='ltr'><strong>qun</strong></span> <span class='ocrx_word' id='word_1_668' title='bbox 1309 2669 1343 2700; x_wconf 89' lang='lat' dir='ltr'><strong>in</strong></span> <span class='ocrx_word' id='word_1_669' title='bbox 1372 2666 1438 2700; x_wconf 84' lang='lat' dir='ltr'><strong>boc</strong></span> <span class='ocrx_word' id='word_1_670' title='bbox 1456 2666 1576 2699; x_wconf 80' lang='lat' dir='ltr'><strong>labore</strong></span> <span class='ocrx_word' id='word_1_671' title='bbox 1593 2676 1732 2709; x_wconf 82' lang='lat' dir='ltr'><strong>semper</strong></span> <span class='ocrx_word' id='word_1_672' title='bbox 1754 2665 1893 2698; x_wconf 87' lang='lat' dir='ltr'><strong>adiutus</strong></span> <span class='ocrx_word' id='word_1_673' title='bbox 1910 2671 1978 2702; x_wconf 73' lang='lat' dir='ltr'><strong>est.</strong></span> <span class='ocrx_word' id='word_1_674' title='bbox 2004 2664 2107 2697; x_wconf 78' lang='lat' dir='ltr'><strong>etiam</strong></span> <span class='ocrx_word' id='word_1_675' title='bbox 2127 2669 2204 2708; x_wconf 87' lang='lat' dir='ltr'><strong>post</strong></span> 
     </span>
     <span class='ocr_line' id='line_1_103' title="bbox 1212 2715 1847 2760; baseline -0.002 -9"><span class='ocrx_word' id='word_1_676' title='bbox 1212 2717 1357 2752; x_wconf 45' lang='lat' dir='ltr'><strong>liutheri</strong></span> <span class='ocrx_word' id='word_1_677' title='bbox 1375 2725 1524 2752; x_wconf 85' lang='lat' dir='ltr'><strong>mortem</strong></span> <span class='ocrx_word' id='word_1_678' title='bbox 1543 2717 1644 2750; x_wconf 78' lang='lat' dir='ltr'><strong>fidem</strong></span> <span class='ocrx_word' id='word_1_679' title='bbox 1664 2715 1847 2760; x_wconf 82' lang='lat' dir='ltr'><strong>praestitit.</strong></span> 
     </span>
    </p>
   </div>
   <div class='ocr_carea' id='block_1_6' title="bbox 2277 474 2305 1157">
    <p class='ocr_par' dir='ltr' id='par_1_13' title="bbox 2277 474 2305 1157">
     <span class='ocr_line' id='line_1_104' title="bbox 2277 474 2305 1157; textangle 90"><span class='ocrx_word' id='word_1_680' title='bbox 2281 850 2305 1157; x_wconf 46' lang='lat' dir='ltr'><strong>{sav-numne»</strong></span> <span class='ocrx_word' id='word_1_681' title='bbox 2277 544 2300 838; x_wconf 40' lang='lat' dir='ltr'><strong>2:3³³&lt;vr-Q-‹2nffl</strong></span> <span class='ocrx_word' id='word_1_682' title='bbox 2288 527 2290 530; x_wconf 61' lang='lat'>&lt;</span> <span class='ocrx_word' id='word_1_683' title='bbox 2278 474 2291 515; x_wconf 45' lang='grc' dir='ltr'><strong>α’)</strong></span> 
     </span>
    </p>
   </div>
   <div class='ocr_carea' id='block_1_7' title="bbox 2288 1193 2304 1317">
    <p class='ocr_par' dir='ltr' id='par_1_14' title="bbox 2288 1193 2304 1317">
     <span class='ocr_line' id='line_1_105' title="bbox 2288 1193 2304 1317; textangle 90"><span class='ocrx_word' id='word_1_684' title='bbox 2288 1193 2304 1317; x_wconf 53' lang='lat' dir='ltr'><strong>nm</strong></span> 
     </span>
    </p>
   </div>
   <div class='ocr_carea' id='block_1_8' title="bbox 2291 1348 2304 1397">
    <p class='ocr_par' dir='ltr' id='par_1_15' title="bbox 2291 1348 2304 1397">
     <span class='ocr_line' id='line_1_106' title="bbox 2291 1348 2304 1397; textangle 90"><span class='ocrx_word' id='word_1_685' title='bbox 2291 1390 2294 1397; x_wconf 69' lang='grc'><em>·</em></span> <span class='ocrx_word' id='word_1_686' title='bbox 2294 1348 2304 1364; x_wconf 60' lang='lat'>0</span> 
     </span>
    </p>
   </div>
   <div class='ocr_carea' id='block_1_9' title="bbox 2306 0 2327 2630">
    <p class='ocr_par' dir='ltr' id='par_1_16' title="bbox 2306 0 2327 2630">
     <span class='ocr_line' id='line_1_107' title="bbox 2306 0 2327 2630; baseline 0 0"><span class='ocrx_word' id='word_1_687' title='bbox 2306 0 2327 2630; x_wconf 95' lang='lat' dir='ltr'><strong> </strong></span> 
     </span>
    </p>
   </div>
  </div>
 </body>
</html>
