2338 2958
180 150 254 185 383

187 246 269 270 rum
285 233 418 270 virtus,
445 239 528 263 nam
551 238 591 259 ex
615 222 721 257 bonis
738 221 824 255 viris
842 227 964 261 natos,
990 218 1183 253 verisimile

188 294 260 327 est,
295 284 449 328 aliquam
476 285 641 323 paternae
667 273 809 307 virtutis
833 271 1105 306 similitudinem
1129 282 1185 303 re-

188 339 292 372 serre.
345 330 506 368 Audistis
544 334 662 361 autem
696 323 953 359 vetustissimos
987 322 1185 356 Suevorum

190 403 209 423 a
244 387 390 421 Caesare
426 378 641 426 praedicari,
686 383 720 410 et
754 375 975 421 praeclarum
1014 373 1186 407 iudicium

191 445 310 485 postea
336 436 380 468 de
402 431 528 468 Suevis
554 428 746 463 Germania
770 434 874 472 atque
895 425 994 459 ltalia
1019 425 1188 463 fecerunt,

192 488 335 536 quando
352 486 395 519 ad
415 495 472 517 eos
490 480 679 527 imperium
695 479 910 513 detulerunt.
952 475 1088 510 Nostris
1106 486 1188 508 vero

193 538 414 584 temporibus
441 533 543 568 nullo
579 532 686 565 modo
711 537 831 564 tenere
859 535 973 562 tantas
996 526 1191 571 Respubli—

194 603 271 629 cas,
306 595 447 633 tamque
474 586 640 619 florentes
675 589 709 615 et
741 586 880 625 pacatas
915 584 1078 623 possent,
1122 575 1190 609 nisi

195 641 362 676 omnibus
398 637 485 672 belli
515 648 554 669 ac
583 633 676 679 pacis
705 632 841 666 artibus
875 629 1039 663 instructi
1067 634 1192 668 essent,

194 692 372 738 nusqham
392 690 428 723 in
447 688 595 723 urbibus
610 683 851 729 tranquillitas
868 681 992 721 maior,
1017 690 1192 724 nusquam

194 745 314 779 miuus
340 740 608 776 latrociniorum
635 742 703 773 est,
738 745 843 780 quam
869 733 907 764 in
931 729 1060 765 horum
1087 729 1192 788 agris.

195 795 336 829 l'icinis
346 794 432 827 adeo
450 802 522 824 non
540 794 623 822 sunt
638 797 770 831 graves,
786 791 826 818 ut
842 795 944 828 saepe
959 794 1018 816 eos
1032 792 1195 815 maxlmls

196 846 365 893 periculis
392 839 640 879 liberaverint,
687 837 909 880 reddamque
936 833 1061 878 procul
1089 832 1195 866 etiam

197 898 273 932 istis
295 903 371 931 tuta
396 893 527 928 omnia.
587 889 696 924 Domi
715 900 797 921 vero
819 898 885 931 pax
908 891 1076 930 perpetua
1103 883 1196 917 mul-

198 957 314 984 tarum
340 944 568 980 honestarum
601 941 730 974 artium
757 938 873 973 studia
903 936 1066 970 excitavit
1091 941 1197 980 atque

198 1001 273 1035 alit.
329 997 429 1042 Quae
453 1007 531 1029 cum
556 994 602 1027 ita
629 992 719 1029 sint,
747 991 926 1023 faveamus
950 987 1095 1020 illorum
1120 986 1197 1019 lau—

201 1052 325 1091 dibus,
358 1059 484 1093 easque
516 1045 592 1079 sine
627 1042 763 1076 invidia
800 1040 1054 1085 praedicemus.
1106 1035 1197 1072 Nam

204 1115 283 1137 cum
302 1101 432 1134 virtute
449 1095 541 1131 nihil
556 1095 682 1129 melius
699 1100 757 1127 aut
785 1088 968 1137 pulchrius
994 1090 1037 1123 sit
1056 1089 1093 1122 in
1111 1100 1199 1134 qua-

202 1155 254 1187 vis
271 1159 392 1197 gente,
419 1151 515 1184 iuxta
532 1155 688 1181 meretur
707 1143 828 1177 amari.
883 1141 965 1175 Non
990 1141 1084 1174 enim
1112 1139 1199 1198 unio

203 1204 353 1238 minoris
377 1208 427 1236 est
453 1199 562 1246 precii
595 1202 739 1241 argento
771 1195 943 1234 insertus,
979 1204 1083 1238 quam
1108 1203 1137 1225 sl
1162 1202 1199 1247 ln

204 1269 291 1291 auro
320 1260 482 1299 gestetur.
546 1249 616 1284 Sed
639 1255 678 1282 ut
704 1245 848 1291 superbi
879 1253 983 1289 atque
1011 1241 1201 1276 inhumani

203 1307 338 1352 ingenii
355 1311 425 1346 est,
451 1304 489 1336 in
505 1301 643 1347 privata
661 1297 916 1333 consuetudine
932 1296 1042 1333 vitae,
1070 1306 1104 1327 se
1121 1300 1201 1327 tan-

203 1367 279 1394 tum
304 1356 427 1390 mirari
454 1361 488 1388 et
510 1353 556 1387 ita
586 1352 655 1385 sibi
683 1360 846 1392 arregare
872 1347 1011 1387 omnia,
1045 1343 1138 1378 nihil
1164 1350 1203 1377 ut

205 1410 282 1444 aliis
301 1407 429 1452 reliqui
447 1405 560 1444 saciat,
588 1403 635 1436 ita
656 1401 809 1434 iniustus
827 1405 888 1439 est,
916 1398 977 1443 qui
995 1409 1102 1431 unam
1118 1407 1203 1439 gen-

160 1460 162 1462 ’
206 1470 276 1496 tem
300 1460 348 1493 sic
372 1464 483 1496 amat,
515 1463 555 1489 ut
577 1452 668 1487 nihil
689 1451 814 1486 exteris
840 1449 1072 1484 tribuendum
1091 1453 1204 1492 putet.

207 1512 284 1546 Hoc
308 1510 426 1556 potius
448 1509 490 1542 ad
525 1512 683 1540 mutuam
715 1503 809 1536 inter
840 1513 906 1534 nos
937 1498 1144 1533 charitatem
1172 1503 1205 1530 et

207 1561 493 1598 benevolentiam
511 1558 676 1592 alendam
693 1554 805 1594 saciet,
832 1553 862 1586 si
879 1564 968 1597 quae
984 1551 1020 1583 in
1040 1561 1206 1595 unoquo-

207 1628 274 1662 que
302 1613 437 1648 fuerint
470 1610 574 1644 laude
609 1608 737 1651 digna,
776 1616 814 1637 ea
851 1603 999 1637 candide
1034 1601 1207 1634 miremur

208 1674 312 1712 atque
332 1663 615 1707 complectamur.
669 1657 765 1693 Dixi.

1041 1848 1088 1867 au.
1119 1835 1210 1866 1538.

1032 1879 1204 1894 m

211 1848 276 1882 No.
293 1847 354 1882 52.

216 1897 342 1910 Μ

441 1939 716 1983 Εηοοηιίυηι
743 1936 983 1978 Franctae.

283 2031 363 2066 Apud
381 2029 494 2056 Craton.
516 2026 587 2060 Myt.
610 2034 634 2058 p.
649 2024 698 2049 573
713 2033 787 2058 sqq.‚
812 2022 838 2047 in
860 2020 982 2047 Declam.
1007 2021 1041 2046 T.
1058 2019 1076 2045 l.
1096 2027 1120 2052 p.
1136 2018 1212 2049 742,

315 2067 343 2092 in
357 2066 478 2091 serven.
491 2063 523 2089 Τ.
540 2062 557 2088 Ι.
575 2061 670 2095 p.t)5l.
695 2064 720 2084 el
743 2059 812 2091 apud
831 2056 958 2083 Ricbard.
974 2055 1004 2081 Τ.
1021 2055 1039 2080 Ι.
1060 2062 1084 2087 p.
1101 2054 1159 2079 576.
1179 2068 1214 2072 —-

318 2103 370 2126 lter
386 2099 488 2126 lrenaei
507 2106 569 2122 cnm
588 2093 746 2120 Camerario
765 2095 790 2117 in
808 2092 950 2117 francian·
969 2091 1069 2116 sactum
1087 2093 1125 2114 est
1140 2097 1213 2113 anno

318 2135 401 2164 1588„
423 2139 451 2159 nt
467 2143 495 2158 et
512 2130 638 2166 Epistolis
654 2129 731 2153 huius
746 2127 808 2153 anui
825 2125 996 2159 iim-lligitur.

254 2217 469 2251 Encomium
495 2212 702 2252 francicae,
731 2209 782 2242 M.
807 2209 1004 2241 Irenaeo
1029 2208 1175 2239 autore.

218 2301 410 2335 Nobilitate
428 2296 586 2341 generis,
616 2294 745 2326 virtut«-
765 2299 793 2324 et
814 2291 986 2332 dignitato
1012 2286 1216 2333 praestanti,

295 2347 501 2384 Danieli
527 2344 662 2379 Stihn
677 2357 742 2383 ru,
773 2342 824 2376 M.
843 2341 1020 2375 [renuens
1045 2339 1141 2374 531).

219 2421 317 2463 Cum
338 2437 448 2468 nuper
471 2424 505 2455 iu
525 2421 673 2466 patriam
698 2418 868 2450 venisseut
889 2417 995 2449 officii
1015 2427 1136 2454 causa,
1164 2413 1217 2445 vi-

220 2492 297 2513 rtuu
315 2476 499 2521 optimum,
531 2473 650 2517 tuique
667 2469 967 2506 atu-uilissiumui,
1000 2464 1217 2500 loaclliututn
1242 2481 1246 2508 ξ

217 2527 460 2565 (janum-..rinna
495 2525 694 2561 comit-uns,
738 2523 824 2554 adeo
854 2527 1012 2552 anunm-r
1045 2532 1061 2550 a
1096 2525 1127 2550 le
1160 2518 1246 2574 cyfi-¹3

219 2589 339 2626 ceptus
354 2591 450 2619 sum,
482 2584 515 2608 ut
537 2575 687 2607 multum
708 2585 761 2604 me
786 2572 848 2604 tibi
868 2571 996 2604 deba-re
1022 2568 1218 2601 iudicarim.
1244 2577 1245 2609 ᾗ

221 2636 340 2676 Quare
363 2642 441 2663 cum
469 2626 763 2670 significationem
791 2623 947 2667 aliquant
980 2621 1046 2654 uici
1082 2632 1160 2661 erga
1189 2626 1219 2651 te
1244 2614 1246 2635 l

221 2684 325 2717 studii
342 2679 608 2716 extare-‚vett‹·=n,
630 2676 692 2709 tibi
714 2675 934 2718 potissimum
955 2671 1042 2705 lianc
1059 2671 1219 2704 oratiuu-
1244 2668 1246 2693 ='

220 2737 335 2770 culam
356 2735 397 2765 dv
418 2730 587 2766 Franciau·
609 2727 772 2761 laudibus
791 2726 1023 2758 dedicandam
1051 2736 1122 2757 esse
1138 2734 1219 2756 ceu-
1244 2732 1247 2765 ξ

740 132 901 170 DECL.
936 131 1012 169 DE
1045 128 1322 168 ENCOMIO
1358 126 1667 165 FRANCIAE.

2156 131 2232 167 384

1237 216 1308 250 sui:
1337 226 1443 260 quam
1465 227 1506 248 eo
1531 215 1598 249 tibi
1624 216 1822 250 arbitrabar
1846 229 1919 250 non
1952 217 2125 261 ingratam
2145 217 2232 257 fore,

1238 267 1334 313 quod
1354 265 1408 299 bis
1435 266 1610 301 exercitiis
1635 273 1670 300 et
1692 267 1873 301 literarum
1898 269 2023 302 studiis
2045 275 2078 302 te
2099 268 2234 312 praeci·

1240 330 1306 363 pue
1322 318 1439 351 favere
1457 317 1542 353 scio.
1594 316 1666 351 'Nec
1683 330 1766 351 vero
1783 318 1976 364 quidquam
1996 317 2062 353 boc
2079 326 2140 353 tuo
2158 320 2233 353 loco

1240 377 1344 414 atque
1363 368 1489 402 ordine
1513 380 1593 402 cum
1611 368 1650 402 in
1666 367 1821 413 Reipub.
1848 370 2104 412 gubernatione
2119 382 2236 404 verse—

1240 421 1307 461 ris,
1333 419 1476 463 dignius
1499 427 1568 462 est,
1594 432 1700 465 quam
1724 421 1854 454 civium
1878 421 1994 454 studia
2011 422 2176 462 excitare,
2205 427 2239 455 et

1242 472 1360 505 literas
1378 471 1470 504 tueri
1487 477 1592 516 atque
1609 483 1747 506 ornare.
1794 471 1956 506 lntuetnr
1970 471 2008 504 in
2026 478 2058 505 te
2074 472 2239 507 iuventus

1242 524 1280 556 in
1309 522 1442 567 patria,
1477 528 1644 568 tuamque
1666 523 1890 557 autoritatem
1919 522 2096 557 existimat
2117 524 2240 558 litera-

1243 586 1322 608 rum
1349 573 1516 608 studiosis
1548 585 1676 617 magno
1704 574 1881 618 praesidio
1907 585 1990 610 esse.
2042 573 2121 608 Nisi
2145 577 2240 608 enim

1245 626 1297 659 tui
1325 625 1456 658 similes
1486 625 1555 658 viri
1585 632 1798 669 praestantes
1825 625 1957 659 virtute
1985 632 2016 659 et
2044 625 2243 666 autoritate,

1245 676 1357 710 literis
1373 688 1474 720 opem
1490 676 1636 717 ferrent,
1660 688 1749 720 quae
1768 677 1960 718 barbaries,
1987 684 2117 722 quanta
2135 676 2243 709 vasti—

1246 735 1299 762 tas
1315 728 1359 761 ad
1378 727 1616 771 posteritatem
1636 728 1754 762 futura
1773 728 1836 769 sit,
1865 728 1938 772 ipse
1954 728 2086 773 optime
2110 727 2244 761 intelli-

1247 779 1310 823 gis.
1373 777 1494 823 ltaque
1530 776 1622 812 hanc
1657 779 1918 813 oratiunculam
1954 779 2001 812 ita
2031 779 2095 818 tibj
2131 779 2245 819 mitto,

1250 829 1356 864 simul
1371 835 1411 863 ut
1426 830 1662 873 patrocinium
1677 843 1837 864 meorum
1851 831 2051 864 studiorum
2069 830 2134 864 tibi
2150 842 2246 864 com-

1250 881 1428 914 mendem.
1482 877 1583 913 Nihil
1606 882 1764 923 dulcius,
1792 882 1911 927 inquit
1934 881 2129 923 Homerus,
2158 880 2246 915 uni—

1250 932 1378 977 cuique
1402 943 1494 972 esse,
1529 932 1640 975 patria
1675 944 1751 966 sua:
1788 945 1896 978 quare
1925 945 2029 966 nemo
2056 945 2129 966 non
2153 933 2249 966 favet
2295 954 2322 960 ω

1251 995 1331 1017 suae
1357 982 1490 1028 patriae
1512 983 1777 1027 praedicationi.
1833 984 1902 1018 Sed
1928 997 2007 1018 cum
2032 991 2101 1017 tam
2131 983 2248 1018 tennis

1251 1034 1363 1068 oratio
1379 1035 1579 1078 argumenti
1599 1035 1827 1078 amplitudini
1853 1047 2076 1081 nequaquam
2102 1041 2249 1078 respon-

1252 1087 1350 1126 deat,
1377 1086 1523 1119 fortasse
1547 1086 1735 1120 consilium
1758 1086 1925 1120 editionis
1949 1084 2056 1120 buius
2073 1086 2176 1120 multi
2194 1097 2250 1119 re·-

1255 1135 1489 1182 prehendent.
1550 1136 1623 1170 Nec
1659 1137 1692 1170 id
1726 1149 1788 1181 ego
1825 1137 2011 1171 ambitiose
2046 1138 2251 1177 defendam,

1253 1189 1342 1222 illud
1362 1195 1499 1222 tantum
1518 1195 1619 1232 opto,
1647 1189 1929 1222 exercitationem
1952 1186 2042 1222 hanc
2059 1201 2192 1229 meam,
2219 1194 2252 1222 et

1253 1240 1291 1273 in
1308 1239 1505 1274 dedicando
1523 1240 1698 1281 officium,
1724 1241 1790 1274 tibi
1810 1240 1963 1285 probari.
2021 1239 2118 1274 Bene
2137 1240 2224 1274 vale.

1257 1417 1342 1458 Etsi
1378 1433 1520 1463 vereor,
1562 1427 1601 1455 ut
1631 1422 1715 1457 satis
1750 1425 1946 1456 verecunde
1981 1423 2094 1457 facere
2125 1424 2258 1465 videar,

1258 1475 1353 1520 quod
1388 1473 1425 1506 in
1454 1470 1549 1507 hunc
1574 1474 1840 1508 ornatissimum
1870 1482 2007 1508 coetum
2034 1475 2257 1509 doctissimo-

1259 1538 1338 1559 rum
1374 1525 1543 1558 iuvenum
1579 1525 1727 1569 produci
1765 1538 1818 1558 me
1855 1525 1988 1570 patior,
2024 1539 2103 1560 cum
2140 1539 2255 1572 neque

1259 1589 1279 1610 a
1294 1576 1467 1614 doctrina,
1494 1588 1608 1621 neque
1626 1577 1670 1609 ab
1686 1577 1886 1622 eloquentia
1906 1577 1953 1611 ita
1971 1577 2163 1612 instructus
2177 1579 2258 1620 sim,

1261 1634 1299 1661 ut
1317 1627 1453 1672 aliquid
1476 1627 1601 1660 afferre
1625 1628 1755 1672 possim
1780 1628 1928 1671 dignum
1955 1629 2078 1663 vestris
2102 1629 2260 1671 auribus,

1261 1686 1378 1713 tamen
1399 1678 1567 1723 quoniam
1589 1678 1684 1712 scitis
1702 1691 1766 1712 nos
1789 1679 1975 1713 autoritate
1993 1688 2259 1725 praeceptorum

1262 1730 1358 1773 cogi,
1385 1737 1424 1763 ut
1449 1729 1485 1762 iu
1510 1727 1606 1763 hunc
1629 1730 1744 1763 locum
1763 1731 1994 1776 prodeamus,
2018 1744 2124 1777 quam
2144 1733 2260 1766 detre-

1263 1788 1356 1815 ctare
1372 1780 1475 1814 nobis
1489 1793 1562 1814 non
1581 1787 1632 1816 est
1647 1781 1835 1825 integrum,
1864 1789 1943 1826 peto
1966 1796 1984 1816 a
2005 1783 2122 1822 vobis,
2145 1796 2187 1817 ue
2205 1796 2260 1817 me

1264 1832 1391 1866 fidncia
1420 1832 1554 1875 ingenii
1583 1833 1642 1865 sed
1677 1833 1792 1866 ostieio
1825 1834 2037 1875 adductum,
2071 1831 2137 1868 hoc
2170 1847 2261 1869 onus

1265 1883 1454 1928 suscepisse
1473 1883 1645 1917 indicetis.

1367 1942 1458 1977 Cum
1478 1950 1593 1977 autem
1614 1941 1698 1977 baec
1717 1943 1791 1988 ipsa
1807 1945 2028 1979 declamandi
2046 1947 2263 1980 consuetudo

1267 2001 1472 2040 potestatem
1508 1995 1611 2029 nobis
1638 1995 1742 2029 saciat
1765 1996 1807 2029 de
1835 1996 1942 2029 variis
1978 1997 2082 2030 rebus
2109 1997 2264 2037 dicendi,

1268 2059 1330 2091 ego
1356 2059 1516 2091 quoque,
1549 2059 1628 2079 cum
1661 2047 1849 2081 autoritate
1885 2055 2149 2092 praeceptorum
2175 2046 2264 2082 mihi

1271 2097 1334 2131 bae
1359 2105 1473 2142 partes
1498 2098 1773 2140 mandarentur,
1802 2110 1874 2131 nou
1903 2098 2126 2133 incommode
2142 2112 2196 2133 me
2211 2101 2264 2134 sa-

1269 2157 1408 2183 cturum
1427 2149 1681 2189 existimabam,
1706 2149 1734 2182 si
1753 2150 1794 2182 de
1814 2149 1945 2193 patriae
1960 2163 2067 2191 nicae,
2095 2150 2265 2185 Franci-ze

1270 2201 1452 2240 videlicet,
1490 2201 1700 2246 antiquitate
1733 2207 1766 2234 et
1792 2201 1957 2234 laudibus
1984 2202 2157 2247 quaedam
2191 2203 2265 2236 col-

1274 2253 1430 2295 ligerem.

1372 2309 1448 2344 Etsi
1469 2318 1584 2344 autem
1605 2310 1766 2344 videbam
1794 2309 1976 2345 historiam
1998 2320 2137 2346 nostrae
2156 2314 2268 2356 gentis

1273 2364 1383 2397 multo
1409 2374 1481 2395 esse
1505 2362 1722 2405 longiormn.
1751 2376 1856 2408 quam
1882 2371 1917 2397 ut
1945 2377 2013 2397 uua
2031 2365 2191 2398 oratione
2209 2377 2266 2398 cx—
2310 2386 2312 2396 .

1274 2414 1395 2458 plicari
1430 2421 1563 2457 posset,
1600 2420 1715 2446 tauwu
1743 2415 1825 2459 quia
1851 2416 2004 2448 sciebam
2037 2413 2128 2449 lianc
2158 2422 2267 2449 totam
2310 2426 2311 2443 l

1273 2465 1493 2498 declamandi
1527 2466 1822 2499 cousuetudinem
1858 2467 1935 2499 ideo
1969 2467 2163 2500 institutam
2197 2479 2269 2500 esse

1273 2530 1289 2549 a
1314 2517 1618 2561 praeceptoribus,
1655 2524 1690 2550 ut
1713 2518 1976 2551 adolescentum
2006 2518 2144 2561 ingenia
2172 2530 2270 2552 exer·
2308 2526 2310 2535 '

1273 2575 1438 2607 ceantur,
1473 2575 1505 2602 et
1532 2569 1574 2600 ad
1604 2580 1656 2601 res
1683 2569 1833 2601 maiores
1859 2577 2129 2612 praeparentur,
2162 2569 2271 2603 malui

1273 2632 1416 2662 operam
1452 2631 1590 2653 sumere
1621 2620 1655 2652 iu
1694 2620 1902 2661 colligendis
1938 2621 2070 2664 patriae
2098 2620 2272 2660 laudibus.

1275 2684 1378 2715 quam
1400 2671 1434 2703 iu
1465 2671 1534 2704 alio
1551 2672 1704 2716 quodam
1724 2679 1943 2713 argumento.
2000 2671 2157 2705 Primum
2177 2672 2271 2705 enim
2307 2688 2309 2699 ε

1276 2722 1452 2755 neminem
1479 2729 1548 2756 tam
1579 2721 1814 2756 iuluuuauum
1842 2730 1900 2756 aut
1925 2724 2078 2757 ferreum
2105 2734 2177 2756 esse
2200 2723 2271 2756 exi-
