2338 2958
174 134 248 170 807

175 226 271 254 tanta
287 219 342 259 sit,
369 224 408 252 ut
426 215 560 250 nullius
576 213 735 248 oratione
751 212 834 247 satis
850 212 1022 246 declarari
1039 212 1163 257 possit:

176 272 235 304 sed
260 277 394 304 tantum
419 265 633 308 obiurgabo',
666 276 739 297 non
769 264 926 297 iuniores
947 264 1072 304 modo,
1103 263 1164 296 sed

177 333 242 355 nos
272 330 392 353 omnes
422 323 565 361 propter
594 315 886 358 ingratitudinem
915 321 949 348 et
975 314 1165 358 ignaviam,

177 383 325 417 quarum
364 376 512 412 utraque
548 367 741 411 plurimum
782 363 888 399 habet
922 365 1166 410 turpitudinis,

176 428 320 467 propter
336 419 464 452 multas
480 428 610 451 causas.

280 471 394 504 Tanta
412 475 462 502 est
478 468 629 501 durities
646 464 884 501 humanorum
902 474 1100 512 pectorum,
1127 473 1165 500 ut

177 534 250 556 non
271 521 473 554 mirandum
500 519 566 560 sit,
592 525 726 553 veteres
750 518 906 559 linxisse,
943 515 1104 552 homines
1126 529 1164 550 ex

178 573 356 618 lapidibus
384 577 481 604 ortos
507 581 591 605 esse.
650 567 787 603 Omnes
815 569 897 603 inde
922 579 1033 614 usque
1056 569 1101 601 ab
1128 579 1166 601 ea

178 622 284 661 hora,
315 634 382 667 qua
407 621 561 666 primum
582 632 648 653 nos
672 632 712 653 ex
735 620 815 652 alvo
842 620 963 653 matris
988 619 1167 662 excipiunt

179 685 304 708 manus
328 671 575 711 obstetricum,
610 682 672 715 per
695 681 817 703 omnes
844 676 995 703 aetatum
1027 670 1168 712 gradus,

178 726 313 759 utimur
338 724 422 757 artis
450 721 604 755 medicae
628 720 805 754 beneficiis
836 720 1168 754 innumerabilibus.

179 776 284 818 Quod
303 778 381 808 cum
401 774 446 807 ita
462 773 524 814 sit,
552 772 651 805 multi
672 777 790 805 tamen
808 783 871 804 nec
887 771 1043 813 cogitant
1058 778 1166 804 artem

177 827 244 860 Dei
267 827 400 859 donum
426 835 514 863 esse,
540 834 603 856 nec
620 821 694 856 Deo
719 822 895 856 conditori
919 822 1168 862 remediorum,

178 885 210 910 et
226 874 452 910 monstratori
475 873 580 914 artis,
608 872 735 917 gratias
758 879 886 916 agunt,
915 884 980 906 nec
1004 885 1168 906 reveren-

177 935 230 961 ter
252 928 295 961 de
320 934 392 959 arte
418 925 576 958 sentiunt
599 936 638 957 ac
659 923 865 968 loquuntur.
917 922 1016 967 Ipsae
1039 930 1168 957 matres

177 979 271 1012 edito
289 979 402 1017 foetu,
430 975 578 1009 infinitis
602 974 735 1008 morbis
756 974 927 1007 obnoxiae
952 982 1052 1015 sunt,
1079 986 1168 1020 quae

177 1030 252 1062 sine
268 1040 333 1072 ope
351 1027 484 1060 medica
503 1026 636 1059 servari
652 1037 723 1058 non
741 1032 891 1069 possent.
926 1023 974 1059 Et
993 1026 1029 1058 in
1046 1037 1167 1059 earum

178 1079 344 1124 periculis
361 1077 516 1111 remedia
532 1089 603 1109 non
629 1082 763 1110 tanturn
782 1074 945 1109 adhiberi
963 1076 1167 1110 ostentatio-

177 1131 232 1164 nis
250 1142 372 1168 causa,
398 1129 456 1162 sed
477 1139 557 1160 rere
573 1127 723 1160 efficacia
744 1134 777 1160 et
792 1127 959 1160 salutaria
976 1138 1066 1167 esse,
1093 1127 1167 1171 ple-

176 1192 316 1226 runque
340 1187 486 1214 testatur
505 1177 730 1222 experientia.
791 1177 902 1221 Saepe
926 1179 1033 1210 ubera
1056 1177 1169 1209 medi-

177 1233 287 1265 canda
304 1237 403 1271 sunt,
430 1240 530 1272 saepe
547 1239 691 1261 somnus
707 1233 780 1261 arte
805 1229 1035 1262 revocandus.
1088 1226 1168 1260 Ma—

175 1283 272 1317 tricis
297 1294 378 1314 vero
408 1279 561 1324 pericula
593 1290 682 1322 pene
711 1278 847 1311 infinita
877 1285 970 1313 sunt.
1031 1276 1169 1311 Deinde

175 1335 290 1367 ulcera
317 1331 483 1365 omnibus
506 1329 701 1362 infantibus
726 1329 925 1362 communia
948 1335 1046 1370 sunt,
1079 1341 1168 1374 quae

178 1397 250 1417 non
267 1388 540 1417 maturescerent
565 1386 600 1414 et
617 1380 704 1413 alios
721 1380 863 1413 morbos
879 1380 1076 1421 adferrent,
1099 1379 1167 1414 nisi

175 1446 231 1469 ars
247 1447 350 1479 opem
369 1435 484 1467 serret.

277 1485 346 1519 Sed
377 1483 502 1518 omitto
536 1479 628 1515 banc
657 1480 976 1519 enumerationem,
1012 1492 1101 1525 quae
1124 1493 1168 1514 ne

175 1537 319 1583 quidem
337 1535 472 1579 magnis
489 1532 732 1567 voluminibus
755 1531 887 1574 integra
915 1530 1167 1576 comprehendi

174 1595 301 1632 posset,
357 1586 439 1620 Ideo
461 1591 578 1619 autem
595 1584 638 1617 ad
661 1582 720 1616 illa
746 1582 856 1626 prima
880 1582 981 1615 initia
1000 1583 1089 1615 vitae
1114 1583 1168 1616 iu-

175 1639 292 1672 niores
309 1639 462 1676 deduco,
490 1643 528 1669 ut
545 1634 572 1668 si
590 1633 812 1677 cogitabunt,
838 1633 1011 1666 matribus
1031 1644 1065 1665 se
1090 1645 1168 1676 gra-

174 1690 365 1723 titudinem
390 1687 532 1720 debere:
561 1684 666 1718 simul
688 1684 932 1724 considerent,
961 1684 1111 1717 multum
1134 1695 1168 1717 se

176 1741 303 1774 debere
323 1739 386 1772 arti
406 1737 579 1774 medicae,
607 1747 674 1780 qua
699 1734 878 1778 puerperis
901 1741 933 1768 et
953 1734 1060 1766 foetui
1081 1747 1168 1778 opus

176 1799 236 1826 est.
292 1789 343 1823 Ac
362 1790 397 1822 in
415 1801 453 1821 ea
471 1786 682 1831 cogitatione
699 1797 772 1818 non
793 1791 927 1818 tantum
947 1784 1166 1827 diligentiam

175 1840 360 1874 hominum
379 1846 439 1874 aut
460 1837 614 1872 remedia
636 1837 861 1875 intueantur,
888 1836 946 1868 sed
975 1836 1167 1870 bonitatem

175 1892 239 1926 Dei
260 1897 469 1935 agnoscant,
495 1889 556 1934 qui
573 1895 606 1922 et
624 1886 776 1921 remedia
802 1886 979 1925 condidit,
1007 1893 1040 1920 et
1066 1899 1167 1920 usum

175 1943 397 1982 monstravit,
422 1949 460 1976 ut
477 1941 594 1985 aliqua
612 1951 651 1972 ex
668 1945 765 1983 parte
781 1935 886 1971 huius
906 1938 996 1971 vitae
1011 1938 1168 1971 miserias

177 1996 311 2027 leniret.
351 1992 412 2026 llla
430 1991 594 2037 Cyclopis
612 2002 676 2022 vox
696 1988 838 2031 indigua
862 1995 911 2021 est
926 1986 1081 2026 homine,
1108 1989 1166 2033 qui

177 2046 225 2079 ait
243 2057 277 2078 se
297 2057 359 2077 nec
379 2043 469 2077 lovis
485 2042 648 2084 fulmina,
672 2053 734 2074 nec
758 2040 887 2072 imbros
905 2046 1078 2079 metuere,
1106 2051 1168 2072 nec

177 2104 288 2129 terrae
307 2095 545 2132 sterilitatem,
572 2092 653 2137 qnia
677 2098 706 2124 et
727 2102 829 2132 rupes
851 2090 1043 2123 defendant
1066 2102 1167 2123 suuni

177 2160 334 2190 specum,
359 2153 389 2179 et
415 2145 450 2178 in
475 2155 577 2187 specu
603 2154 740 2185 gregem
765 2139 890 2174 habeat
909 2141 1047 2180 ovium,
1074 2142 1169 2174 unde

179 2199 334 2231 xictitare
357 2196 475 2241 possit.
529 2194 663 2228 Similis
688 2200 735 2227 est
760 2192 874 2226 oratio
900 2192 1091 2225 multorum
1113 2192 1169 2226 in-

179 2250 360 2281 doctorum
377 2260 413 2280 ac
433 2247 683 2283 barbarorum,
709 2243 768 2289 qui
787 2251 817 2277 et
837 2243 872 2276 in
889 2244 1017 2276 tuenda
1035 2243 1168 2277 valetu-

180 2300 261 2331 dine
280 2298 565 2342 temperantiam,
590 2303 622 2329 et
642 2296 676 2328 in
696 2295 859 2338 periculis
879 2294 996 2326 ‹nnnia
1015 2294 1167 2327 remedia

180 2356 421 2384 contemnunt.
474 2348 525 2382 Ac
551 2359 595 2380 ne
619 2345 772 2389 cogitant
800 2345 962 2390 quidem,
986 2344 1049 2379 Dei
1076 2346 1167 2377 dona

180 2413 251 2433 esse
277 2401 427 2433 remedia
448 2407 476 2432 1-1
503 2406 634 2436 artem,
657 2399 715 2430 sed
741 2394 776 2429 hi
794 2396 964 2442 Cyclopes
989 2407 1067 2429 cum
1094 2395 1168 2429 Deo

180 2459 211 2485 et
232 2459 354 2485 natura
374 2451 504 2483 bellum
525 2455 662 2491 gerunt.

283 2502 328 2535 At
357 2502 467 2533 lionae
500 2507 633 2533 inc-tues
659 2498 769 2531 sciant
798 2498 950 2542 primum
984 2497 1168 2531 universae

179 2562 323 2587 naturae
340 2564 456 2585 vocem
476 2550 662 2590 testificari,
691 2547 785 2582 bunc
808 2549 981 2581 mundum
1001 2561 1071 2581 non
1087 2560 1167 2582 casu

179 2605 348 2642 extitisse,
375 2604 431 2636 sed
449 2615 466 2634 a
492 2608 608 2635 mente
629 2608 770 2634 aeterna
789 2597 1065 2634 arcliitectatrice
1082 2612 1167 2632 con-

177 2656 289 2688 ditum
315 2661 347 2687 et
373 2655 561 2687 formatum
587 2664 673 2685 esse:
701 2651 830 2684 deinde
856 2658 888 2684 et
912 2648 1048 2683 homini
1073 2651 1165 2684 noti-

177 2707 245 2739 cias
275 2706 396 2739 insitas
424 2716 513 2742 esse.
549 2715 637 2748 quae
668 2709 900 2746 congruentes
934 2714 1014 2735 cum
1049 2709 1166 2736 mente

599 125 758 165 DECL.
799 124 875 163 DE
907 124 1248 163 DlGNlTA-TE
1282 125 1462 162 ARTIS
1496 124 1775 163 MEDICAE.

1684 10 1694 24 2

2127 129 2204 164 808

1216 212 1337 247 divina
1363 223 1482 246 rerum
1508 212 1682 246 delectum
1708 213 1916 248 ostendunt:
1957 225 1996 247 ac
2020 213 2057 247 in
2081 220 2209 249 natura

1217 271 1250 298 et
1278 263 1314 296 in
1342 263 1502 297 moribus
1533 263 1663 297 iudicia
1687 270 1806 297 nostra
1831 275 1909 297 cum
1938 271 2056 298 mente
2087 265 2210 299 divina

1217 325 1408 357 congruere
1433 314 1572 348 debere.
1628 313 1766 354 Vitam,
1801 314 1930 347 bonam
1957 316 2212 357 valetudinem,

1219 373 1249 399 et
1270 366 1361 399 vitae
1374 365 1559 409 praesidia,
1583 363 1680 398 Deus
1696 365 1856 398 adfirmat
1872 375 1926 398 res
1943 365 2065 405 bonas,
2091 374 2124 400 et
2141 379 2158 400 a
2177 378 2212 400 se

1219 416 1378 449 conditas
1406 427 1495 457 esse,
1527 422 1561 450 et
1596 415 1695 450 iubet
1721 427 1786 449 nos
1819 414 1891 448 frui
1920 412 1975 449 his
2002 417 2211 451 muneribus

1219 467 1363 501 divinis.

1322 515 1565 560 Agnoscamus
1581 517 1688 560 igitur
1703 515 1787 550 haec
1803 517 1914 555 dona,
1942 523 1976 550 et
1991 528 2029 550 ea
2045 529 2214 561 amemus,

1219 575 1253 603 et
1275 568 1452 602 conditori
1477 568 1604 611 gratias
1627 579 1781 611 agamus.
1835 567 1885 601 Ita
1909 567 2079 612 scriptum
2102 576 2152 603 est
2174 569 2212 603 in

1219 619 1402 653 sententiis
1425 617 1568 654 Sirach:
1602 618 1749 652 Honora
1775 619 1971 658 medicum,
1997 617 2093 653 Deus
2117 620 2213 653 enim

1220 671 1350 704 creavit
1369 683 1448 704 eum
1466 676 1610 714 propter
1627 670 1876 703 necessitatem.

1321 720 1415 754 Haec
1437 721 1608 754 sententia
1636 720 1870 753 necessarium
1892 731 1964 753 esse
1989 731 2091 753 usum
2109 727 2142 754 et
2157 731 2214 754 re-

1220 771 1418 804 mediorum
1446 778 1480 806 et
1506 772 1592 805 artis
1615 771 1793 813 adfirmat,
1818 772 1912 816 quod
1931 771 2073 817 quidem
2097 778 2215 805 osten-

1222 823 1311 856 dunt
1329 822 1485 865 exempla
1504 822 1674 867 quotidie.

1323 871 1376 907 Ac
1399 874 1528 906 diserte
1553 873 1652 906 addit
1677 869 1817 905 Sirach:
1855 869 2060 907 Altissimus
2082 872 2215 907 creavit

1221 924 1376 957 remedia
1401 936 1441 957 ex
1465 931 1580 964 terra,
1615 930 1648 957 et
1667 935 1687 956 a
1710 921 1786 956 Deo
1811 929 1861 957 est
1891 923 2097 965 medicatio;
2132 923 2215 969 quia

1222 987 1293 1008 non
1312 975 1416 1008 modo
1439 975 1593 1007 remedia
1611 974 1658 1007 ita
1673 973 1838 1008 distincta
1861 981 1942 1008 sunt
1961 974 2109 1008 consilio
2129 986 2216 1008 con-

1222 1025 1368 1066 ditoris,
1394 1033 1433 1060 ut
1456 1025 1523 1058 alia
1548 1025 1635 1058 alios
1659 1025 1802 1058 morbos
1824 1025 2019 1069 depellant,
2046 1025 2114 1059 alia
2136 1025 2216 1059 aliis

1222 1077 1390 1110 membris
1413 1077 1634 1117 conducant,
1660 1077 1719 1109 sed
1744 1076 1848 1109 etiam
1873 1075 2061 1109 consilium
2088 1074 2217 1110 medici

1222 1127 1395 1160 divinitus
1423 1127 1572 1170 regitur,
1607 1133 1641 1160 et
1674 1126 1824 1159 efficacia
1859 1138 1878 1159 a
1913 1126 1988 1161 Deo
2016 1127 2217 1163 adiuvatur.

1221 1177 1317 1211 Ilaec
1339 1189 1418 1211 cum
1445 1178 1490 1210 ita
1515 1177 1606 1218 sint,
1631 1189 1837 1210 moveamur
1861 1183 1894 1210 et
1911 1177 2061 1212 utilitate
2085 1185 2218 1218 nostra,

1223 1235 1255 1262 et
1273 1228 1467 1261 conditoris
1483 1228 1659 1267 bonitate,
1686 1234 1724 1261 ut
1745 1234 1779 1260 et
1798 1227 1953 1261 remedia
1980 1235 2013 1262 et
2037 1225 2127 1262 banc
2152 1230 2218 1262 do·

1223 1279 1372 1313 ctrinam
1396 1278 1696 1321 magnifacimus.

1322 1328 1490 1363 Arbitror
1525 1336 1641 1362 autem
1677 1330 1788 1362 bonas
1822 1335 1957 1362 mentes
1993 1341 2067 1362 non
2103 1330 2218 1364 solum

1222 1388 1366 1424 propter
1391 1380 1579 1413 utilitatem
1611 1380 1776 1413 delectari
1806 1380 2089 1414 consideratione
2114 1388 2218 1415 natu-

1223 1443 1299 1471 rae,
1334 1431 1394 1464 sed
1417 1431 1528 1474 magis
1552 1431 1654 1464 etiam
1685 1438 1887 1475 propterea,
1922 1431 2004 1476 quia
2031 1438 2102 1466 tota
2134 1429 2219 1466 haec

1223 1489 1368 1516 naturae
1384 1481 1533 1515 varietas
1550 1482 1644 1515 velut
1667 1479 1843 1516 theatrum
1868 1488 1936 1522 est,
1964 1482 2000 1515 in
2027 1494 2097 1527 quo
2120 1483 2218 1517 testi-

1222 1533 1340 1567 monia
1360 1534 1403 1566 de
1419 1531 1494 1565 Deo
1513 1533 1637 1577 opifice
1654 1533 1805 1567 illustria
1821 1532 2102 1576 conspiciuntur.
2143 1532 2220 1567 lni-

1222 1584 1271 1617 tio
1291 1583 1464 1617 domicilii
1486 1584 1653 1626 figuram,
1679 1591 1712 1617 et
1730 1583 1827 1616 illam
1851 1581 2124 1627 pulcherrimam
2143 1597 2219 1619 ma-

1223 1632 1381 1674 chinam,
1407 1634 1443 1666 in
1461 1645 1528 1678 qua
1547 1634 1661 1667 sidera
1679 1631 1876 1671 vehuntur,
1905 1641 1942 1667 ut
1958 1635 2043 1675 dies,
2070 1647 2219 1677 menses,

1222 1697 1351 1725 annos,
1382 1691 1546 1722 aestates,
1575 1682 1716 1730 hyemes
1734 1685 1974 1728 distinguant,
2003 1692 2040 1719 ut
2060 1686 2217 1720 dissimi-

1223 1736 1265 1768 lis
1283 1737 1327 1769 sit
1352 1742 1476 1768 natura
1503 1741 1718 1779 temporum,
1746 1742 1783 1769 ut
1803 1736 1994 1781 quotannis
2012 1744 2106 1770 certo
2128 1744 2217 1771 tem-

1223 1799 1306 1830 pore
1330 1786 1449 1829 gignat
1470 1793 1560 1819 terra
1585 1787 1720 1829 fruges,
1747 1793 1820 1820 arte
1843 1786 1967 1819 saetam
1985 1797 2076 1831 esse,
2101 1788 2216 1821 mani-

1222 1838 1348 1870 sestum
1372 1844 1432 1870 est.

1323 1885 1461 1921 Deinde
1473 1893 1602 1931 quanta
1619 1897 1674 1919 ars
1691 1893 1740 1920 est
1759 1885 1793 1918 in
1810 1893 1880 1920 tota
1899 1883 2053 1921 bominis
2069 1887 2218 1921 natura?

1223 1937 1420 1972 Discrimen
1441 1937 1527 1971 lucis
1545 1943 1578 1970 et
1595 1937 1830 1977 tenebrarum,
1856 1937 2045 1972 discrimen
2066 1938 2218 1973 noticiae

1223 1996 1254 2022 et
1280 1989 1516 2030 ignorantiae.
1550 1988 1727 2031 fastigium
1759 1988 1794 2021 in
1822 1989 1963 2022 cerebro
1993 1989 2215 2023 simillimum

1222 2040 1327 2079 coeli,
1356 2040 1391 2072 in
1411 2053 1481 2084 qno
1501 2045 1533 2072 et
1554 2039 1672 2072 lucent
1691 2039 1863 2079 noticiae,
1890 2047 1922 2073 et
1948 2042 2119 2085 repositae
2144 2052 2216 2074 ser-

1224 2099 1362 2126 vantur.
1416 2089 1463 2124 Et
1480 2089 1584 2123 insita
1602 2096 1653 2123 est
1668 2091 1838 2134 quaedam
1856 2090 1899 2123 de
1916 2091 1993 2124 Deo
2011 2092 2079 2131 11111,
2101 2098 2133 2125 et
2150 2092 2214 2124 ad-

1222 2142 1314 2175 ditae
1333 2141 1462 2176 multae
1480 2140 1629 2174 noticiae
1644 2141 1744 2178 aliae.
1768 2153 1856 2185 quae
1871 2149 1953 2175 sunt
1971 2143 2063 2176 vitae
2080 2154 2216 2185 norma,

1222 2193 1484 2226 distinctionem
1503 2199 1534 2225 et
1551 2191 1713 2225 ordinem
1731 2199 1982 2232 monstrantes,
2010 2201 2045 2227 ut
2065 2193 2217 2235 numeri,

1225 2244 1422 2278 intellectus
1453 2243 1591 2277 ordinis
1625 2249 1659 2276 et
1693 2243 1984 2287 consequentiae,
2023 2243 2213 2279 discrimen

1223 2292 1453 2328 honestorum
1478 2302 1509 2327 et
1528 2293 1701 2336 turpium,
1729 2301 1871 2326 aeterno
1895 2302 1926 2328 et
1948 2294 2095 2330 immoto
2114 2302 2213 2340 septo

1222 2346 1442 2387 distinguens
1460 2345 1616 2379 facienda
1635 2351 1667 2378 et
1684 2345 1862 2387 fugienda.

1325 2397 1418 2429 llaec
1444 2396 1596 2430 extitisse
1623 2407 1722 2436 casu,
1755 2403 1815 2430 aut
1839 2409 1878 2429 ex
1905 2397 2049 2431 materia
2076 2404 2211 2432 tantum

1223 2447 1437 2492 impossibile
1453 2456 1514 2482 est.

1323 2500 1458 2531 (Il-nmat
1496 2498 1601 2540 igitur
1636 2497 1709 2540 ipsa
1741 2509 1858 2531 rerum
1894 2505 2036 2535 natura.
2071 2505 2102 2532 et
2139 2511 2212 2532 esse

1222 2547 1354 2587 Deum,
1389 2557 1418 2583 1-1
1446 2561 1518 2582 esse
1544 2549 1755 2592 sapientem,
1787 2549 1917 2582 bonum
1941 2561 1980 2581 ac
2006 2549 2211 2589 beneficum,

1220 2602 1386 2633 scelernm
1407 2600 1592 2637 vindicem.
1618 2601 1798 2633 custodem
1817 2597 1990 2632 hnmanae
2007 2601 2191 2636 societatis.

1322 2651 1400 2685 Non
1427 2651 1539 2685 dicam
1570 2663 1664 2684 nunc
1693 2652 1737 2683 de
1772 2657 1842 2684 tota
1875 2648 2020 2684 hnmani
2053 2651 2211 2697 corporis

1218 2702 1497 2744 constructione,
1524 2703 1567 2736 de
1583 2701 1752 2747 stirpibus
1768 2709 1798 2735 et
1820 2700 1964 2746 plantis.
1992 2709 2128 2738 tantum
2146 2704 2210 2738 ad—
