2338 2958
152 132 227 174 595

154 221 324 268 sequitur.
375 220 448 255 Nec
471 219 567 254 domi
591 224 738 252 aetatem
763 217 800 251 in
821 217 898 251 ocio
924 223 1052 261 agunt,
1084 218 1144 251 sed

154 272 286 308 habent
301 272 439 306 assidua
458 271 631 316 equestria
649 268 823 303 exercitia.
850 266 915 302 Est
929 269 1011 302 item
1029 267 1145 302 Fran—

154 325 206 359 cia
225 323 367 357 sinistro
383 323 530 355 humero
542 319 664 354 Bootis
680 326 770 353 recte
786 319 952 360 subiecta,
975 319 1037 364 qui
1052 319 1143 363 agri-

152 376 312 410 culturae
344 373 500 405 studium
532 371 670 405 excitat:
713 378 746 405 et
770 371 937 416 quoniam
961 370 1079 416 aliqua
1105 383 1143 404 ex

152 434 249 472 parte
277 424 383 457 refert
409 422 580 457 Mercurii
602 429 634 456 et
660 421 805 456 Saturni
831 429 1011 462 naturam,
1046 422 1144 455 addit

151 478 222 510 vim
247 474 408 517 ingeniis.
460 473 616 507 Proinde
639 485 711 506 non
738 473 853 506 solum
873 473 909 505 in
930 472 1144 516 vulgaribus,

151 525 369 565 domesticis,
402 531 462 558 aut
486 525 651 558 civilibus
673 525 845 568 negociis,
880 523 1069 566 singularis
1093 530 1145 557 est

150 579 187 610 in
207 576 335 610 nostris
355 575 559 617 dexteritas,
586 577 645 609 sed
662 575 764 608 etiam
785 575 821 608 in
841 574 951 607 literis
969 580 1002 607 et
1020 586 1144 608 recon-

150 628 232 662 ditis
258 627 393 661 artibus
418 627 521 660 multi
544 627 802 666 excelluerunt,
831 637 917 670 quos
939 636 1145 658 enumerare

150 680 296 722 longum
315 684 412 713 esset.
466 677 534 712 Sed
550 685 666 711 tamen
684 677 825 710 silentio
845 676 1034 720 praeterire
1050 676 1144 717 illos,

150 741 302 775 quorum
333 735 453 762 extant
486 734 714 762 monumenta
743 728 845 762 utilia
872 726 1028 770 Reipub.
1057 734 1145 761 esset

149 778 308 814 hominis
324 779 466 823 ingrati.

252 830 342 874 Quis
365 837 518 864 vestrum
545 842 617 863 non
644 836 737 863 amat
768 842 899 863 nomen
923 829 1144 873 Regiomon-

150 881 252 916 tani?
277 882 355 926 quis
374 893 446 913 non
465 887 652 914 veneratur
669 893 767 922 eum,
793 889 830 915 ut
845 893 979 915 numen
998 881 1143 926 aliquod

149 932 323 966 divinitus
343 933 379 964 in
395 938 524 965 terram
548 932 710 972 missum,
737 933 778 964 ad
799 933 1065 965 instaurandam
1085 943 1143 963 ve-

149 995 224 1017 ram
245 981 513 1026 Philosophiam
535 984 577 1015 de
603 983 760 1016 moribus
784 984 1020 1017 coelestibus?
1053 982 1144 1016 Nul-

150 1035 219 1067 lius
232 1034 325 1067 euim
346 1033 518 1066 industria
538 1034 615 1077 plus
632 1035 803 1078 praestitit
824 1037 860 1067 iu
880 1047 919 1067 eo
937 1046 1063 1077 genere
1079 1035 1144 1066 do-

149 1085 282 1119 ctrinae
316 1085 532 1117 restituendo
558 1085 680 1124 nobis,
721 1097 825 1130 quam
850 1084 1144 1127 Regioniontani:

149 1136 209 1181 qui
235 1147 313 1169 cum
339 1135 480 1179 ingenio
506 1142 538 1168 et
565 1136 764 1169 eruditione
789 1137 825 1168 in
844 1134 1070 1169 Mathematis
1086 1147 1145 1168 ex—

150 1188 311 1226 celleret,
346 1187 550 1230 videretque
586 1187 662 1219 sine
696 1187 900 1229 cognitione
927 1187 1143 1220 Graecarum

151 1239 331 1272 literarum
366 1237 684 1281 praestantissimos
719 1238 906 1282 scriptores
941 1235 1146 1271 Mathema-

148 1298 224 1323 tum
242 1300 313 1321 nou
331 1299 429 1332 posse
447 1287 610 1331 intelligi,
628 1288 763 1322 dedidit
776 1301 810 1322 se
821 1288 978 1322 Graecae
993 1289 1144 1331 linguae,

149 1353 188 1373 ac
217 1346 355 1372 secutus
378 1337 623 1372 Bessarionem
650 1338 825 1372 Graecum
854 1339 1081 1373 Cardinalem
1108 1339 1145 1371 in

152 1390 301 1430 Italiam,
329 1402 452 1433 magna
474 1402 552 1422 cum
574 1390 674 1423 laude
692 1390 738 1422 ibi
758 1398 789 1423 et
810 1391 929 1423 docuit
943 1403 1041 1423 suam
1059 1387 1143 1422 Phi—

149 1439 361 1486 losophiam,
390 1447 422 1474 et
441 1438 602 1473 homines
621 1440 755 1474 Graece
772 1443 892 1474 doctos
911 1441 1064 1475 vicissim
1082 1453 1144 1474 au-

150 1493 257 1533 divit,
297 1491 459 1525 lustravit
490 1489 740 1529 bibliothecas,
776 1492 960 1537 inquisivit
991 1492 1145 1536 optimos

150 1551 309 1585 autores,
337 1550 376 1577 ut
400 1542 622 1583 Ptolemaeo,
650 1556 754 1588 quem
778 1543 953 1576 illustrare
972 1543 1145 1587 cupiebat,

149 1596 255 1629 situm
273 1602 306 1628 et
326 1594 524 1639 squalorem
544 1595 749 1637 detergeret.
805 1593 925 1639 ltaque
945 1606 1068 1637 magna
1084 1605 1145 1626 va-

150 1647 273 1680 rietate
305 1651 621 1678 monumentorum
653 1657 716 1677 nos
750 1645 932 1685 iustruxit,
969 1645 1141 1678 enarravit

150 1704 291 1731 autores
315 1702 464 1735 veteres,
499 1695 660 1728 difficiles
683 1696 768 1729 artis
793 1697 1015 1741 quaestiones
1036 1696 1145 1739 agita—

151 1749 219 1789 vit,
261 1747 371 1780 edidit
406 1746 562 1787 tabulas,
602 1753 642 1780 ut
671 1747 854 1790 posteritas
879 1747 1031 1781 retinere
1061 1747 1145 1779 artis

152 1799 404 1843 possessionem
425 1804 551 1841 posset.
595 1797 705 1830 Porro
723 1798 844 1831 doctos
863 1795 1025 1831 homiues
1041 1797 1144 1830 intel-

152 1851 259 1893 ligere
277 1850 393 1887 decet,
414 1855 585 1893 quantum
609 1849 651 1881 sit
670 1849 899 1888 beneficium,
928 1851 1064 1882 tradere
1082 1849 1146 1880 do-

152 1902 300 1935 ctrinam
337 1901 379 1932 de
407 1899 563 1932 motibus
595 1899 816 1934 coelestibus.
880 1900 1016 1933 Amissa
1053 1899 1144 1932 enim

154 1965 234 1985 vera
254 1951 337 1983 anui
357 1950 609 1994 descriptione,
639 1951 751 1995 qualis
772 1952 968 1989 barbaries,
996 1957 1147 1996 quantae

153 2004 316 2038 tenebrae
342 2002 374 2034 iu
402 1999 580 2041 historiis,
607 2002 858 2043 religionibus,
886 2002 955 2034 iwo
977 2002 1012 2034 iu
1030 2002 1145 2033 omni-

154 2056 218 2087 bus
237 2054 325 2086 vitae
343 2053 539 2085 actionibus
563 2060 744 2086 secuturae
763 2054 901 2086 esseut?
941 2054 1061 2096 Quare
1076 2051 1147 2086 Re-

155 2109 383 2149 giomontano
404 2104 548 2145 gratiam
568 2116 689 2136 omnes
706 2111 823 2145 gentes
840 2105 986 2143 debent,
1014 2115 1148 2148 nosque

156 2157 266 2201 ipsius
290 2168 391 2188 causa
424 2155 627 2193 franciam„
664 2155 699 2189 in
718 2168 785 2200 qua
805 2163 939 2189 tantum
968 2154 1146 2197 ingenium

156 2215 277 2240 natum
298 2214 358 2245 est,
386 2206 494 2247 magis
511 2218 627 2238 amare
644 2207 750 2240 deret.
805 2206 965 2251 Cumque
985 2204 1068 2240 haec
1086 2218 1148 2238 ua-

157 2259 204 2292 tiu
241 2257 426 2289 minimum
456 2255 579 2289 habeat
617 2257 797 2290 servilium
829 2258 1070 2299 ingeniorum,
1114 2257 1148 2289 in

157 2309 282 2343 studiis
321 2308 423 2341 etiam
458 2308 608 2340 ostendit
649 2309 918 2349 ingenuitatem,

157 2363 217 2393 «trs
251 2368 277 2389 vt
312 2360 479 2402 aucupia,
520 2367 684 2403 quaestus
709 2360 741 2392 iu
773 2361 898 2397 literis,
939 2373 977 2393 ac
1007 2359 1149 2404 plurimi

158 2412 417 2454 amplectuutur
435 2408 598 2442 honestas
615 2419 715 2450 artes,
736 2411 919 2444 doetrinae
938 2424 974 2443 ac
995 2410 1151 2444 veritati,
1178 2409 1179 2432 ἶ

348 2460 426 2493 lde-o
452 2462 551 2493 multi
580 2463 670 2505 apud
699 2475 760 2494 nos
780 2463 883 2494 etiam
902 2463 936 2495 in
958 2463 998 2495 iis
1018 2462 1152 2495 artibus

159 2513 395 2546 excelluerunt
410 2539 416 2548 ‚
445 2525 532 2555 quae
550 2514 653 2552 uulgo
672 2513 779 2545 iareut
800 2521 952 2557 spretae,
977 2514 1059 2559 quia
1080 2525 1150 2545 non

161 2565 311 2600 sariunt,
339 2570 372 2595 ut
391 2563 538 2599 «ticum,
567 2564 654 2605 twa<
676 2563 716 2597 11)
736 2564 884 2609 ὑλιμιμ.
923 2563 961 2597 ΕΙ
984 2564 1150 2609 ‹pioniam

162 2616 272 2648 nostri
293 2614 427 2647 suntin
455 2614 575 2656 primis
597 2628 666 2648 κυιι
681 2614 825 2654 ωιίκοὶ,
855 2617 983 2649 eruditi
1005 2629 1074 2648 unu
1096 2626 1151 2647 so-

163 2668 234 2699 tum
270 2678 350 2698 suae
379 2665 622 2697 oblectationis
659 2679 758 2698 rausa
788 2667 985 2699 ‹locu-inam
1021 2667 1152 2702 colunt.

162 2720 218 2750 sed
242 2716 432 2750 liberaliter
459 2716 662 2760 impertiunt
683 2718 759 2749 aliis
775 2718 878 2751 etiam
897 2731 933 2751 ea
953 2731 1041 2763 quae
1058 2717 1152 2751 didi-

158 2475 289 2495 atuort'.

712 129 870 167 DECL.
913 129 986 166 DE
1016 128 1295 167 ENCOMIO
1331 127 1639 167 FRANCIAE.

967 2309 1040 2342 odit
1075 2320 1150 2340 sor-
1178 2320 1179 2324 ¹

2113 129 2188 167 396

1198 222 1331 251 cerunt.
1384 214 1564 249 Virtutem
1589 227 1662 248 esse
1685 216 1839 258 ducunt,
1871 228 2014 261 operam
2037 216 2080 250 ad
2106 228 2190 261 pro-

1197 268 1375 314 pagandas
1399 273 1432 300 et
1451 267 1710 300 conservandas
1728 273 1818 300 artes
1843 268 2013 303 conferre.
2066 266 2189 312 ltaque

1197 330 1291 352 nunc
1314 315 1516 352 Schonerus
1541 329 1669 361 magno
1690 329 1768 351 curn
1793 318 1913 351 labore
1933 315 2092 362 provehit
2109 317 2191 352 Ma-

1197 368 1362 404 themata.
1411 368 1527 411 Quam
1544 369 1674 402 multos
1691 368 1729 401 in
1745 366 1810 402 hac
1828 376 1927 413 parte
1942 367 2190 414 Philosophiae

1197 420 1404 454 excellentes
1429 419 1625 463 Noriberga
1653 420 1798 463 genuit‘.>
1832 420 1931 453 cuius
1956 421 2104 454 civitatis
2130 432 2191 464 ge·

1197 472 1279 504 nius
1296 471 1521 515 peculiariter
1535 470 1650 504 favere
1673 468 1756 504 huic
1771 467 2024 515 Philosophiae
2039 471 2192 505 videtur.

1197 522 1291 556 Clari
1310 529 1391 556 sunt
1409 521 1512 555 editis
1532 522 1772 555 monumentis
1791 521 2030 562 Pii-cameras,
2054 528 2087 555 et
2103 522 2191 556 alter

1200 573 1435 613 &Verum-ius,
1464 586 1567 618 quem
1584 585 1663 606 vere
1680 573 1846 606 artificem
1870 573 1997 613 fuisse,
2024 572 2193 607 eruditis-

1198 625 1304 657 simae
1330 624 1439 669 ipsius
1463 624 1726 658 observationes
1742 625 1784 657 de
1807 630 1906 657 motu
1924 631 2067 657 octavae
2087 621 2193 668 sphe-

1198 687 1257 708 rae
1274 682 1456 710 testantur.

1301 740 1368 775 Sed
1386 742 1498 775 dicam
1517 742 1560 775 de
1575 742 1652 775 aliis
1669 742 1814 778 artibus,
1850 741 2028 777 poeticam
2046 741 2083 774 in
2101 739 2194 775 Ger-

1199 792 1314 825 mania
1334 793 1497 826 excitavit
1517 793 1652 837 primus
1668 793 1855 827 Conradus
1871 792 2001 833 Celtis,
2029 798 2132 826 natus
2156 793 2195 826 in

1200 850 1319 876 nostra
1335 843 1499 876 Francia:
1528 843 1586 888 qui
1604 857 1681 877 cum
1701 857 1824 878 venam
1845 842 1988 878 haberet
2011 843 2094 877 satis
2116 843 2193 877 soe-

1199 895 1320 933 licem,
1349 901 1380 927 et
1399 901 1487 927 esset
1503 895 1675 938 expolitus
1692 895 1733 928 iis
1749 896 1877 936 literis,
1903 896 2033 941 quibus
2052 895 2094 928 ad
2117 905 2194 928 car-

1201 957 1280 977 men
1301 947 1587 988 componendum
1613 958 1700 989 opus
1722 953 1789 986 est,
1818 959 1890 980 uon
1911 953 2097 980 contentus
2115 945 2196 979 vul-

1198 996 1273 1039 gari
1300 996 1521 1036 eruditione,
1557 996 1721 1031 adiunxit
1742 995 2032 1042 Philosophiam,
2059 1003 2092 1031 et
2113 1007 2194 1030 cum

1200 1048 1403 1080 excitandae
1429 1047 1622 1081 iuventutis
1637 1060 1759 1089 causa,
1785 1055 1860 1082 tum
1876 1060 1958 1082 vero
1982 1048 2086 1081 etiam
2111 1058 2195 1081 eru-

1199 1099 1366 1139 diendae,
1393 1099 1520 1142 passim
1549 1099 1684 1132 refersit
1711 1111 1771 1133 sua
1797 1100 1959 1143 poemata
1983 1096 2138 1144 physicis
2161 1103 2195 1131 et

1199 1149 1443 1182 astronomicis
1465 1149 1561 1184 locis.
1628 1148 1724 1183 Haec
1749 1156 1953 1193 argumenta
1979 1150 2033 1182 vel
2061 1148 2196 1193 praeci·

1199 1212 1266 1244 pue
1292 1200 1481 1233 convenire
1505 1201 1676 1243 poetnatis
1701 1208 1793 1235 recte
1818 1201 1943 1241 sensit,
1970 1207 2074 1234 norat
2099 1199 2195 1233 enim

1200 1259 1316 1285 vetera
1333 1251 1488 1295 exempla
1506 1250 1672 1292 Hesiodi,
1698 1250 1946 1296 Empedoclis,
1969 1250 2090 1292 Arati,
2113 1250 2195 1285 Ma-

1199 1302 1300 1343 nilii,
1334 1302 1470 1336 viderat
1497 1309 1530 1335 ct
1556 1302 1775 1336 luculentum
1802 1306 1923 1347 poema
1954 1314 2075 1336 recens
2097 1300 2195 1335 Pon-

1200 1353 1282 1386 tani.
1338 1353 1457 1395 Quare
1477 1361 1508 1387 et
1524 1353 1593 1386 sibi
1612 1360 1645 1387 et
1670 1354 1801 1397 patriae
1820 1351 2009 1387 honestum
2028 1354 2103 1386 sore
2128 1365 2196 1397 pu-

1200 1404 1304 1444 tavit,
1338 1404 1366 1436 si
1395 1411 1427 1437 et
1454 1404 1527 1448 ipse
1559 1404 1595 1436 in
1622 1405 1780 1439 versibus
1806 1401 2072 1449 Philosophiam
2099 1415 2196 1438 com-

1200 1455 1419 1499 plecteretur.

1302 1522 1437 1556 Habuit
1461 1523 1637 1557 recentior
1662 1530 1754 1556 aetas
1770 1522 1914 1558 poetam
1933 1535 2070 1557 summo
2096 1522 2195 1566 inge-

1199 1574 1259 1606 nio
1279 1572 1477 1606 llutteuum
1490 1601 1498 1614 ,
1527 1575 1587 1618 qui
1606 1575 1672 1607 nisi
1690 1576 1877 1608 immatura
1895 1582 2006 1608 morte
2023 1574 2197 1608 extinctus

1199 1631 1306 1663 esset,
1329 1626 1371 1656 ad
1399 1625 1576 1657 scribendi
1605 1626 1805 1658 facultatem
1833 1626 1911 1669 plus
1937 1625 2147 1659 eruditionis
2163 1631 2198 1658 et

1201 1675 1322 1708 iudicii
1339 1672 1564 1708 adhibiturus
1581 1683 1664 1710 erat.
1692 1676 1902 1721 Sedquauta
1923 1676 1957 1709 iu
1976 1689 2016 1710 eo
2027 1676 2079 1709 vis
2097 1676 2196 1720 inge-

1200 1727 1250 1759 nii
1270 1734 1301 1759 et
1321 1733 1466 1759 naturae
1484 1727 1624 1760 ubertas
1640 1727 1755 1768 fuerit,
1782 1728 1974 1761 ostendunt
1991 1734 2023 1761 et
2041 1727 2076 1760 iu
2095 1727 2196 1760 inve-

1201 1778 1331 1810 niendo
1349 1789 1510 1818 acumen,
1537 1785 1568 1811 et
1586 1778 1621 1811 iu
1639 1778 1847 1823 explicando
1867 1779 2056 1812 verborum
2076 1778 2197 1823 splen-

1201 1830 1266 1862 dor
1283 1836 1315 1862 et
1335 1828 1449 1872 copia.

1303 1895 1488 1929 Praetereo
1505 1896 1696 1940 plurimOS,
1724 1909 1875 1941 quorum
1892 1898 2043 1931 eruditio
2061 1904 2094 1932 et
2111 1898 2196 1943 ipsis

1202 1948 1325 1987 decus,
1353 1954 1385 1980 et
1414 1947 1545 1990 patriae
1573 1947 1730 1990 ingentes
1754 1949 1922 1982 utilitates
1943 1949 2071 1985 attulit.
2126 1949 2195 1984 Sed

1203 1999 1349 2031 facerem
1377 1998 1523 2038 iniuste,
1557 1999 1583 2031 si
1610 2012 1680 2031 nou
1716 1999 1750 2031 in
1775 1997 1838 2033 hac
1862 2001 2197 2034 commemoratione

1204 2050 1346 2082 laudum
1366 2049 1508 2093 patriae,
1525 2050 1774 2094 complecterer
1789 2058 2048 2095 praeceptorem
2066 2063 2197 2091 meum,

1206 2098 1422 2133 loachiinum
1442 2095 1702 2141 Camerarium,
1730 2102 1932 2145 praesertim
1952 2114 2030 2135 cum
2049 2115 2119 2136 non
2139 2115 2197 2136 so-

1204 2151 1275 2184 lum
1299 2151 1373 2184 eius
1391 2152 1526 2189 studia,
1555 2153 1611 2185 sed
1633 2153 1737 2185 etiam
1756 2153 1878 2196 optimi
1899 2164 2012 2185 mores
2037 2154 2196 2198 exemplo

1205 2203 1302 2235 vobis
1327 2215 1398 2235 esse
1421 2203 1583 2236 debeant.
1634 2202 1819 2236 Neminem
1837 2204 1932 2238 euim
1953 2204 2044 2245 vidi,
2075 2205 2197 2250 inquo

1205 2254 1312 2295 magis
1341 2254 1467 2287 luceret
1495 2254 1547 2293 id,
1583 2256 1677 2299 quod
1709 2255 1850 2298 proprie
1876 2262 2021 2288 vocatur
2051 2254 2197 2301 ἡθικὸν,

1206 2303 1270 2337 hoc
1291 2313 1336 2337 est
1350 2331 1358 2345 ,
1389 2306 1561 2350 quaedam
1579 2317 1596 2337 a
1617 2317 1695 2338 vera
1719 2306 1855 2338 ratione
1873 2306 2024 2351 prosecta
2045 2307 2080 2340 iu
2098 2307 2197 2340 omni

1205 2357 1341 2388 artium·
1359 2356 1571 2393 moderatio,
1598 2368 1702 2399 quam
1724 2356 1758 2389 iu
1781 2357 1856 2391 isto.
1909 2357 2071 2403 Cumque
2097 2358 2197 2392 iusti-

1206 2407 1274 2443 cia.
1320 2407 1513 2440 rexereutia
1547 2407 1728 2449 religionis
1764 2415 1797 2442 et
1824 2408 2042 2443 continentia
2069 2408 2195 2442 eximia

1206 2459 1384 2502 praeditus
1400 2459 1455 2496 sit,
1483 2466 1555 2492 tum
1576 2470 1656 2491 vero
1675 2459 1825 2492 maxime
1842 2460 1971 2493 eminet
1990 2460 2024 2493 in
2041 2472 2081 2493 eo
2095 2471 2196 2493 amor

1207 2511 1380 2549 veritatis,
1406 2522 1495 2555 quae
1511 2510 1620 2542 xirtus
1645 2507 1788 2543 homine
1807 2508 2024 2555 Philosopho
2048 2510 2198 2544 maxime

1206 2561 1310 2603 digua
1331 2569 1392 2596 est.
1430 2561 1468 2594 ln
1483 2561 1679 2605 disciplinis
1697 2573 1779 2594 vero
1797 2569 1907 2595 totum
1928 2562 2048 2594 orbem
2067 2562 2195 2595 artium

1206 2613 1468 2656 complectitur,
1495 2625 1598 2645 nemo
1623 2625 1661 2645 ex
1687 2613 1814 2646 nostris
1839 2610 2045 2646 homiuibus
2063 2612 2197 2646 Graece

1206 2665 1343 2697 doctior
1359 2671 1419 2699 est.
1453 2665 1573 2705 Quare,
1589 2663 1663 2708 pari
1682 2663 1844 2697 facultate
1862 2663 1995 2697 Graece
2014 2671 2044 2698 et
2061 2663 2197 2702 Latine,

1206 2727 1343 2749 carmen
1379 2723 1410 2749 et
1443 2715 1592 2748 solutam
1623 2714 1819 2748 orationem
1846 2715 1978 2751 scribit.
2036 2713 2083 2750 Et
2106 2712 2195 2748 hanc
