2338 2958
174 135 224 170 65

176 230 250 256 tum
279 231 353 253 non
372 216 529 251 absolute
543 211 584 260 ³⁵)
608 209 783 254 Theologi
805 211 992 252 videntur,
1017 222 1097 244 cum
1122 210 1164 243 de

179 270 392 317 gravissimis
414 268 519 301 rebus
542 262 707 298 obscoeni
728 259 906 303 homines,
933 261 1073 305 impuro
1093 273 1165 299 ore,

179 323 277 357 nulla
299 319 468 362 religione
492 316 681 358 disputent.
744 309 791 345 Et
815 324 893 346 cum
919 319 1011 345 vetet
1034 310 1166 345 Paulus

179 368 394 418 καπηλεύειν
417 366 527 414 λόγον
551 364 662 404 θεοῦ,
690 375 794 397 nemo
819 362 1061 406 impudentius
1084 373 1166 394 cau-

178 430 332 470 ponatur
350 420 494 452 verbum
516 415 602 456 Dei,
630 426 734 460 quam
752 411 808 454 hi,
837 413 897 458 qui
915 424 993 446 cum
1010 423 1074 445 nec
1088 423 1167 444 rno-

179 475 298 513 ribus,
328 482 392 504 nec
416 467 615 501 eruditione
645 465 747 498 bonis
777 475 812 497 se
841 464 990 507 probare
1020 461 1166 506 possint,

179 525 275 567 vulgi
300 523 474 559 savorem,
500 516 609 561 impia
637 527 812 549 sacrarum
839 514 1019 547 literarum
1040 519 1168 546 tracta-

179 577 276 611 tione
293 576 505 606 emerentur.
543 567 639 611 Quid
657 565 791 599 multa?
817 565 935 597 videas
952 575 1009 597 eos
1025 564 1167 607 adsper-

180 625 256 660 nari
277 624 396 657 literas
410 627 563 659 nostras,
591 617 719 663 quibus
736 627 789 649 res
805 615 918 648 bonae
933 612 1169 658 honestaeque

180 686 318 714 omnes,
345 672 473 717 quibus
490 669 614 714 pietas,
641 667 769 712 quibus
785 677 899 698 mores
919 664 1070 709 publici,
1097 664 1168 697 imo

181 727 310 773 quibus
325 721 486 758 Christus
504 721 576 763 ipse
593 718 710 751 fabula
727 724 788 751 est.
844 716 883 749 ln
901 727 1007 761 qnos,
1035 715 1061 748 si
1079 715 1168 748 bene

180 777 405 812 constitutam
433 771 641 804 haberemus
673 767 963 811 Rcmpublicam‚
1003 777 1076 799 non
1105 776 1170 797 nos

182 828 361 865 oratione,
419 822 477 855 sed
521 820 555 853 vi
598 818 825 862 Magistratus
866 817 1170 850 animadverteret.

182 879 298 923 Quam
317 874 409 908 enim
427 883 563 905 crucem
581 882 654 903 non
671 875 849 902 merentur
866 865 914 908 hi,
941 867 1001 912 qni
1017 873 1054 900 ut
1069 878 1168 910 prae-

180 939 272 964 terea
289 923 381 960 nihil
400 929 552 967 peccent,
570 920 728 963 exemplo
745 931 806 952 suo
824 919 1040 951 iuventutem
1057 930 1074 949 a
1090 917 1169 949 lite·-

181 982 230 1014 ris
260 974 432 1012 avocant?
472 972 572 1015 Quae
603 971 672 1003 nisi
697 971 897 1009 discantur,
932 968 1169 1013 posteritatem

181 1041 301 1065 sumus
318 1024 476 1060 habituri
491 1021 605 1056 nihilo
624 1021 798 1054 saniorem
816 1019 1058 1064 superioribus
1071 1030 1171 1051 secu-

181 1083 243 1122 lis,
272 1090 351 1113 cum
375 1076 554 1109 literarum
577 1071 752 1116 imperitia
776 1083 829 1104 res
852 1081 974 1103 omnes
998 1068 1171 1103 humanas

183 1145 222 1166 ac
247 1129 385 1164 divinas
411 1125 659 1159 labefactasset.
715 1121 813 1165 Quin
836 1121 944 1164 igitur
964 1120 1013 1153 sic
1041 1121 1172 1163 cogita-

184 1193 281 1222 mus,
308 1179 394 1213 olim
424 1188 502 1210 cum
527 1173 729 1218 gravissime
754 1179 973 1205 succenseret
994 1169 1171 1204 Ecclesiae

183 1233 296 1270 Deus,
322 1235 456 1272 ereptas
481 1238 552 1259 esse
576 1225 712 1262 literaS,
741 1229 856 1256 secuta
877 1229 928 1256 est
946 1229 979 1255 et
995 1233 1170 1255 sacrarum

183 1282 333 1317 inscitia.
386 1278 475 1312 Nam
494 1288 573 1310 cum
597 1274 725 1308 nostris
742 1273 857 1306 verbis
881 1273 978 1318 loqui
997 1271 1092 1305 Deus
1109 1284 1173 1305 vo·

184 1333 309 1370 luerit,
335 1332 376 1363 de
394 1339 555 1362 sermone
573 1326 695 1359 divino
719 1326 834 1367 inepte
858 1323 1090 1356 iudicaverint
1105 1323 1172 1355 im-

184 1383 287 1430 periti
304 1381 430 1415 artium
451 1377 602 1411 dicendi.
636 1375 747 1409 Porro
763 1386 852 1419 quae
870 1374 939 1406 illis
956 1373 1172 1417 temporibus

185 1434 330 1470 caecitas
347 1437 480 1464 mentes
496 1426 682 1461 hominum
697 1424 862 1459 tenebat?
888 1421 1068 1458 Christum
1084 1436 1173 1469 quo-

184 1484 391 1530 tusquisque
416 1479 540 1513 norat'?
576 1476 649 1510 Imo
675 1473 814 1509 chartae
831 1475 900 1507 iam
919 1475 1173 1514 obsoleverant,

186 1537 314 1584 quibus
355 1531 627 1566 continebantur
667 1538 774 1561 sacra.
835 1524 1014 1558 Articulos
1048 1524 1172 1558 Parisii

185 1586 404 1623 condebant,
430 1592 517 1626 quos
538 1580 676 1612 interim
697 1577 868 1614 mundus,
896 1583 1063 1620 tanquam
1082 1575 1174 1608 divi-

185 1650 248 1672 nas
264 1637 354 1679 leges
372 1632 554 1666 adorabat:
583 1629 679 1673 pium
697 1625 788 1660 nihil
803 1633 894 1666 erat,
921 1627 987 1659 nisi
1008 1626 1100 1671 quod
1122 1625 1173 1658 illi

187 1687 429 1723 somniassent.
483 1680 526 1715 Et
546 1679 630 1713 belli
650 1676 831 1717 homines,
859 1689 936 1710 cum
958 1677 1075 1710 literas
1094 1677 1174 1709 nul-

186 1743 236 1775 las
260 1742 418 1772 tenerent
443 1733 537 1767 unde
561 1741 681 1774 sapere
706 1729 896 1768 discerent,
924 1728 1054 1761 fatuam
1077 1727 1172 1760 illam

186 1788 398 1834 sophisticen
432 1788 661 1828 pepererunt,
701 1785 960 1823 coeperuntque
992 1778 1100 1811 rixari
1132 1779 1174 1811 de

186 1836 440 1877 commenticiis
463 1834 650 1867 verborum
676 1829 1007 1873 compositionibus,
1039 1841 1082 1861 ne
1103 1841 1173 1861 non

186 1890 502 1927 rhetoricarentur,
531 1884 615 1929 quid
643 1881 779 1914 intersit
805 1881 896 1914 inter
915 1877 1016 1920 haec,
1044 1879 1173 1924 Papam

187 1943 280 1981 vidi,
314 1947 347 1973 et
376 1937 446 1970 xidi
475 1935 617 1979 Papam.
671 1930 842 1976 Extatque
873 1928 979 1963 hodie
1008 1930 1175 1963 articulus

187 1989 413 2029 parisiensis,
441 1985 514 2029 Ego
533 1983 661 2022 currit,
689 1983 778 2015 male
794 1982 918 2015 Latine
935 1981 1024 2019 dici,
1053 1979 1175 2014 haere-

189 2046 296 2078 ticum
330 2052 419 2080 esse,
462 2035 620 2083 quisquis
645 2033 856 2067 dissenserit.
916 2031 1027 2065 Satiu’
1052 2033 1175 2064 viden-

188 2103 246 2129 tur
278 2093 371 2126 ultae
405 2087 654 2122 contumeliam
693 2085 812 2117 literae
850 2083 1049 2126 neglectae?
1086 2083 1175 2125 Quis

190 2146 282 2179 euim
307 2143 420 2176 credat
445 2139 625 2172 cerebrum
649 2135 754 2168 fuisse.
776 2135 898 2167 talium
925 2146 1095 2175 nugarum
1114 2146 1173 2166 au-

190 2194 369 2230 ctoribus?
418 2189 510 2223 llaec
535 2201 615 2221 xero
650 2186 827 2219 calamitas
853 2197 976 2227 magna
1010 2197 1047 2217 ex
1080 2192 1175 2228 parte

190 2248 370 2281 literarum
390 2241 545 2274 inst-iliae
561 2239 764 2282 imputanda
782 2245 849 2275 est,
878 2248 948 2268 nnn
969 2236 1061 2267 enim
1081 2243 1176 2279 pate..

190 2300 275 2331 luunt
300 2307 411 2329 sacra,
439 2300 604 2335 tauquam
631 2288 816 2321 interclusa
837 2286 996 2327 virgultis
1017 2298 1053 2318 nc
1079 2288 1174 2319 fron-

189 2349 311 2381 dibus,
340 2345 432 2376 unde
451 2341 574 2373 meutis
593 2347 680 2372 recte
703 2339 916 2370 erudiendae
933 2337 1020 2370 ratio
1045 2345 1175 2380 petere-

191 2408 265 2434 tur,
295 2395 559 2436 negligo-bantur
582 2397 614 2423 et
634 2389 754 2421 diserti
779 2389 984 2432 scriptores,
1014 2389 1072 2432 qni
1103 2401 1176 2420 mo-

190 2458 308 2482 ,ΙΝ-,Ἧι
330 2445 491 2478 ltumana.
546 2444 688 2484 Quanto
707 2439 924 2473 tolerabilius
942 2439 1052 2471 suerat
1071 2440 1175 2483 pesti—

192 2502 285 2533 litat·-
303 2505 356 2529 aut
378 2506 536 2527 niuniu-e
554 2492 694 2524 caritate
714 2491 812 2533 plecti
835 2489 1043 2528 Ecclesiam,
1071 2503 1175 2533 quain

191 2560 284 2585 tauta
305 2547 480 2581 anu-uti..)
513 2543 687 2584 Plan-'que
707 2538 792 2573 milti
813 2542 1016 2583 persuadeo,
1044 2550 1175 2573 certum

190 2614 261 2634 esse
278 2599 418 2632 dixin-se
437 2600 504 2628 irae
520 2594 728 2636 exemplum,
746 2591 770 2623 si
790 2594 930 2636 quaudo
948 2593 1080 2624 rnuttdn
1101 2592 1177 2624 lile-

223 2714 248 2744 ἢ
270 2709 408 2736 amulum?

667 125 824 163 DECL.
856 123 931 160 DE
964 121 1235 160 ENCOMlO
1267 121 1712 168 ELOQUENTIAE.

2155 125 2205 161 64

1217 220 1276 242 rae
1301 208 1514 253 eripiuntur.
1566 207 1655 242 Nam
1678 209 1825 254 reliquis
1848 209 1972 254 poenis
1995 209 2046 255 pii
2068 221 2210 257 quoque

1218 272 1291 292 non
1309 271 1389 293 raro
1408 259 1634 292 mulctantur.
1686 260 1734 294 At
1749 261 1930 294 literarum
1947 260 2122 295 inscitiam
2139 272 2209 306 pu-

1219 310 1308 343 blica
1325 310 1512 343 comitatur
1531 309 1702 353 impietaS.
1752 310 1873 355 Nuper
1890 323 1972 344 vero
1995 323 2074 345 cum
2097 311 2211 357 respi-

1219 372 1294 393 cere
1320 361 1468 394 asflictos
1491 360 1618 394 iterum
1647 360 1814 404 coepisset
1832 361 1986 405 optimus
2006 360 2129 403 Pater,
2155 374 2209 396 es-

1219 417 1338 455 setque
1354 411 1556 444 redditurus
1572 410 1677 444 nobis
1692 409 1936 455 Evangelium,
1961 423 2024 456 pro
2041 424 2102 446 sua
2119 413 2210 447 libe-

1219 460 1355 495 ralitate
1371 468 1404 495 et
1422 462 1540 495 literas
1555 461 1717 502 restituit,
1740 462 1869 506 quibus
1883 460 2068 505 Evangelii
2083 469 2209 497 tracta-

1221 512 1269 546 tio
1292 513 1531 546 adiuvaretur.
1592 511 1663 545 Nec
1686 512 1797 554 magis
1817 525 1949 546 novum
1970 513 2083 546 videri
2105 514 2210 548 debet

1221 564 1353 596 ‹lonum
1370 563 1569 605 linguarum
1589 560 1769 607 Apostolis
1785 563 1969 604 collatum,
1991 575 2095 608 quam
2113 565 2209 609 quod

1222 611 1286 646 hae
1313 626 1331 646 a
1356 620 1453 647 tanto
1479 613 1640 658 squalore
1669 619 1846 657 receptae,
1879 625 1920 646 ex
1951 614 2104 648 tenebris
2132 615 2210 659 plus

1223 676 1326 708 quam
1350 664 1509 698 tartareis
1530 664 1567 696 in
1590 664 1703 697 lucem
1728 670 1909 697 revocatae
1933 671 2025 700 suut.
2076 664 2149 698 Nec
2172 665 2210 698 in

1222 716 1370 747 obscuro
1396 721 1464 755 est,
1492 714 1595 747 bonis
1618 715 1828 759 quibusdam
1847 714 1933 748 viris
1955 715 2085 749 auxilio
2103 715 2210 749 fuisse

1225 765 1404 798 literarum
1441 765 1640 806 scientiam,
1682 765 1719 798 in
1754 763 1950 809 Theologia
1984 765 2210 800 restituenda.

1224 815 1381 848 Primum
1401 816 1516 861 itaque
1532 815 1748 859 ingratitudo
1764 816 1888 856 fuerit,
1913 816 2058 850 coeleste
2075 817 2210 864 donum

1222 866 1445 910 adspernari,
1472 867 1601 899 deinde
1621 878 1701 899 cum
1716 867 1885 899 beneficio
1906 866 2086 900 literarum
2110 867 2211 901 resti-

1223 923 1295 950 tuta
1315 917 1384 950 sint
1399 927 1516 957 sacra,
1543 917 1644 960 impii
1663 917 1784 956 simus,
1812 917 1841 949 si
1857 917 1992 950 nullam
2010 915 2136 951 harum
2154 930 2211 951 ra-

1223 968 1354 1000 tionem
1385 965 1589 1007 habeamus,
1617 967 1692 999 sine
1720 967 1848 1012 quibus
1872 975 1963 1001 stare
1993 979 2047 1002 res
2072 965 2213 1002 theolo-

1223 1019 1296 1061 gica
1327 1030 1400 1051 non
1430 1025 1552 1061 potest.
1609 1015 1655 1051 Et
1682 1025 1721 1051 ut
1749 1018 1868 1062 paucis
1900 1030 2089 1062 exponam,
2123 1019 2211 1064 quid

1224 1069 1373 1102 iudicem
1395 1069 1436 1101 ad
1466 1080 1641 1102 sacrarum
1658 1068 1838 1102 literarum
1860 1069 2101 1102 tractationem
2124 1081 2211 1103 con-

1223 1121 1312 1152 ferre
1339 1119 1539 1161 linguarum
1573 1119 1772 1158 scientiam,
1807 1131 1879 1153 non
1911 1131 1989 1153 sum
2021 1119 2059 1153 in
2086 1132 2126 1154 eo
2155 1132 2212 1154 er-

1224 1182 1322 1210 rore,
1360 1177 1398 1203 ut
1430 1167 1577 1203 humani
1611 1170 1744 1213 ingenii
1774 1169 1946 1204 industria
1978 1181 2074 1204 sacra
2106 1182 2213 1215 pene-

1225 1221 1307 1254 trari
1331 1227 1491 1255 statuam.
1553 1219 1645 1254 Sunt
1672 1221 1709 1253 in
1736 1220 1858 1261 sacris,
1891 1232 1980 1266 quae
2008 1221 2077 1254 nisi
2108 1234 2213 1255 mon-

1224 1278 1354 1305 strante
1373 1270 1448 1304 Deo
1472 1283 1576 1304 nemo
1600 1283 1756 1316 unquam
1779 1278 1914 1305 cernat:
1942 1283 2006 1305 nec
2024 1272 2214 1307 innotescit

1225 1323 1326 1355 nobis
1343 1320 1522 1362 Christus,
1550 1321 1619 1354 nisi
1636 1323 1757 1356 doceat
1773 1322 1926 1366 Spiritus
1951 1329 2101 1356 sanctus.
2154 1323 2214 1357 Sic

1225 1373 1317 1405 enim
1327 1370 1490 1405 Christus
1507 1372 1580 1415 ipse
1597 1372 1727 1417 inquit,
1742 1385 1760 1405 a
1777 1373 1903 1416 spiritu
1919 1384 1954 1405 se
1970 1370 2215 1418 δοξασθῆναι.

1227 1422 1356 1456 Verum
1382 1428 1518 1467 praeter
1541 1419 1779 1466 prophetiam,
1807 1423 1859 1456 vis
1875 1423 2064 1457 verborum
2082 1435 2214 1468 cogno-

1225 1474 1350 1506 scenda
1375 1480 1444 1513 est,
1476 1473 1513 1505 in
1537 1474 1667 1517 quibus
1691 1480 1858 1518 tanquam
1887 1473 1925 1506 in
1949 1474 2101 1507 sacrario
2122 1487 2213 1520 quo-

1225 1525 1318 1564 dam,
1345 1524 1466 1556 divina
1484 1523 1646 1568 mysteria
1665 1523 1844 1557 recondita
1861 1530 1953 1557 sunt.
2003 1523 2099 1567 Quid
2117 1525 2213 1558 enim

1225 1575 1341 1607 sinon
1367 1574 1542 1608 intellecta
1566 1574 1672 1607 verba
1695 1575 1829 1618 magico
1854 1587 1951 1608 more
1977 1576 2214 1619 pronuncies?

1225 1637 1344 1658 nonne
1369 1626 1476 1658 surdo
1500 1624 1679 1657 fabulam?
1732 1625 1776 1658 At
1801 1626 1844 1658 de
1870 1637 2032 1659 sermone
2057 1626 2212 1660 iudicare

1225 1688 1327 1709 nemo
1350 1683 1440 1709 recte
1465 1675 1613 1719 poterit,
1641 1675 1708 1707 nisi
1732 1676 1790 1720 qui
1817 1683 1908 1710 recte
1924 1676 2082 1710 discendi
2103 1677 2212 1711 ratio-

1225 1739 1304 1759 nem
1323 1726 1557 1770 perdidicerit.
1613 1726 1710 1768 Quid
1735 1727 1827 1759 enim
1846 1727 1954 1770 magis
1977 1728 2133 1771 proclive
2150 1736 2212 1769 est,

1225 1789 1328 1822 quam
1348 1778 1455 1809 verbo
1473 1776 1591 1821 aliquo
1608 1783 1667 1809 aut
1682 1775 1856 1811 schemate
1873 1778 1972 1810 salli'?
1998 1777 2118 1822 'Nuper
2132 1779 2212 1824 qui-

1225 1831 1303 1860 dam
1331 1839 1369 1860 ex
1391 1826 1567 1871 Magistris
1592 1827 1738 1867 nostris,
1766 1840 1843 1860 cum
1866 1836 2042 1862 enarraret
2069 1841 2107 1862 ea
2123 1841 2212 1874 quae

1226 1880 1268 1911 de
1290 1875 1523 1911 Melchisedec
1546 1878 1581 1910 in
1605 1878 1736 1911 Genesi
1759 1879 1898 1922 prodita
1921 1886 2018 1913 sunt:
2053 1880 2129 1913 Rex
2147 1880 2210 1914 Sa-

1227 1930 1292 1962 lem
1312 1941 1436 1973 panem
1456 1941 1493 1961 ac
1513 1929 1634 1961 vinum
1653 1923 1801 1968 obtulit,
1831 1941 1901 1962 non
1920 1930 2213 1969 animadvertens,

1225 1980 1340 2013 Salem
1368 1979 1432 2012 loci
1461 1992 1589 2012 nomen
1614 1991 1704 2017 esse,
1739 1980 1848 2013 multa
1871 1982 1913 2013 de
1934 1981 2152 2015 condimenti
2178 1981 2213 2014 vi

1226 2043 1263 2063 ac
1287 2037 1410 2063 natura
1433 2031 1612 2063 disseruit:
1641 2030 1807 2074 imposuit
1825 2031 1918 2063 enim
1943 2031 2038 2064 bono
2057 2031 2133 2064 xiro
2152 2045 2213 2066 vo-

1226 2094 1302 2114 cum
1321 2081 1482 2116 affinitas,
1528 2081 1615 2114 Nam
1635 2081 1838 2114 oscitantius
1852 2081 1970 2114 onmia
1991 2082 2124 2125 legunt,
2150 2083 2212 2128 qui

1228 2132 1407 2173 ingo-nium
1434 2131 1573 2165 dicendi
1599 2131 1733 2165 artibus
1758 2144 1829 2164 non
1854 2144 2050 2166 exercuere.
2103 2131 2213 2167 Dece-

1228 2190 1351 2227 perunt
1376 2190 1407 2216 et
1433 2183 1587 2216 eruditos
1614 2183 1760 2225 figurae,
1787 2183 1874 2216 adeo
1897 2183 1994 2216 nulla
2013 2184 2212 2218 exercitatio

1227 2234 1364 2266 dicendi
1386 2246 1423 2266 ar
1441 2233 1616 2266 scribendi
1638 2234 1719 2266 satis
1735 2241 1853 2266 cantos
1869 2234 1959 2269 facit.
2014 2234 2214 2278 luten-oga-

1228 2286 1283 2317 bat
1303 2297 1355 2317 me
1374 2285 1508 2328 pridem
1526 2285 1648 2317 doctus
1664 2284 1836 2328 quispiam
1853 2281 1978 2323 bomo,
2005 2286 2127 2330 ecquid
2144 2285 2211 2319 sibi

1228 2336 1330 2369 wellet
1364 2335 1492 2368 l‘aulns
1523 2347 1600 2368 rum
1632 2335 1746 2379 iuquit
1778 2336 1811 2368 in
1841 2335 1986 2379 epistola
2018 2338 2059 2368 ad
2087 2335 2211 2369 Timo-

1229 2384 1362 2419 {ln-nm:
1400 2387 1564 2419 Salvatur
1589 2386 1715 2418 mulier
1743 2399 1802 2428 per
1831 2387 1983 2419 filiorum
2015 2387 2211 2429 generatio-

1228 2450 1324 2472 nem.
1350 2438 1375 2469 si
1395 2438 1428 2469 in
1448 2437 1512 2470 lide
1539 2437 1791 2480 permanserint
1819 2436 1918 2482 (nam
1936 2436 2060 2469 Graeci
2084 2437 2212 2481 plurali

1229 2501 1375 2520 nunwrn
1394 2489 1537 2520 verbum
1562 2488 1744 2529 extulere).
1778 2486 1851 2529 Ego
1866 2500 1943 2521 cum
1960 2500 2031 2520 nnn
2049 2485 2212 2521 haberem

1228 2540 1320 2583 quud
1358 2546 1436 2582 apte
1470 2539 1672 2582 responderi
1711 2540 1905 2574 xideretur.
1944 2539 2214 2573 commentarios

1228 2591 1382 2622 consuto.
1437 2587 1525 2622 Erre
1556 2590 1654 2622 umis
1676 2587 1966 2635 Chrysnstrunum
1993 2602 2096 2634 quam
2125 2590 2214 2623 helle

1202 2643 1203 2650 ¹
1230 2649 1379 2681 nugatur
1403 2653 1480 2673 cum
1508 2641 1652 2673 xerlmm
1676 2639 1827 2682 μιίνωσι
1853 2641 1894 2673 ad
1922 2640 2077 2672 sobolem
2099 2641 2210 2674 refert.

1202 2725 1205 2734 k
1229 2693 1333 2732 Quod
1365 2704 1468 2736 quam
1504 2704 1574 2723 non
1608 2691 1792 2725 conueniat
1818 2691 2008 2724 sententiae
2034 2690 2213 2727 Paulinae.
