2338 2958
220 134 292 169 127

221 220 379 261 bernari,
411 230 515 265 quam
539 215 614 252 hos.
666 213 714 248 Et
738 220 857 247 tamen
879 213 917 246 in
937 210 1075 246 scholas
1099 217 1205 257 quot-

221 280 306 318 quot
323 273 396 305 fere
412 270 621 308 mittuntur,
647 264 816 310 pessimos
839 275 975 305 mores,
1001 263 1206 307 turpissima

222 323 378 367 exempla
401 321 583 357 adserunt,
617 324 656 351 ut
677 315 873 360 refingendi
897 315 969 348 sint
991 315 1033 347 de
1055 314 1207 357 integro.

223 373 285 409 Est
310 380 424 407 autem
454 368 652 409 difficilius,
686 379 792 412 prava
819 378 907 412 quae
933 365 1040 399 semel
1068 365 1209 397 insede-

222 432 327 463 runt,
353 423 542 459 dedocere,
568 431 672 464 quam
688 425 781 452 recta
800 419 935 452 docere.
989 415 1095 450 Scitis
1110 415 1205 448 enim

222 476 393 510 musicum
435 471 536 505 illum
571 470 710 514 gemina
745 469 904 502 mercede
933 467 1112 505 docuisse,
1147 466 1209 511 qui

223 533 302 561 ante
318 526 383 558 sul)
399 523 478 557 aliis
497 521 670 566 magistris
683 520 775 553 male
792 519 974 553 assuefacti
990 523 1100 552 erant.
1136 516 1210 550 Pu-

223 588 370 622 gnamus
395 585 476 618 ergo
498 585 577 607 cum
609 571 760 615 ingeniis
783 569 1000 615 puerilibus,
1035 580 1124 614 quae
1148 579 1210 612 per

222 640 294 662 sese
315 625 529 660 ferocissima
548 631 649 662 sunt,
677 621 880 667 praesertim
900 621 938 653 in
957 618 1147 653 Germanis
1177 625 1211 652 et

222 678 412 713 domestico
435 688 501 710 usu
526 680 703 718 corrupto.
767 672 894 705 Videte
919 671 1013 704 enim
1038 670 1123 704 istos
1145 670 1210 703 bo-

222 742 287 764 nos
309 735 489 775 parentes,
517 737 668 771 quornm
694 723 798 757 multi
825 735 860 756 se
884 721 1117 765 Evangelicos
1147 733 1211 753 vo-

223 789 323 822 cant,
350 791 430 814 cum
449 779 485 812 in
504 789 541 810 ea
559 782 668 810 aetate
684 775 796 819 prima
818 785 890 807 esse
908 773 1101 807 tradendae
1127 771 1213 805 reli-

224 832 339 877 gionis
365 842 446 863 cura
473 829 614 869 debeat,
641 824 678 859 hi
706 837 751 858 ne
775 825 918 870 quidem
944 835 1057 857 sacras
1083 834 1213 868 preces,

223 883 438 925 Decalogum
458 886 490 913 et
512 877 578 912 hoe
601 888 709 922 genus
725 876 792 909 alia
810 876 907 909 domi
927 876 1074 919 docent,
1101 874 1212 919 pleri-

225 946 293 981 que
310 938 468 978 parentes
484 935 724 973 contemptum
742 926 923 971 religionis
940 927 1078 960 docent.
1121 924 1213 958 Tam

225 991 430 1029 corruptum
450 979 516 1015 hoc
533 991 694 1014 nostrum
711 979 867 1012 seculum
885 984 953 1019 est,
979 984 1020 1011 ut
1042 977 1117 1010 iure
1131 987 1214 1021 pos—

226 1037 272 1071 sis
290 1036 424 1073 dicere,
452 1033 636 1077 deceptum
662 1042 734 1063 esse
754 1029 973 1075 Satyricum‚
1003 1040 1083 1062 cum
1107 1027 1212 1061 dixit:

272 1106 324 1138 Nil
341 1107 394 1135 erit
410 1105 533 1133 ulterius
551 1102 633 1144 quod
647 1102 754 1130 nostris
770 1101 904 1130 moribus
921 1099 1008 1128 addat

277 1158 448 1189 Posteritas.

279 1209 380 1240 Omne
398 1210 429 1237 in
445 1205 599 1246 praecipiti
614 1204 722 1233 vitium
739 1204 828 1232 stetit.

226 1290 348 1335 Neque
379 1287 472 1321 enim
507 1285 578 1318 dici
614 1291 728 1328 potest
761 1289 892 1328 quanta
928 1280 1079 1315 accessio
1108 1278 1216 1312 scele-

229 1354 307 1377 rum
333 1338 448 1373 omnis
471 1335 626 1378 generis,
659 1345 773 1378 nuper
803 1335 889 1366 adeo
919 1334 962 1365 ad
990 1338 1106 1364 vetera
1132 1329 1215 1363 vitia

227 1395 317 1428 facta
341 1390 396 1423 sit.
449 1385 650 1421 Domestica
673 1384 861 1427 disciplina
886 1383 1015 1427 periit,
1050 1392 1139 1425 quae
1163 1386 1217 1413 ta-

230 1456 310 1478 men
337 1439 439 1475 nobis
470 1437 590 1482 pueris
617 1443 689 1469 erat
713 1434 914 1468 mediocris.
976 1432 1107 1474 Magna
1133 1430 1217 1464 dili-

230 1494 346 1541 gentia
364 1489 460 1524 domi
479 1488 711 1522 tradebantur
730 1486 902 1518 elementa
926 1483 1077 1528 pietatiS.
1115 1481 1218 1515 Nunc

230 1547 298 1581 alia
314 1556 368 1578 res
387 1549 458 1583 est,
486 1539 647 1572 ridentur
663 1548 758 1570 sacra
770 1561 779 1575 ‚
811 1547 957 1580 eamque
973 1545 1146 1567 summam
1163 1543 1218 1565 sa-

231 1595 399 1644 pientiam
430 1592 576 1624 ducunt.
637 1586 682 1621 Et
704 1588 785 1632 quia
809 1585 875 1619 Dei
901 1592 1014 1619 metus
1040 1590 1219 1627 exemptus

232 1655 282 1684 est
298 1644 424 1680 animis
441 1652 629 1687 puerorum
642 1666 650 1679 ,
668 1639 784 1672 ruitur
801 1638 837 1670 in
856 1637 975 1670 omnia
995 1636 1078 1669 vitia
1090 1662 1099 1675 ,
1126 1647 1216 1678 quo-

233 1711 311 1734 rnm
337 1708 398 1739 ego
425 1694 494 1726 iam
519 1690 773 1724 memoratione
803 1701 875 1722 non
903 1688 1067 1722 delector.
1128 1685 1219 1719 Pro-

235 1751 316 1785 inde
342 1759 420 1780 cum
446 1745 482 1777 in
510 1740 663 1776 scholam
684 1747 828 1774 ventum
846 1747 913 1781 est,
936 1750 1075 1772 necesse
1092 1744 1143 1771 est
1161 1748 1221 1769 su-

234 1802 283 1836 mi
308 1801 344 1833 in
367 1795 537 1831 docendis
561 1793 684 1837 primis
711 1791 849 1836 pietatis
872 1789 1122 1836 gymnasmatis
1138 1799 1221 1831 ope-

237 1865 321 1887 ram.
351 1849 419 1884 Sed
430 1846 515 1892 quid
529 1845 702 1879 discerent
719 1843 839 1876 infecti
856 1849 936 1876 ante
954 1841 1072 1885 impiis
1083 1839 1223 1883 opinio-

238 1901 367 1938 nibus'?
419 1898 489 1933 Sed
517 1903 556 1930 ut
588 1894 814 1928 mediocriter
837 1893 1017 1933 succedat,
1043 1899 1159 1925 tamen
1186 1889 1222 1922 in

238 1954 352 1989 officio
375 1950 525 1985 retinere
549 1953 700 1992 quantus
724 1945 824 1978 labor
841 1944 915 1978 est?
943 1943 1039 1977 (lomi
1062 1942 1224 1978 retinere,

238 2017 354 2041 arcere.
379 2016 396 2035 a
423 1999 599 2043 corruptis
624 1997 824 2037 sodalibus,
857 2008 875 2029 a
900 1995 1038 2037 ganeis,
1074 1994 1118 2027 ab
1141 1992 1226 2032 alea,

239 2066 269 2091 et
287 2053 432 2099 reliquis
449 2049 648 2084 similibus?
700 2047 777 2080 Hoc
795 2047 855 2092 qui
879 2053 1011 2091 potest,
1036 2045 1137 2077 illum
1163 2054 1225 2085 ego

242 2121 313 2142 non
331 2105 530 2141 hominem,
558 2101 616 2133 sed
635 2099 738 2143 plane
755 2097 868 2131 Deum
886 2098 1062 2142 quendam
1081 2095 1226 2129 coelitus

243 2161 277 2193 in
296 2166 404 2190 terras
421 2153 580 2199 publicae
598 2151 720 2184 salutis
739 2161 841 2183 causa
857 2149 1038 2192 delapsum
1056 2158 1128 2180 esse
1146 2158 1228 2190 pro-

522 2203 624 2237 Mille
643 2209 732 2235 artes
750 2201 946 2243 excogitant
963 2198 1062 2243 pueri
1082 2196 1226 2231 fallendi

243 2257 488 2307 praeceptoris·
543 2253 587 2287 Et
607 2254 642 2286 in
660 2252 823 2298 pluribus
844 2258 962 2286 tantus
980 2251 1079 2283 furor
1097 2255 1165 2288 est,
1190 2254 1228 2281 ut

246 2313 357 2357 palam
379 2312 605 2341 contemnant
624 2304 822 2348 imperium.
876 2302 969 2344 Quia
988 2301 1081 2334 enim
1106 2313 1123 2332 a
1149 2300 1228 2332 lite-

245 2365 292 2398 τὶς
317 2367 502 2407 perpetuae
525 2356 630 2389 feriae
655 2362 754 2394 sunt,
789 2353 907 2387 ocium
933 2359 965 2385 et
990 2354 1092 2386 docet
1118 2357 1150 2385 et
1167 2350 1229 2383 alit

246 2414 342 2448 vitia.
397 2409 454 2443 Est
475 2409 567 2441 enim
593 2407 774 2439 verissima
797 2404 988 2440 sententia,
1014 2414 1119 2448 qnam
1146 2401 1228 2434 reli-

245 2465 318 2511 quit
337 2463 499 2506 scriptam
514 2458 711 2491 Columella
738 2457 773 2489 in
796 2455 989 2500 praeceptis
1009 2465 1098 2499 quae
1121 2452 1229 2497 patri-

247 2515 395 2550 familias
421 2509 644 2556 praesrribit.
700 2507 756 2541 Nil
776 2508 911 2548 ageiido
932 2506 1025 2543 fieri,
1052 2511 1090 2538 nt
1113 2501 1229 2537 liomi-

248 2579 309 2601 nes
326 2566 413 2598 male
438 2575 535 2602 agere
562 2561 710 2592 discant.
766 2557 836 2590 lam
857 2558 915 2590 ιιΙιί
936 2559 1041 2589 domo
1060 2563 1229 2600 tanquam

247 2633 264 2653 e
286 2628 422 2651 carcere.
458 2612 612 2646 refractis
648 2609 821 2655 repagulis
856 2609 983 2649 sugerit
1018 2607 1230 2645 adolescens,

243 2224 288 2244 ῐιιι
297 2209 468 2241 netas-vro.

647 126 808 164 DECL.
858 124 934 161 DE
973 122 1246 160 MISERIIS
1281 120 1808 159 PAEDAGOGORUM.

2175 123 2246 160 128

1256 210 1342 244 dicit
1364 211 1408 243 de
1432 210 1526 251 filio,
1554 210 1675 243 eadem
1699 216 1960 254 praeceptorem
1975 208 2166 243 sollicitum
2184 206 2250 243 ha-

1256 262 1361 302 bent,
1388 273 1432 294 ne
1448 261 1509 294 ille
1526 261 1662 305 uspiam
1681 261 1866 302 ceciderit,
1884 266 1944 294 aut
1960 260 2166 305 perfregerit
2182 260 2249 294 ali-

1258 313 1362 358 quid,
1398 319 1459 346 aut
1483 312 1614 344 vulnus
1638 312 1830 356 acceperit,
1859 318 1893 345 et
1919 309 1988 345 hoc
2021 322 2129 355 genus
2164 311 2248 345 alia:

1258 375 1367 409 quare
1392 363 1462 396 iam
1479 363 1607 407 cogitat
1629 362 1698 396 sibi
1713 374 1846 396 summa
1864 362 1900 395 vi
1918 363 2151 397 coercendum
2177 373 2250 396 esse

1259 414 1483 458 discipulum.
1536 411 1679 447 Etcum
1698 410 1866 447 hactenus
1889 426 1907 447 a
1934 413 2046 458 plagis
2067 413 2250 447 abstinue-

1259 465 1327 507 rit,
1355 463 1413 499 hic
1435 466 1579 499 demum
1604 465 1648 498 ad
1672 464 1888 498 ferocitatem
1902 464 2140 508 castigandam
2166 476 2251 509 pro-

1260 523 1408 550 muntur
1437 516 1567 560 virgae.
1627 515 1717 549 Nam
1750 515 1863 549 nostri
1894 513 2056 549 homines
2086 527 2160 549 non
2181 515 2252 548 nisi

1260 567 1372 612 plagis
1388 568 1496 601 coacti
1509 595 1518 609 ,
1542 567 1633 601 sicut
1651 567 1694 599 de
1713 563 1914 612 Phrygibus
1930 566 1967 600 in
1983 566 2172 611 proverbio
2190 572 2252 607 est,

1262 619 1431 662 imperata
1448 619 1593 652 faciunt.
1647 616 1716 651 Hic
1741 617 1801 650 ille
1825 617 1932 650 miser
1954 629 2058 662 supra
2085 624 2138 651 tot
2160 617 2253 650 mala

1261 670 1501 704 carnificinam
1533 669 1670 713 cogitur
1696 680 1876 709 exercere,
1910 679 1985 702 rem
2005 668 2253 706 miserrimam,

1262 733 1422 766 quaeque
1448 721 1502 753 vel
1529 721 1565 753 in
1588 719 1712 765 primis
1737 726 1859 753 noceat
1879 719 2075 753 valetudini
2102 726 2254 754 nostrae.

1262 771 1374 805 Nemo
1397 771 1490 804 enim
1515 778 1584 805 tam
1603 768 1755 815 ἀπαθὴς
1773 778 1824 805 est
1841 777 2066 815 praeceptor,
2094 771 2183 816 quin
2214 782 2254 803 ex

1264 822 1485 856 contumacia
1511 822 1787 856 adolescentium
1817 828 2097 863 commoveatur,
2131 833 2255 867 quem-

1264 885 1332 919 que
1351 885 1426 907 non
1443 874 1624 917 perturbet
1641 874 1680 906 in
1696 873 1916 907 verberando
1935 873 2088 917 impetus
2100 875 2115 906 ?
2155 871 2256 916 Quid

1264 925 1334 958 iam
1363 925 1406 957 de
1427 936 1508 957 cura
1533 923 1746 958 valetudinis
1777 936 1969 968 puerorum
1993 924 2136 957 dicam?
2169 923 2257 968 quid

1264 977 1308 1009 de
1333 976 1533 1020 sumptibus
1563 974 1815 1008 moderandis?
1870 974 1957 1020 quid
1984 975 2028 1008 de
2057 974 2258 1009 rationibus

1265 1033 1471 1071 sumptuum
1487 1025 1746 1070 perscribendis
1758 1027 1773 1058 ?
1801 1037 1907 1071 quae,
1924 1037 1969 1060 ne
1984 1026 2092 1059 nimis
2111 1026 2258 1069 longum

1265 1078 1408 1118 faciam,
1436 1089 1541 1121 cogor
1558 1077 1733 1111 omittere.
1786 1074 1932 1111 Etenim

1317 1140 1388 1171 Non
1404 1141 1480 1170 mihi
1496 1142 1521 1170 si
1540 1147 1660 1170 centum
1678 1141 1797 1179 linguae
1816 1141 1874 1169 siut
1890 1150 2000 1180 oraque
2018 1146 2149 1177 centum,

1319 1191 1433 1223 Omnia
1449 1203 1587 1222 curarum
1604 1203 1775 1232 percurrere
1790 1194 1914 1220 nomina
1929 1193 2053 1231 possim.

1267 1255 1458 1301 Postquam
1499 1255 1736 1301 praeceptoris
1772 1255 1909 1289 labores
1946 1254 2125 1296 recensui,
2165 1267 2260 1289 nunc

1268 1308 1383 1341 videte
1403 1318 1493 1352 quae
1511 1306 1664 1340 vicissim
1686 1318 1750 1350 pro
1769 1303 1824 1340 his
1843 1314 1916 1340 tum
1934 1318 2066 1340 merces
2084 1313 2157 1340 tum
2181 1317 2261 1350 gra-

1269 1358 1317 1392 tia
1348 1359 1477 1392 redeat.
1540 1356 1637 1390 Haec
1670 1369 1753 1390 vero
1788 1364 1839 1391 est
1862 1358 1992 1401 tragica
2022 1354 2260 1401 catastrophe:

1268 1408 1451 1453 superiora
1485 1408 1605 1441 omnia
1642 1408 1766 1441 ludum
1802 1415 1835 1442 et
1871 1407 1988 1441 iocum
2016 1408 2111 1441 dices
2144 1407 2263 1449 fuisse,

1270 1466 1376 1504 prout
1410 1457 1496 1492 haec
1527 1458 1618 1492 mala
1649 1465 1732 1492 sunt
1754 1470 1843 1504 quae
1878 1466 2011 1494 restant
2044 1471 2262 1493 commemo-

1271 1511 1393 1543 randa.

1372 1567 1534 1602 Primum
1557 1579 1690 1602 merces
1713 1568 1800 1601 adeo
1820 1574 1870 1602 est
1890 1568 2035 1613 exigua,
2061 1575 2100 1603 ut
2123 1567 2262 1615 Satyri-

1271 1632 1332 1654 cus
1347 1632 1385 1653 ea
1405 1621 1449 1653 de
1467 1631 1504 1652 re
1519 1626 1662 1664 questus
1677 1619 1872 1664 scripserit:

1321 1681 1474 1713 Poenituit
1492 1684 1602 1712 multos
1617 1693 1710 1712 ranae
1732 1684 1901 1722 sterilisque
1917 1683 2084 1712 cathedrae.

1275 1737 1353 1772 lure
1366 1738 1521 1771 sterilem
1540 1735 1742 1771 cathedram
1759 1738 1862 1771 dixit:
1890 1750 1972 1771 nam
1998 1739 2165 1772 fossorem
2183 1740 2264 1784 plu-

1272 1790 1321 1824 ris
1339 1801 1444 1834 quam
1462 1796 1722 1833 praeceptorem
1740 1790 1957 1824 conducunt.
2014 1789 2053 1822 ln
2079 1788 2132 1823 his
2157 1790 2265 1823 mise-

1273 1841 1334 1874 riis
1350 1840 1523 1883 algemus,
1551 1840 1704 1873 vivimus
1721 1840 1860 1885 siliquis
1877 1847 1908 1873 et
1927 1852 2016 1883 pane
2034 1842 2188 1874 secundo
2200 1869 2208 1880 ,
2230 1850 2265 1876 et

1274 1892 1332 1925 xix
1352 1903 1415 1924 nos
1433 1903 1450 1923 a
1471 1891 1562 1924 fame
1580 1891 1813 1924 defendimus.
1870 1890 2008 1925 Videtis
2032 1892 2125 1924 euim
2151 1904 2263 1925 meam

1274 1942 1440 1979 maciem,
1468 1941 1592 1975 videtis
1610 1948 1648 1975 ut
1664 1942 1756 1975 lacer
1772 1941 1944 1980 incedam,
1973 1954 2061 1988 quae
2078 1943 2105 1976 si
2123 1943 2264 1977 fortuna

1276 1994 1410 2028 fecisset
1428 1993 1483 2025 vel
1503 1993 1754 2037 bibliopolam,
1782 1993 1877 2026 scitis
1896 1993 1999 2038 quale
2015 1993 2058 2026 sit
2084 1994 2117 2026 id
2143 2005 2264 2037 genus,

1277 2057 1338 2087 ego
1358 2045 1424 2077 iam
1443 2056 1529 2077 auro
1547 2051 1693 2077 onustus
1712 2044 1929 2083 incederem,
1956 2051 2121 2089 tanquam
2138 2045 2266 2091 aliquis

1278 2104 1425 2140 satrapa.

1385 2145 1522 2179 Deinde
1557 2157 1692 2179 summa
1723 2146 1940 2187 ingratitudo
1978 2158 2168 2191 puerorum
2206 2155 2266 2187 est.

1279 2198 1338 2242 qui
1359 2210 1430 2230 non
1447 2198 1552 2230 modo
1570 2197 1708 2230 nullum
1727 2209 1763 2229 se
1780 2210 1797 2230 a
1818 2198 1921 2230 nobis
1940 2198 2147 2231 beneficium
2175 2200 2267 2233 acci-

1279 2261 1359 2293 pere
1378 2249 1519 2285 dicunt.
1546 2249 1604 2281 sed
1625 2248 1800 2280 neminem
1820 2249 1919 2292 peius
1936 2250 1979 2281 de.
2002 2261 2038 2281 se
2058 2250 2184 2283 mereri
2209 2262 2268 2284 ar-

1280 2300 1459 2334 bitrantur
1477 2312 1579 2344 quam
1598 2311 1672 2334 nos.
1716 2300 1787 2341 Qui
1807 2298 1896 2332 niliil
1916 2300 2075 2338 discunt.
2103 2313 2167 2333 nos
2187 2313 2266 2345 per-

1281 2352 1362 2383 inde
1378 2358 1413 2384 nt
1433 2350 1550 2384 literas
1568 2350 1735 2383 acerrime
1751 2352 1902 2384 «ulerunt
1926 2352 2020 2385 velut
2043 2363 2125 2384 suos
2150 2353 2267 2385 carni-

1281 2403 1368 2435 fices.
1421 2401 1575 2444 Quidam
1593 2402 1651 2433 alii
1670 2402 1793 2434 lexiter
1818 2402 2008 2443 degustatis
2034 2402 2159 2441 literis,
2187 2415 2266 2437 cum

1283 2454 1348 2485 iam
1376 2453 1529 2498 aliquam
1564 2452 1710 2485 induant
1747 2453 1958 2486 eruditionis
1992 2454 2268 2497 persuasionem,

1281 2504 1327 2536 sic
1345 2505 1480 2548 placent
1506 2503 1572 2536 sibi
1602 2503 1699 2548 (nam
1720 2504 1752 2536 id
1771 2505 1856 2537 solet
1873 2517 1910 2536 ea
1929 2503 2040 2550 aetas)
2065 2513 2099 2538 nt
2127 2517 2267 2549 praere-

1282 2563 1397 2598 ptores
1427 2552 1514 2587 ιιιΙιίΙ
1551 2562 1751 2593 morentur„
1786 2566 1891 2600 seque
1917 2555 1984 2588 iam
2016 2555 2058 2588 ad
2089 2568 2266 2590 summum

1254 2638 1256 2643 ‚
1282 2606 1456 2648 fastigium
1485 2606 1696 2639 eruditionis
1726 2606 1924 2650 pervenisse
1959 2613 2102 2650 putent.
2139 2608 2199 2640 ubi
2228 2620 2266 2641 ex

246 2667 460 2703 miserrimae
492 2676 593 2696 curae
618 2662 769 2694 subeunt
795 2660 952 2693 animuin
985 2657 1230 2703 praeceptoris.
1254 2648 1256 2707 l

246 2723 344 2764 Quae
370 2718 426 2750 ille
451 2716 484 2748 in
514 2713 629 2747 fabula
657 2712 760 2745 Minio
786 2711 851 2745 sibi
872 2711 991 2743 uenire
1016 2710 1052 2742 in
1075 2715 1228 2743 mentem
1254 2708 1257 2743 ἰ

1282 2658 1350 2690 alto
1385 2670 1448 2690 nos
1479 2657 1684 2699 despiciant.
1749 2655 1791 2690 Et
1819 2670 1889 2689 uon
1914 2659 2018 2690 modo
2044 2670 2114 2691 non
2146 2659 2267 2693 vident

1281 2722 1383 2753 quani
1417 2716 1549 2742 curtam
1584 2706 1731 2742 ltalwant
1768 2708 2038 2753 supellectilem,
2072 2710 2129 2742 sed
2161 2721 2204 2743 ne
2233 2711 2267 2743 id

2331 826 2338 855 1-
2334 794 2338 814 ᾳ
2328 496 2338 782 --Δ,.ᾁ..ῳᾼ-.-
2335 455 2338 463 s
2335 425 2338 435 -
