2338 2958
115 123 187 159 613

115 212 166 239 tas
185 211 217 238 et
231 204 421 248 disputatas
437 212 508 234 esse
524 209 660 246 oportet
676 201 747 240 illi,
773 203 832 247 qui
844 203 997 236 veritatis
1014 213 1095 246 pro-

115 254 362 299 pugnationem
387 252 544 286 sustinet.
606 251 676 285 Nec
703 252 784 285 satis
811 259 859 285 est
882 263 1093 297 quemquam

113 316 226 337 secum
243 310 375 337 tantum
394 301 640 336 commentari:
668 303 899 335 conferendae
914 310 994 336 sunt
1013 313 1092 334 sen-

112 353 256 391 tentiae,
299 353 473 386 audienda
503 352 695 385 multorum
730 352 875 393 iudicia,
917 360 950 386 et
980 358 1092 385 errata

110 403 328 436 emendanda
353 409 454 440 sunt,
490 401 518 434 si
542 403 683 447 quando
701 399 865 447 δευτέρω
885 400 1089 448 φροντίδες,

109 463 196 496 quae
207 459 289 486 sunt
303 452 552 490 accuratiores,
577 463 640 484 nos
657 452 693 484 in
711 452 800 485 viam
817 454 1005 486 reducunt:
1034 452 1090 484 ni·-

108 498 160 534 hil
185 509 235 535 est
264 509 378 535 autem
412 502 530 548 peinis,
561 513 673 546 neque
702 502 950 545 perniciosius,
984 513 1089 546 quam

107 557 228 584 contra
257 553 437 586 veritatem
461 552 612 585 rationes
628 551 752 584 callide
771 564 954 596 quaerere,
981 559 1019 584 ut
1037 551 1089 583 fa-

107 601 203 634 ciunt
226 603 387 646 quidam,
414 613 502 647 quos
524 601 641 634 minus
657 603 763 644 pudet
782 602 818 634 in
837 614 953 634 errore
972 612 1090 645 perse-

106 661 245 692 verare,
277 664 381 696 quam
403 652 587 684 emendare
611 657 643 683 et
660 657 796 684 mutare
813 651 1004 685 sententiae
1022 651 1088 684 fal-

105 700 252 736 sitatem.
311 701 400 736 Cum
423 701 529 744 igitur
551 698 617 732 hoc
643 700 759 734 studio
781 702 932 735 multum
956 701 1088 745 diuque

105 761 184 783 cum
212 752 413 792 nobiscum,
446 757 520 784 tum
550 749 848 793 disputationibus
875 752 967 795 apud
1000 752 1087 785 alios

105 802 286 834 veritatem
318 799 617 843 vestigaverimus:
661 800 711 833 ibi
747 801 887 834 demum
922 802 1026 844 longa
1054 807 1087 834 et

104 850 201 891 gravi
216 851 466 885 deliberatione
484 849 662 892 eligendae
677 856 758 884 sunt
775 851 978 892 sententiae,
1003 862 1087 896 quas

105 900 149 931 ad
174 901 363 944 populum,
398 907 564 944 tanquam
597 901 738 933 oracula
767 907 800 934 et
821 901 929 944 leges,
964 901 1086 934 efferre

102 949 277 985 volumus.
337 949 419 983 Ideo
438 949 586 982 maiores
603 950 790 983 voluerunt
815 951 852 983 in
870 949 999 984 scholis
1016 952 1086 984 fre—

102 999 279 1041 quentiam
304 1011 391 1039 esse,
421 1011 460 1032 ac
483 1000 736 1042 disputationes
767 1000 1013 1041 instituerunt,
1047 1007 1086 1034 ut

101 1047 205 1081 simul
229 1051 271 1083 ad
296 1047 386 1082 hanc
409 1049 673 1082 collocationem
697 1050 905 1094 opinionum
923 1051 1085 1084 assuefie-

100 1104 178 1130 rent
205 1100 371 1140 studiosi,
406 1106 440 1133 et
468 1097 532 1132 hoc
559 1099 720 1132 exercitio
747 1106 855 1133 artem
879 1100 1085 1141 disserendi,

101 1153 134 1181 et
154 1148 353 1183 facultatem
378 1149 574 1193 explicandi
601 1149 668 1181 sibi
689 1158 943 1193 compararent.
1002 1150 1083 1193 Quo

100 1208 198 1230 more
216 1200 299 1243 quid
317 1199 454 1233 dulcius
474 1199 619 1241 cogitari
643 1199 778 1242 potest?
809 1207 848 1234 ut
866 1200 935 1233 iam
955 1201 998 1233 de
1014 1201 1084 1234 uti-

99 1246 194 1281 litate
211 1261 283 1282 non
301 1250 426 1283 dicam.
479 1248 573 1290 Quid
592 1249 815 1289 estsuavius,
842 1262 946 1294 quam
963 1251 1084 1283 audire

98 1297 144 1330 ab
161 1295 303 1332 homine
329 1300 450 1338 docto,
477 1298 562 1342 quid
583 1299 626 1331 de
644 1299 803 1332 maximis
826 1300 930 1333 rebus
946 1300 1084 1339 sentiat,

99 1358 167 1390 qua
204 1350 392 1382 verborum
425 1349 518 1390 lege,
558 1359 662 1392 quam
693 1348 945 1391 significanter,
979 1362 1082 1394 quam

98 1398 258 1440 proprie,
290 1399 441 1442 denique
465 1396 568 1430 etiam
596 1409 700 1442 quam
726 1399 881 1432 modeste
905 1411 959 1432 eas
978 1411 1084 1443 expo-

99 1447 185 1479 nat?
226 1447 405 1491 fugienda
422 1454 471 1480 est
489 1446 580 1479 enim
606 1447 641 1479 in
657 1458 816 1481 sermone
830 1448 1084 1493 improprietas,

98 1495 242 1531 vitanda
259 1497 452 1531 obscuritas
468 1503 502 1530 et
515 1497 684 1529 confusio.
737 1497 899 1543 Denique
919 1499 1082 1541 fugienda

99 1552 149 1579 est
163 1548 267 1579 etiam
285 1548 486 1581 scurrilitas.
539 1545 618 1579 Nati
635 1558 754 1579 sumus
773 1548 814 1580 ad
833 1555 991 1581 mutuam
1009 1559 1082 1581 ser-

97 1597 213 1630 monis
237 1597 601 1630 communicationem.
662 1595 925 1637 Quamobrem?
963 1597 1021 1630 An
1043 1605 1083 1632 ut

97 1651 232 1679 tanturn
257 1648 400 1680 fabellas
425 1645 610 1679 amatorias
633 1645 833 1687 recitemus,
858 1653 918 1680 aut
942 1654 981 1681 ut
997 1659 1082 1681 con-

95 1695 197 1728 viviis
215 1704 385 1730 certemus
397 1724 407 1737 ,
433 1702 492 1730 aut
508 1702 547 1729 ut
564 1695 732 1739 pecuniae
751 1697 983 1730 cumulandae
998 1709 1081 1731 cau-

96 1756 132 1778 sa
157 1747 199 1779 de
220 1748 472 1787 contractibus,
506 1745 702 1789 emptione,
731 1747 953 1788 venditione,
979 1754 1014 1781 et
1034 1747 1081 1780 si-

95 1795 240 1829 milibus
258 1796 523 1841 colloquamur?
557 1794 633 1828 lmo
647 1807 729 1828 vero
745 1803 784 1829 ut
799 1797 842 1829 de
850 1795 944 1836 Deo,
969 1798 1081 1841 deque

96 1845 267 1879 virtutum
285 1847 408 1880 officiis
425 1846 486 1878 alii
503 1845 591 1878 alios
606 1845 764 1880 doceant.
807 1845 861 1880 Sit
879 1858 959 1889 ergo
978 1846 1080 1879 bonis

95 1896 289 1937 mentibus,
317 1903 355 1931 ut
371 1903 440 1935 est,
467 1894 668 1929 dulcissima
684 1895 726 1927 de
747 1892 801 1927 his
819 1895 960 1939 optimis
976 1897 1080 1930 rebus

96 1945 301 1989 disputatio.
359 1945 514 1979 Maxime
539 1956 620 1977 vero
645 1942 701 1977 hic
721 1951 840 1977 noster
856 1952 971 1979 coetus
989 1943 1079 1979 hanc

95 1995 318 2029 collationem
340 2002 449 2035 amet,
475 1995 535 2040 qui
554 1995 811 2039 praeparandus
834 2002 883 2029 est
900 1996 942 2028 ad
958 1994 1079 2029 Eccle-

95 2045 164 2078 siae
180 2047 482 2088 gubernationem.
522 2044 632 2078 Nemo
644 2056 778 2077 remum
795 2045 900 2078 tradit
916 2046 1078 2090 cuiquam

95 2096 133 2127 in
151 2108 255 2139 parva
273 2097 413 2141 cymba,
441 2095 502 2140 qui
519 2095 688 2137 remigare
703 2106 774 2126 non
791 2094 926 2128 didicit.
967 2095 1078 2128 Nemo

96 2145 171 2178 sine
194 2153 425 2179 monstratore
449 2156 549 2188 agros
571 2145 687 2177 colore
714 2150 844 2187 potest,
878 2152 917 2178 ut
935 2157 1007 2178 non
1023 2146 1078 2178 di-

96 2207 172 2229 cam
196 2197 238 2228 de
263 2196 341 2228 aliis
358 2195 603 2229 subtilioribus
627 2194 792 2227 artificiis.
847 2193 990 2237 Quanto
1012 2196 1077 2228 mi-

97 2256 163 2278 nus
181 2246 246 2278 erit
262 2246 433 2289 interpres
455 2245 612 2278 coelestis
633 2244 830 2284 doctrinae,
857 2251 889 2277 et
906 2243 1079 2278 Ecclesiae

97 2295 331 2338 gubernator,
358 2295 418 2339 qui
439 2307 512 2327 non
536 2294 723 2328 didicerit?
762 2292 840 2327 Etsi
863 2294 956 2327 enim
979 2307 1079 2328 nosse

98 2356 218 2378 omnes
234 2356 360 2388 pueros
377 2352 409 2378 et
427 2355 524 2377 senes
544 2356 712 2377 summam
730 2344 886 2378 coelestis
902 2345 1079 2379 doctrinae

96 2406 235 2428 necesse
263 2402 331 2435 est,
361 2401 395 2428 et
419 2394 570 2427 breviter
592 2391 842 2438 comprehendi
866 2405 919 2426 res
951 2402 1078 2437 potest:

96 2452 213 2479 tamen
231 2457 302 2478 non
321 2445 363 2478 de
378 2442 491 2477 nihilo
509 2451 576 2483 est,
600 2445 695 2488 quod
718 2444 864 2487 legimus
880 2445 972 2487 apud
992 2444 1079 2479 Dio-

97 2496 256 2540 nysium,
295 2495 339 2527 ab
359 2493 530 2538 Apostolo
556 2490 805 2527 Bartholomeo
835 2494 965 2527 dictum
998 2507 1081 2537 esse,

97 2544 331 2588 Evangelium
359 2556 431 2577 esse
454 2544 596 2586 longum
624 2550 657 2576 et
673 2544 788 2577 breve.
841 2544 984 2578 Summa
1002 2546 1080 2579 bre—

99 2596 189 2628 viter
199 2595 290 2628 tradi
306 2601 436 2638 potest,
462 2594 522 2627 sed
538 2593 705 2638 paulatim
721 2594 948 2627 meditatione
963 2602 994 2627 et
1009 2596 1080 2629 col—

99 2645 232 2678 latione
264 2643 546 2689 propheticarum
578 2650 611 2676 et
647 2644 914 2687 apostolicarum
941 2647 1080 2680 concio-

519 119 679 156 DECL.
730 119 803 156 DE
844 117 1295 157 CONIUNCTIONE
1329 119 1712 160 SCHOLARUM.

2051 129 2125 166 614

1148 212 1251 240 num,
1276 201 1313 233 in
1330 202 1494 235 omnibus
1506 203 1571 247 piis
1587 203 1658 237 sive
1674 205 1793 240 norint
1808 206 1943 250 literas,
1965 209 2036 243 sive
2054 223 2128 245 non

1148 250 1286 291 norint,
1318 252 1489 285 illustrior
1515 254 1587 286 fieri
1612 255 1763 298 cognitio
1786 269 1901 292 rerum
1925 259 2126 294 divinarum

1146 300 1259 333 debet.
1311 300 1350 333 Id
1368 302 1442 335 sine
1456 303 1604 336 lectione
1619 312 1651 338 et
1668 306 1953 350 interpretatione
1966 310 2039 342 fieri
2054 323 2125 344 non

1146 357 1268 392 potest.
1325 348 1372 385 Et
1396 353 1440 384 ad
1462 352 1782 396 interpretationem
1808 359 1944 402 copiosa
1975 367 2007 393 et
2030 361 2125 394 varia

1145 400 1321 440 doctrina,
1347 408 1504 445 utsupra
1521 403 1613 443 dixi,
1639 417 1725 447 opus
1743 413 1802 442 est.
1855 406 2014 444 Christus
2028 410 2124 444 iubet

1144 450 1284 482 doctum
1316 451 1463 483 scribam
1491 453 1646 494 proferre
1679 466 1767 488 nova
1791 465 1823 490 et
1855 466 1979 495 vetera.
2037 459 2124 495 Vult

1143 497 1249 541 igitur
1264 500 1430 540 scribam,
1458 501 1493 534 id
1511 509 1576 540 est,
1603 501 1789 537 Doctorcm
1806 519 1878 539 non
1902 520 1972 542 esse
1990 510 2124 552 rudem,

1142 555 1201 582 aut
1219 549 1498 584 inexercitatum:
1525 552 1583 584 sed
1601 559 1700 586 antea
1717 554 1753 586 in
1771 553 1924 591 Ecclesia
1948 560 2124 594 eruditum

1143 605 1174 631 et
1188 599 1361 632 excultum
1375 627 1383 640 ,
1411 607 1443 634 et
1455 613 1533 633 vera
1548 613 1586 634 ac
1602 603 1745 636 salutari
1761 605 1920 640 doctrina
1940 608 2124 644 imbutum.

1141 646 1277 681 Deinde
1288 648 1417 682 Paulus
1434 662 1534 695 saepe
1551 649 1616 684 hoc
1626 661 1847 697 praeceptum
1861 658 1998 700 repetit:
2025 660 2123 694 iubet

1141 710 1212 730 non
1230 699 1603 739 omitterelectionem‚
1631 702 1726 736 iubet
1745 704 1824 747 eligi
1840 705 2023 747 idoneum,
2050 722 2122 743 non

1141 748 1253 781 solunt
1273 750 1315 781 ad
1334 751 1550 789 docendum,
1577 753 1634 785 sed
1654 753 1757 786 etiam
1775 756 1815 787 ad
1840 757 2019 790 doctrinae
2041 771 2124 802 pro-

1141 798 1400 841 pugnationem.
1444 799 1627 845 Utrunque
1643 814 1772 836 munus
1787 817 1888 849 quam
1906 808 2014 841 multa
2029 821 2124 842 corn-

1141 848 1326 891 plectitur?
1368 849 1457 883 Nam
1476 852 1654 895 perspicue
1673 854 1815 895 docere,
1842 857 2003 890 evolvere
2021 859 2124 892 invo-

1140 898 1229 938 luta,
1262 899 1420 932 obscuris
1446 901 1558 934 lucem
1584 903 1732 944 addere,
1763 910 1990 949 attemperare
2016 909 2124 942 ratio-

1140 960 1219 980 nem
1235 949 1383 981 docendi
1399 950 1440 982 ad
1459 950 1702 994 imperitorum
1718 960 1749 987 et
1765 956 1957 997 peritorum
1975 966 2123 1001 captum,

1139 999 1301 1041 prodesse
1313 999 1366 1041 (ut
1378 998 1507 1032 Paulus
1524 1000 1653 1045 inquit)
1671 1004 1886 1046 sapientibus
1904 1013 1935 1039 et
1953 1007 2124 1051 insipien-

1139 1048 1250 1088 tibus,
1290 1055 1455 1092 quantam
1485 1047 1569 1083 haec
1603 1053 1859 1094 eruditionem,
1901 1055 2124 1100 industriam,

1138 1098 1380 1141 prudentiam,
1406 1100 1699 1141 moderationem,
1725 1110 1894 1147 quantum
1912 1107 2049 1140 consilii
2068 1121 2124 1142 re-

1138 1147 1307 1191 quirunt‘.>
1340 1148 1475 1182 Deinde
1491 1150 1604 1184 multo
1621 1152 1799 1186 difficilior
1813 1161 1863 1187 est
1878 1159 2124 1200 propugnatio,

1137 1197 1174 1229 in
1200 1209 1267 1241 qua
1294 1210 1430 1231 necesse
1459 1206 1509 1233 est
1537 1211 1663 1243 genera
1694 1203 1937 1238 doctrinarum
1960 1209 2123 1250 conferri,

1137 1248 1295 1280 omnium
1317 1255 1469 1282 aetatum
1494 1251 1684 1284 certamina
1708 1253 1941 1295 considerari,
1966 1258 2122 1300 patefieri

1137 1297 1300 1337 insidias,
1333 1299 1477 1332 refutari
1499 1297 1731 1343 sophismata,
1758 1302 1894 1336 detrahi
1913 1306 2010 1339 sucos
2027 1308 2121 1341 salsis

1136 1348 1441 1389 persuasionibus,
1467 1361 1564 1382 veras
1586 1353 1774 1385 sententias
1797 1353 1971 1388 illustrare
1994 1363 2027 1390 et
2042 1370 2121 1391 mu-

1136 1396 1224 1432 nire.
1273 1396 1368 1430 Haec
1393 1398 1468 1431 sine
1490 1411 1613 1442 magna
1643 1402 1809 1435 varietate
1838 1405 1965 1438 artium
1992 1414 2025 1440 et
2046 1408 2121 1441 sine

1136 1447 1246 1480 literis
1267 1454 1440 1490 praestare
1462 1460 1564 1482 nemo
1581 1457 1703 1493 potest.
1754 1451 1871 1487 Multo
1891 1455 1993 1488 etiam
2010 1459 2119 1501 magis

1136 1496 1337 1530 mirandum
1358 1505 1427 1538 est,
1454 1499 1547 1543 quod
1559 1498 1690 1533 Paulus
1706 1501 1839 1546 inquit,
1866 1516 1930 1537 nos
1945 1517 2040 1550 spem
2057 1505 2121 1541 ha-

1135 1546 1217 1578 bere
1234 1558 1271 1579 ex
1291 1548 1530 1581 consolatione
1548 1550 1810 1593 scripturarum.
1865 1552 1922 1587 An
1943 1567 2018 1598 spes
2036 1558 2121 1591 niti-

1135 1602 1192 1628 tur
1226 1596 1356 1637 literis,
1393 1604 1425 1631 et
1459 1595 1513 1630 his
1546 1599 1683 1642 scriptis
1715 1605 1976 1637 monumentis?
2022 1605 2120 1641 Ana-

1135 1645 1306 1688 baptistae
1330 1646 1470 1691 quidem
1497 1648 1781 1684 absurdissimam
1800 1664 1871 1686 esse
1893 1651 1983 1688 hanc
1999 1668 2117 1690 vocem

1134 1695 1301 1731 dicerent.
1353 1696 1420 1730 Sed
1438 1709 1565 1740 magno
1580 1700 1726 1732 consilio
1743 1701 1791 1735 sic
1806 1702 2117 1747 loquiturI‘aqus:

1134 1744 1220 1788 Spes
1245 1746 1372 1779 nititur
1395 1747 1469 1790 ipso
1494 1755 1635 1782 aeterno
1661 1747 1747 1783 Deo.
1808 1751 1877 1786 Sed
1910 1755 2029 1798 alligat
2054 1768 2118 1790 nos

1133 1793 1264 1828 Paulus
1288 1797 1329 1828 ad
1358 1793 1451 1829 hunc
1471 1796 1602 1836 Deum,
1637 1800 1696 1843 qui
1721 1811 1757 1833 se
1781 1801 1818 1833 in
1842 1815 1924 1836 voce
1947 1806 2118 1848 patefecit,

1134 1856 1237 1888 quam
1260 1846 1381 1878 referri
1403 1846 1439 1879 in
1456 1846 1574 1880 literas
1591 1860 1653 1891 per
1666 1847 1858 1893 Prophetas
1879 1860 1911 1886 et
1928 1852 2117 1898 Apostolos

1133 1894 1264 1935 voluit,
1297 1902 1337 1929 ut
1363 1896 1561 1930 testimonia
1591 1909 1726 1941 semper
1760 1908 1925 1936 extarent.
1988 1904 2028 1937 ln
2062 1904 2117 1939 his

1133 1944 1294 1986 cognosci
1322 1957 1483 1978 arcanam
1514 1948 1729 1982 voluntatem
1761 1951 1803 1983 de
1833 1954 2117 1990 reconciliatione

1132 1995 1264 2035 voluit,
1297 2007 1385 2040 quae
1410 2008 1482 2029 non
1503 1995 1718 2040 deprehendi
1745 2002 1859 2042 potuit
1890 2000 2034 2037 humani
2061 2006 2116 2038 in-

1132 2045 1224 2086 genii
1255 2046 1448 2088 sagacitate.
1513 2045 1675 2092 Denique
1711 2051 1841 2084 multae
1870 2065 1990 2087 causae
2024 2063 2116 2097 sunt,

1133 2106 1194 2127 cur
1209 2093 1304 2128 Deus
1320 2097 1364 2128 ad
1387 2093 1470 2129 haec
1494 2108 1559 2129 nos
1583 2098 1781 2132 testimonia
1797 2101 1960 2145 alligarit.
2014 2105 2115 2147 Quo-

1132 2145 1195 2177 ties
1218 2145 1324 2187 igitur
1349 2146 1583 2190 precationem
1611 2159 1708 2181 mens
1730 2147 1888 2191 inchoat,
1923 2160 1954 2186 et
1978 2157 2114 2198 quaerit

1132 2194 1263 2233 Deum,
1291 2208 1360 2228 non
1380 2197 1485 2229 modo
1504 2197 1639 2230 coelum
1664 2205 1698 2231 et
1716 2197 1780 2232 hoc
1796 2202 1972 2243 opificium
1991 2206 2113 2238 mundi

1133 2245 1275 2287 cogitet,
1308 2253 1347 2278 ut
1370 2257 1405 2278 se
1428 2247 1470 2278 de
1493 2244 1682 2280 architecto
1703 2251 1906 2293 admoneat,
1931 2255 1989 2285 sed
2009 2255 2113 2288 simul

1133 2295 1236 2327 etiam
1269 2295 1334 2327 sibi
1370 2295 1461 2329 dicta
1487 2294 1671 2339 Evangelii
1706 2308 1896 2343 proponat:
1937 2303 2114 2338 intueatur

1133 2345 1242 2378 filium
1261 2344 1342 2385 Dei,
1368 2345 1428 2390 qui
1451 2357 1485 2378 se
1503 2347 1604 2380 nobis
1622 2348 1800 2391 patefecit,
1828 2351 1888 2395 qui
1905 2353 2014 2386 edidit
2032 2367 2114 2398 pro-

1133 2395 1316 2428 missiones
1338 2396 1380 2428 de
1401 2396 1705 2438 reconciliatione,
1730 2410 1768 2432 ac
1784 2400 1891 2435 dicat:
1925 2402 1976 2436 Te
1999 2405 2114 2437 omni-

1133 2452 1275 2490 potens,
1303 2451 1460 2485 aeterne,
1486 2452 1519 2479 et
1536 2446 1613 2480 vive
1628 2445 1741 2489 Deus,
1767 2457 1904 2485 aeterne
1926 2461 2023 2497 pater
2040 2453 2113 2487 Do-

1134 2495 1220 2528 mini
1239 2495 1348 2528 nostri
1365 2494 1441 2528 lesu
1451 2493 1600 2537 Christi,
1630 2498 1774 2540 invoco,
1801 2502 1858 2545 qui
1877 2509 1908 2535 te
1926 2504 2113 2546 patefecisti

1135 2547 1301 2578 immensa
1326 2546 1503 2586 bonitate,
1536 2553 1567 2579 et
1590 2548 1744 2581 clamasti
1762 2550 1805 2583 de
1822 2551 1892 2585 filio
1913 2560 1972 2586 tuo
1990 2553 2113 2586 Domi—

1135 2608 1180 2628 no
1206 2602 1326 2628 nostro
1354 2594 1430 2628 lesu
1447 2593 1606 2630 Christo:
1640 2596 1745 2632 Hunc
1759 2601 1885 2635 audite.
1943 2601 2114 2636 Conditor

1135 2646 1292 2679 omnium
1322 2657 1457 2683 rerum,
1492 2653 1525 2680 et
1560 2656 1802 2691 conservator,
1843 2664 1921 2685 cum
1955 2653 2027 2685 filio
2054 2659 2113 2686 tuo

1426 2694 1504 2729 39*
