2338 2958
136 137 210 171 993

136 234 203 254 nae
219 221 335 254 studia
351 228 551 261 conservat,
578 233 727 265 euinque
746 227 819 254 toto
841 228 978 264 pectore
993 230 1068 259 oro,
1091 226 1129 253 ut

136 279 282 316 propter
321 271 549 304 mediatorem
587 270 780 303 Dominum
819 277 978 303 nostruin
1013 268 1156 314 Iesumg

137 320 336 361 Clu-istum,
370 322 570 354 crucifixum
594 333 656 364 pro
683 322 785 354 nobis
815 327 848 354 et
872 319 1126 359 resuscitatum,

136 383 176 405 ac
193 377 287 405 certo
305 379 507 413 regnantem
525 372 561 404 iu
578 370 753 411 Ecclesia,
781 382 845 404 nos
861 370 1024 413 deinceps
1039 381 1127 413 quo-

139 433 207 466 que
226 421 414 454 clementer
432 428 589 465 protegat
614 428 647 455 et
664 422 856 464 gubernet,
883 432 945 453 nec
963 420 1052 452 sinat
1068 431 1126 452 ex—

135 469 251 514 tingui
267 472 380 505 lucem
396 483 476 504 suae
491 472 685 511 doctrinae,
710 472 768 504 sed
787 471 887 504 faciat
905 470 1125 502 mansionem

136 522 175 554 iu
195 522 316 559 nobis,
344 528 383 554 ut
400 522 515 566 inquit
529 522 639 554 filius:
667 521 704 555 Si
724 522 802 566 quis
820 521 934 562 diligit
953 531 1026 557 nie,
1052 530 1125 551 ser-

136 584 279 605 monem
297 584 413 605 meum
431 573 593 612 servabit,
618 579 650 605 et
670 579 767 615 pater
784 582 880 604 meus
896 570 1017 612 diliget
1033 581 1125 609 eum,

137 629 172 656 et
190 622 370 655 veniemus
388 623 431 655 ad
450 634 548 662 eum,
575 629 609 655 et
628 622 844 654 mansionem
866 621 957 663 apud
979 631 1058 653 eum
1075 620 1124 651 fa-

137 673 280 705 ciemus.
335 671 430 705 Haec
456 684 592 706 mecum
623 672 713 704 veris
742 679 775 705 et
805 671 1010 704 ardentibus
1036 669 1126 703 votis

135 723 255 767 petite.
308 721 398 755 Cum
421 729 537 756 autem
561 722 736 765 sapienter
770 721 970 754 institutum
995 720 1057 759 sit,
1087 727 1126 753 nt

136 773 175 806 in
209 770 264 805 his
297 773 538 816 congressibus
571 773 858 805 commonefactio
891 777 1126 815 proponatur,

136 823 236 857 utilis
258 830 317 857 ant
339 825 382 856 ad
407 823 536 856 iudicia
559 823 761 862 formanda,
787 829 848 856 aut
865 823 907 855 ad
925 821 1124 854 excitandos

138 873 276 906 animos
299 875 341 906 ad
365 874 548 913 virtutem,
582 873 694 916 delegi
731 879 995 915 argumentum,
1026 871 1125 904 cuius

137 924 322 967 explicatio
341 929 374 956 et
394 924 534 957 erudire
550 923 706 956 iuniores
720 929 850 966 potest,
877 929 909 955 et
924 927 1061 960 monet,
1086 927 1125 953 ut
1150 924 1153 934 ¹
1175 931 1402 965 f3505n0mffl3

136 980 230 1006 recta
256 974 447 1014 discamus,
485 980 518 1006 et
544 974 735 1016 prudenter
760 983 959 1012 caveamus,
993 983 1037 1004 ne
1059 970 1125 1004 So-

135 1021 352 1068 phismatum
368 1024 563 1068 praestigiis
580 1036 598 1056 a
614 1023 758 1057 veritate
772 1024 999 1056 abducamur.

240 1089 400 1134 Scriptor
423 1090 490 1123 fuit
515 1096 594 1134 post
620 1089 867 1132 imperatorem
895 1088 945 1121 M.
969 1086 1125 1121 Antoni-

137 1151 224 1174 num
247 1140 392 1174 celebris
424 1140 460 1172 in
482 1139 638 1173 Ecclesia
661 1138 920 1178 Alexandrina,
952 1137 1125 1178 Clemens,

137 1191 198 1235 qui
226 1191 263 1223 in
287 1190 496 1223 refutatione
521 1187 776 1223 haereticorum
803 1189 926 1222 intexit
945 1189 1123 1222 interdum

136 1238 303 1273 historica
324 1240 430 1283 digna
457 1240 668 1283 cognitione.
720 1238 788 1272 Hic
813 1246 930 1273 narrat
955 1240 1125 1283 quosdam

136 1290 381 1323 definitionem
398 1289 560 1323 Iusticiae
578 1288 668 1322 hauc
686 1290 887 1322 tradidisse:
917 1289 1057 1322 Iusticia
1075 1295 1125 1322 est

137 1341 283 1374 societas
313 1339 396 1381 Dei,
436 1352 514 1374 cum
547 1341 766 1385 aequalitate.
807 1338 1023 1384 δικαιοσύνη
1051 1337 1125 1373 ἐστὶ

136 1388 313 1425 κοινωνία
330 1390 434 1431 θεοῦ,
450 1388 543 1435 μετὰ
558 1389 733 1435 ἰσότητος.
767 1390 837 1424 Nec
852 1402 933 1423 vero
950 1392 992 1423 de
1009 1391 1126 1434 priore

136 1448 236 1486 parte
255 1441 472 1474 definitionis
488 1441 598 1474 multa
613 1441 763 1481 disserit,
790 1443 849 1474 sed
866 1441 987 1475 recitat
1004 1439 1126 1474 haere-

136 1492 225 1525 ticos
248 1492 477 1535 posteriorem
501 1492 708 1535 particulam
732 1492 896 1525 scelerate
917 1492 1126 1534 interpreta-

136 1547 192 1575 tos
208 1553 299 1581 esse,
327 1543 369 1574 de
383 1541 446 1574 tali
459 1541 686 1585 aequalitate,
714 1541 750 1573 in
769 1553 836 1585 qua
854 1541 984 1584 singuli
1002 1540 1126 1573 alienis

135 1592 363 1625 facultatibus
380 1598 412 1625 et
427 1592 597 1625 uxoribus
611 1598 803 1626 uterentur.
831 1590 877 1624 Et
888 1597 1006 1624 narrat
1020 1591 1126 1623 fuisse

137 1642 269 1676 alicubi
292 1643 378 1676 tales
399 1642 570 1675 fanaticos
595 1648 712 1675 coetus
744 1642 909 1674 omnibus
937 1641 1126 1675 sceleribus

137 1693 310 1737 pollutos,
344 1692 405 1737 qui
433 1699 548 1726 tamen
573 1693 686 1736 specie
716 1692 898 1735 religionis
927 1704 961 1725 se
992 1691 1124 1736 populo

137 1743 369 1777 venditarint.

241 1807 392 1842 Miratus
424 1820 501 1841 sum
526 1815 597 1842 tam
621 1809 688 1842 cito
721 1816 801 1853 post
823 1807 1012 1853 Apostolos
1035 1808 1127 1841 inter

139 1871 218 1899 eos,
243 1859 306 1902 qui
325 1859 362 1890 in
383 1856 538 1891 Ecclesia
563 1859 714 1892 instituti
738 1860 896 1900 fuerant,
923 1871 1001 1891 cuin
1020 1858 1126 1891 disci-

138 1909 237 1954 plina
261 1908 340 1952 plus
361 1909 541 1952 gravitatis
558 1906 671 1941 adbuc
694 1906 854 1947 liaberet,
882 1921 985 1954 qnam
1004 1909 1039 1942 in
1063 1906 1126 1941 hac

139 1959 249 1993 delira
273 1966 409 1992 senecta
431 1959 574 1999 mundi,
599 1966 715 1992 tamen
740 1960 876 1992 furores
900 1966 1014 1992 tantos
1040 1959 1125 1992 exti-

139 2011 241 2048 tisse,
275 2011 333 2042 sed
367 2011 491 2043 ardent
515 2010 647 2042 diaboli
675 2010 820 2042 immani
847 2010 929 2042 odio
954 2009 1018 2042 filii
1046 2010 1126 2043 Dei.

140 2059 260 2103 Quare
283 2060 448 2094 omnibus
473 2060 690 2104 temporibus
713 2067 839 2103 gerunt
868 2072 947 2094 cum
971 2059 1126 2094 Ecclesia

138 2111 273 2144 bellum
291 2122 435 2154 prorsus
453 2108 661 2151 ἄσπονδον,
688 2118 726 2144 ut
743 2117 894 2145 vetustas
910 2112 1127 2156 loquebatur,

140 2169 174 2195 et
194 2158 384 2194 horribiles
405 2161 671 2194 dilacerationes
696 2161 869 2202 efficiunt,
902 2162 990 2195 sicut
1011 2161 1126 2194 statim

140 2211 180 2244 in
199 2211 301 2245 initio
319 2212 450 2246 dictum
468 2219 531 2245 est:
567 2210 700 2244 Ponam
719 2212 921 2246 inimicitias
938 2212 1029 2246 inter
1046 2211 1128 2245 Ser-

139 2268 278 2307 pentem
309 2269 341 2295 et
369 2262 462 2295 inter
477 2262 605 2296 Semen
624 2262 792 2297 mulieris.
845 2261 933 2296 Cum
954 2262 1059 2306 igitur
1075 2269 1127 2295 ta-

140 2312 190 2346 lia
203 2313 360 2357 exempla
378 2312 545 2355 legimuS‚
572 2313 765 2346 excitentur
780 2313 887 2345 animi
910 2325 981 2345 non
1002 2313 1128 2353 solum,

141 2370 181 2396 ut
203 2363 405 2396 sollicitudo
429 2369 462 2396 et
487 2375 569 2396 cura
594 2363 631 2396 in
654 2363 820 2397 discendo
843 2363 888 2397 sit
913 2363 1041 2404 maior,
1067 2364 1126 2396 sed

141 2413 248 2447 etiarn
273 2421 312 2447 ut
328 2413 420 2446 veris
444 2420 477 2446 et
496 2413 651 2447 adsiduis
671 2414 858 2457 gemitibus
885 2421 1062 2458 petamus,
1089 2419 1129 2447 ut

103 2459 108 2462 ¹
140 2463 235 2497 filius
260 2462 345 2505 Dei,
384 2464 444 2509 qui
467 2464 686 2498 conculcavit
709 2471 811 2508 caput
837 2464 1035 2508 Serpentis,
1067 2465 1128 2497 de-

142 2513 251 2558 pellat
275 2527 295 2548 a
321 2515 424 2547 nobis
448 2514 626 2555 diabolos,
661 2521 696 2548 et
718 2514 855 2559 Spiritu
885 2522 1004 2548 sancto
1034 2522 1129 2559 regat

141 2571 277 2598 mentes
294 2571 328 2599 et
345 2572 484 2609 pectora
502 2571 633 2598 nostra.

244 2630 316 2666 Ubi
331 2632 440 2665 animi
456 2638 537 2665 sunt
553 2631 736 2665 temulenti
753 2639 787 2665 et
803 2632 932 2673 securi,
959 2645 1021 2666 nec
1037 2633 1128 2677 peri—

144 2681 222 2715 cula
247 2693 308 2716 sna
337 2682 562 2726 intelligunt,
594 2682 704 2715 multo
732 2683 869 2717 facilius
896 2685 940 2718 ab
971 2681 1130 2718 hostibus

199 2733 374 2766 nutum.
393 2735 497 2766 Oeta.
513 2735 595 2766 Υοι..
613 2734 673 2766 xl.

623 135 782 171 DECL.
826 134 898 170 DE
933 134 1328 171 DEFINITIONE
1364 136 1679 172 IUSTlTIAE.

2096 146 2169 181 994

1153 224 1157 272 l
1181 221 1441 264 opprimuntur.
1477 221 1558 255 Ideo
1574 229 1605 255 et
1621 233 1720 255 nosse
1736 235 1796 257 vos
1813 221 1897 257 haec
1913 227 2066 270 exempla
2082 229 2168 262 utile

1181 278 1250 308 est,
1279 280 1310 304 et
1336 284 1407 304 nou
1436 272 1561 304 ociosis
1586 274 1763 307 inentibus
1789 275 1962 308 audienda
1981 285 2080 317 sunt,
2107 281 2166 312 sed

1152 334 1155 347 ι
1180 333 1447 364 expavescamus
1464 323 1675 364 cogitatione
1699 331 1900 358 nostrorum
1918 326 2166 369 periculorum,

1152 376 1155 394 l
1179 371 1328 404 sciamus
1350 373 1495 404 adsidue
1521 373 1759 406 saevissimum
1783 381 1815 407 et
1833 377 2082 409 astutissimum
2102 375 2166 409 ho-

1145 398 1156 455 l
1179 428 1264 453 stem
1289 422 1391 454 nobis
1416 422 1594 461 insidiari,
1621 429 1653 456 et
1675 430 1713 456 ut
1737 425 1903 468 scriptum
1923 433 1991 467 est,
2019 426 2165 460 circuire

1150 459 1154 517 l
1179 471 1272 504 velut
1297 471 1434 504 leonem
1459 472 1672 514 rugientem,
1699 480 1737 507 ut
1755 483 1875 518 querat
1892 489 1993 520 quem
2010 478 2164 511 devoret.

1149 522 1154 568 Ι
1179 520 1357 553 Adversus
1384 519 1473 554 hauc
1497 522 1650 554 belluam
1667 530 1698 556 et
1715 525 1872 558 doctriua
1888 533 1920 559 ct
1942 527 2165 561 invocatione

1150 570 1153 593 i
1178 571 1242 603 filii
1259 570 1322 603 Dei
1346 583 1409 603 uos
1429 572 1641 605 muniamus.

1279 629 1331 662 Te
1356 629 1404 661 fili
1435 629 1499 662 Dei
1526 628 1677 662 Domine
1708 629 1784 663 Iesu
1810 629 1968 673 Christe,
2005 637 2164 670 crucifixe

1150 685 1154 751 Ι
1179 691 1240 723 pro
1271 680 1373 712 nobis
1400 686 1431 712 et
1457 680 1675 720 resuscitate,
1711 681 1771 725 qui
1795 682 1929 716 dixisti:
1970 684 2091 719 Venite
2118 689 2162 720 ad

1178 742 1233 762 me
1253 741 1373 762 omnes
1391 730 1451 774 qui
1478 730 1644 763 laboratis
1661 737 1693 764 et
1711 733 1845 765 onerati
1865 734 1963 774 estis,
1997 746 2057 777 ego
2083 738 2162 769 refi-

1177 780 1265 813 ciam
1282 792 1355 821 vos,
1384 787 1458 814 toto
1477 786 1613 824 pectore
1630 792 1704 821 or0,
1733 789 1770 815 ut
1787 789 1844 816 tua
1863 783 1939 816 luce
1957 796 2021 817 nos
2037 787 2163 828 guber-

1150 864 1153 880 !
1177 842 1257 871 nes,
1283 842 1419 874 semper
1439 829 1631 864 Ecclesiam
1655 832 1718 864 tibi
1745 832 1837 865 inter
1860 845 1924 866 nos
1944 835 2104 879 colligas,
2130 845 2162 871 et

1150 889 1153 922 Ι
1177 893 1242 913 nos
1265 881 1456 922 custodias,
1483 893 1526 914 ne
1541 881 1701 914 fanaticis
1723 882 1901 917 furoribus
1918 885 2026 917 animi
2051 889 2162 921 nostri

1461 931 1529 963 Fac
1556 938 1594 964 ut
1617 938 1650 963 te
1673 944 1753 965 vera
1775 933 1997 967 invocatione
2025 943 2055 969 et
2083 950 2162 971 vera

1178 981 1336 1014 doctrina
1353 982 1584 1021 celebremus,
1612 988 1645 1014 et
1662 982 1765 1015 facias
1783 995 1846 1017 nos
1864 996 1943 1018 vasa
1964 986 2162 1020 misericor-

1177 1032 1266 1065 diae.
1320 1029 1436 1075 Opem
1459 1032 1509 1064 fer
1527 1032 1720 1065 infirmitati
1744 1041 1900 1075 nostrae,
1925 1047 2003 1068 cum
2019 1037 2159 1080 quidem

1178 1082 1400 1125 introspicias
1427 1088 1565 1125 pectora
1589 1089 1727 1123 nostra,
1757 1090 1789 1117 et
1813 1085 1899 1118 scias
1922 1097 1987 1119 nos
2011 1087 2162 1131 simplici

1176 1132 1294 1164 studio
1313 1131 1524 1176 quaesivisse
1539 1132 1730 1165 veritatem.

1279 1189 1400 1224 Redeo
1425 1196 1539 1223 autem
1557 1191 1599 1223 ad
1615 1190 1872 1230 definitionem,
1900 1194 1942 1226 de
1963 1207 2030 1239 qua
2048 1196 2163 1230 dicere

1177 1241 1326 1274 institui.
1381 1239 1625 1285 Undecunque
1649 1238 1733 1274 haec
1757 1242 1916 1276 definitio
1937 1252 2074 1289 sumpta
2102 1254 2163 1288 est,

1178 1292 1240 1325 etsi
1264 1302 1381 1324 recens
1406 1291 1546 1324 auditor
1568 1297 1710 1335 propter
1733 1293 1922 1326 novitatem
1948 1302 1980 1328 et
1997 1304 2162 1331 venusta-

1178 1399 1238 1427 est.
1292 1390 1450 1424 Primum
1466 1398 1580 1425 autem
1596 1392 1743 1425 studiosi
1764 1394 2001 1436 considerent,
2029 1398 2071 1429 de
2097 1409 2162 1430 no-

1176 1443 1272 1475 mine
1290 1448 1322 1475 et
1339 1442 1542 1475 defiuitione
1555 1442 1721 1484 iusticiae‚
1744 1450 1778 1476 et
1791 1444 1875 1478 olim
1892 1447 1983 1489 apud
2000 1444 2163 1481 Philoso-

1178 1491 1266 1535 pbos
1293 1499 1325 1526 et
1353 1493 1391 1524 in
1416 1491 1571 1525 Ecclesia
1595 1493 1700 1525 fuisse
1722 1505 1867 1537 magnos
1885 1497 2162 1539 disputationum

1178 1540 1411 1587 labyrinthos,
1471 1541 1543 1575 Nec
1568 1543 1720 1576 recitabo
1744 1551 1802 1577 aut
1818 1544 1975 1580 Platonis
2000 1548 2162 1590 argutias,

1178 1600 1237 1626 aut
1269 1592 1485 1636 colloquium
1513 1591 1665 1626 Socratis
1689 1600 1723 1626 et
1744 1593 1895 1638 Hippiae
1925 1598 2016 1640 apud
2043 1597 2163 1631 Xeno-

1177 1641 1360 1687 pliontern,
1384 1642 1444 1675 ubi
1465 1643 1693 1684 investigatur
1709 1644 1877 1679 definitio.
1907 1646 2062 1680 Tantum
2078 1660 2163 1681 con-

1178 1694 1390 1733 sideremus,
1417 1694 1594 1737 quomodo
1610 1691 1764 1727 Ecclesia
1785 1695 1896 1729 locuta
1919 1697 1977 1731 sit.

1148 1356 1154 1644 Ι
1177 1349 1246 1376 tem
1268 1353 1342 1374 eam
1368 1341 1579 1382 admiratur,
1613 1349 1730 1375 tamen
1756 1343 1930 1386 sapienter
1951 1346 2161 1381 declaranda

1280 1758 1374 1792 Haec
1398 1759 1594 1804 plerunque
1613 1771 1690 1792 cum
1708 1761 1866 1795 nominat
1884 1761 2060 1797 [usticiam
2073 1792 2081 1805 ‚
2108 1766 2164 1798 in-

1178 1810 1311 1853 telligat
1347 1810 1613 1851 congruentiam
1648 1810 1882 1844 universalem
1918 1826 1995 1847 cum
2038 1828 2163 1849 norma

1180 1861 1306 1894 mentis
1322 1867 1354 1893 et
1374 1860 1566 1893 voluntatis
1583 1858 1660 1893 Dei.
1712 1860 1799 1894 'Nam
1823 1874 1911 1907 quae
1937 1876 2035 1905 vera,
2057 1873 2163 1907 recta,

1179 1911 1268 1944 iusta
1285 1918 1383 1950 sunt,
1409 1922 1448 1942 eo
1472 1917 1553 1943 sunt
1577 1910 1679 1951 talia,
1707 1912 1786 1956 qnia
1813 1914 1855 1945 ad
1883 1913 1979 1946 illam
2003 1927 2162 1949 normam

1179 1967 1387 2004 congruunt.
1443 1959 1568 2003 Qualis
1585 1967 1698 1994 autem
1720 1962 1763 1995 sit
1782 1963 1838 1995 illa
1856 1968 1998 2004 norma,
2025 1978 2163 2010 expres-

1179 2013 1222 2046 sit
1237 2011 1332 2046 Deus
1351 2012 1388 2043 in
1414 2011 1488 2054 lege
1511 2011 1646 2044 morali.
1700 2010 1821 2057 Itaque
1846 2014 1873 2046 si
1895 2016 2013 2048 dextre
2030 2017 2164 2050 intelli-

1178 2070 1296 2105 gatur,
1320 2062 1402 2094 satis
1420 2062 1592 2095 concinne
1616 2061 1762 2095 dicitur:
1789 2062 1929 2097 iusticia
1953 2067 2163 2100 universalis

1179 2120 1229 2146 est
1255 2112 1483 2155 congruentia
1519 2123 1597 2144 cum
1618 2113 1783 2146 omnibus
1806 2116 1997 2159 praeceptis
2022 2119 2164 2151 morali—

1180 2164 1263 2203 bus,
1303 2163 1423 2196 eadem
1456 2171 1507 2196 est
1540 2163 1635 2195 enim
1674 2165 1901 2207 congruentia
1935 2178 2013 2200 curn
2048 2175 2163 2202 mente

1180 2214 1310 2247 (lirina.

1280 2270 1355 2304 Etsi
1377 2278 1491 2305 autem
1515 2272 1576 2304 toti
1603 2271 1666 2314 legi
1692 2269 1776 2305 haec
1799 2273 1934 2307 infirma
1953 2283 2074 2310 natura
2092 2289 2163 2310 non

1152 2335 1156 2379 Ι
1180 2323 1412 2366 obtemperat,
1439 2328 1554 2355 tamen
1573 2319 1638 2355 hoc
1658 2324 1762 2356 modo
1780 2325 2023 2359 constituenda
2040 2335 2087 2361 est
2104 2329 2165 2360 de-

1151 2383 1156 2425 ὶ
1180 2372 1312 2411 finitio,
1341 2372 1421 2416 quia
1448 2379 1565 2414 postea
1589 2372 1788 2415 saepissime
1811 2375 1926 2419 inquit
1942 2389 2007 2410 vox
2032 2378 2161 2410 divina.

1180 2423 1365 2457 Neminem
1390 2422 1425 2454 in
1452 2419 1513 2455 hac
1541 2422 1742 2456 infirmitate
1765 2431 1909 2459 naturae
1932 2427 2061 2460 iustum
2083 2439 2165 2468 esse,

1182 2474 1215 2506 id
1236 2480 1302 2506 est:
1328 2472 1512 2505 Neminem
1539 2484 1728 2515 congruere
1753 2486 1830 2508 cum
1850 2484 1964 2510 mente
1989 2485 2020 2510 et
2038 2478 2162 2511 volun-

1181 2531 1250 2557 tate
1266 2522 1351 2564 Dei,
1379 2523 1482 2556 ctiam
1509 2523 1536 2555 si
1556 2523 1633 2568 quis
1654 2520 1759 2558 habet
1782 2527 1922 2560 umbras
1943 2534 2162 2561 externorum

1182 2581 1340 2618 gestuum
1360 2586 1431 2606 non
1451 2574 1635 2606 deformes.

1283 2631 1421 2666 Rursus
1452 2637 1565 2664 tamen
1592 2632 1728 2677 aliquos
1752 2646 1818 2666 vox
1844 2631 2026 2677 Evangelii
2055 2635 2164 2669 iustos

1183 2695 1254 2718 esse
1279 2683 1507 2727 pronunciat,
1536 2694 1614 2716 cum
1638 2683 1780 2728 quidem
1801 2684 1950 2721 fateatur
1970 2697 2110 2720 manere
2127 2687 2164 2719 in
