2338 2958
187 154 261 189 919

601 146 761 183 DECL.
813 141 888 178 DE
923 139 1130 177 LEGUM
1167 133 1464 173 FONTIBUS
1499 131 1575 168 ET
1609 131 1826 168 CAUSIS.

2155 131 2231 166 920

193 250 311 273 rerum
340 238 437 271 Deus
460 232 592 267 semina
621 229 656 261 in
681 233 815 261 mentes
830 223 1005 259 humanas
1030 221 1187 256 transfu-
1211 222 1215 263 l
1239 215 1441 252 testimonia
1457 214 1632 248 affirmant
1647 211 1752 247 aDeo
1771 213 1931 248 instituta
1946 224 2030 253 esse,
2053 218 2086 246 et
2099 212 2232 246 sancita

195 290 264 329 dit,
291 301 369 321 cum
389 297 452 319 nos
468 285 509 317 ad
527 280 715 323 imaginem
734 289 832 311 suam
849 276 1027 309 conderet.
1080 271 1128 306 Et
1145 271 1187 304 ad

195 352 353 374 normam
373 348 454 370 suae
475 331 601 366 mentis
626 340 819 372 congruere
835 327 909 360 vult
929 323 1117 358 hominum
1136 322 1190 354 vi-

195 399 265 426 tam
284 397 315 423 et
333 397 456 421 mores.
492 383 587 416 Voce
605 381 710 414 etiam
726 391 787 413 sua
812 375 903 410 hanc
919 376 1030 421 ipsam
1051 373 1191 418 sapien-

197 444 280 476 tiam
301 447 333 473 et
351 438 523 470 virtutum
541 432 738 466 doctrinam
756 428 929 475 patefecit.

296 521 371 555 Hae
388 518 534 553 notitiae
553 513 727 549 divinitus
745 511 894 545 traditae
906 521 991 560 ‘cum
1010 509 1086 541 lnce
1103 517 1191 552 quae

199 574 382 609 nobiscum
409 568 582 607 nascitur,
615 571 690 599 tum
718 575 800 596 vero
824 562 928 595 etiam
952 571 1037 593 voce
1060 557 1193 594 divina,

200 632 285 659 sunt
307 622 409 656 initia
431 621 548 663 legum
573 623 606 651 et
624 614 762 649 ordinis
786 611 938 657 politici,
965 610 1020 644 cui
1039 609 1115 642 vult
1130 618 1195 640 nos

200 676 314 716 Deus,
346 685 418 706 non
443 671 560 704 solum
585 664 799 700 necessitatis
818 670 958 696 nostrae
983 671 1084 694 causa
1104 659 1194 692 obe-

201 728 288 766 dire,
315 725 375 758 sed
393 723 503 756 multo
519 719 640 762 magis,
667 723 705 751 ut
721 725 949 759 agnoscamus
965 711 1199 767 conditorem,

201 786 234 811 ct
252 778 289 810 in
307 775 373 809 lioc
391 775 466 818 ipso
483 770 609 805 ordine
627 768 823 807 discamus,
850 776 923 798 non
943 774 1024 796 casu
1042 767 1195 818 extitisse

202 827 292 862 lianc
306 833 468 860 naturam
487 832 617 859 rerum,
644 818 704 852 sed
721 816 882 863 opificem
903 825 975 847 esse
993 817 1197 856 sapientem,

202 881 353 918 iustum,
380 874 590 912 beneficum,
618 879 794 908 veracem,
829 871 982 905 castum,
1008 870 1042 897 et
1065 861 1198 895 similes

202 931 348 964 virtutes
367 927 404 959 in
422 924 525 958 nobis
542 920 775 964 flagitantem,
802 923 836 951 et
851 915 1028 950 vindicem
1046 913 1198 958 punien-

202 989 271 1015 tem
288 977 394 1013 huius
408 974 546 1010 ordinis
563 971 807 1006 violationem.

304 1061 353 1098 Ut
379 1060 486 1103 igitur
511 1057 612 1090 vides
642 1053 734 1088 hanc
766 1049 1042 1097 pulcherrimam
1073 1046 1199 1081 mundi

204 1117 369 1160 figuram,
400 1109 487 1144 coeli
512 1115 546 1142 et
571 1107 825 1141 elementorum
854 1102 1026 1147 positum,
1062 1098 1146 1132 solis
1168 1104 1201 1131 et

206 1166 388 1201 stellarum
406 1167 540 1200 motus,
565 1165 764 1200 temporum
782 1154 891 1194 vices,
920 1152 1048 1185 deinde
1071 1150 1107 1182 in
1124 1149 1199 1192 ipso

207 1216 352 1251 homine
370 1218 546 1250 mentem,
572 1217 740 1241 numeros
768 1211 802 1238 et
825 1204 911 1237 alias
938 1201 1080 1235 notitias
1093 1199 1201 1232 mira-

207 1268 271 1303 bili
290 1272 362 1300 arte
380 1261 552 1297 divinitus
573 1258 756 1293 ordinatos
770 1266 862 1295 esse,
888 1261 922 1287 et
938 1252 1059 1286 divina
1078 1257 1202 1294 poten-

206 1320 254 1354 tia
284 1312 503 1351 conservari:
539 1311 748 1344 sic.certum
775 1312 825 1340 est
851 1317 870 1338 a
894 1303 969 1338 Deo
1001 1302 1201 1335 societatem

207 1369 395 1404 hominum
430 1369 464 1397 et
496 1360 639 1395 vincula
674 1357 867 1397 societatis,
901 1354 1066 1399 imperia,
1102 1352 1203 1394 leges,

208 1419 407 1455 doctrinam
424 1414 610 1451 virtutum,
637 1409 803 1449 iustitiae,
829 1404 1089 1444 beneficentiae,
1111 1401 1203 1435 veri-

208 1472 310 1511 tatis,
337 1465 528 1505 castitatis,
554 1467 773 1499 contractus,
801 1457 950 1497 iudicia,
977 1465 1106 1500 poenas
1129 1453 1202 1486 sin-

209 1521 322 1568 gulari
341 1529 446 1564 opere
468 1514 647 1549 ordinatas
663 1522 753 1553 esse,
778 1517 812 1544 et
836 1508 1002 1542 excitatos
1018 1507 1063 1539 ab
1081 1517 1120 1538 eo
1138 1516 1203 1548 gu-

208 1576 427 1610 bernatores,
454 1567 571 1610 legum
587 1570 721 1599 tutores
736 1574 775 1596 ac
792 1561 1016 1604 interpretes,
1040 1556 1101 1602 qui
1119 1555 1204 1588 sub—

209 1625 294 1659 inde
309 1621 374 1656 bos
397 1629 525 1654 nervos
549 1613 725 1650 societatis
752 1618 786 1646 et
813 1610 1012 1646 doctrinam
1032 1607 1203 1640 virtutum

210 1675 445 1710 restituerent.

305 1756 350 1791 Et
368 1762 571 1801 quanquam
590 1747 685 1782 bunc
700 1746 862 1780 ordinem
883 1745 1018 1777 furores
1037 1740 1204 1775 diabolici

212 1819 244 1844 et
269 1806 415 1843 humani
441 1800 684 1845 multipliciter
707 1798 870 1836 turbant,
898 1802 1013 1828 tamen
1032 1798 1204 1838 quantum

213 1867 331 1894 manet
355 1855 510 1894 ordinis,
538 1853 571 1885 id
589 1862 669 1883 vere
687 1860 705 1882 a
723 1848 797 1882 Deo
814 1852 1062 1884 conservatur,
1090 1855 1134 1875 ne
1153 1849 1206 1875 to-

213 1921 287 1947 tum
314 1919 421 1953 genus
443 1904 638 1939 humanum
664 1901 822 1933 intereat.
876 1896 977 1929 llanc
1005 1893 1205 1927 doctrinam

215 1973 371 2006 expresse
392 1957 497 1991 tradit
517 1950 768 1995 voxApostoli‚
795 1961 874 1982 cum
896 1946 1023 1992 inquit,
1056 1943 1207 1988 lmperia

215 2023 245 2048 et
266 2015 355 2057 leges
374 2005 636 2043 ordinationem
655 2001 717 2036 Dei
738 2012 824 2034 esse.
877 2000 959 2041 Quo
981 1998 1015 2029 in
1033 1997 1108 2029 loco
1129 2006 1207 2027 vcr-

215 2068 297 2099 bum
318 2061 455 2095 ordinis
472 2056 661 2099 diligenter
679 2051 974 2086 considerandum
993 2055 1052 2081 est.
1107 2045 1207 2089 Quae

215 2117 375 2149 ordinata
401 2116 481 2144 sunt
502 2114 596 2141 certo
617 2104 784 2143 consilio,
811 2100 983 2144 descripta
1008 2106 1040 2131 et
1058 2098 1206 2130 circum-

217 2167 341 2210 scripta
371 2169 472 2201 sunt,
499 2165 593 2192 certa
618 2155 720 2189 initia
743 2160 778 2187 et
803 2159 912 2186 certas
938 2156 1046 2183 metas
1069 2146 1208 2182 liabent.

214 2219 304 2251 (lum
324 2215 430 2256 igitur
445 2209 595 2245 sanxerit
608 2207 701 2240 Deus
716 2204 892 2243 ordinem,
917 2201 1142 2234 manifestum
1153 2205 1210 2255 'est

217 2268 401 2312 displicere
427 2263 457 2296 ei
484 2259 696 2307 cyclopit‘atn
717 2256 844 2295 vitam,
872 2266 960 2299 quae.
984 2253 1059 2285 sine
1083 2251 1209 2283 ordine

218 2328 249 2354 et
274 2320 348 2351 sine
374 2315 507 2356 legibus
528 2311 660 2353 agitur,
686 2315 717 2341 et
737 2319 807 2352 quo
827 2317 946 2338 caecae
970 2310 1003 2336 et
1022 2301 1210 2335 dissimiles

218 2369 425 2415 cupiditates
457 2362 661 2407 impellunt,
697 2358 779 2391 ruit.
836 2355 906 2389 Nec
935 2355 1082 2387 obscure
1117 2352 1210 2385 Deus

218 2423 433 2455 voluntate-m
454 2428 549 2448 suain
570 2413 604 2444 in
623 2409 745 2455 poeuis
761 2408 923 2441 declarat.
966 2405 1096 2438 Omnis
1115 2403 1208 2435 enim

219 2481 316 2507 atrox
343 2467 487 2501 violatio
509 2463 639 2508 publici
665 2460 803 2494 ordinis
830 2458 1008 2492 atrocibus
1032 2455 1152 2499 poenis
1174 2454 1208 2486 in

219 2524 283 2558 liae
299 2522 368 2554 vita
388 2517 544 2563 punitur.
580 2515 659 2556 Qua
677 2524 715 2544 ex
733 2523 769 2544 re
789 2509 935 2551 intelligi
956 2514 1078 2552 potest,
1095 2505 1208 2538 Deum

221 2588 299 2608 wrt-
317 2571 495 2605 custodem
517 2578 589 2598 esst·
616 2562 720 2596 liuius
738 2561 876 2594 ordinis
893 2568 924 2593 et
946 2560 1070 2602 legum.
1128 2555 1209 2589 ldeo

220 2628 311 2660 filius
336 2622 400 2657 Dei
428 2617 559 2664 iuquit:
596 2615 667 2657 Qui
691 2613 846 2657 gladium
870 2610 1060 2655 acceperit,
1092 2608 1209 2649 gladio

412 2669 546 2714 Accipit
581 2673 715 2701 autem,
750 2664 908 2709 quisquis
939 2674 1009 2694 non
1042 2659 1210 2693 dantibus

220 2676 356 2723 periliil-
889 2714 911 2720 ,.
1039 2711 1047 2718 ι
1115 2711 1120 2716 ι
1151 2710 1158 2717 .

875 2715 933 2748 διι-
952 2720 983 2746 et
1002 2713 1069 2746 alta
1086 2712 1207 2743 (invitia

219 2740 314 2763 arma
339 2724 490 2767 legibus,
518 2720 588 2752 vim
609 2716 687 2750 aliis
705 2715 818 2748 infert.

1239 276 1272 302 et
1290 266 1421 301 servari
1437 265 1605 309 imperia,
1631 271 1672 298 ut
1687 264 1856 308 scriptum
1875 272 1939 298 est:
1967 263 2141 298 Iudicium
2157 263 2232 297 Do-

1240 318 1329 352 mini
1347 316 1523 350 exercetis.
1575 313 1621 349 Et
1645 317 1738 359 apud
1755 313 1957 348 Danielem:
1984 313 2080 348 Deus
2101 314 2233 348 consti-

1241 371 1306 404 tuit
1326 375 1359 401 et
1377 367 1543 401 transfert
1559 377 1678 409 regna.
1729 363 1776 399 Et
1801 365 1837 397 in
1855 364 2060 399 Salomone:
2088 359 2234 399 Pondus

1241 427 1275 453 et
1298 426 1423 453 statera
1450 416 1579 451 iudicia
1605 415 1752 450 Domini
1777 422 1869 451 sunt.
1921 415 1976 449 Sit
2000 415 2106 458 igitur
2129 416 2233 449 infixa

1244 469 1445 516 pectoribus
1464 466 1548 501 haec
1565 467 1758 505 sententia,
1786 473 1818 500 et
1835 467 1933 499 firma
1958 478 1996 499 ac
2020 466 2163 500 immota
2179 477 2233 500 as-

1242 522 1405 555 sensione
1423 519 1632 559 retineatur,
1656 519 1749 561 leges
1766 524 1799 551 et
1814 524 1925 551 totum
1939 517 2122 562 politicum
2138 517 2237 551 ordi-

1245 585 1324 605 nem
1348 570 1556 615 sapientiam
1579 568 1646 603 Dei
1671 580 1762 609 esse,
1797 568 1900 602 nobis
1926 573 2178 609 monstratam,
2203 574 2238 601 et

1244 635 1297 657 res
1320 623 1431 655 bonas
1449 632 1539 662 esse,
1570 632 1609 653 ac
1630 619 1819 660 beneficia,
1847 619 1884 652 in
1901 619 2030 664 quibus
2046 616 2142 652 Deus
2161 618 2237 652 vult

1244 673 1406 717 agnosci,
1439 684 1474 705 se
1507 683 1649 716 quoque
1679 671 1810 704 iustum
1838 677 1872 704 et
1898 681 2054 703 veracem
2078 681 2170 710 esse,
2204 675 2237 702 et

1244 736 1361 758 amare
1386 722 1576 763 iustitiam,
1611 729 1644 755 et
1669 720 1889 755 horribiliter
1908 720 2008 754 irasci
2031 720 2237 754 iniustitiae.

1246 776 1297 808 Ac
1321 781 1394 808 toto
1421 779 1558 818 pectore
1581 773 1764 805 execrandi
1797 778 1879 805 sunt
1907 771 2045 805 furores
2071 769 2239 805 diabolici

1248 824 1432 859 bominum
1459 825 1712 864 fanaticorum,
1736 823 1797 868 qui
1820 823 1911 867 leges
1928 830 1961 856 et
1981 834 2109 856 nervos
2125 821 2239 855 civilis

1248 877 1359 916 vitae,
1396 881 1525 918 negant
1548 885 1620 906 esse
1642 873 1708 908 Dei
1733 885 1837 918 opera
1863 881 1897 908 et
1921 873 2088 907 beneficia
2107 872 2241 907 divina.

1249 928 1320 961 Nec
1338 927 1483 959 instituo
1499 925 1567 957 iam
1586 924 1832 958 refutationem
1850 925 2125 963 calumniarum,
2151 935 2241 969 quae

1249 978 1352 1011 nobis
1385 983 1636 1021 opponuntur,
1669 982 1702 1009 et
1725 975 1806 1020 quia
1838 976 1979 1020 longior
2006 975 2122 1009 futura
2153 979 2241 1007 esset

1249 1029 1381 1069 oratio,
1409 1039 1514 1072 quam
1532 1033 1571 1060 ut
1587 1023 1669 1060 huic
1686 1026 1837 1071 tempori
1853 1028 2074 1065 conveniret,
2100 1031 2133 1058 et
2150 1025 2242 1059 inter

1249 1091 1310 1112 sos
1333 1079 1393 1124 qui
1419 1085 1510 1111 recte
1535 1077 1687 1111 instituti
1712 1078 1793 1111 estis
1817 1078 1853 1110 in
1877 1077 2037 1111 doctrina
2052 1075 2242 1115 Ecclesiae,

1250 1142 1320 1163 non
1346 1141 1435 1174 opus
1459 1135 1510 1162 est
1532 1128 1636 1171 longa
1658 1128 1906 1172 disputatione.
1960 1127 2103 1162 Gratias
2126 1126 2243 1172 potius

1249 1193 1391 1224 agamus
1415 1179 1510 1219 Deo,
1548 1179 1642 1223 quod
1666 1179 1847 1212 veritatem
1872 1179 1976 1212 nobis
2004 1178 2183 1223 patefecit,
2210 1184 2242 1210 et

1251 1231 1488 1265 assensionem
1508 1231 1544 1261 in
1560 1229 1737 1263 mentibus
1753 1229 1882 1263 nostris
1897 1230 2091 1265 confirmat.

1351 1331 1490 1366 Accedo
1522 1332 1630 1376 igitur
1654 1344 1750 1366 nunc
1783 1333 1825 1366 ad
1858 1333 1962 1366 aliam
1989 1332 2244 1378 quaestionem,

1251 1384 1453 1429 propiorem
1471 1390 1609 1416 nostrae
1619 1384 1815 1417 doctrinae:
1837 1382 1893 1417 An
1912 1381 2152 1418 boeRomano
2168 1384 2245 1418 iure

1252 1443 1285 1469 et
1323 1442 1525 1468 nostrorum
1556 1434 1788 1479 interpretum
1821 1435 1960 1479 scriptis
1986 1435 2158 1469 utendum
2189 1435 2245 1470 sit.

1251 1487 1302 1521 De
1329 1498 1395 1531 qua
1421 1485 1626 1531 quaestione
1648 1498 1689 1519 eo
1715 1485 1905 1520 dicendum
1931 1491 2000 1527 est,
2034 1485 2117 1532 quia
2139 1486 2243 1520 etiam

1251 1549 1371 1571 recens
1398 1537 1542 1582 quidam
1573 1537 1757 1570 vociferari
1789 1542 2001 1582 coeperunt,
2035 1548 2108 1570 non
2141 1537 2246 1571 licere

1253 1588 1357 1621 nobis
1391 1589 1442 1621 uti
1480 1585 1621 1621 ethnico
1649 1588 1744 1629 iure,
1784 1587 1957 1622 Iustitiam
1986 1600 2059 1621 rem
2087 1588 2246 1622 divinam

1253 1651 1342 1677 esse,
1370 1650 1477 1683 quare
1505 1645 1642 1672 tantum
1668 1651 1707 1671 ex
1736 1638 1837 1672 libris
1862 1639 1994 1671 divinis
2016 1640 2166 1683 petenda
2191 1640 2248 1679 sit,

1254 1689 1415 1722 videlicet
1445 1701 1483 1721 ex
1506 1689 1620 1722 Moise
1643 1697 1675 1723 et
1689 1687 1896 1733 Evangelio.
1950 1687 2024 1722 Hac
2041 1691 2083 1723 de
2099 1702 2136 1723 re
2152 1691 2245 1724 scitis

1253 1753 1347 1774 anno
1383 1739 1563 1783 superiore
1597 1740 1727 1773 alicubi
1759 1741 1930 1774 clamores
1963 1740 2129 1775 excitatos
2163 1753 2247 1777 esse.

1254 1791 1369 1825 Semel
1389 1798 1504 1824 autem
1522 1790 1688 1824 omnibus
1705 1791 1786 1831 illis,
1810 1791 1870 1836 qui
1887 1791 2144 1835 sapientissimo
2163 1805 2247 1826 con-

1253 1842 1332 1875 silio
1361 1848 1552 1885 receptam,
1592 1848 1626 1875 et
1658 1841 1855 1885 sapientum
1888 1853 1952 1875 usu
1982 1843 2247 1887 comprobatam

1255 1892 1434 1926 doctrinae
1461 1892 1610 1924 sormam
1642 1893 1866 1936 improbant,
1900 1899 1933 1927 et
1956 1904 2082 1926 novam
2107 1894 2249 1938 gignere

1246 1950 1443 1978 conantur.
1486 1942 1717 1986 I'tesponde0‚
1748 1942 1923 1977 Similiter
1946 1943 2026 1976 illos
2048 1944 2176 1986 facere,
2211 1954 2248 1980 ut

1258 1995 1293 2026 in
1327 1995 1445 2026 fabula
1476 1992 1709 2037 Hermogenis
1742 1995 1785 2027 de
1817 1994 1930 2028 simiis
1956 1995 2107 2035 dicitur,
2142 2009 2248 2041 quam

1257 2045 1411 2078 breviter
1435 2045 1606 2089 recitabo,
1636 2052 1672 2079 ut
1695 2045 1885 2088 imaginem
1905 2045 2073 2079 stultitiae
2092 2046 2268 2087 illorum‚'

1257 2097 1317 2142 qui
1337 2108 1470 2129 novum
1488 2096 1542 2129 ius
1559 2097 1710 2129 condere
1729 2096 1872 2135 volunt,
1899 2096 2140 2134 consideretis.
2176 2096 2250 2132 Diu

1257 2148 1349 2191 apud
1377 2145 1537 2180 homines
1554 2147 1687 2181 vixerat
1711 2147 1812 2180 simia
1838 2148 1906 2180 iam
1927 2147 2062 2187 vetula,
2090 2150 2149 2182 sed
2171 2156 2250 2183 tan-

1258 2201 1336 2231 dem
1356 2198 1588 2242 negligentius
1605 2198 1777 2232 custodita
1797 2198 1925 2240 evasit,
1952 2205 1984 2232 et
2004 2199 2040 2232 in
2060 2211 2201 2246 campos
2217 2207 2251 2234 et

1258 2249 1374 2295 sylvas
1403 2251 1447 2282 ad
1475 2255 1628 2283 caeteras
1657 2249 1776 2282 simias
1802 2249 1918 2286 rediit.
1952 2249 2000 2283 ibi
2028 2258 2147 2286 narrat
2170 2252 2251 2296 pul—

1259 2299 1378 2333 chram
1408 2308 1440 2334 et
1464 2301 1602 2334 beatam
1625 2312 1698 2334 esse
1720 2297 1906 2334 hominum
1933 2301 2062 2343 vitam,
2093 2314 2183 2347 quae
2206 2302 2251 2336 sit

1259 2351 1395 2384 munita
1415 2351 1512 2385 tectis
1533 2359 1653 2385 contra
1674 2350 1829 2396 pluvias,
1855 2352 1985 2396 frigora
2009 2360 2041 2387 rt
2059 2361 2192 2394 aestus,
2217 2360 2250 2387 et

1260 2403 1445 2435 moenibus
1463 2409 1583 2436 contra
1603 2403 1692 2436 feras
1708 2409 1740 2436 et
1760 2401 1893 2445 hostes,
1920 2410 1953 2437 et
1968 2415 2130 2447 magnam
2154 2415 2251 2438 com-

1258 2455 1464 2487 moditatem
1486 2466 1576 2493 esse,
1611 2451 1739 2487 babere
1764 2454 1932 2499 repositas
1954 2455 2071 2499 fruges
2095 2455 2130 2489 iu
2154 2454 2251 2489 aedi-

1260 2505 1344 2546 bus,
1373 2517 1533 2548 magnam
1556 2505 1773 2549 voluptatem
1797 2517 1869 2539 esse
1891 2517 2097 2549 congressus
2114 2512 2148 2540 et
2172 2518 2251 2551 spe-

1258 2557 1402 2589 ctacula.
1458 2555 1632 2589 Hortatur
1646 2563 1798 2590 caeteras
1820 2564 1858 2591 ut
1874 2554 1964 2591 hanc
1982 2554 2169 2591 bominum
2194 2569 2250 2591 sa-

1260 2607 1427 2651 pit-utiam
1457 2607 1659 2648 imitentur,
1693 2614 1725 2641 ct
1748 2608 1873 2641 domos
1905 2614 2087 2647 extruant,
2121 2615 2153 2643 et
2180 2608 2251 2642 cir-

1258 2659 1423 2692 cumdent
1440 2671 1600 2699 murum,
1626 2665 1663 2692 ut
1681 2670 1799 2693 arcere
1820 2666 1971 2693 caeteras
1993 2659 2083 2693 feras
2105 2659 2251 2705 possint.

1258 2708 1485 2745 Conveniunt
1503 2721 1629 2755 magna
1648 2710 1788 2754 agmina
1810 2709 2015 2752 simiarum,
2042 2717 2080 2745 ut
2105 2711 2251 2746 audiant
