2338 2958
117 128 191 164 609

114 211 205 257 legis
229 208 483 255 Prophetarum
519 215 550 241 et
580 207 846 253 Apostolorum,
889 222 977 254 quos
1004 210 1098 242 Deus

118 261 289 296 Ecclesiae
305 259 467 297 tradidit,
495 266 531 292 ut
544 266 711 303 perpetuo
728 260 801 293 eius
816 272 934 293 vocem
951 260 1096 292 audiret.

116 312 215 345 Nunc
233 310 339 352 igitur
356 310 397 341 ad
422 309 474 348 id,
508 310 602 354 qnod
621 310 774 347 institui,
810 311 946 345 accedo.
1006 308 1095 342 Cum

112 361 206 395 Deus
232 360 268 391 in
292 357 448 392 Ecclesia
474 371 609 402 semper
631 366 744 392 extare
763 360 891 392 librum
917 357 1096 403 propheti-

111 421 188 444 cum
206 415 238 442 et
256 409 486 453 apostolicum
503 410 604 449 velit,
638 416 670 442 et
686 407 751 441 hoc
766 410 893 452 scripto
909 410 978 452 regi
998 421 1094 441 men-

111 466 160 493 tes
187 466 339 499 nostras,
380 466 412 492 et
439 459 578 492 accendi
606 459 769 492 noticiam
798 459 923 502 ipsius,
959 470 1095 502 semper

109 520 246 542 necesse
262 517 312 542 est
328 507 463 542 scholas
479 509 614 542 additas
632 520 702 541 esse
716 507 899 548 Ecclesiis,
926 521 1014 553 quae
1030 509 1093 541 do-

111 566 208 592 ceant
231 559 364 598 literas,
400 566 431 592 et
455 571 649 592 sermonem
679 558 840 590 divinum
864 565 1024 591 enarrent
1053 570 1092 591 ac

109 609 392 652 interpretentur.
455 607 529 642 Etsi
548 610 589 641 de
608 620 644 640 re
664 608 808 640 minime
831 609 936 640 dubia
956 609 1092 653 loquor,

109 665 224 691 tamen
251 671 328 692 cum
352 659 386 691 in
410 666 504 692 tanto
529 664 729 700 contemptu
755 658 823 690 sint
845 658 982 698 literae,
1009 670 1091 702 pro—

110 709 214 741 lixius
230 706 293 742 hac
311 710 353 741 de
366 720 402 741 re
421 709 606 741 dicendum
625 716 685 741 cst.
739 706 790 740 Ac
806 708 958 750 primum
980 706 1090 742 histo-

108 759 160 791 ria
185 759 343 791 omnium
367 765 517 791 aetatum
543 763 576 790 et
601 757 706 789 series
732 758 890 790 omnium
915 757 1091 791 Ecclesiae

109 815 306 852 temporum
337 808 584 841 consideretur.
647 806 687 839 ln
712 807 833 850 politia
856 808 972 852 Moysi
996 809 1090 841 scitis

108 859 151 891 ad
176 858 456 897 tabernaculum,
489 863 528 890 ut
552 857 762 897 vocabatur,
789 858 910 891 classes
929 860 1090 891 sacerdo-

109 915 182 941 tnm
203 915 235 942 et
257 908 458 941 Levitarum
486 908 690 940 constitutas
718 907 840 946 fuisse,
877 920 948 941 non
975 910 1088 942 solum

106 964 145 990 ut
177 958 227 990 ibi
251 963 440 991 mactarent
469 958 631 1000 pecudes,
665 958 723 990 sed
749 958 861 990 multo
890 959 1015 1001 magis,
1051 966 1090 992 ut

107 1007 214 1049 legem
235 1008 366 1051 populo
390 1014 610 1047 enarrarent,
637 1009 889 1050 responderent
908 1010 1087 1051 ambigen-

106 1057 199 1090 tibus
224 1058 368 1095 animis,
401 1058 634 1090 diiudicarent
659 1059 858 1099 dogmatum
886 1066 1088 1091 controver-

106 1107 190 1139 sias:
218 1114 256 1140 ut
276 1108 367 1140 clare
386 1114 528 1140 testatur
546 1115 646 1150 caput
667 1108 723 1141 17.
750 1108 785 1139 in
801 1106 1088 1148 Deuteronomio,

108 1158 201 1202 quod
235 1157 328 1190 iubet
357 1157 484 1190 deferri
523 1158 775 1190 controversias
803 1159 843 1189 ad
883 1160 1088 1198 sacerdotes,

106 1206 299 1245 Leviticos‚
327 1214 359 1240 et
373 1209 414 1240 ad
431 1208 545 1240 locum
564 1207 798 1245 tabernaculi,
825 1208 1016 1241 etiudicari
1035 1221 1088 1241 res

105 1269 176 1289 non
195 1270 234 1290 ex
253 1258 406 1290 arbitriis
418 1264 617 1300 potentum,
644 1258 700 1289 sed
721 1269 759 1289 ex
776 1257 849 1299 lege
865 1258 994 1292 (lirina.
1037 1257 1087 1290 'Ne

104 1307 211 1350 igitur
246 1308 438 1340 existimate
472 1307 530 1338 illa
558 1308 774 1339 sacerdotum
808 1308 947 1349 agmina
983 1308 1087 1340 fnisse

105 1357 230 1395 otiosa,
270 1364 327 1389 aut
355 1364 491 1390 tantum
520 1357 694 1389 sacrificiis
728 1365 902 1400 occupata.
971 1357 1088 1390 Maior

105 1407 250 1439 omnino
269 1418 368 1446 cura,
396 1406 507 1438 maior
534 1407 582 1439 eis
605 1407 714 1438 moles
732 1407 891 1449 imposita
913 1414 1006 1448 erat,
1034 1408 1086 1439 vi·-

105 1456 230 1490 ‹lelicet
254 1464 289 1489 ut
315 1463 427 1489 essent
451 1456 629 1489 doctrinae
654 1457 829 1495 custodes,
857 1464 958 1501 atque
980 1458 1087 1489 iuter-

105 1513 236 1550 pretes,
262 1514 291 1539 et
312 1506 592 1549 gravissimarum
611 1507 925 1539 controversiarum
946 1507 1087 1547 iudices,

104 1568 142 1588 ac
162 1557 454 1600 complectebatur
472 1568 592 1589 eorum
620 1556 786 1598 professio
812 1556 947 1596 literas,
976 1557 1084 1599 legem

103 1606 278 1643 divinam,
315 1604 496 1646 historias,
523 1606 783 1638 distinctionem
807 1613 1024 1649 temporum,
1052 1613 1086 1639 et

102 1656 186 1688 anni
219 1656 389 1688 rationem
423 1655 619 1688 constitutis
646 1656 746 1689 metis
774 1668 813 1689 ex
841 1656 1084 1690 observatione

103 1712 260 1739 motuum
293 1706 512 1745 coelestium,
554 1712 698 1739 naturae
726 1706 1010 1751 inquisitionem,
1052 1713 1086 1739 et

101 1762 210 1789 artem
231 1756 420 1796 medicam,
445 1755 596 1800 denique
611 1763 645 1789 et
659 1756 839 1792 musicam.
891 1755 976 1789 Erat
993 1757 1085 1789 inter

104 1805 285 1849 praecipua
311 1817 474 1845 munera,
507 1812 541 1838 et
570 1817 623 1838 res
647 1813 757 1848 gestas
779 1807 816 1838 in
848 1807 980 1849 populo
1006 1805 1084 1845 Dei,

102 1857 194 1887 bona
212 1856 277 1887 fide
295 1855 330 1887 in
348 1855 487 1898 publica
504 1862 730 1888 monumenta
741 1856 887 1895 referre,
911 1862 948 1889 ut
963 1855 998 1887 in
1014 1854 1083 1888 Ec-

101 1905 203 1938 clesia
237 1911 364 1938 extaret
395 1905 561 1937 continua
596 1905 700 1937 series
727 1903 902 1938 historiae.
962 1904 1082 1938 Voluit

102 1955 194 1988 enim
218 1953 312 1987 Deus
335 1955 480 1998 posteris
506 1961 673 1987 retroacta
693 1961 846 1998 tempora
867 1955 983 1987 omnia
998 1961 1081 1987 nota

102 2016 173 2038 esse
185 2032 193 2045 ,
219 2011 257 2037 ut
275 2005 452 2038 doctrinae
467 2005 665 2037 testimonia
681 2011 771 2038 certa
789 2002 968 2038 haberent.
1008 2005 1082 2037 No-

102 2055 166 2088 luit
190 2055 280 2087 enim
298 2054 393 2088 Dens
410 2055 524 2097 vagari
542 2055 678 2087 animos
702 2062 854 2095 nostros,
884 2055 1082 2098 ignorantes

100 2105 223 2137 mundi
260 2105 421 2144 initium,
455 2105 634 2146 religionis
668 2105 828 2142 exordia,
860 2105 1081 2148 propagatio-

103 2167 204 2195 nem,
227 2155 491 2198 depravationes
516 2161 549 2188 et
572 2155 817 2187 restitutiones.
871 2154 952 2187 Ideo
971 2153 1081 2187 histo-

101 2205 188 2238 riam
208 2205 366 2237 omnium
384 2212 580 2249 temporum
600 2205 738 2237 brevem
762 2205 901 2249 quidem
914 2230 923 2243 ,
951 2206 1008 2237 sed
1027 2217 1079 2237 res

101 2266 253 2287 summas
269 2255 500 2297 complexam,
520 2266 656 2298 semper
673 2255 706 2286 in
719 2253 871 2287 Ecclesia
889 2261 1002 2287 extare
1018 2268 1080 2287 vo-

101 2304 168 2338 luit
195 2311 225 2337 et
251 2304 479 2338 conservavit.
538 2304 635 2347 Quid
660 2305 766 2347 igitur
783 2305 849 2337 fuit
871 2305 956 2337 illud
976 2304 1079 2337 colle-

100 2354 194 2398 gium
214 2354 306 2386 aliud
319 2381 327 2394 ‚
352 2354 420 2386 nisi
438 2351 554 2386 schola
571 2366 630 2387 seu
646 2354 833 2387 Academia
851 2355 979 2396 optime
996 2367 1079 2388 con·

101 2404 244 2438 stituta?
285 2416 372 2448 quae
399 2403 538 2448 quidem
560 2416 669 2448 usque
698 2405 739 2437 ad
764 2402 944 2437 Christum
969 2417 1079 2438 annos

100 2454 236 2488 circiter
261 2455 358 2487 mille
381 2453 589 2498 quingentos
612 2454 791 2487 doctrinae
814 2455 953 2488 divinae
971 2455 1079 2488 iuter-

101 2515 178 2548 pres
204 2511 237 2538 et
262 2511 376 2537 custos
399 2504 476 2538 suit.
530 2504 740 2549 Quanquam
758 2505 850 2537 enim
870 2515 969 2547 saepe
986 2504 1079 2538 Pon-

102 2554 209 2587 tifices
228 2561 452 2587 exercuerunt
477 2555 716 2598 tyrannidem,
757 2561 789 2587 et
815 2566 959 2597 magnae
983 2561 1078 2588 tene—

103 2604 185 2636 brae
209 2605 389 2638 doctrinae
412 2612 553 2648 propter
576 2604 749 2647 ignaviam
771 2606 986 2637 sacerdotum
1006 2605 1078 2639 fue-

104 2660 203 2687 runt:
232 2660 347 2688 tamen
364 2654 513 2688 subinde
530 2653 623 2686 Deus
639 2654 793 2688 excitatis
809 2653 991 2698 Prophetis
1008 2662 1078 2689 stu—

156 2706 330 2738 Munxrn.
351 2707 450 2738 Ona.
480 2707 559 2736 Vot..
580 2707 641 2739 XI.

544 121 701 161 DECL.
736 123 809 159 DE
842 119 1291 160 CONIUNCTIONE
1325 122 1704 165 SCHOLARUM.

2057 136 2130 172 610

1150 208 1206 241 dia
1223 209 1362 242 virtutis
1381 216 1413 243 et
1437 211 1616 246 doctrinae
1639 213 1750 247 lucem
1774 213 1811 248 in
1837 213 1902 251 hac
1915 217 2029 253 schola
2047 234 2128 256 rur—

1149 269 1206 290 sus
1230 260 1397 293 accendit.
1457 259 1617 306 Denique
1642 264 1721 307 quia
1745 267 1949 309 promiserat
1972 269 2066 304 Dens
2090 285 2125 306 se

1149 305 1230 340 huic
1255 310 1368 342 coetui
1393 311 1595 344 adfuturum
1621 324 1710 354 esse,
1744 327 1880 360 semper
1903 319 2010 364 aliqui
2029 330 2126 356 erant

1146 358 1196 400 pii
1215 365 1247 391 et
1258 359 1424 392 salutares
1439 361 1614 401 doctores,
1640 364 1699 406 qui
1715 365 1834 399 florem
1851 370 1972 412 populi
1987 374 2126 406 erudie-

1146 407 1241 442 bant.
1300 407 1418 452 Atque
1442 407 1506 442 hac
1530 411 1567 443 in
1592 423 1628 443 re
1651 414 1754 455 digna
1777 424 1825 450 est
1849 420 2126 457 consideratione

1145 458 1314 490 successio
1346 470 1551 501 magnorum
1582 461 1750 497 virorum.
1812 466 1903 501 Pene
1928 476 1964 503 ut
1992 471 2028 504 in
2053 474 2125 506 acie

1144 507 1297 541 succedit
1316 508 1416 540 miles
1432 509 1610 552 proximus
1633 511 1669 543 in
1689 513 1815 554 prioris
1832 517 2002 553 interfecti
2021 524 2126 557 vesti—

1144 557 1259 599 gium:
1292 557 1339 591 ita
1373 558 1409 590 in
1443 555 1506 592 hac
1532 557 1648 593 schola
1678 573 1750 594 non
1774 565 1885 598 solum
1911 572 2112 612 pontificum

1143 608 1201 639 sed
1233 608 1335 640 etiam
1371 606 1626 651 Prophetarum
1661 614 1830 646 successio
1858 619 2021 653 continua
2048 601 2125 658 fuiti

1143 655 1225 689 Post
1250 657 1446 690 Samuelem
1471 659 1590 692 floruit
1612 658 1772 701 Nathan,
1799 665 1925 700 deinde
1941 667 2050 704 Abias
2067 673 2125 706 Si-

1142 706 1269 739 lonites
1296 709 1360 739 sub
1383 707 1591 747 Salomone,
1626 717 1658 743 et
1686 710 1879 751 leroboam.
1940 716 2043 753 Hunc
2070 734 2124 755 se-

1142 764 1272 801 quutus
1288 764 1336 789 est
1354 756 1534 792 Hananias
1551 758 1641 792 Asae
1656 767 1820 805 tempore.
1874 764 2011 802 Deinde
2034 774 2124 805 exci-

1142 813 1233 839 tatus
1249 814 1297 839 est
1313 805 1426 848 Elias,
1454 809 1514 852 qui
1530 821 1608 842 cum
1626 810 1686 844 diu
1704 823 1758 845 res
1772 815 1940 850 maximas
1957 821 2125 864 gessisset,

1142 863 1327 901 antequam
1340 857 1444 892 aDeo
1463 859 1498 891 in
1515 859 1650 892 coelum
1668 869 1783 895 vectus
1799 872 1866 906 est,
1893 878 2123 905 successorem

1141 905 1297 939 Eliseum
1323 909 1460 951 delegit.
1519 908 1586 941 llic
1611 922 1720 944 annos
1746 913 1882 948 circiter
1907 922 2123 963 septuaginta

1142 969 1212 989 non
1241 958 1353 990 solum
1382 959 1527 992 consilia
1563 961 1746 1005 praecipua
1781 966 1876 1007 regni
1904 970 2124 1014 gubernavit,

1141 1007 1318 1039 sedetiam
1345 1005 1564 1042 scholasticas
1587 1022 1710 1053 operas
1731 1015 1915 1056 sustinuit,
1942 1030 2019 1051 curn
2044 1033 2123 1055 eum

1140 1062 1262 1099 magna
1281 1058 1473 1102 frequentia
1490 1065 1523 1092 et
1534 1059 1734 1094 assiduitate
1751 1063 2001 1107 discipulorum
2014 1073 2124 1113 agmi..

1140 1118 1183 1139 na
1203 1107 1328 1150 passim
1354 1115 1578 1143 sectarentur.
1633 1109 1730 1145 Vidit
1753 1111 1848 1147 hunc
1869 1128 1984 1150 senem
2002 1122 2123 1153 adole-

1141 1168 1238 1189 scens
1257 1156 1398 1197 Iesaias,
1425 1158 1568 1192 lesaiam
1587 1158 1763 1201 ieremias,
1789 1162 1968 1200 Ieremiam
1982 1167 2122 1211 Daniel,

1140 1205 1322 1239 Danielem
1344 1206 1550 1248 Zacharias,
1582 1208 1787 1244 Zachariam
1803 1212 1932 1250 Esdras
1953 1225 1984 1251 et
2008 1219 2123 1254 Neho-

1140 1256 1245 1294 mias,
1279 1254 1483 1290 Nehemiam
1511 1256 1641 1299 Onias,
1677 1262 1867 1297 celebratus
1891 1267 1926 1299 in
1949 1266 2124 1305 Ecclesia-

1140 1307 1237 1341 stico.
1288 1305 1483 1351 Aliquanto
1500 1315 1577 1352 post
1594 1317 1708 1343 secuta
1727 1319 1806 1345 sunt
1826 1313 2122 1354 Machabaeornm

1139 1357 1228 1388 bella
1240 1380 1249 1394 ‚
1279 1369 1347 1400 qno
1363 1363 1518 1401 tempore
1533 1361 1726 1393 sacerdotes
1742 1362 1800 1394 (lin
1818 1363 1886 1397 iam
1903 1365 2122 1404 ethnIcorum

1139 1418 1236 1438 more
1261 1413 1475 1440 certaverant
1498 1409 1689 1442 ambitione
1707 1412 1749 1443 de
1766 1413 1983 1459 principatu,
2010 1427 2042 1453 et
2059 1422 2122 1453 do-

1139 1456 1285 1488 ctrinam
1301 1468 1339 1488 ac
1358 1456 1577 1501 disciplinam
1596 1459 1764 1502 flagitiose
1780 1465 2009 1506 neglexerant.
2051 1470 2122 1504 Sed

1139 1513 1277 1537 exortus
1301 1513 1348 1538 est
1372 1513 1486 1539 tamen
1510 1507 1698 1543 Matathias
1721 1515 1896 1554 sacerdos,
1932 1517 2014 1560 legis
2030 1521 2122 1553 divi-

1139 1567 1203 1587 nae
1228 1562 1385 1588 assertor.
1444 1554 1491 1590 Et
1517 1553 1598 1590 huic
1621 1570 1656 1591 se
1676 1561 1777 1593 multi
1805 1564 1852 1604 pii
1875 1566 2121 1607 adiunxerunt.

1137 1603 1330 1649 Aliquanto
1347 1612 1424 1648 post
1440 1607 1583 1641 fuerunt
1598 1607 1740 1643 Simeon
1758 1612 1986 1650 etZacharias
1998 1645 2006 1657 ,
2034 1633 2122 1663 quo-

1137 1666 1215 1687 rum
1241 1656 1371 1688 mentio
1394 1655 1429 1688 fit
1458 1656 1492 1688 in
1517 1656 1621 1691 Luca.
1683 1660 1816 1694 Deinde
1842 1662 2017 1709 Baptista,
2044 1678 2121 1712 post

1137 1717 1239 1749 quem
1265 1706 1388 1738 docere
1411 1703 1572 1740 Christus
1601 1710 1732 1752 coepit,
1766 1713 1826 1755 qui
1851 1712 2003 1750 scholam
2023 1717 2120 1763 Apo-

1137 1755 1306 1787 stolorum
1333 1752 1455 1788 habuit
1480 1757 1668 1792 assiduam.
1729 1759 1901 1796 Recensui
1921 1767 2013 1811 longi
2032 1776 2120 1802 tem-

1137 1805 1230 1847 poris
1247 1805 1369 1837 seriem
1382 1831 1390 1844 ,
1418 1805 1453 1837 in
1471 1818 1538 1851 qua
1555 1819 1624 1840 non
1641 1810 1754 1842 solum
1773 1811 1924 1847 incunda
1941 1824 1990 1850 est
2003 1831 2119 1852 recor·

1137 1854 1230 1887 datio
1258 1861 1307 1887 tot
1335 1856 1574 1889 excellentium
1605 1857 1777 1901 virorum,
1817 1865 1874 1895 sed
1913 1867 2014 1899 etiam
2051 1870 2118 1903 alia

1136 1904 1244 1936 multa
1276 1905 1445 1937 delectare
1477 1907 1549 1949 pias
1574 1915 1705 1942 mentes
1736 1921 1890 1953 possunt.
1952 1916 2118 1952 Videmus

1135 1952 1209 1986 Deo
1227 1966 1327 1986 curae
1341 1966 1412 1987 esse
1428 1953 1618 1989 Ecclesiam
1634 1970 1748 1999 suam,
1771 1962 1849 2004 qnia
1869 1965 2017 2000 subinde
2034 1970 2118 2002 tales

1135 2004 1165 2036 ei
1188 2004 1436 2045 gubernatores
1460 2007 1612 2044 addidit,
1642 2015 1674 2041 et
1698 2012 1887 2046 manifestis
1908 2018 2116 2052 testimoniis

1134 2054 1321 2087 declaravit
1347 2065 1383 2086 se
1409 2056 1536 2088 adesse.
1589 2056 1758 2092 Videmus
1777 2069 1808 2095 et
1825 2064 2001 2099 doctrinae
2017 2078 2116 2102 anto-

1133 2104 1270 2136 ritatem
1287 2104 1494 2138 coelestibus
1512 2107 1610 2140 sactis
1627 2110 1864 2145 confirmatam
1883 2127 1965 2149 esse..
2023 2119 2116 2153 Haec

1133 2153 1353 2186 considerare
1375 2155 1566 2198 plurimum
1596 2157 1701 2193 iuvat.
1753 2162 1805 2193 Ac
1823 2166 1948 2197 summi
1968 2167 2017 2200 illi
2038 2171 2114 2209 viri,

1134 2215 1220 2248 quos
1237 2215 1414 2243 recensul,
1443 2218 1512 2238 non
1530 2213 1665 2240 tantum
1685 2209 1720 2241 in
1743 2213 1837 2244 curia
1857 2214 2012 2249 dicebant
2036 2231 2114 2252 sen-

1134 2254 1276 2293 tentias,
1308 2256 1365 2286 sed
1396 2255 1552 2299 plerique
1577 2257 1733 2291 assiduos
1769 2270 1885 2295 coetus
1914 2268 2113 2303 auditorum

1134 2301 1329 2344 habebant,
1356 2306 1483 2348 quibus
1500 2308 1706 2340 enarrabant
1727 2310 1834 2352 legem
1861 2320 1893 2346 et
1910 2319 2113 2357 promissio-

1133 2365 1192 2386 nes
1210 2354 1363 2386 divinas:
1393 2354 1426 2386 id
1446 2354 1665 2398 qnodEliae,
1688 2356 1816 2399 Elisei,
1840 2361 2112 2413 loannisBapti..

1132 2411 1202 2437 stae
1237 2410 1268 2436 et
1297 2401 1427 2437 Christi
1461 2402 1626 2439 historiae
1657 2409 1770 2451 palam
1801 2416 2000 2450 ostendunt.
2068 2419 2111 2454 Et

1131 2453 1258 2487 Ebraei
1283 2454 1467 2487 adfirmant
1491 2454 1625 2500 Moysis
1648 2458 1866 2503 institutum,
1893 2467 1952 2509 qni
1972 2476 2110 2511 scptna-

1132 2505 1224 2546 ginta
1243 2504 1394 2536 seniores
1420 2503 1518 2547 legit,
1545 2513 1582 2539 ut
1608 2508 1773 2543 scribitur
1789 2511 1824 2543 in
1842 2515 1950 2557 capite
1967 2520 2111 2551 undeci-

1133 2567 1188 2587 mo
1212 2553 1463 2594 Numen-orum,
1497 2557 1664 2590 mansisse
1694 2561 1736 2592 ad
1767 2573 1904 2596 omnem
1929 2569 2108 2607 posterita-

1133 2611 1219 2643 tem,
1246 2604 1351 2648 idque
1367 2604 1494 2637 deinde
1507 2606 1611 2639 fuisse
1630 2608 1812 2652 collegium
1830 2614 2107 2650 doctissimorum

1134 2652 1334 2695 bominum,
1377 2655 1471 2699 quod
1508 2657 1734 2693 nominarunt
1762 2660 1978 2705 Sanhedrin‚
2014 2670 2107 2710 qnod

1435 2704 1482 2738 39
