2338 2958
185 151 189 154 ,
213 110 310 145 1023

606 99 765 138 DECL.
804 95 878 134 DE
910 93 1283 134 EBERHARDO
1318 94 1472 134 DUCE
1510 95 1837 139 WURTEMB.

2144 101 2239 138 1024

209 192 397 240 Quidquid
415 189 586 237 petieritis
601 194 736 234 patrem
753 185 791 218 in
809 183 956 218 nomine
973 195 1052 218 meo
1063 209 1073 225 ,
1101 182 1201 217 dabit
1249 189 1302 218 est
1317 182 1432 227 regio,
1456 183 1602 218 aelatus
1618 184 1854 219 meridianum
1877 192 1927 220 est
1949 198 1968 221 a
1990 185 2150 221 sontibus
2165 185 2240 221 Da-

209 246 322 281 vobis.

310 320 412 354 Hanc
427 312 796 351 commonefactionem
812 310 1066 345 de'reverentia
1083 308 1201 342 debita

209 373 330 408 ordini
349 368 490 415 politico
516 365 671 399 breviter
696 375 791 396 nunc
812 362 978 407 repetivi,
1005 360 1085 407 quia
1101 371 1203 404 saepe

211 424 296 458 alias
315 421 434 456 eadem
451 419 494 452 de
510 428 548 450 re
563 415 702 460 copiose
719 414 858 448 dicitur.
894 411 941 447 Et
957 419 1076 446 tamen
1093 411 1131 444 in
1147 408 1203 444 his

210 471 473 517 congressibus,
498 468 535 501 in
553 467 682 512 quibus
698 465 884 510 praecipue
908 464 1023 508 legum
1050 462 1203 506 dignitas

211 524 371 558 ornanda
399 527 466 561 est,
508 530 581 552 non
610 528 754 562 prorsus
780 515 898 550 omitti
923 521 1046 560 potest.
1100 512 1203 547 Nunc

212 573 410 618 exemplum
437 571 565 604 addam
591 568 672 601 iusti
703 574 735 601 et
759 566 921 601 salutaris
940 564 1135 609 Principis,
1170 569 1204 596 et

212 626 274 672 qui
297 626 389 669 leges
412 629 444 657 et
467 622 583 664 legum
613 619 774 652 custodes
799 618 895 651 viros
922 617 1042 649 doctos
1068 625 1203 649 summa

213 674 408 711 reverentia
425 672 545 706 coluit.
599 669 770 704 Recitabo
789 669 882 701 enirn
901 665 1085 701 historiam
1103 664 1204 710 prin-

212 727 300 771 cipis
322 723 495 759 Eberardi
523 721 631 755 Ducis
654 718 980 763 &Virtebergensiffi
1026 716 1087 762 qui
1125 727 1204 749 cum

214 777 398 812 excelleret
429 772 597 818 sapientia
629 778 661 804 et
692 771 844 811 iustitia,
876 769 1012 814 primus
1035 767 1206 811 dignitate

212 828 347 863 Ducem
380 827 416 859 in
451 836 489 858 ea
519 823 675 865 familia,
714 833 803 867 quae
828 828 945 854 tamen
974 825 1147 853 vetustate
1173 823 1206 850 et

215 880 321 913 rebus
352 876 456 920 gestis
488 873 682 907 clarissima
710 880 803 910 erat,
840 877 986 904 ornatus
1011 877 1072 903 est.
1134 867 1206 901 Nec

213 928 392 963 miremini
427 928 471 960 de
502 924 688 970 peregrino
718 922 882 966 Principe
913 920 994 955 dici.
1056 919 1144 953 Nam
1173 924 1207 951 et

215 980 376 1014 omnium
391 978 503 1011 virtus
518 976 720 1019 ubicunque
737 980 830 1014 sunt,
847 979 908 1006 aut
922 972 1080 1009 suerunt,
1102 969 1208 1003 laude

215 1033 321 1075 digna
352 1036 422 1070 est,
458 1034 492 1061 et
521 1026 706 1070 turpitudo
730 1025 836 1067 digna
861 1023 944 1057 odio
969 1029 1002 1056 et
1028 1022 1208 1065 vitupera-

215 1085 331 1122 tione,
365 1087 398 1113 et
425 1077 581 1121 exempla
608 1077 650 1109 ad
679 1087 801 1109 omnes
823 1075 1010 1118 pertinent.
1070 1071 1208 1106 Deinde

215 1146 281 1167 nos
305 1133 343 1165 in
369 1129 434 1163 bac
460 1127 649 1162 Academia
676 1138 748 1158 non
777 1135 920 1170 prorsus
948 1124 1104 1157 alienum
1136 1132 1209 1154 esse

215 1186 405 1222 ducamus,
430 1179 521 1214 Cum
543 1179 636 1211 enirn
660 1177 704 1210 sit
725 1173 884 1220 οἳκισῑὴς
904 1173 1114 1207 Academiae
1130 1171 1210 1205 Tu·
1258 1180 1406 1214 Henrici
1431 1180 1560 1223 Quinti
1582 1187 1752 1223 tempore·

1249 234 1351 268 nubii
1368 234 1411 267 ad
1431 232 1572 268 Ulmam
1590 246 1712 280 usque.
1763 234 1873 269 Latus
1889 237 2106 271 occidentale
2123 249 2140 270 a
2157 237 2239 270 fon-

1250 286 1346 319 tibus
1369 283 1527 319 Danubii
1552 284 1661 331 Sylva
1684 284 1864 320 Martiana
1889 294 1960 329 est,
1990 295 2029 322 ut
2053 287 2239 332 scriptores

1251 338 1441 380 depravato
1466 336 1612 369 nomine.
1635 336 1832 381 appellant,
1857 337 1900 371 ad
1923 338 2093 382 oppidum
2118 349 2242 383 usque,

1252 386 1308 420 cui
1333 398 1463 419 nomen
1494 393 1544 420 est
1569 393 1669 432 porta
1695 386 1904 429 Harciniae,
1938 388 2044 432 vulgo
2068 388 2242 422 Psortzen.

1251 437 1360 472 Latus
1375 438 1652 481 septentrionale
1664 450 1683 472 a
1700 445 1801 483 porta
1816 437 2009 473 Harciniae
2027 439 2070 472 ad
2087 436 2243 473 Neccha-

1251 501 1351 529 rum,
1388 495 1421 522 et
1443 488 1559 522 vicina
1584 490 1663 533 iuga
1688 488 1817 535 Sylvae
1837 488 2040 523 Francicae.
2091 488 2243 522 Flumen

1252 537 1452 573 Coccharus
1467 551 1555 584 pene
1572 539 1664 574 latus
1676 547 1839 586 quartum
1855 541 1897 573 ad
1916 546 2035 574 ortum
2052 539 2245 574 constituit.

1253 589 1341 623 Fere
1359 590 1493 635 ubique
1510 591 1607 634 regio
1625 591 1739 634 gignit
1756 591 1973 624 frumentum
1992 596 2026 624 et
2043 589 2183 627 vinum,
2211 597 2245 622 et

1254 652 1381 684 magna
1400 648 1450 674 est
1467 642 1680 686 oppidorum
1697 648 1730 675 et
1745 653 1914 685 pagorum
1931 640 2140 686 frequentia.
2174 639 2246 673 Na-

1253 699 1352 725 turae
1370 688 1555 726 hominum
1574 692 1749 726 beneficae
1763 698 1865 734 sunt,
1891 698 1925 725 et
1952 691 2089 725 invictu
2110 690 2246 724 medio-

1255 742 1322 775 cris
1342 742 1538 776 mundicies
1553 750 1624 784 est,
1645 749 1678 777 et
1696 743 1724 777 si
1748 749 1840 777 recte
1862 749 2048 786 regantur,
2070 752 2143 775 non
2162 753 2247 774 con-

1255 800 1409 827 tumaces
1425 800 1520 829 sunt.

1346 876 1433 915 ,Arx
1457 883 1509 910 est
1533 889 1605 910 non
1630 876 1753 922 procul
1776 877 1820 910 ab
1836 874 2000 921 Eslinga,
2029 877 2085 911 cui
2104 876 2249 912 wirte-

1256 929 1364 974 berga
1380 939 1512 961 nomen
1530 934 1598 968 est,
1624 929 1721 960 unde
1738 926 1918 962 Comitum
1943 935 2042 961 vetus
2059 928 2248 972 adpellatio

1258 985 1325 1012 est:
1354 979 1484 1022 oppida
1502 978 1541 1011 in
1556 978 1720 1012 extremis
1739 978 1811 1011 oris
1828 978 1913 1012 olim
1927 979 2055 1022 partim
2075 980 2118 1012 ad
2137 979 2250 1013 Fran—

1258 1030 1371 1063 cicum
1394 1028 1591 1069 Ducatum,
1631 1029 1760 1073 partim
1782 1030 1825 1062 ad
1852 1028 2042 1063 Suevicnm
2070 1028 2251 1074 pertinue—

1257 1087 1359 1113 runt:
1387 1079 1502 1112 media
1520 1090 1618 1123 pars,
1645 1091 1736 1124 quae
1753 1086 1804 1113 est
1818 1080 1998 1113 uberrima
2011 1107 2021 1121 ‚
2045 1080 2112 1114 suit
2131 1077 2251 1114 Comi-

1258 1138 1334 1164 tum
1353 1129 1708 1173 VVirtebergensium
1734 1130 1818 1163 inde
1835 1140 1947 1176 usque
1964 1131 2009 1164 ab
2027 1129 2252 1175 Imperatoris

1813 1179 1921 1224 Apud
1947 1179 2043 1215 hunc
2065 1181 2160 1214 enim
2186 1181 2255 1213 fuit

217 1233 416 1278 bingen-<3⁵⁷
456 1230 551 1263 unde
575 1227 674 1274 q¹¹³⁵3
699 1226 848 1261 (30¹0an
880 1226 1028 1258 “edua‘'
1051 1230 1102 1257 ‘³⁵2
1125 1220 1210 1255 haec
1259 1230 1396 1266 Ductor
1412 1230 1584 1264 exercitus
1606 1230 1778 1264 excellens
1802 1231 1950 1264 consilio
1979 1239 2013 1266 et
2037 1232 2167 1265 virtute
2183 1229 2254 1264 Co·-

217 1292 335 1320 nostra
356 1280 563 1319 Academia,
591 1281 687 1312 decet
709 1289 773 1311 nos
790 1277 899 1322 ipsius
917 1287 1057 1321 quoque
1075 1279 1210 1318 gratam

217 1334 423 1370 memoriam
444 1331 605 1365 retinere.

319 1410 460 1444 Deinde
493 1414 526 1440 et
555 1405 732 1452 quandam
758 1402 872 1437 habeo
906 1402 1078 1448 privatam
1105 1398 1211 1433 huius
1235 1410 1237 1438 a

606 1455 691 1490 Fuit
722 1455 894 1488 excellens
924 1454 1036 1487 virtus
1061 1450 1211 1486 Comitis
1235 1469 1238 1494 3

221 1463 327 1497 officii
360 1460 544 1494 rationem.

219 1511 498 1555 Stolbergensis‚
541 1508 601 1553 qui
633 1515 730 1551 pater
754 1518 876 1539 eorum
908 1504 995 1546 fuit,
1028 1503 1089 1548 qui
1116 1513 1212 1535 nunc

220 1565 356 1599 vivunt.
412 1561 516 1595 Hunc
535 1557 739 1593 Eberardus
756 1557 815 1590 ille
832 1563 954 1590 natum
970 1567 1010 1588 ex
1029 1565 1148 1588 sorore
1165 1552 1212 1586 ita

223 1615 406 1655 educavit,

224 1725 342 1764 postea
362 1712 571 1760 gubernatio
590 1711 664 1744 cius
682 1710 814 1754 patriae
831 1707 993 1742 salutaris
1008 1706 1124 1739 suerit.
1169 1702 1214 1738 Et

225 1769 307 1815 quia
331 1765 456 1801 Comes
480 1762 571 1796 Boto
604 1761 641 1794 in
672 1759 767 1794 hunc
797 1759 932 1798 virum,
974 1765 1142 1802 tanquam
1177 1755 1214 1787 in

225 1819 422 1863 exemplum
442 1813 662 1852 intuebatur,
689 1811 798 1844 multa
822 1809 934 1853 ipsius
952 1809 1044 1841 dicta
1069 1813 1102 1841 et
1127 1806 1215 1839 facta

227 1871 416 1908 recitabat,
451 1877 558 1911 quare
586 1861 701 1897 adbuc
736 1861 810 1894 eius
836 1859 1013 1904 Principis
1046 1857 1217 1892 memoria

227 1921 339 1955 nostri
357 1919 586 1952 delectantur.

331 1993 498 2038 Optarim
521 1997 636 2023 autem
661 1998 724 2020 nos
750 1986 982 2031 copiosiorem
1008 1985 1084 2018 eius
1107 1981 1218 2018 histo·
1243 2011 1245 2021 ,,

230 2049 318 2082 riam
336 2044 476 2078 babere.
528 2040 596 2075 Sed
618 2051 697 2072 cum
715 2036 799 2071 liaec
817 2049 926 2082 pauca
951 2036 1108 2080 exempla
1130 2046 1218 2080 quae

231 2098 371 2133 audivi,
405 2093 515 2128 literis
538 2093 642 2133 digna
665 2090 756 2129 sint,
788 2096 821 2122 et
846 2088 937 2122 vitae
961 2087 1082 2127 utilia,
1112 2085 1220 2120 satius

441 1620 474 1646 et
498 1609 688 1644 adsuefecit
709 1609 751 1641 ad
780 1607 968 1645 iustitiam,
1002 1612 1035 1638 et
1060 1605 1102 1637 ad
1127 1603 1213 1637 alias
1236 1584 1240 1639 l

222 1669 388 1704 virtutes,
417 1663 510 1696 velut
528 1659 665 1694 Chiron
692 1666 750 1692 aut
766 1656 926 1691 Phoenix
946 1654 1142 1695 Achillem,
1173 1660 1214 1687 ut
1238 1667 1239 1670 ¹

1260 1294 1338 1315 mes
1348 1280 1675 1325 Wirtebergensis,
1703 1281 1764 1326 qui
1780 1281 1895 1315 tenuit
1910 1282 2082 1326 oppidum
2093 1280 2255 1314 Gronin-

1261 1344 1326 1376 gen
1339 1330 1581 1372 lVernhcrus,
1607 1344 1625 1365 a
1644 1344 1714 1377 quo
1732 1331 1898 1376 deinceps
1915 1333 1984 1365 orti
2003 1338 2084 1366 sunt
2099 1331 2254 1369 comites,

1262 1384 1323 1429 qui
1349 1383 1388 1416 in
1411 1380 1475 1416 hac
1491 1383 1624 1416 familia
1644 1390 1883 1418 recensentur.
1937 1381 2048 1417 Vetus
2065 1382 2255 1427 adpellatio

1262 1432 1368 1468 huius
1400 1433 1555 1477 regionis
1582 1435 1673 1478 apud
1699 1433 1919 1467 Ptolemeum
1949 1431 2044 1467 haud
2072 1433 2180 1467 dubie
2206 1439 2255 1466 est

1262 1483 1462 1525 Charitini,
1489 1486 1583 1530 quod
1602 1497 1619 1518 a
1640 1485 1786 1518 nomine
1809 1485 2030 1529 germanico,
2053 1485 2149 1530 quod
2171 1481 2256 1518 hor-

1264 1542 1317 1569 tos
1347 1535 1536 1578 significat,
1570 1536 1701 1569 factum
1727 1546 1798 1568 esse
1825 1535 1983 1576 videtur,
2023 1547 2061 1569 ac
2085 1535 2255 1578 significat

1264 1593 1397 1620 veteres
1422 1586 1526 1619 etiam
1557 1587 1752 1620 ubertatem
1780 1592 1814 1620 et
1839 1587 2086 1620 amoenitatem
2111 1586 2178 1619 loci
2201 1597 2257 1619 ce-

1265 1637 1430 1670 lebrasse.

1369 1718 1546 1753 Usitatum
1571 1725 1687 1752 autem
1712 1718 1779 1753 suit
1805 1725 1884 1753 ante
1909 1716 2004 1752 hunc
2026 1717 2259 1761 Eberardum,

1267 1772 1311 1804 de
1329 1782 1400 1815 quo
1417 1770 1551 1809 dicam,
1577 1780 1656 1802 cum
1673 1770 1744 1803 duo
1762 1770 1909 1803 fuerunt
1922 1770 2065 1810 fratres,
2093 1771 2138 1804 ita
2164 1772 2258 1804 divi-

1269 1823 1352 1856 dere
1385 1820 1533 1864 patriam
1546 1847 1555 1858 ‚
1587 1826 1627 1853 ut
1658 1820 1747 1853 alter
1779 1826 1911 1853 teneret
1934 1819 2192 1863 Stutgardiam,
2226 1830 2258 1856 et

1269 1879 1402 1906 caetera
1423 1871 1552 1914 oppida
1569 1869 1739 1903 Franciae
1757 1870 1942 1914 propiora,
1967 1871 2055 1904 alter
2067 1869 2258 1906 Urachium

1270 1930 1303 1957 et
1320 1922 1471 1956 vicinam
1483 1920 1700 1964 Tubingam.
1752 1919 1855 1954 Hanc
1872 1919 2108 1955 horridiorem
2126 1930 2259 1966 partem

1271 1973 1387 2007 tenuit
1405 1984 1520 2006 comcs
1538 1971 1758 2011 Ludovicus,
1785 1971 1847 2017 qui
1863 1972 2046 2015 coniugem
2067 1970 2190 2008 habuit
2204 1985 2262 2008 so-

1272 2036 1388 2058 rorem
1405 2022 1557 2057 Palatini
1570 2021 1761 2062 Friderici,
1786 2023 1886 2056 cuius
1901 2035 2030 2057 nomen
2048 2024 2184 2059 celebre
2200 2033 2262 2066 est,

1273 2083 1457 2121 propterea
1480 2074 1575 2118 quod
1604 2073 1639 2106 in
1663 2085 1734 2106 uno
1763 2073 1875 2117 prelio
1898 2081 1967 2109 tres
1990 2075 2166 2120 principes
2188 2087 2260 2110 non

232 2157 282 2182 est
301 2147 459 2180 mutilam
486 2142 670 2176 historiam
695 2147 828 2180 extare,
854 2151 958 2184 quarn
982 2150 1112 2171 nomen
1130 2136 1219 2170 tanti
1274 2125 1396 2171 Procnl
1417 2125 1462 2159 ab
1481 2123 1715 2180 Hfldeffisssga
1734 2125 1836 2168 cepit·

233 2198 409 2241 Principis
427 2197 461 2228 in
477 2193 694 2227 oblivionem
712 2191 843 2225 venire.
889 2189 961 2223 Nec
977 2189 1102 2223 dubito
1121 2188 1221 2221 vobis

233 2250 399 2284 omuibus
430 2245 518 2279 lianc
543 2255 661 2277 veram
689 2241 1059 2275 commemorationem
1087 2245 1220 2283 gratam

234 2304 318 2336 sore.
375 2297 446 2332 Etsi
469 2297 562 2329 euim
583 2305 718 2337 semper
742 2293 842 2337 pauci
870 2292 953 2325 boni
978 2297 1078 2331 sunt,
1104 2297 1222 2323 tamen

234 2359 376 2398 propter
392 2348 537 2390 gloriam
555 2345 620 2379 Dei
638 2345 846 2377 celebranda
872 2350 922 2376 cst
946 2343 1076 2380 virtus,
1104 2348 1135 2374 et
1160 2353 1223 2373 na-

235 2414 333 2439 turae
351 2414 421 2433 uon
442 2405 674 2431 monstrosae.
704 2396 878 2427 intuentes
896 2391 1040 2427 honesta
1057 2391 1225 2435 exempla,

237 2458 401 2487 xirtutem
424 2450 531 2490 tnagis
553 2448 748 2489 intelligere
765 2447 925 2483 discunt,
952 2452 983 2478 ct
1009 2455 1126 2477 amore
1151 2443 1225 2475 eins

236 2505 486 2540 accenduntur.

344 2578 390 2611 Ac
410 2576 612 2620 priusquam
634 2575 676 2604 «le
695 2573 825 2604 familia
853 2572 966 2603 dicam
992 2570 1114 2606 initio,
1141 2570 1227 2602 fines

239 2631 451 2666 describam,
480 2626 608 2671 quibus
628 2625 882 2667 propemodum
910 2634 1002 2654 nunc
1026 2621 1158 2653 inclusa
1178 2627 1227 2653 est

1377 2209 1430 2245 Ex
1468 2207 1524 2242 liis
1559 2209 1763 2252 parentibus
1798 2208 2030 2243 nobilissimis
2066 2211 2139 2245 nati
2182 2220 2262 2247 sunt

1275 2261 1478 2296 Eberardus
1495 2267 1525 2293 et
1539 2257 1757 2299 Met-litildis,
1784 2266 1903 2304 postea
1922 2268 2029 2305 nupta
2042 2260 2262 2306 Landgravio

1276 2313 1440 2349 llassiae,
1476 2318 1506 2344 et
1528 2308 1708 2344 Elisabeth
1737 2318 1845 2354 nupta
1868 2312 1987 2345 comiti
2009 2312 2262 2357 Stolbergensi.

1277 2366 1344 2398 Sed
1364 2365 1406 2397 de
1424 2361 1605 2396 Eberardo
1625 2374 1718 2395 nuuc
1735 2362 1860 2395 (licam.
1910 2361 1999 2395 Cum
2020 2370 2117 2406 pater
2142 2364 2264 2399 imma-

1277 2423 1354 2449 tura
1371 2421 1482 2447 morte
1501 2413 1672 2446 extinctus
1688 2419 1792 2449 osset.
1821 2419 1931 2445 mater
1948 2420 1977 2447 et
2003 2415 2178 2459 praecipui
2200 2417 2264 2449 viri

1279 2480 1317 2499 ex
1338 2465 1462 2499 ordine
1481 2463 1632 2509 equestri
1648 2464 1891 2506 gubernarunt
1909 2470 1941 2497 et
1960 2465 2107 2508 patriam
2126 2472 2157 2499 et
2181 2468 2266 2500 atlo—

1281 2518 1479 2550 lesceutem.
1539 2515 1606 2548 Sed
1639 2515 1809 2548 excellens
1841 2515 1875 2547 in
1909 2523 2019 2548 matre
2054 2516 2117 2549 suit
2145 2517 2266 2556 virtus,

1279 2581 1366 2614 quae
1383 2567 1469 2600 filias
1487 2578 1621 2599 summa
1639 2566 1808 2608 gun-itate
1824 2565 1930 2604 rexit,
1956 2565 2157 2599 adolescens
2175 2569 2267 2603 filius

1280 2620 1518 2663 paedagogum
1544 2614 1663 2649 habuit
1689 2617 1803 2649 virum
1830 2613 2037 2653 honestum,
2075 2615 2268 2653 Iohannem

238 2684 399 2716 universa
418 2679 504 2711 «litio
520 2675 832 2716 wirt‹=t.‹·rg·-nsis.
874 2673 968 2705 Pene
985 2671 1226 2717 quadrangula
1250 2679 1256 2714 ι
1281 2669 1512 2706 Natu-lerum,
1540 2667 1639 2701 cuius
1661 2665 1776 2700 adbuc
1801 2673 1917 2701 extant
1946 2678 2191 2707 monumenta.
2225 2672 2267 2704 de
