2338 2958
8 475 11 480 ’
60 459 203 494 doleant
220 458 331 502 impii.

67 125 141 162 515

65 207 298 256 potentissimi
311 205 443 250 Reges,
469 213 509 241 ut
524 205 707 246 Roboann
734 205 1048 247 Nabuchdonosor,

66 260 158 294 elabi
173 269 297 292 manus
309 255 376 290 Dei
392 257 542 291 viventis
565 270 638 291 non
657 265 866 301 potuerunt,
894 269 966 291 non
985 264 1047 297 est,

63 317 103 344 ut
125 308 235 342 nostri
259 307 498 349 admirentur,
534 319 568 341 se
589 315 660 342 tam
679 308 741 342 diu
760 308 904 352 impune
928 307 1046 342 tulisse

63 359 225 396 iniurias,
260 369 338 391 cum
360 358 455 392 Deus
479 359 563 392 velit
585 370 685 402 saepe
703 359 947 402 impunitatem
974 369 1046 391 esse

61 408 338 449 diuturniorem,
363 416 403 443 ut
420 409 560 452 gravius
576 421 616 442 ex
633 421 751 442 rerum
774 408 1047 442 commutatione

383 459 454 492 Nos
472 460 607 504 itaque,
631 460 723 504 quod
746 471 818 492 non
836 460 1046 502 ignoremus,

61 509 253 554 plurimum
291 510 329 541 in
365 510 528 544 extremis
568 509 733 554 periculis
768 509 918 542 valuisse
952 508 1042 551 apud

60 558 175 594 Deum
195 559 429 592 maximorum
452 559 608 603 Regum,
634 566 672 592 ut
697 559 860 599 Davidis,
883 558 1046 592 Salomo-

60 610 133 648 nis,
160 610 432 653 poenitentiam,
458 610 633 653 singulare
649 609 803 642 studium
821 620 899 652 erga
920 609 1045 641 iuvan-

60 660 141 693 dam
165 662 433 705 ornandamque
464 658 597 694 Christi
621 658 832 699 Ecclesiam,
867 671 1045 703 speramus

61 716 94 744 te
109 721 249 754 quoque
273 710 308 743 in
334 708 388 743 his
405 710 510 743 tantis
533 709 799 743 difficultatibus
813 710 979 752 singulari
1000 710 1044 742 ti-

59 772 158 793 more
174 759 239 793 Dei
268 767 302 794 et
326 772 444 794 amore
460 758 640 803 Evangelii
665 760 824 793 futurum
841 760 944 793 nobis
961 760 1044 793 sub-

58 810 150 843 sidio
176 821 266 851 esse,
299 822 402 855 quam
431 822 503 843 rem
533 810 738 843 iamdudum
769 811 872 843 nobis
896 811 1045 843 demon-

61 867 173 894 strant
190 857 422 894 honestissimi
447 861 498 894 tui
518 868 681 901 conatus,
707 861 835 904 quihus
862 861 897 893 in
918 861 1046 893 libera-

59 910 272 943 lissimarum
301 911 427 943 artium
461 911 586 944 studiis
618 911 784 952 versaris,
824 923 1046 956 nequaquam

59 961 280 1003 neglecturus
316 961 537 994 autoritatem
566 960 790 1005 Imperatoris
814 960 960 995 Ottonis
986 973 1046 994 ve-

59 1010 133 1045 stri.
187 1009 287 1053 Quae
311 1011 453 1056 quidem
477 1023 531 1044 res
555 1011 591 1044 in
615 1023 714 1045 causa
742 1012 844 1044 etiam
869 1013 953 1051 suit,
986 1023 1048 1044 cur

59 1060 122 1094 tibi
150 1061 369 1104 potissimum
393 1059 483 1094 hanc
506 1074 618 1094 meam
636 1062 832 1095 orationem
851 1063 893 1095 de
911 1060 1046 1095 Ottoue

59 1110 223 1154 scriptam
249 1112 410 1144 dedicare
435 1112 628 1152 voluerim,
657 1118 694 1145 ut
709 1112 762 1144 illi
783 1124 886 1157 quem
903 1119 1048 1156 propter

59 1161 209 1194 similem
235 1161 399 1195 virtutem
422 1162 459 1194 in
483 1160 618 1196 Ottone
633 1163 835 1196 monstratis
852 1163 1045 1196 multorum

59 1211 267 1245 existimatio
294 1212 331 1245 in
354 1213 468 1246 locum
492 1213 664 1247 maiorum
681 1220 822 1246 tuorum
845 1213 889 1246 sit
905 1215 1047 1246 restitu-

59 1268 148 1295 tura.
201 1261 278 1296 Hoc
294 1262 417 1305 igitur,
445 1263 473 1296 si
492 1263 696 1296 intellexero
713 1275 785 1296 non
803 1263 908 1296 suisse
931 1263 1048 1295 omni-

58 1323 106 1345 no
139 1311 314 1354 ingratum
353 1313 417 1346 tibi
451 1325 599 1354 munus,
647 1325 748 1347 causa
782 1313 848 1346 erit
881 1313 1049 1357 profecto,

59 1363 288 1404 quamobrem
312 1362 386 1406 ipse
409 1361 497 1395 mihi
523 1365 666 1397 debeam
685 1376 758 1396 non
776 1363 951 1396 immerito
970 1375 1049 1405 gra-

59 1409 183 1450 tulari,
218 1416 256 1443 ut
278 1413 321 1443 ab
345 1413 407 1442 illo
433 1414 562 1447 sactum
585 1421 653 1454 est,
686 1414 741 1447 cui
766 1413 842 1447 Rex
860 1413 1047 1446 Persarum

59 1459 268 1494 Artaxerxes
284 1472 436 1501 memor,
463 1461 555 1505 quod
572 1461 698 1504 ingens
711 1462 888 1506 quoddam
905 1474 1048 1505 pomum

60 1511 105 1543 ab
127 1521 168 1543 eo
187 1511 357 1543 donatum
381 1511 581 1554 accepisset,
608 1523 670 1555 per
692 1511 828 1551 Solem,
856 1512 1049 1556 respondit,

59 1567 98 1594 tu
116 1560 245 1594 videris
262 1561 290 1593 is
308 1572 399 1601 esse,
424 1562 483 1606 qui
502 1573 541 1594 ex
557 1573 662 1604 parva
674 1562 776 1594 etiam
788 1562 874 1595 urbe
886 1573 1047 1604 magnam

59 1610 175 1655 possis
198 1611 352 1651 efficere,
379 1612 536 1643 animum
552 1611 732 1652 videlicet,
758 1623 776 1644 a
800 1624 870 1656 quo
887 1613 1049 1653 dabatur,

59 1661 168 1704 magis
192 1662 420 1704 spectandum
443 1668 559 1702 ratuS‚
585 1674 691 1707 quam
717 1663 809 1707 quod
835 1662 1048 1696 offerebatur

59 1723 199 1746 munus.
260 1710 355 1745 Idem
379 1711 407 1745 si
430 1709 519 1744 mihi
544 1712 612 1745 iam
632 1713 668 1745 in
690 1719 724 1746 te
742 1713 923 1751 acciderit,
951 1719 1048 1747 tanto

59 1773 98 1794 ea
114 1773 168 1794 res
192 1761 308 1795 futura
336 1769 386 1796 est
411 1762 544 1805 gratior
564 1761 671 1803 mihi,
697 1770 829 1807 quanto
845 1764 963 1797 minus
981 1775 998 1796 a
1015 1770 1048 1797 te

60 1808 127 1845 hoc
145 1823 273 1845 munus
291 1819 450 1846 nostrum
466 1813 576 1850 fuerit
593 1813 782 1848 exclusum.
836 1812 934 1848 Vale.

86 1895 370 1940 ⁷§Vittenbergaffl
397 1895 498 1932 XIII.
515 1896 735 1932 Novembris.
761 1895 945 1931 M.D.XL.

63 2157 257 2208 Sapienter
281 2165 324 2199 ab
341 2163 616 2210 Imperatoribus
641 2166 800 2199 existimo
818 2167 945 2200 factum
964 2179 1048 2209 esse,

64 2215 157 2260 quod
176 2221 266 2247 certa
295 2216 434 2249 virtutis
461 2216 610 2258 iusignia
637 2217 851 2252 contulerint
870 2218 931 2255 iis,
959 2231 1047 2263 quo-

63 2277 142 2298 rum
169 2276 273 2308 opera
296 2277 373 2299 cum
389 2265 546 2310 Respub.
569 2273 643 2300 tum
662 2265 834 2300 Ecclesias
855 2269 1047 2311 plurimum

64 2315 177 2349 iuvari
196 2326 294 2359 posse
311 2315 569 2352 intellexerunt.
615 2316 703 2350 Nam
722 2329 877 2351 summae
894 2320 1047 2362 profecto

63 2366 252 2410 sapientiae
271 2372 338 2407 est,
361 2378 501 2400 cernere
518 2365 678 2401 homines
698 2369 738 2401 ad
760 2381 875 2412 pacem
896 2369 1049 2404 Rerum-

63 2417 145 2460 pub.
170 2423 274 2461 atque
303 2417 345 2449 ad
378 2417 621 2450 illustrandam
646 2419 792 2461 gloriam
817 2417 948 2453 Christi
977 2433 1048 2455 esse

64 2467 234 2500 conditos.
287 2466 439 2500 Minime
457 2464 522 2501 hoc
546 2468 869 2503 animadverterunt
887 2469 1049 2506 Philoso-

64 2514 144 2560 phi,
163 2517 223 2562 qni
241 2524 357 2550 tamen
374 2518 563 2562 sapientiae
578 2531 706 2551 nomen
719 2532 881 2563 arrogare
897 2522 960 2555 sibi
977 2534 1048 2556 non

67 2573 148 2600 sunt
170 2567 288 2606 veriti,
321 2576 425 2613 atque
459 2568 493 2600 in
524 2569 691 2612 sapientia
720 2583 894 2604 summum
917 2573 1048 2606 bonum

67 2616 301 2659 collocarunt,
334 2630 421 2664 qnos
447 2627 628 2663 propterea
658 2632 729 2652 non
756 2622 930 2655 immerito
960 2624 1050 2657 ridet

67 2665 256 2707 Horatius,
282 2680 359 2701 cum
376 2670 441 2703 ait:

123 2718 297 2749 Matura.
317 2721 419 2752 Oriza.
437 2722 516 2752 Vm..
535 2721 594 2752 ΧῘ.

552 120 710 157 DECL.
744 120 820 156 DE
853 118 1255 157 IMPERATORE
1290 119 1535 157 OTTONE
1572 122 1599 160 Ι.

2015 126 2089 164 514

1150 209 1203 239 Ad
1222 220 1368 240 summam
1380 233 1387 247 ‚
1414 213 1529 251 sapiens
1546 222 1606 241 uno
1623 214 1723 242 minoa-
1739 218 1780 243 est
1794 211 1882 251 Iove,
1910 215 2008 251 dives,

1150 259 1259 298 Liber,
1285 262 1464 297 honoratus,
1493 263 1633 300 pulcher,
1660 275 1712 293 rex
1729 264 1855 305 denique
1872 276 1991 305 regum,

1148 311 1310 351 Praecipue
1326 323 1430 348 sanus,
1458 315 1515 341 nisi
1530 324 1596 342 cum
1614 316 1722 353 pituita
1738 318 1861 345 molesta
1880 325 1931 346 est.

1098 357 1166 391 Sed
1199 365 1293 391 taceo
1328 357 1624 401 Philosophorum
1649 363 1854 396 stulticiam:
1893 364 2086 407 Imperato-

1097 419 1176 441 rum
1192 421 1308 441 veram
1327 409 1532 452 sapientiam
1558 412 1666 443 miror
1684 419 1715 445 et
1735 414 1914 455 praedico,
1939 415 1999 459 qui
2019 428 2084 449 no-

1098 459 1189 491 ticiis
1205 460 1247 491 de
1263 457 1337 492 Deo
1352 459 1531 492 mentibus
1555 460 1730 503 impressis
1748 464 1939 503 admoniti,
1968 462 2085 498 homi-

1098 520 1157 541 ues
1191 509 1514 555 animadverterunt
1543 517 1640 543 natos
1673 523 1743 544 esse
1773 514 1813 545 ad
1848 514 2083 557 coguitionem

1098 559 1180 598 Dei,
1207 566 1259 597 et,
1287 560 1382 604 quod
1409 560 1446 592 in
1469 560 1574 592 coelis
1597 567 1726 594 canunt
1753 561 1897 605 Angeli,
1924 565 1959 597 in
1983 566 2085 600 terris

1097 610 1139 642 ab
1159 607 1364 642 hominibus
1380 610 1571 643 rectissime
1590 611 1741 651 cantari,
1771 611 1895 646 Gloria
1913 615 1949 646 in
1972 617 2080 649 excel-

1096 660 1142 693 sis
1172 658 1258 694 Deo.
1318 659 1406 693 Cum
1433 660 1526 692 enim
1559 662 1601 693 ad
1628 662 1823 694 doctrinam
1846 665 2024 706 religionis
2051 673 2084 700 et

1096 712 1137 742 ad
1162 710 1310 751 gloriam
1331 708 1463 743 Christi
1487 711 1679 754 plurimum
1703 709 1841 745 scholae
1859 715 2084 757 pertinerent,

1098 761 1286 794 voluerunt
1303 758 1366 793 hos
1382 761 1502 794 titulos
1517 762 1644 794 artium
1662 762 1860 796 liberalium
1880 774 2086 800 ornamenta

1097 823 1189 851 esse,
1225 818 1258 845 et
1289 812 1416 854 gradus
1442 812 1637 859 officiorum
1669 811 1916 856 Imperatores,
1952 827 2084 860 nequa-

1098 873 1202 906 quam
1230 874 1311 894 vero
1336 862 1470 903 magnis
1495 863 1621 906 opibus
1639 865 1900 906 comparandis,
1926 873 1986 899 aut
2002 867 2086 900 reti-

1098 913 1223 944 nendis
1239 913 1429 946 destinatos
1446 924 1536 952 esse,
1563 919 1600 945 ut
1617 913 1713 956 vulgi
1736 921 1785 947 est
1801 915 1940 958 opinio,
1967 917 2084 950 necin

1099 960 1153 995 his
1171 960 1367 995 honoribus
1392 962 1558 995 ultimum
1583 963 1715 995 bonum
1741 965 1883 1007 reponi,
1910 973 1947 999 ut
1964 964 2086 1000 Philo-

1098 1010 1199 1056 sophi
1223 1019 1304 1045 sunt
1335 1012 1482 1055 opinati.
1544 1011 1587 1045 Et
1614 1020 1660 1046 est
1692 1014 1846 1057 profecto
1866 1027 2087 1059 pernecessa-

1098 1063 1189 1095 rium
1223 1063 1366 1095 retineri
1400 1063 1436 1094 in
1469 1053 1635 1096 Ecclesi'is
1672 1064 1833 1097 ordinem
1867 1067 2085 1099 docentium:

1098 1111 1164 1146 hoc
1181 1113 1275 1145 enim
1299 1114 1455 1155 neglecto
1486 1125 1622 1146 necesse
1641 1121 1691 1147 est
1714 1114 1905 1158 plurimum
1922 1117 2089 1150 dissidio-

1097 1175 1175 1196 rum
1202 1164 1286 1196 oriri
1313 1165 1347 1195 in
1372 1162 1558 1203 Ecclesiis‚
1594 1165 1686 1208 quod
1714 1167 1900 1199 concordia
1925 1178 1996 1200 esse
2014 1180 2087 1200 non

1100 1214 1224 1257 possit,
1250 1213 1310 1246 ubi
1328 1214 1420 1246 docti
1437 1221 1470 1247 et
1494 1214 1626 1246 indocti
1654 1215 1841 1249 autoritate
1867 1224 1947 1250 sunt
1975 1230 2088 1261 pares.

1099 1264 1176 1305 Qua
1202 1264 1245 1295 de
1272 1274 1373 1295 causa
1397 1274 1474 1294 cum
1500 1260 1536 1295 hi
1562 1264 1694 1306 publici
1714 1265 1887 1298 bonarum
1908 1267 2087 1301 literarum

1098 1311 1251 1346 honores
1269 1325 1285 1344 a
1304 1312 1448 1344 summis
1466 1313 1736 1356 imperatoribus
1746 1315 1816 1348 sint
1834 1316 2002 1357 instituti,
2027 1320 2088 1351 de—

1101 1363 1191 1396 cebit
1216 1369 1357 1406 propter
1381 1363 1600 1395 autoritatem
1624 1364 1869 1407 Magistratus,
1896 1377 1955 1399 seu
1975 1368 2088 1401 divini

1100 1413 1273 1451 mandati,
1305 1411 1388 1446 haec
1412 1420 1616 1446 ornamenta
1640 1416 1822 1447 doctorum
1856 1416 2013 1450 virorum
2044 1419 2088 1451 ab

1100 1463 1265 1495 omnibus
1290 1463 1392 1495 bonis
1416 1464 1558 1496 maximi
1587 1464 1672 1499 fieri.
1727 1465 1764 1499 Si
1789 1466 1868 1510 quis
1892 1474 1942 1501 est
1961 1475 2089 1508 autem,

1101 1513 1160 1557 qui
1178 1519 1247 1545 tam
1267 1513 1360 1555 gravi
1374 1525 1474 1546 causa
1491 1525 1562 1546 non
1575 1522 1737 1548 movetur
1751 1516 1793 1547 ad
1810 1519 1976 1551 amandas
1986 1517 2089 1551 scho-

1100 1563 1170 1602 las,
1204 1569 1236 1596 et
1261 1563 1559 1605 magnifaciendos
1588 1562 1651 1597 hos
1677 1563 1933 1608 pulcherrimos
1958 1569 2088 1601 docen-

1099 1613 1187 1646 tium
1206 1615 1334 1655 gradus
1350 1613 1385 1645 in
1403 1611 1558 1647 Ecclesia
1571 1641 1580 1653 ‚
1608 1612 1689 1647 huic
1707 1617 1920 1659 respondeo:

1201 1666 1295 1696 Natus
1311 1678 1340 1695 es
1358 1678 1372 1695 e
1387 1670 1536 1705 scopulis,
1564 1671 1692 1698 nutritus
1708 1671 1781 1698 lacte
1799 1671 1894 1699 ferino
1905 1694 1912 1707 ‚

1251 1716 1289 1745 Et
1306 1717 1402 1746 dicam
1418 1719 1512 1747 silices
1529 1725 1630 1760 pectus
1647 1719 1753 1748 habere
1769 1725 1866 1751 tuum.

1099 1761 1188 1796 Cum
1225 1770 1340 1797 autem
1376 1765 1420 1797 sit
1456 1762 1520 1798 hoc
1548 1766 1812 1799 consuetudinis
1849 1765 1954 1800 huius
1987 1767 2089 1802 scho-

1100 1813 1172 1853 lae,
1197 1820 1254 1854 ut,
1280 1815 1335 1847 vel
1351 1815 1393 1847 de
1408 1815 1536 1848 artium
1553 1816 1677 1848 studiis
1690 1814 1754 1849 hoc
1770 1823 1925 1861 tempore
1942 1818 2089 1860 dicatur,

1100 1863 1155 1896 vel
1185 1864 1370 1897 clarissimi
1399 1865 1548 1898 alicuius
1573 1863 1798 1910 Philosophi,
1833 1874 1891 1901 aut
1914 1867 2089 1909 Principis

1101 1912 1246 1948 historia
1270 1923 1506 1959 proponatur,
1533 1916 1644 1959 delegi
1671 1918 1712 1949 ad
1733 1919 1980 1960 praestandum
2001 1912 2089 1953 illud

1100 1965 1271 2006 officium,
1298 1968 1390 2009 quod
1412 1964 1477 2000 hoc
1499 1967 1535 1999 in
1555 1967 1631 1999 loco
1652 1967 1801 2011 publicis
1818 1967 1952 2011 legibus
1969 1969 2090 2009 debeo,

1100 2012 1282 2047 historiam
1317 2017 1493 2060 quandam
1526 2016 1672 2050 Ottonis
1706 2018 1832 2061 primi,
1865 2018 2089 2062 Imperatoris

1101 2064 1260 2098 Saxonis.
1324 2064 1401 2099 Etsi
1435 2067 1528 2100 enim
1562 2073 1651 2100 artes
1684 2066 1935 2112 Philosophiae
1966 2070 2089 2112 dignas

1101 2115 1312 2157 existimem,
1347 2129 1435 2161 quae
1459 2129 1477 2150 a
1501 2117 1604 2150 nobis
1628 2118 1747 2151 ornari
1770 2130 1926 2162 semper,
1955 2125 1987 2152 et
2004 2120 2087 2153 illu-

1100 2167 1200 2199 strari
1228 2167 1421 2211 plurimum
1445 2169 1612 2208 debeant,
1647 2175 1763 2202 tamen
1792 2169 1868 2202 iure
1896 2169 2086 2213 vituperari

1100 2229 1254 2260 possem,
1275 2218 1303 2250 si
1315 2218 1406 2250 idem
1422 2226 1665 2260 argumentum
1680 2227 1832 2253 retexere
1849 2231 1951 2253 ausus
1966 2232 2086 2259 essem,

1101 2268 1142 2300 de
1160 2280 1228 2312 quo
1248 2268 1377 2301 diserte
1395 2266 1459 2301 hoc
1479 2269 1512 2301 iu
1533 2269 1609 2301 loco
1625 2269 1816 2303 doctissimi
1843 2270 1926 2310 viri,
1954 2270 1989 2302 in
2008 2271 2085 2315 qui-

1100 2318 1164 2351 bus
1182 2319 1260 2362 plus
1276 2325 1323 2351 est
1342 2319 1557 2359 autoritatis,
1583 2319 1755 2354 dixerunt.

1200 2368 1253 2402 De
1285 2367 1420 2403 Ottone
1450 2381 1549 2410 vern,
1583 2376 1622 2402 ut
1646 2370 1796 2403 dicerem
1825 2367 1890 2404 hoc
1920 2377 2085 2414 tempore,

1100 2416 1185 2452 haec
1201 2417 1289 2452 mihi
1304 2420 1340 2452 in
1359 2431 1458 2453 causa
1476 2421 1628 2454 suerunt.
1682 2419 1770 2454 Cum
1790 2421 1882 2454 enim
1902 2422 1944 2454 de
1966 2420 2084 2455 Plato-

1102 2482 1163 2509 ne,
1190 2471 1232 2503 de
1248 2469 1454 2510 Aristotele,
1482 2471 1525 2503 de
1542 2468 1733 2514 Rodolpho
1746 2469 1927 2515 Agricola,
1955 2472 1996 2504 de
2008 2471 2082 2505 Au-

1101 2521 1240 2564 gustino
1262 2521 1483 2554 ornatissime
1506 2533 1524 2554 a
1547 2521 1630 2554 viris
1655 2521 1905 2555 excellentibus
1923 2522 1966 2555 sit
1982 2529 2082 2555 antea

1102 2569 1167 2603 hoc
1186 2572 1221 2604 iu
1249 2572 1323 2605 loco
1351 2572 1600 2612 declamatum,
1627 2572 1755 2615 placuit
1773 2573 1869 2617 sequi
1889 2572 2082 2615 exemplum

1103 2623 1384 2655 doctissimorum
1410 2622 1584 2663 virorum,
1611 2634 1698 2667 quos
1718 2623 1761 2655 de
1784 2622 1928 2655 summis
1948 2621 2084 2654 Princi-

1103 2674 1205 2717 pibus
1230 2671 1294 2706 lmc
1320 2673 1354 2704 in
1381 2673 1455 2705 loco
1481 2680 1560 2706 ante
1586 2685 1641 2705 me
1661 2673 1814 2706 dicentes
1846 2684 1916 2704 non
1944 2671 2085 2703 moleste

1604 2723 1650 2756 53
