<?xml version="1.0" encoding="UTF-8"?>
<!DOCTYPE html PUBLIC "-//W3C//DTD XHTML 1.0 Transitional//EN"
    "http://www.w3.org/TR/xhtml1/DTD/xhtml1-transitional.dtd">
<html xmlns="http://www.w3.org/1999/xhtml" xml:lang="en" lang="en">
 <head>
  <title>
</title>
<meta http-equiv="Content-Type" content="text/html;charset=utf-8" />
  <meta name='ocr-system' content='tesseract 3.04.00' />
  <meta name='ocr-capabilities' content='ocr_page ocr_carea ocr_par ocr_line ocrx_word'/>
</head>
<body>
  <div class='ocr_page' id='page_1' title='image "./operaquaesupersu11melauoft/operaquaesupersu11melauoft_0490.png"; bbox 0 0 2338 2958; ppageno 0'>
   <div class='ocr_carea' id='block_1_1' title="bbox 209 145 283 181">
    <p class='ocr_par' dir='ltr' id='par_1_1' title="bbox 209 145 283 181">
     <span class='ocr_line' id='line_1_1' title="bbox 209 145 283 181; baseline -0.014 0"><span class='ocrx_word' id='word_1_1' title='bbox 209 145 283 181; x_wconf 78' lang='lat'>963</span> 
     </span>
    </p>
   </div>
   <div class='ocr_carea' id='block_1_2' title="bbox 209 219 1252 1695">
    <p class='ocr_par' dir='ltr' id='par_1_2' title="bbox 209 219 1219 1187">
     <span class='ocr_line' id='line_1_2' title="bbox 209 219 1202 269; baseline -0.015 -3"><span class='ocrx_word' id='word_1_2' title='bbox 209 244 289 267; x_wconf 88' lang='lat' dir='ltr'>rum</span> <span class='ocrx_word' id='word_1_3' title='bbox 322 235 456 269; x_wconf 81' lang='lat' dir='ltr'>motus,</span> <span class='ocrx_word' id='word_1_4' title='bbox 494 233 606 260; x_wconf 89' lang='lat' dir='ltr'>terrae</span> <span class='ocrx_word' id='word_1_5' title='bbox 633 221 927 261; x_wconf 74' lang='lat' dir='ltr'><strong>foecunditatem,</strong></span> <span class='ocrx_word' id='word_1_6' title='bbox 964 226 997 253; x_wconf 88' lang='lat' dir='ltr'>et</span> <span class='ocrx_word' id='word_1_7' title='bbox 1023 219 1060 251; x_wconf 88' lang='lat' dir='ltr'>in</span> <span class='ocrx_word' id='word_1_8' title='bbox 1084 225 1202 252; x_wconf 86' lang='lat' dir='ltr'>mente</span> 
     </span>
     <span class='ocr_line' id='line_1_3' title="bbox 210 268 1205 320; baseline -0.017 -3"><span class='ocrx_word' id='word_1_9' title='bbox 210 282 366 317; x_wconf 90' lang='lat' dir='ltr'>humana</span> <span class='ocrx_word' id='word_1_10' title='bbox 392 277 557 316; x_wconf 78' lang='lat' dir='ltr'>noticias,</span> <span class='ocrx_word' id='word_1_11' title='bbox 593 286 681 320; x_wconf 89' lang='lat' dir='ltr'>quae</span> <span class='ocrx_word' id='word_1_12' title='bbox 714 278 796 306; x_wconf 88' lang='lat' dir='ltr'>sunt</span> <span class='ocrx_word' id='word_1_13' title='bbox 825 271 953 304; x_wconf 87' lang='lat' dir='ltr'>artium</span> <span class='ocrx_word' id='word_1_14' title='bbox 977 268 1131 310; x_wconf 87' lang='lat' dir='ltr'>semina,</span> <span class='ocrx_word' id='word_1_15' title='bbox 1171 275 1205 302; x_wconf 89' lang='lat' dir='ltr'>et</span> 
     </span>
     <span class='ocr_line' id='line_1_4' title="bbox 213 320 1206 376; baseline -0.016 -9"><span class='ocrx_word' id='word_1_16' title='bbox 213 332 280 367; x_wconf 86' lang='lat' dir='ltr'>hoc</span> <span class='ocrx_word' id='word_1_17' title='bbox 305 332 417 376; x_wconf 89' lang='lat' dir='ltr'>ipsum</span> <span class='ocrx_word' id='word_1_18' title='bbox 443 326 628 361; x_wconf 83' lang='lat' dir='ltr'>discrimen</span> <span class='ocrx_word' id='word_1_19' title='bbox 658 322 886 358; x_wconf 82' lang='lat' dir='ltr'>honestorum</span> <span class='ocrx_word' id='word_1_20' title='bbox 910 327 943 355; x_wconf 90' lang='lat' dir='ltr'>et</span> <span class='ocrx_word' id='word_1_21' title='bbox 958 320 1139 364; x_wconf 88' lang='lat' dir='ltr'>turpium,</span> <span class='ocrx_word' id='word_1_22' title='bbox 1165 332 1206 353; x_wconf 83' lang='lat' dir='ltr'>ex</span> 
     </span>
     <span class='ocr_line' id='line_1_5' title="bbox 213 376 1208 430; baseline -0.015 -13"><span class='ocrx_word' id='word_1_23' title='bbox 213 396 284 430; x_wconf 89' lang='lat' dir='ltr'>quo</span> <span class='ocrx_word' id='word_1_24' title='bbox 301 383 392 424; x_wconf 82' lang='lat' dir='ltr'>leges</span> <span class='ocrx_word' id='word_1_25' title='bbox 411 384 550 412; x_wconf 89' lang='lat' dir='ltr'>nostrae</span> <span class='ocrx_word' id='word_1_26' title='bbox 568 376 742 420; x_wconf 90' lang='lat' dir='ltr'>sapienter</span> <span class='ocrx_word' id='word_1_27' title='bbox 758 379 934 407; x_wconf 87' lang='lat' dir='ltr'>extructae</span> <span class='ocrx_word' id='word_1_28' title='bbox 949 379 1048 412; x_wconf 89' lang='lat' dir='ltr'>sunt,</span> <span class='ocrx_word' id='word_1_29' title='bbox 1075 377 1108 403; x_wconf 90' lang='lat' dir='ltr'>et</span> <span class='ocrx_word' id='word_1_30' title='bbox 1124 382 1208 414; x_wconf 89' lang='lat' dir='ltr'>poe-</span> 
     </span>
     <span class='ocr_line' id='line_1_6' title="bbox 214 421 1207 477; baseline -0.013 -10"><span class='ocrx_word' id='word_1_31' title='bbox 214 445 278 468; x_wconf 92' lang='lat' dir='ltr'>nas</span> <span class='ocrx_word' id='word_1_32' title='bbox 303 443 390 477; x_wconf 85' lang='lat' dir='ltr'>quae</span> <span class='ocrx_word' id='word_1_33' title='bbox 415 434 584 474; x_wconf 90' lang='lat' dir='ltr'>perpetuo</span> <span class='ocrx_word' id='word_1_34' title='bbox 609 426 734 460; x_wconf 85' lang='lat' dir='ltr'>ordine</span> <span class='ocrx_word' id='word_1_35' title='bbox 752 424 963 458; x_wconf 79' lang='lat' dir='ltr'>comitantur</span> <span class='ocrx_word' id='word_1_36' title='bbox 986 421 1117 455; x_wconf 90' lang='lat' dir='ltr'>atrocia</span> <span class='ocrx_word' id='word_1_37' title='bbox 1135 433 1207 455; x_wconf 91' lang='lat' dir='ltr'>sce-</span> 
     </span>
     <span class='ocr_line' id='line_1_7' title="bbox 217 472 1209 523; baseline -0.013 -5"><span class='ocrx_word' id='word_1_38' title='bbox 217 486 310 523; x_wconf 88' lang='lat' dir='ltr'>lera,</span> <span class='ocrx_word' id='word_1_39' title='bbox 345 489 384 516; x_wconf 89' lang='lat' dir='ltr'>ut</span> <span class='ocrx_word' id='word_1_40' title='bbox 406 487 441 514; x_wconf 88' lang='lat' dir='ltr'>et</span> <span class='ocrx_word' id='word_1_41' title='bbox 465 478 680 523; x_wconf 89' lang='lat' dir='ltr'>praesentiae</span> <span class='ocrx_word' id='word_1_42' title='bbox 706 483 738 510; x_wconf 91' lang='lat' dir='ltr'>et</span> <span class='ocrx_word' id='word_1_43' title='bbox 761 474 918 508; x_wconf 83' lang='lat' dir='ltr'>iusticiae</span> <span class='ocrx_word' id='word_1_44' title='bbox 937 472 1003 506; x_wconf 91' lang='lat' dir='ltr'>Dei</span> <span class='ocrx_word' id='word_1_45' title='bbox 1023 473 1060 505; x_wconf 90' lang='lat' dir='ltr'>in</span> <span class='ocrx_word' id='word_1_46' title='bbox 1084 483 1209 515; x_wconf 85' lang='lat' dir='ltr'>genere</span> 
     </span>
     <span class='ocr_line' id='line_1_8' title="bbox 217 523 1209 574; baseline -0.013 -6"><span class='ocrx_word' id='word_1_47' title='bbox 217 534 373 568; x_wconf 89' lang='lat' dir='ltr'>humano</span> <span class='ocrx_word' id='word_1_48' title='bbox 391 531 488 574; x_wconf 88' lang='lat' dir='ltr'>signa</span> <span class='ocrx_word' id='word_1_49' title='bbox 513 529 584 563; x_wconf 90' lang='lat' dir='ltr'>sint</span> <span class='ocrx_word' id='word_1_50' title='bbox 600 539 673 561; x_wconf 91' lang='lat' dir='ltr'>non</span> <span class='ocrx_word' id='word_1_51' title='bbox 696 526 864 560; x_wconf 85' lang='lat' dir='ltr'>fallentia.</span> <span class='ocrx_word' id='word_1_52' title='bbox 918 523 1110 567; x_wconf 77' lang='lat' dir='ltr'>Praecipue</span> <span class='ocrx_word' id='word_1_53' title='bbox 1126 534 1209 555; x_wconf 77' lang='lat' dir='ltr'>vero</span> 
     </span>
     <span class='ocr_line' id='line_1_9' title="bbox 218 574 1212 619; baseline -0.013 -1"><span class='ocrx_word' id='word_1_54' title='bbox 218 584 427 619; x_wconf 85' lang='lat' dir='ltr'>confirment</span> <span class='ocrx_word' id='word_1_55' title='bbox 443 580 679 614; x_wconf 77' lang='lat' dir='ltr'>assensionem</span> <span class='ocrx_word' id='word_1_56' title='bbox 703 578 740 610; x_wconf 85' lang='lat' dir='ltr'>in</span> <span class='ocrx_word' id='word_1_57' title='bbox 761 576 863 609; x_wconf 90' lang='lat' dir='ltr'>nobis</span> <span class='ocrx_word' id='word_1_58' title='bbox 878 574 1096 608; x_wconf 80' lang='lat' dir='ltr'>resuscitatio</span> <span class='ocrx_word' id='word_1_59' title='bbox 1116 584 1212 606; x_wconf 78' lang='lat' dir='ltr'>mor-</span> 
     </span>
     <span class='ocr_line' id='line_1_10' title="bbox 217 625 1212 674; baseline -0.014 -5"><span class='ocrx_word' id='word_1_60' title='bbox 217 643 359 670; x_wconf 88' lang='lat' dir='ltr'>tuorum</span> <span class='ocrx_word' id='word_1_61' title='bbox 373 661 382 674; x_wconf 91' lang='lat'>‚</span> <span class='ocrx_word' id='word_1_62' title='bbox 410 639 443 666; x_wconf 88' lang='lat' dir='ltr'>et</span> <span class='ocrx_word' id='word_1_63' title='bbox 458 631 525 665; x_wconf 88' lang='lat' dir='ltr'>alia</span> <span class='ocrx_word' id='word_1_64' title='bbox 542 629 740 664; x_wconf 89' lang='lat' dir='ltr'>testimonia</span> <span class='ocrx_word' id='word_1_65' title='bbox 757 625 933 660; x_wconf 84' lang='lat' dir='ltr'>Ecclesiae</span> <span class='ocrx_word' id='word_1_66' title='bbox 950 632 1032 658; x_wconf 88' lang='lat' dir='ltr'>nota</span> <span class='ocrx_word' id='word_1_67' title='bbox 1044 651 1053 665; x_wconf 86' lang='lat'>‚</span> <span class='ocrx_word' id='word_1_68' title='bbox 1081 631 1114 658; x_wconf 88' lang='lat' dir='ltr'>et</span> <span class='ocrx_word' id='word_1_69' title='bbox 1130 635 1212 656; x_wconf 85' lang='lat' dir='ltr'>vera</span> 
     </span>
     <span class='ocr_line' id='line_1_11' title="bbox 218 675 1212 723; baseline -0.014 -3"><span class='ocrx_word' id='word_1_70' title='bbox 218 687 279 720; x_wconf 82' lang='lat' dir='ltr'>lux</span> <span class='ocrx_word' id='word_1_71' title='bbox 306 685 426 718; x_wconf 91' lang='lat' dir='ltr'>divina</span> <span class='ocrx_word' id='word_1_72' title='bbox 464 683 501 715; x_wconf 90' lang='lat' dir='ltr'>in</span> <span class='ocrx_word' id='word_1_73' title='bbox 534 680 663 715; x_wconf 89' lang='lat' dir='ltr'>nostris</span> <span class='ocrx_word' id='word_1_74' title='bbox 693 677 893 723; x_wconf 81' lang='lat' dir='ltr'>pectoribus</span> <span class='ocrx_word' id='word_1_75' title='bbox 917 688 935 709; x_wconf 91' lang='lat' dir='ltr'>a</span> <span class='ocrx_word' id='word_1_76' title='bbox 959 675 1033 709; x_wconf 93' lang='lat' dir='ltr'>Deo</span> <span class='ocrx_word' id='word_1_77' title='bbox 1058 685 1212 708; x_wconf 87' lang='lat' dir='ltr'>accensa.</span> 
     </span>
     <span class='ocr_line' id='line_1_12' title="bbox 220 725 1214 781; baseline -0.014 -11"><span class='ocrx_word' id='word_1_78' title='bbox 220 737 342 781; x_wconf 88' lang='lat' dir='ltr'>ltaque</span> <span class='ocrx_word' id='word_1_79' title='bbox 360 732 557 768; x_wconf 87' lang='lat' dir='ltr'>confirmati</span> <span class='ocrx_word' id='word_1_80' title='bbox 574 743 655 764; x_wconf 88' lang='lat' dir='ltr'>vera</span> <span class='ocrx_word' id='word_1_81' title='bbox 672 728 736 763; x_wconf 89' lang='lat' dir='ltr'>Dei</span> <span class='ocrx_word' id='word_1_82' title='bbox 756 727 954 771; x_wconf 76' lang='lat' dir='ltr'>agnitione,</span> <span class='ocrx_word' id='word_1_83' title='bbox 981 725 1048 770; x_wconf 90' lang='lat' dir='ltr'>ipsi</span> <span class='ocrx_word' id='word_1_84' title='bbox 1067 725 1214 758; x_wconf 87' lang='lat' dir='ltr'>obedia-</span> 
     </span>
     <span class='ocr_line' id='line_1_13' title="bbox 220 775 1215 829; baseline -0.013 -9"><span class='ocrx_word' id='word_1_85' title='bbox 220 798 299 820; x_wconf 88' lang='lat' dir='ltr'>mus</span> <span class='ocrx_word' id='word_1_86' title='bbox 311 814 320 827; x_wconf 89' lang='lat'>,</span> <span class='ocrx_word' id='word_1_87' title='bbox 346 792 378 819; x_wconf 91' lang='lat' dir='ltr'>et</span> <span class='ocrx_word' id='word_1_88' title='bbox 396 793 573 829; x_wconf 82' lang='lat' dir='ltr'>speremus</span> <span class='ocrx_word' id='word_1_89' title='bbox 599 793 679 814; x_wconf 91' lang='lat' dir='ltr'>eum</span> <span class='ocrx_word' id='word_1_90' title='bbox 705 778 872 823; x_wconf 81' lang='lat' dir='ltr'>reliquias</span> <span class='ocrx_word' id='word_1_91' title='bbox 889 775 1065 810; x_wconf 85' lang='lat' dir='ltr'>Ecclesiae</span> <span class='ocrx_word' id='word_1_92' title='bbox 1080 787 1161 809; x_wconf 91' lang='lat' dir='ltr'>suae</span> <span class='ocrx_word' id='word_1_93' title='bbox 1177 775 1215 807; x_wconf 90' lang='lat' dir='ltr'>in</span> 
     </span>
     <span class='ocr_line' id='line_1_14' title="bbox 223 833 1216 872; baseline -0.013 -1"><span class='ocrx_word' id='word_1_94' title='bbox 223 837 328 872; x_wconf 89' lang='lat' dir='ltr'>tantis</span> <span class='ocrx_word' id='word_1_95' title='bbox 348 835 515 869; x_wconf 85' lang='lat' dir='ltr'>fluctibus</span> <span class='ocrx_word' id='word_1_96' title='bbox 536 840 653 866; x_wconf 87' lang='lat' dir='ltr'>tamen</span> <span class='ocrx_word' id='word_1_97' title='bbox 675 837 895 864; x_wconf 87' lang='lat' dir='ltr'>servaturum</span> <span class='ocrx_word' id='word_1_98' title='bbox 917 839 1009 868; x_wconf 91' lang='lat' dir='ltr'>esse,</span> <span class='ocrx_word' id='word_1_99' title='bbox 1036 834 1068 860; x_wconf 91' lang='lat' dir='ltr'>et</span> <span class='ocrx_word' id='word_1_100' title='bbox 1090 833 1129 860; x_wconf 92' lang='lat' dir='ltr'>ut</span> <span class='ocrx_word' id='word_1_101' title='bbox 1143 837 1216 859; x_wconf 88' lang='lat' dir='ltr'>ser-</span> 
     </span>
     <span class='ocr_line' id='line_1_15' title="bbox 221 876 1216 929; baseline -0.014 -7"><span class='ocrx_word' id='word_1_102' title='bbox 221 896 298 929; x_wconf 85' lang='lat' dir='ltr'>vet,</span> <span class='ocrx_word' id='word_1_103' title='bbox 331 885 536 920; x_wconf 81' lang='lat' dir='ltr'>ardentibus</span> <span class='ocrx_word' id='word_1_104' title='bbox 568 894 648 916; x_wconf 91' lang='lat' dir='ltr'>eum</span> <span class='ocrx_word' id='word_1_105' title='bbox 682 881 772 914; x_wconf 75' lang='lat' dir='ltr'>votis</span> <span class='ocrx_word' id='word_1_106' title='bbox 801 890 952 913; x_wconf 85' lang='lat' dir='ltr'>oremus.</span> <span class='ocrx_word' id='word_1_107' title='bbox 1012 876 1107 910; x_wconf 89' lang='lat' dir='ltr'>Huic</span> <span class='ocrx_word' id='word_1_108' title='bbox 1132 888 1216 909; x_wconf 88' lang='lat' dir='ltr'>vero</span> 
     </span>
     <span class='ocr_line' id='line_1_16' title="bbox 221 925 1217 982; baseline -0.013 -10"><span class='ocrx_word' id='word_1_109' title='bbox 221 940 299 974; x_wconf 87' lang='lat' dir='ltr'>Deo</span> <span class='ocrx_word' id='word_1_110' title='bbox 317 937 406 982; x_wconf 88' lang='lat' dir='ltr'>patri</span> <span class='ocrx_word' id='word_1_111' title='bbox 424 931 723 969; x_wconf 90' lang='lat' dir='ltr'>aeternoDomini</span> <span class='ocrx_word' id='word_1_112' title='bbox 739 930 849 964; x_wconf 89' lang='lat' dir='ltr'>nostri</span> <span class='ocrx_word' id='word_1_113' title='bbox 862 927 940 962; x_wconf 90' lang='lat' dir='ltr'>Iesu</span> <span class='ocrx_word' id='word_1_114' title='bbox 955 925 1107 968; x_wconf 83' lang='lat' dir='ltr'>Christi,</span> <span class='ocrx_word' id='word_1_115' title='bbox 1131 939 1217 960; x_wconf 88' lang='lat' dir='ltr'>con-</span> 
     </span>
     <span class='ocr_line' id='line_1_17' title="bbox 223 978 1218 1031; baseline -0.013 -8"><span class='ocrx_word' id='word_1_116' title='bbox 223 989 331 1023; x_wconf 88' lang='lat' dir='ltr'>ditori</span> <span class='ocrx_word' id='word_1_117' title='bbox 357 986 493 1031; x_wconf 90' lang='lat' dir='ltr'>generis</span> <span class='ocrx_word' id='word_1_118' title='bbox 517 983 665 1018; x_wconf 87' lang='lat' dir='ltr'>humani</span> <span class='ocrx_word' id='word_1_119' title='bbox 696 989 730 1016; x_wconf 91' lang='lat' dir='ltr'>et</span> <span class='ocrx_word' id='word_1_120' title='bbox 757 979 935 1015; x_wconf 82' lang='lat' dir='ltr'>Ecclesiae</span> <span class='ocrx_word' id='word_1_121' title='bbox 956 990 1058 1018; x_wconf 89' lang='lat' dir='ltr'>suae,</span> <span class='ocrx_word' id='word_1_122' title='bbox 1091 978 1218 1021; x_wconf 77' lang='lat' dir='ltr'>gratias</span> 
     </span>
     <span class='ocr_line' id='line_1_18' title="bbox 223 1029 1219 1084; baseline -0.014 -10"><span class='ocrx_word' id='word_1_123' title='bbox 223 1053 306 1084; x_wconf 82' lang='lat' dir='ltr'>ago,</span> <span class='ocrx_word' id='word_1_124' title='bbox 341 1038 436 1083; x_wconf 91' lang='lat' dir='ltr'>quod</span> <span class='ocrx_word' id='word_1_125' title='bbox 463 1034 632 1070; x_wconf 84' lang='lat' dir='ltr'>hactenus</span> <span class='ocrx_word' id='word_1_126' title='bbox 665 1030 757 1066; x_wconf 87' lang='lat' dir='ltr'>hanc</span> <span class='ocrx_word' id='word_1_127' title='bbox 779 1030 1006 1066; x_wconf 77' lang='lat' dir='ltr'>Academiam</span> <span class='ocrx_word' id='word_1_128' title='bbox 1030 1029 1219 1062; x_wconf 90' lang='lat' dir='ltr'>clementer</span> 
     </span>
     <span class='ocr_line' id='line_1_19' title="bbox 225 1083 1217 1130; baseline -0.014 -5"><span class='ocrx_word' id='word_1_129' title='bbox 225 1090 396 1130; x_wconf 85' lang='lat' dir='ltr'>servavit,</span> <span class='ocrx_word' id='word_1_130' title='bbox 430 1095 463 1122; x_wconf 89' lang='lat' dir='ltr'>et</span> <span class='ocrx_word' id='word_1_131' title='bbox 487 1093 526 1121; x_wconf 90' lang='lat' dir='ltr'>ut</span> <span class='ocrx_word' id='word_1_132' title='bbox 549 1096 626 1119; x_wconf 89' lang='lat' dir='ltr'>eam</span> <span class='ocrx_word' id='word_1_133' title='bbox 644 1083 810 1128; x_wconf 85' lang='lat' dir='ltr'>deinceps</span> <span class='ocrx_word' id='word_1_134' title='bbox 827 1087 941 1115; x_wconf 88' lang='lat' dir='ltr'>servet</span> <span class='ocrx_word' id='word_1_135' title='bbox 955 1087 988 1114; x_wconf 90' lang='lat' dir='ltr'>et</span> <span class='ocrx_word' id='word_1_136' title='bbox 1005 1086 1118 1123; x_wconf 87' lang='lat' dir='ltr'>regat,</span> <span class='ocrx_word' id='word_1_137' title='bbox 1144 1085 1217 1113; x_wconf 91' lang='lat' dir='ltr'>toto</span> 
     </span>
     <span class='ocr_line' id='line_1_20' title="bbox 222 1148 555 1187; baseline -0.018 -11"><span class='ocrx_word' id='word_1_138' title='bbox 222 1148 361 1187; x_wconf 84' lang='lat' dir='ltr'>pectore</span> <span class='ocrx_word' id='word_1_139' title='bbox 383 1151 461 1173; x_wconf 89' lang='lat' dir='ltr'>eum</span> <span class='ocrx_word' id='word_1_140' title='bbox 481 1150 555 1171; x_wconf 86' lang='lat' dir='ltr'>oro.</span> 
     </span>
    </p>

    <p class='ocr_par' dir='ltr' id='par_1_3' title="bbox 224 1178 1252 1695">
     <span class='ocr_line' id='line_1_21' title="bbox 327 1178 1222 1225; baseline -0.017 -1"><span class='ocrx_word' id='word_1_141' title='bbox 327 1189 416 1225; x_wconf 91' lang='lat' dir='ltr'>Cum</span> <span class='ocrx_word' id='word_1_142' title='bbox 436 1195 552 1222; x_wconf 87' lang='lat' dir='ltr'>autem</span> <span class='ocrx_word' id='word_1_143' title='bbox 569 1187 738 1220; x_wconf 90' lang='lat' dir='ltr'>usitatum</span> <span class='ocrx_word' id='word_1_144' title='bbox 756 1183 816 1224; x_wconf 91' lang='lat' dir='ltr'>sit,</span> <span class='ocrx_word' id='word_1_145' title='bbox 838 1182 876 1214; x_wconf 92' lang='lat' dir='ltr'>in</span> <span class='ocrx_word' id='word_1_146' title='bbox 894 1178 949 1214; x_wconf 89' lang='lat' dir='ltr'>his</span> <span class='ocrx_word' id='word_1_147' title='bbox 966 1178 1222 1223; x_wconf 85' lang='lat' dir='ltr'>congressibus,</span> 
     </span>
     <span class='ocr_line' id='line_1_22' title="bbox 224 1229 1221 1285; baseline -0.018 -8"><span class='ocrx_word' id='word_1_148' title='bbox 224 1244 280 1277; x_wconf 78' lang='lat' dir='ltr'>vel</span> <span class='ocrx_word' id='word_1_149' title='bbox 298 1243 340 1276; x_wconf 89' lang='lat' dir='ltr'>de</span> <span class='ocrx_word' id='word_1_150' title='bbox 358 1241 475 1285; x_wconf 87' lang='lat' dir='ltr'>aliqua</span> <span class='ocrx_word' id='word_1_151' title='bbox 492 1238 733 1272; x_wconf 87' lang='lat' dir='ltr'>doctrinarum</span> <span class='ocrx_word' id='word_1_152' title='bbox 753 1239 851 1278; x_wconf 90' lang='lat' dir='ltr'>parte</span> <span class='ocrx_word' id='word_1_153' title='bbox 871 1232 1005 1272; x_wconf 89' lang='lat' dir='ltr'>dicere,</span> <span class='ocrx_word' id='word_1_154' title='bbox 1032 1229 1088 1263; x_wconf 84' lang='lat' dir='ltr'>vel</span> <span class='ocrx_word' id='word_1_155' title='bbox 1105 1240 1221 1261; x_wconf 88' lang='lat' dir='ltr'>exem-</span> 
     </span>
     <span class='ocr_line' id='line_1_23' title="bbox 228 1277 1222 1340; baseline -0.017 -13"><span class='ocrx_word' id='word_1_156' title='bbox 228 1295 285 1340; x_wconf 89' lang='lat' dir='ltr'>pla</span> <span class='ocrx_word' id='word_1_157' title='bbox 305 1293 411 1335; x_wconf 88' lang='lat' dir='ltr'>digna</span> <span class='ocrx_word' id='word_1_158' title='bbox 427 1289 597 1323; x_wconf 88' lang='lat' dir='ltr'>memoria</span> <span class='ocrx_word' id='word_1_159' title='bbox 613 1287 776 1323; x_wconf 87' lang='lat' dir='ltr'>recitare,</span> <span class='ocrx_word' id='word_1_160' title='bbox 811 1282 925 1326; x_wconf 87' lang='lat' dir='ltr'>delegi</span> <span class='ocrx_word' id='word_1_161' title='bbox 942 1279 1126 1315; x_wconf 86' lang='lat' dir='ltr'>historiam</span> <span class='ocrx_word' id='word_1_162' title='bbox 1144 1277 1222 1312; x_wconf 90' lang='lat' dir='ltr'>Du-</span> 
     </span>
     <span class='ocr_line' id='line_1_24' title="bbox 227 1329 1223 1379; baseline -0.017 -1"><span class='ocrx_word' id='word_1_163' title='bbox 227 1345 275 1379; x_wconf 86' lang='lat' dir='ltr'>cis</span> <span class='ocrx_word' id='word_1_164' title='bbox 290 1342 464 1378; x_wconf 79' lang='lat' dir='ltr'>Saxoniae</span> <span class='ocrx_word' id='word_1_165' title='bbox 483 1339 655 1373; x_wconf 85' lang='lat' dir='ltr'>Friderici</span> <span class='ocrx_word' id='word_1_166' title='bbox 673 1334 863 1375; x_wconf 86' lang='lat' dir='ltr'>Electoris,</span> <span class='ocrx_word' id='word_1_167' title='bbox 891 1333 953 1378; x_wconf 85' lang='lat' dir='ltr'>qui</span> <span class='ocrx_word' id='word_1_168' title='bbox 978 1332 1015 1365; x_wconf 89' lang='lat' dir='ltr'>in</span> <span class='ocrx_word' id='word_1_169' title='bbox 1034 1329 1101 1364; x_wconf 87' lang='lat' dir='ltr'>hoc</span> <span class='ocrx_word' id='word_1_170' title='bbox 1119 1329 1223 1374; x_wconf 90' lang='lat' dir='ltr'>oppi-</span> 
     </span>
     <span class='ocr_line' id='line_1_25' title="bbox 228 1383 1250 1429; baseline -0.017 0"><span class='ocrx_word' id='word_1_171' title='bbox 228 1398 273 1429; x_wconf 89' lang='lat' dir='ltr'>do</span> <span class='ocrx_word' id='word_1_172' title='bbox 306 1392 533 1428; x_wconf 85' lang='lat' dir='ltr'>Academiam</span> <span class='ocrx_word' id='word_1_173' title='bbox 564 1387 764 1427; x_wconf 89' lang='lat' dir='ltr'>constituit,</span> <span class='ocrx_word' id='word_1_174' title='bbox 802 1386 845 1419; x_wconf 90' lang='lat' dir='ltr'>de</span> <span class='ocrx_word' id='word_1_175' title='bbox 875 1384 974 1417; x_wconf 91' lang='lat' dir='ltr'>cuius</span> <span class='ocrx_word' id='word_1_176' title='bbox 1004 1383 1113 1415; x_wconf 83' lang='lat' dir='ltr'>fratre</span> <span class='ocrx_word' id='word_1_177' title='bbox 1143 1392 1222 1414; x_wconf 91' lang='lat' dir='ltr'>cum</span> <span class='ocrx_word' id='word_1_178' title='bbox 1247 1400 1250 1408; x_wconf 41' lang='grc' dir='ltr'><em>ψ</em></span> 
     </span>
     <span class='ocr_line' id='line_1_26' title="bbox 226 1431 1224 1490; baseline -0.018 -10"><span class='ocrx_word' id='word_1_179' title='bbox 226 1458 340 1490; x_wconf 86' lang='lat' dir='ltr'>nuper</span> <span class='ocrx_word' id='word_1_180' title='bbox 362 1444 495 1477; x_wconf 90' lang='lat' dir='ltr'>dictum</span> <span class='ocrx_word' id='word_1_181' title='bbox 520 1448 625 1482; x_wconf 90' lang='lat' dir='ltr'>esset,</span> <span class='ocrx_word' id='word_1_182' title='bbox 652 1436 805 1473; x_wconf 85' lang='lat' dir='ltr'>iudicavi</span> <span class='ocrx_word' id='word_1_183' title='bbox 824 1434 941 1469; x_wconf 82' lang='lat' dir='ltr'>fratris</span> <span class='ocrx_word' id='word_1_184' title='bbox 958 1431 1143 1466; x_wconf 87' lang='lat' dir='ltr'>historiam</span> <span class='ocrx_word' id='word_1_185' title='bbox 1161 1432 1224 1464; x_wconf 88' lang='lat' dir='ltr'>ad-</span> 
     </span>
     <span class='ocr_line' id='line_1_27' title="bbox 227 1482 1224 1537; baseline -0.017 -7"><span class='ocrx_word' id='word_1_186' title='bbox 227 1497 379 1531; x_wconf 89' lang='lat' dir='ltr'>dendam</span> <span class='ocrx_word' id='word_1_187' title='bbox 398 1505 488 1531; x_wconf 88' lang='lat' dir='ltr'>esse,</span> <span class='ocrx_word' id='word_1_188' title='bbox 517 1503 604 1537; x_wconf 90' lang='lat' dir='ltr'>quae</span> <span class='ocrx_word' id='word_1_189' title='bbox 626 1491 730 1524; x_wconf 90' lang='lat' dir='ltr'>etiam</span> <span class='ocrx_word' id='word_1_190' title='bbox 748 1487 857 1520; x_wconf 90' lang='lat' dir='ltr'>multa</span> <span class='ocrx_word' id='word_1_191' title='bbox 876 1484 1033 1529; x_wconf 82' lang='lat' dir='ltr'>exempla</span> <span class='ocrx_word' id='word_1_192' title='bbox 1050 1482 1224 1525; x_wconf 84' lang='lat' dir='ltr'>cognitio-</span> 
     </span>
     <span class='ocr_line' id='line_1_28' title="bbox 227 1533 1224 1591; baseline -0.017 -10"><span class='ocrx_word' id='word_1_193' title='bbox 227 1560 273 1582; x_wconf 88' lang='lat' dir='ltr'>ne</span> <span class='ocrx_word' id='word_1_194' title='bbox 291 1547 395 1591; x_wconf 87' lang='lat' dir='ltr'>digna</span> <span class='ocrx_word' id='word_1_195' title='bbox 413 1543 579 1578; x_wconf 87' lang='lat' dir='ltr'>continet.</span> <span class='ocrx_word' id='word_1_196' title='bbox 631 1540 677 1575; x_wconf 91' lang='lat' dir='ltr'>Et</span> <span class='ocrx_word' id='word_1_197' title='bbox 703 1536 910 1582; x_wconf 86' lang='lat' dir='ltr'>significatio</span> <span class='ocrx_word' id='word_1_198' title='bbox 925 1535 1095 1581; x_wconf 86' lang='lat' dir='ltr'>quaedam</span> <span class='ocrx_word' id='word_1_199' title='bbox 1115 1533 1224 1576; x_wconf 85' lang='lat' dir='ltr'>grati-</span> 
     </span>
     <span class='ocr_line' id='line_1_29' title="bbox 228 1583 1252 1650; baseline -0.019 -17"><span class='ocrx_word' id='word_1_200' title='bbox 228 1598 364 1633; x_wconf 85' lang='lat' dir='ltr'>tudinis</span> <span class='ocrx_word' id='word_1_201' title='bbox 382 1603 450 1636; x_wconf 87' lang='lat' dir='ltr'>est,</span> <span class='ocrx_word' id='word_1_202' title='bbox 475 1595 628 1627; x_wconf 84' lang='lat' dir='ltr'>libenter</span> <span class='ocrx_word' id='word_1_203' title='bbox 650 1591 725 1625; x_wconf 89' lang='lat' dir='ltr'>eius</span> <span class='ocrx_word' id='word_1_204' title='bbox 748 1587 919 1633; x_wconf 88' lang='lat' dir='ltr'>principis</span> <span class='ocrx_word' id='word_1_205' title='bbox 942 1584 1138 1625; x_wconf 83' lang='lat' dir='ltr'>recordari,</span> <span class='ocrx_word' id='word_1_206' title='bbox 1163 1583 1224 1629; x_wconf 87' lang='lat' dir='ltr'>qui</span> <span class='ocrx_word' id='word_1_207' title='bbox 1248 1598 1252 1650; x_wconf 54' lang='grc' dir='ltr'>ξ</span> 
     </span>
     <span class='ocr_line' id='line_1_30' title="bbox 229 1634 1251 1695; baseline -0.018 -12"><span class='ocrx_word' id='word_1_208' title='bbox 229 1650 366 1695; x_wconf 89' lang='lat' dir='ltr'>primus</span> <span class='ocrx_word' id='word_1_209' title='bbox 392 1645 450 1679; x_wconf 89' lang='lat' dir='ltr'>hic</span> <span class='ocrx_word' id='word_1_210' title='bbox 469 1644 628 1678; x_wconf 89' lang='lat' dir='ltr'>omnium</span> <span class='ocrx_word' id='word_1_211' title='bbox 652 1639 893 1675; x_wconf 83' lang='lat' dir='ltr'>doctrinarum</span> <span class='ocrx_word' id='word_1_212' title='bbox 917 1636 1033 1671; x_wconf 88' lang='lat' dir='ltr'>studia</span> <span class='ocrx_word' id='word_1_213' title='bbox 1051 1634 1225 1668; x_wconf 70' lang='lat' dir='ltr'>excitavit.</span> <span class='ocrx_word' id='word_1_214' title='bbox 1248 1655 1251 1676; x_wconf 67' lang='grc'><em>,</em></span> 
     </span>
    </p>
   </div>
   <div class='ocr_carea' id='block_1_3' title="bbox 230 1685 1257 2657">
    <p class='ocr_par' dir='ltr' id='par_1_4' title="bbox 230 1685 1257 2657">
     <span class='ocr_line' id='line_1_31' title="bbox 230 1685 1251 1738; baseline -0.018 -4"><span class='ocrx_word' id='word_1_215' title='bbox 230 1700 327 1735; x_wconf 83' lang='lat' dir='ltr'>Utile</span> <span class='ocrx_word' id='word_1_216' title='bbox 365 1703 417 1731; x_wconf 89' lang='lat' dir='ltr'>est</span> <span class='ocrx_word' id='word_1_217' title='bbox 451 1696 557 1729; x_wconf 88' lang='lat' dir='ltr'>etiam</span> <span class='ocrx_word' id='word_1_218' title='bbox 599 1691 747 1738; x_wconf 86' lang='lat' dir='ltr'>posteris</span> <span class='ocrx_word' id='word_1_219' title='bbox 784 1687 1046 1734; x_wconf 85' lang='lat' dir='ltr'>requirentibus</span> <span class='ocrx_word' id='word_1_220' title='bbox 1082 1685 1251 1718; x_wconf 68' lang='lat' dir='ltr'>exordia1</span> 
     </span>
     <span class='ocr_line' id='line_1_32' title="bbox 232 1737 1251 1784; baseline -0.018 0"><span class='ocrx_word' id='word_1_221' title='bbox 232 1748 489 1784; x_wconf 84' lang='lat' dir='ltr'>emendationis</span> <span class='ocrx_word' id='word_1_222' title='bbox 523 1744 703 1778; x_wconf 85' lang='lat' dir='ltr'>doctrinae</span> <span class='ocrx_word' id='word_1_223' title='bbox 740 1739 1008 1777; x_wconf 87' lang='lat' dir='ltr'>ecclesiasticae,</span> <span class='ocrx_word' id='word_1_224' title='bbox 1041 1737 1148 1777; x_wconf 90' lang='lat' dir='ltr'>scire,</span> <span class='ocrx_word' id='word_1_225' title='bbox 1181 1742 1251 1768; x_wconf 84' lang='lat' dir='ltr'>an¹</span> 
     </span>
     <span class='ocr_line' id='line_1_33' title="bbox 234 1784 1227 1836; baseline -0.018 0"><span class='ocrx_word' id='word_1_226' title='bbox 234 1809 371 1836; x_wconf 90' lang='lat' dir='ltr'>tantum</span> <span class='ocrx_word' id='word_1_227' title='bbox 395 1797 558 1831; x_wconf 90' lang='lat' dir='ltr'>seditiose</span> <span class='ocrx_word' id='word_1_228' title='bbox 583 1796 620 1827; x_wconf 90' lang='lat' dir='ltr'>in</span> <span class='ocrx_word' id='word_1_229' title='bbox 645 1793 750 1836; x_wconf 86' lang='lat' dir='ltr'>vulgo</span> <span class='ocrx_word' id='word_1_230' title='bbox 775 1789 909 1824; x_wconf 87' lang='lat' dir='ltr'>semina</span> <span class='ocrx_word' id='word_1_231' title='bbox 932 1784 1049 1833; x_wconf 87' lang='lat' dir='ltr'>sparsa</span> <span class='ocrx_word' id='word_1_232' title='bbox 1066 1787 1155 1827; x_wconf 85' lang='lat' dir='ltr'>sint,</span> <span class='ocrx_word' id='word_1_233' title='bbox 1181 1798 1227 1818; x_wconf 90' lang='lat' dir='ltr'>an</span> 
     </span>
     <span class='ocr_line' id='line_1_34' title="bbox 231 1838 1226 1886; baseline -0.018 0"><span class='ocrx_word' id='word_1_234' title='bbox 231 1865 315 1885; x_wconf 70' lang='lat' dir='ltr'>vero</span> <span class='ocrx_word' id='word_1_235' title='bbox 350 1851 454 1884; x_wconf 88' lang='lat' dir='ltr'>etiam</span> <span class='ocrx_word' id='word_1_236' title='bbox 486 1845 668 1880; x_wconf 84' lang='lat' dir='ltr'>accesserit</span> <span class='ocrx_word' id='word_1_237' title='bbox 701 1842 902 1886; x_wconf 87' lang='lat' dir='ltr'>aliquorum</span> <span class='ocrx_word' id='word_1_238' title='bbox 929 1838 1127 1882; x_wconf 85' lang='lat' dir='ltr'>sapientum</span> <span class='ocrx_word' id='word_1_239' title='bbox 1153 1844 1226 1870; x_wconf 90' lang='lat' dir='ltr'>tum</span> 
     </span>
     <span class='ocr_line' id='line_1_35' title="bbox 235 1887 1228 1940; baseline -0.019 -3"><span class='ocrx_word' id='word_1_240' title='bbox 235 1899 482 1940; x_wconf 78' lang='lat' dir='ltr'>consideratio,</span> <span class='ocrx_word' id='word_1_241' title='bbox 504 1904 579 1931; x_wconf 93' lang='lat' dir='ltr'>tum</span> <span class='ocrx_word' id='word_1_242' title='bbox 596 1892 817 1940; x_wconf 83' lang='lat' dir='ltr'>adprobatio.</span> <span class='ocrx_word' id='word_1_243' title='bbox 865 1888 1052 1923; x_wconf 88' lang='lat' dir='ltr'>Libentius</span> <span class='ocrx_word' id='word_1_244' title='bbox 1069 1887 1172 1921; x_wconf 91' lang='lat' dir='ltr'>etiam</span> <span class='ocrx_word' id='word_1_245' title='bbox 1185 1887 1228 1919; x_wconf 90' lang='lat' dir='ltr'>de</span> 
     </span>
     <span class='ocr_line' id='line_1_36' title="bbox 234 1937 1253 1998; baseline -0.02 -10"><span class='ocrx_word' id='word_1_246' title='bbox 234 1953 300 1988; x_wconf 83' lang='lat' dir='ltr'>hoc</span> <span class='ocrx_word' id='word_1_247' title='bbox 326 1953 399 1998; x_wconf 90' lang='lat' dir='ltr'>ipso</span> <span class='ocrx_word' id='word_1_248' title='bbox 425 1949 584 1995; x_wconf 88' lang='lat' dir='ltr'>principe</span> <span class='ocrx_word' id='word_1_249' title='bbox 613 1958 707 1979; x_wconf 93' lang='lat' dir='ltr'>nunc</span> <span class='ocrx_word' id='word_1_250' title='bbox 733 1944 830 1983; x_wconf 87' lang='lat' dir='ltr'>dico,</span> <span class='ocrx_word' id='word_1_251' title='bbox 861 1953 939 1975; x_wconf 90' lang='lat' dir='ltr'>cum</span> <span class='ocrx_word' id='word_1_252' title='bbox 964 1939 1030 1974; x_wconf 86' lang='lat' dir='ltr'>Dei</span> <span class='ocrx_word' id='word_1_253' title='bbox 1058 1937 1227 1972; x_wconf 80' lang='lat' dir='ltr'>beneficio</span> <span class='ocrx_word' id='word_1_254' title='bbox 1251 1961 1253 1967; x_wconf 75' lang='grc'>,</span> 
     </span>
     <span class='ocr_line' id='line_1_37' title="bbox 235 1981 1256 2047; baseline -0.02 -8"><span class='ocrx_word' id='word_1_255' title='bbox 235 2018 306 2039; x_wconf 93' lang='lat' dir='ltr'>uno</span> <span class='ocrx_word' id='word_1_256' title='bbox 330 2011 485 2047; x_wconf 89' lang='lat' dir='ltr'>tempore</span> <span class='ocrx_word' id='word_1_257' title='bbox 507 2011 562 2033; x_wconf 79' lang='lat' dir='ltr'>sex</span> <span class='ocrx_word' id='word_1_258' title='bbox 587 1995 799 2031; x_wconf 84' lang='lat' dir='ltr'>doctissimis</span> <span class='ocrx_word' id='word_1_259' title='bbox 823 1992 908 2025; x_wconf 78' lang='lat' dir='ltr'>viris</span> <span class='ocrx_word' id='word_1_260' title='bbox 930 1990 1111 2035; x_wconf 84' lang='lat' dir='ltr'>publicum</span> <span class='ocrx_word' id='word_1_261' title='bbox 1131 1988 1228 2022; x_wconf 84' lang='lat' dir='ltr'>testi-</span> <span class='ocrx_word' id='word_1_262' title='bbox 1251 1981 1256 2041; x_wconf 68' lang='grc'>1</span> 
     </span>
     <span class='ocr_line' id='line_1_38' title="bbox 237 2037 1255 2089; baseline -0.019 0"><span class='ocrx_word' id='word_1_263' title='bbox 237 2056 396 2089; x_wconf 85' lang='lat' dir='ltr'>monium</span> <span class='ocrx_word' id='word_1_264' title='bbox 421 2051 584 2086; x_wconf 82' lang='lat' dir='ltr'>scientiae</span> <span class='ocrx_word' id='word_1_265' title='bbox 609 2048 695 2081; x_wconf 91' lang='lat' dir='ltr'>iuris</span> <span class='ocrx_word' id='word_1_266' title='bbox 720 2046 858 2082; x_wconf 87' lang='lat' dir='ltr'>tribuo,</span> <span class='ocrx_word' id='word_1_267' title='bbox 889 2042 970 2087; x_wconf 86' lang='lat' dir='ltr'>quia</span> <span class='ocrx_word' id='word_1_268' title='bbox 991 2041 1118 2074; x_wconf 87' lang='lat' dir='ltr'>scimus</span> <span class='ocrx_word' id='word_1_269' title='bbox 1135 2037 1229 2072; x_wconf 86' lang='lat' dir='ltr'>hunc</span> <span class='ocrx_word' id='word_1_270' title='bbox 1253 2044 1255 2088; x_wconf 52' lang='grc' dir='ltr'>ξ</span> 
     </span>
     <span class='ocr_line' id='line_1_39' title="bbox 237 2091 1256 2151; baseline -0.02 -11"><span class='ocrx_word' id='word_1_271' title='bbox 237 2106 431 2151; x_wconf 86' lang='lat' dir='ltr'>principem</span> <span class='ocrx_word' id='word_1_272' title='bbox 450 2113 550 2146; x_wconf 86' lang='lat' dir='ltr'>saepe</span> <span class='ocrx_word' id='word_1_273' title='bbox 567 2113 627 2133; x_wconf 88' lang='lat' dir='ltr'>sua</span> <span class='ocrx_word' id='word_1_274' title='bbox 645 2111 728 2132; x_wconf 76' lang='lat' dir='ltr'>voce</span> <span class='ocrx_word' id='word_1_275' title='bbox 743 2093 939 2129; x_wconf 83' lang='lat' dir='ltr'>barbariem</span> <span class='ocrx_word' id='word_1_276' title='bbox 952 2120 960 2133; x_wconf 86' lang='lat'>,</span> <span class='ocrx_word' id='word_1_277' title='bbox 994 2091 1229 2133; x_wconf 83' lang='lat' dir='ltr'>arrogantiam</span> <span class='ocrx_word' id='word_1_278' title='bbox 1254 2091 1256 2122; x_wconf 74' lang='grc' dir='ltr'>ζ</span> 
     </span>
     <span class='ocr_line' id='line_1_40' title="bbox 237 2141 1231 2191; baseline -0.018 0"><span class='ocrx_word' id='word_1_279' title='bbox 237 2165 267 2191; x_wconf 91' lang='lat' dir='ltr'>et</span> <span class='ocrx_word' id='word_1_280' title='bbox 293 2155 481 2190; x_wconf 84' lang='lat' dir='ltr'>stulticiam</span> <span class='ocrx_word' id='word_1_281' title='bbox 507 2164 628 2185; x_wconf 79' lang='lat' dir='ltr'>eorum</span> <span class='ocrx_word' id='word_1_282' title='bbox 647 2157 798 2187; x_wconf 83' lang='lat' dir='ltr'>taxasse,</span> <span class='ocrx_word' id='word_1_283' title='bbox 821 2145 881 2191; x_wconf 85' lang='lat' dir='ltr'>qni</span> <span class='ocrx_word' id='word_1_284' title='bbox 900 2144 975 2177; x_wconf 89' lang='lat' dir='ltr'>sine</span> <span class='ocrx_word' id='word_1_285' title='bbox 991 2143 1120 2186; x_wconf 88' lang='lat' dir='ltr'>scripto</span> <span class='ocrx_word' id='word_1_286' title='bbox 1145 2141 1231 2181; x_wconf 86' lang='lat' dir='ltr'>iure,</span> 
     </span>
     <span class='ocr_line' id='line_1_41' title="bbox 236 2193 1257 2253; baseline -0.019 -12"><span class='ocrx_word' id='word_1_287' title='bbox 236 2215 419 2253; x_wconf 86' lang='lat' dir='ltr'>potentum</span> <span class='ocrx_word' id='word_1_288' title='bbox 445 2203 601 2237; x_wconf 82' lang='lat' dir='ltr'>arbitriis</span> <span class='ocrx_word' id='word_1_289' title='bbox 625 2200 696 2242; x_wconf 72' lang='lat' dir='ltr'>regi</span> <span class='ocrx_word' id='word_1_290' title='bbox 718 2197 897 2233; x_wconf 82' lang='lat' dir='ltr'>homines,</span> <span class='ocrx_word' id='word_1_291' title='bbox 925 2202 956 2227; x_wconf 88' lang='lat' dir='ltr'>et</span> <span class='ocrx_word' id='word_1_292' title='bbox 974 2193 1122 2227; x_wconf 78' lang='lat' dir='ltr'>indicari</span> <span class='ocrx_word' id='word_1_293' title='bbox 1145 2204 1230 2224; x_wconf 82' lang='lat' dir='ltr'>con-</span> <span class='ocrx_word' id='word_1_294' title='bbox 1255 2205 1257 2228; x_wconf 76' lang='lat'>1</span> 
     </span>
     <span class='ocr_line' id='line_1_42' title="bbox 239 2241 1232 2292; baseline -0.018 0"><span class='ocrx_word' id='word_1_295' title='bbox 239 2258 424 2292; x_wconf 84' lang='lat' dir='ltr'>troversias</span> <span class='ocrx_word' id='word_1_296' title='bbox 446 2255 587 2291; x_wconf 74' lang='lat' dir='ltr'>volunt,</span> <span class='ocrx_word' id='word_1_297' title='bbox 615 2259 647 2285; x_wconf 81' lang='lat' dir='ltr'>et</span> <span class='ocrx_word' id='word_1_298' title='bbox 664 2251 717 2284; x_wconf 84' lang='lat' dir='ltr'>eui</span> <span class='ocrx_word' id='word_1_299' title='bbox 745 2248 890 2291; x_wconf 77' lang='lat' dir='ltr'>perinde</span> <span class='ocrx_word' id='word_1_300' title='bbox 914 2252 949 2278; x_wconf 88' lang='lat' dir='ltr'>ut</span> <span class='ocrx_word' id='word_1_301' title='bbox 965 2243 1125 2287; x_wconf 79' lang='lat' dir='ltr'>Augusto</span> <span class='ocrx_word' id='word_1_302' title='bbox 1141 2241 1232 2276; x_wconf 83' lang='lat' dir='ltr'>Tre-</span> 
     </span>
     <span class='ocr_line' id='line_1_43' title="bbox 239 2293 1229 2347; baseline -0.018 -4"><span class='ocrx_word' id='word_1_303' title='bbox 239 2311 366 2347; x_wconf 80' lang='lat' dir='ltr'>batius,</span> <span class='ocrx_word' id='word_1_304' title='bbox 394 2306 595 2341; x_wconf 78' lang='lat' dir='ltr'>Alexandro</span> <span class='ocrx_word' id='word_1_305' title='bbox 607 2300 763 2337; x_wconf 72' lang='lat' dir='ltr'>Severot</span> <span class='ocrx_word' id='word_1_306' title='bbox 786 2298 940 2343; x_wconf 83' lang='lat' dir='ltr'>lpianns,</span> <span class='ocrx_word' id='word_1_307' title='bbox 966 2293 1229 2328; x_wconf 79' lang='lat' dir='ltr'>familiarissimi</span> 
     </span>
     <span class='ocr_line' id='line_1_44' title="bbox 239 2342 1232 2397; baseline -0.019 -3"><span class='ocrx_word' id='word_1_308' title='bbox 239 2362 382 2394; x_wconf 78' lang='lat' dir='ltr'>fuerunt</span> <span class='ocrx_word' id='word_1_309' title='bbox 417 2354 680 2391; x_wconf 76' lang='lat' dir='ltr'>iurisconsulti,</span> <span class='ocrx_word' id='word_1_310' title='bbox 711 2362 862 2397; x_wconf 81' lang='lat' dir='ltr'>quornm</span> <span class='ocrx_word' id='word_1_311' title='bbox 893 2346 957 2381; x_wconf 76' lang='lat' dir='ltr'>liae</span> <span class='ocrx_word' id='word_1_312' title='bbox 980 2353 1090 2379; x_wconf 83' lang='lat' dir='ltr'>aetate.</span> <span class='ocrx_word' id='word_1_313' title='bbox 1117 2345 1152 2377; x_wconf 93' lang='lat' dir='ltr'>in</span> <span class='ocrx_word' id='word_1_314' title='bbox 1177 2342 1232 2377; x_wconf 80' lang='lat' dir='ltr'>his</span> 
     </span>
     <span class='ocr_line' id='line_1_45' title="bbox 240 2395 1232 2454; baseline -0.018 -9"><span class='ocrx_word' id='word_1_315' title='bbox 240 2411 442 2454; x_wconf 75' lang='lat' dir='ltr'>regionibns</span> <span class='ocrx_word' id='word_1_316' title='bbox 477 2418 610 2440; x_wconf 83' lang='lat' dir='ltr'>summa</span> <span class='ocrx_word' id='word_1_317' title='bbox 654 2404 718 2437; x_wconf 79' lang='lat' dir='ltr'>tuit</span> <span class='ocrx_word' id='word_1_318' title='bbox 758 2400 910 2434; x_wconf 82' lang='lat' dir='ltr'>eruditio</span> <span class='ocrx_word' id='word_1_319' title='bbox 947 2405 979 2431; x_wconf 82' lang='lat' dir='ltr'>et</span> <span class='ocrx_word' id='word_1_320' title='bbox 1013 2395 1232 2442; x_wconf 73' lang='lat' dir='ltr'>eloquentia,</span> 
     </span>
     <span class='ocr_line' id='line_1_46' title="bbox 240 2446 1232 2498; baseline -0.017 -2"><span class='ocrx_word' id='word_1_321' title='bbox 240 2454 371 2496; x_wconf 69' lang='lat' dir='ltr'>Ductor</span> <span class='ocrx_word' id='word_1_322' title='bbox 398 2455 647 2498; x_wconf 67' lang='lat' dir='ltr'>Mogenlnoser,</span> <span class='ocrx_word' id='word_1_323' title='bbox 683 2453 814 2487; x_wconf 77' lang='lat' dir='ltr'>Ductor</span> <span class='ocrx_word' id='word_1_324' title='bbox 839 2450 1067 2489; x_wconf 62' lang='lat' dir='ltr'>llemfingus,</span> <span class='ocrx_word' id='word_1_325' title='bbox 1101 2446 1232 2479; x_wconf 76' lang='lat' dir='ltr'>Ductor</span> 
     </span>
     <span class='ocr_line' id='line_1_47' title="bbox 242 2494 1257 2547; baseline -0.018 -1"><span class='ocrx_word' id='word_1_326' title='bbox 242 2514 479 2547; x_wconf 82' lang='lat' dir='ltr'>Hieronvmns</span> <span class='ocrx_word' id='word_1_327' title='bbox 497 2506 656 2543; x_wconf 59' lang='lat' dir='ltr'>Sclmrsl‘,</span> <span class='ocrx_word' id='word_1_328' title='bbox 686 2505 814 2538; x_wconf 73' lang='lat' dir='ltr'>Hortor</span> <span class='ocrx_word' id='word_1_329' title='bbox 832 2501 1024 2534; x_wconf 75' lang='lat' dir='ltr'>Pomanus.</span> <span class='ocrx_word' id='word_1_330' title='bbox 1067 2498 1157 2531; x_wconf 70' lang='lat' dir='ltr'>(Iuni</span> <span class='ocrx_word' id='word_1_331' title='bbox 1177 2494 1232 2529; x_wconf 79' lang='lat' dir='ltr'>bis</span> <span class='ocrx_word' id='word_1_332' title='bbox 1256 2531 1257 2546; x_wconf 25' lang='grc' dir='ltr'><strong>ἶ</strong></span> 
     </span>
     <span class='ocr_line' id='line_1_48' title="bbox 240 2549 1230 2598; baseline -0.019 0"><span class='ocrx_word' id='word_1_333' title='bbox 240 2565 343 2598; x_wconf 66' lang='lat' dir='ltr'>tantis</span> <span class='ocrx_word' id='word_1_334' title='bbox 359 2552 493 2595; x_wconf 73' lang='lat' dir='ltr'>virisde</span> <span class='ocrx_word' id='word_1_335' title='bbox 506 2559 665 2591; x_wconf 69' lang='lat' dir='ltr'>maximis</span> <span class='ocrx_word' id='word_1_336' title='bbox 677 2557 779 2589; x_wconf 84' lang='lat' dir='ltr'>rebus</span> <span class='ocrx_word' id='word_1_337' title='bbox 795 2565 874 2586; x_wconf 84' lang='lat' dir='ltr'>enm</span> <span class='ocrx_word' id='word_1_338' title='bbox 890 2552 1110 2587; x_wconf 77' lang='lat' dir='ltr'>deliberasse,</span> <span class='ocrx_word' id='word_1_339' title='bbox 1136 2549 1230 2592; x_wconf 83' lang='lat' dir='ltr'>ipso-</span> 
     </span>
     <span class='ocr_line' id='line_1_49' title="bbox 240 2598 1256 2657; baseline -0.019 -8"><span class='ocrx_word' id='word_1_340' title='bbox 240 2629 316 2649; x_wconf 85' lang='lat' dir='ltr'>rum</span> <span class='ocrx_word' id='word_1_341' title='bbox 349 2615 474 2657; x_wconf 74' lang='lat' dir='ltr'>scripta</span> <span class='ocrx_word' id='word_1_342' title='bbox 509 2618 538 2643; x_wconf 86' lang='lat' dir='ltr'>et</span> <span class='ocrx_word' id='word_1_343' title='bbox 566 2610 631 2640; x_wconf 74' lang='lat' dir='ltr'>alia</span> <span class='ocrx_word' id='word_1_344' title='bbox 663 2611 889 2639; x_wconf 80' lang='lat' dir='ltr'>monumenta</span> <span class='ocrx_word' id='word_1_345' title='bbox 913 2603 1117 2635; x_wconf 82' lang='lat' dir='ltr'>ostendunt.</span> <span class='ocrx_word' id='word_1_346' title='bbox 1180 2598 1256 2648; x_wconf 61' lang='lat' dir='ltr'>Ac:</span> 
     </span>
    </p>
   </div>
   <div class='ocr_carea' id='block_1_4' title="bbox 239 2653 1257 2762">
    <p class='ocr_par' dir='ltr' id='par_1_5' title="bbox 239 2653 1257 2762">
     <span class='ocr_line' id='line_1_50' title="bbox 240 2653 1257 2715; baseline -0.02 -15"><span class='ocrx_word' id='word_1_347' title='bbox 240 2666 365 2700; x_wconf 72' lang='lat' dir='ltr'>lioruin</span> <span class='ocrx_word' id='word_1_348' title='bbox 385 2662 604 2698; x_wconf 74' lang='lat' dir='ltr'>sainiliatitas</span> <span class='ocrx_word' id='word_1_349' title='bbox 628 2671 698 2691; x_wconf 91' lang='lat' dir='ltr'>non</span> <span class='ocrx_word' id='word_1_350' title='bbox 717 2658 863 2689; x_wconf 80' lang='lat' dir='ltr'>obscura</span> <span class='ocrx_word' id='word_1_351' title='bbox 885 2653 1092 2696; x_wconf 71' lang='lat' dir='ltr'>significatio</span> <span class='ocrx_word' id='word_1_352' title='bbox 1111 2657 1158 2683; x_wconf 87' lang='lat' dir='ltr'>est</span> <span class='ocrx_word' id='word_1_353' title='bbox 1175 2662 1228 2683; x_wconf 85' lang='lat' dir='ltr'>sa·</span> <span class='ocrx_word' id='word_1_354' title='bbox 1250 2681 1257 2715; x_wconf 49' lang='grc' dir='ltr'><strong><em>Ι</em></strong></span> 
     </span>
     <span class='ocr_line' id='line_1_51' title="bbox 239 2702 1254 2762; baseline -0.021 -10"><span class='ocrx_word' id='word_1_355' title='bbox 239 2718 388 2762; x_wconf 76' lang='lat' dir='ltr'>pientiae</span> <span class='ocrx_word' id='word_1_356' title='bbox 405 2723 435 2749; x_wconf 72' lang='lat' dir='ltr'>et</span> <span class='ocrx_word' id='word_1_357' title='bbox 457 2712 610 2747; x_wconf 72' lang='lat' dir='ltr'>institiae</span> <span class='ocrx_word' id='word_1_358' title='bbox 631 2711 664 2743; x_wconf 88' lang='lat' dir='ltr'>in</span> <span class='ocrx_word' id='word_1_359' title='bbox 686 2709 758 2752; x_wconf 80' lang='lat' dir='ltr'>ipso</span> <span class='ocrx_word' id='word_1_360' title='bbox 778 2707 948 2751; x_wconf 74' lang='lat' dir='ltr'>principe.</span> <span class='ocrx_word' id='word_1_361' title='bbox 998 2702 1227 2736; x_wconf 55' lang='lat' dir='ltr'>Verissimum</span> <span class='ocrx_word' id='word_1_362' title='bbox 1251 2726 1254 2732; x_wconf 95' lang='lat'>.</span> 
     </span>
    </p>
   </div>
   <div class='ocr_carea' id='block_1_5' title="bbox 675 126 1778 172">
    <p class='ocr_par' dir='ltr' id='par_1_6' title="bbox 675 126 1778 172">
     <span class='ocr_line' id='line_1_52' title="bbox 675 126 1778 172; baseline -0.003 0"><span class='ocrx_word' id='word_1_363' title='bbox 675 133 832 172; x_wconf 86' lang='lat' dir='ltr'><strong>DECL.</strong></span> <span class='ocrx_word' id='word_1_364' title='bbox 868 131 941 168; x_wconf 91' lang='lat' dir='ltr'>DE</span> <span class='ocrx_word' id='word_1_365' title='bbox 974 130 1309 168; x_wconf 84' lang='lat' dir='ltr'>FRlDERICO</span> <span class='ocrx_word' id='word_1_366' title='bbox 1344 129 1498 168; x_wconf 88' lang='lat' dir='ltr'>DUCE</span> <span class='ocrx_word' id='word_1_367' title='bbox 1535 126 1659 167; x_wconf 84' lang='lat' dir='ltr'><strong>SAX.</strong></span> <span class='ocrx_word' id='word_1_368' title='bbox 1694 130 1778 169; x_wconf 88' lang='lat' dir='ltr'>EL.</span> 
     </span>
    </p>
   </div>
   <div class='ocr_carea' id='block_1_6' title="bbox 1254 2135 1983 2180">
    <p class='ocr_par' dir='ltr' id='par_1_7' title="bbox 1254 2135 1983 2180">
     <span class='ocr_line' id='line_1_53' title="bbox 1254 2135 1983 2180; baseline -0.005 -10"><span class='ocrx_word' id='word_1_369' title='bbox 1254 2138 1257 2148; x_wconf 75' lang='lat'>²</span> <span class='ocrx_word' id='word_1_370' title='bbox 1283 2138 1399 2177; x_wconf 82' lang='lat' dir='ltr'>nimo,</span> <span class='ocrx_word' id='word_1_371' title='bbox 1428 2137 1604 2180; x_wconf 79' lang='lat' dir='ltr'>profectus</span> <span class='ocrx_word' id='word_1_372' title='bbox 1623 2143 1671 2169; x_wconf 88' lang='lat' dir='ltr'>cst</span> <span class='ocrx_word' id='word_1_373' title='bbox 1689 2136 1724 2168; x_wconf 91' lang='lat' dir='ltr'>in</span> <span class='ocrx_word' id='word_1_374' title='bbox 1741 2135 1983 2169; x_wconf 81' lang='lat' dir='ltr'>Palaestinam.</span> 
     </span>
    </p>
   </div>
   <div class='ocr_carea' id='block_1_7' title="bbox 2172 133 2245 168">
    <p class='ocr_par' dir='ltr' id='par_1_8' title="bbox 2172 133 2245 168">
     <span class='ocr_line' id='line_1_54' title="bbox 2172 133 2245 168; baseline 0.014 -1"><span class='ocrx_word' id='word_1_375' title='bbox 2172 133 2245 168; x_wconf 83' lang='lat'>964</span> 
     </span>
    </p>
   </div>
   <div class='ocr_carea' id='block_1_8' title="bbox 1256 216 2251 303">
    <p class='ocr_par' dir='ltr' id='par_1_9' title="bbox 1256 216 2251 303">
     <span class='ocr_line' id='line_1_55' title="bbox 1256 216 2251 264; baseline 0.001 -13"><span class='ocrx_word' id='word_1_376' title='bbox 1256 224 1308 252; x_wconf 88' lang='lat' dir='ltr'>est</span> <span class='ocrx_word' id='word_1_377' title='bbox 1331 217 1444 258; x_wconf 88' lang='lat' dir='ltr'>enirn,</span> <span class='ocrx_word' id='word_1_378' title='bbox 1477 216 1582 251; x_wconf 90' lang='lat' dir='ltr'>talem</span> <span class='ocrx_word' id='word_1_379' title='bbox 1605 229 1769 263; x_wconf 87' lang='lat' dir='ltr'>quenque</span> <span class='ocrx_word' id='word_1_380' title='bbox 1795 229 1887 261; x_wconf 89' lang='lat' dir='ltr'>esse,</span> <span class='ocrx_word' id='word_1_381' title='bbox 1914 218 2072 264; x_wconf 90' lang='lat' dir='ltr'>qualium</span> <span class='ocrx_word' id='word_1_382' title='bbox 2097 218 2251 252; x_wconf 88' lang='lat' dir='ltr'>delecta-</span> 
     </span>
     <span class='ocr_line' id='line_1_56' title="bbox 1258 268 1600 303; baseline -0.003 0"><span class='ocrx_word' id='word_1_383' title='bbox 1258 276 1315 303; x_wconf 87' lang='lat' dir='ltr'>tur</span> <span class='ocrx_word' id='word_1_384' title='bbox 1333 268 1600 302; x_wconf 88' lang='lat' dir='ltr'>consuetudine.</span> 
     </span>
    </p>
   </div>
   <div class='ocr_carea' id='block_1_9' title="bbox 1261 325 2255 525">
    <p class='ocr_par' dir='ltr' id='par_1_10' title="bbox 1261 325 2255 525">
     <span class='ocr_line' id='line_1_57' title="bbox 1361 325 2253 362; baseline -0.001 -1"><span class='ocrx_word' id='word_1_385' title='bbox 1361 325 1438 361; x_wconf 82' lang='lat' dir='ltr'>Etsi</span> <span class='ocrx_word' id='word_1_386' title='bbox 1462 333 1579 360; x_wconf 86' lang='lat' dir='ltr'>autem</span> <span class='ocrx_word' id='word_1_387' title='bbox 1601 333 1757 361; x_wconf 86' lang='lat' dir='ltr'>vetustae</span> <span class='ocrx_word' id='word_1_388' title='bbox 1779 326 1976 362; x_wconf 86' lang='lat' dir='ltr'>nobilitatis</span> <span class='ocrx_word' id='word_1_389' title='bbox 1994 329 2122 361; x_wconf 87' lang='lat' dir='ltr'>ducum</span> <span class='ocrx_word' id='word_1_390' title='bbox 2142 327 2253 361; x_wconf 86' lang='lat' dir='ltr'>Saxo-</span> 
     </span>
     <span class='ocr_line' id='line_1_58' title="bbox 1261 378 2255 419; baseline 0.001 -8"><span class='ocrx_word' id='word_1_391' title='bbox 1261 378 1340 411; x_wconf 87' lang='lat' dir='ltr'>niae</span> <span class='ocrx_word' id='word_1_392' title='bbox 1362 378 1651 411; x_wconf 87' lang='lat' dir='ltr'>commemoratio</span> <span class='ocrx_word' id='word_1_393' title='bbox 1682 389 1756 411; x_wconf 89' lang='lat' dir='ltr'>non</span> <span class='ocrx_word' id='word_1_394' title='bbox 1788 384 1876 412; x_wconf 90' lang='lat' dir='ltr'>esset</span> <span class='ocrx_word' id='word_1_395' title='bbox 1899 378 2111 419; x_wconf 89' lang='lat' dir='ltr'>iniucunda,</span> <span class='ocrx_word' id='word_1_396' title='bbox 2143 379 2255 412; x_wconf 88' lang='lat' dir='ltr'>multa</span> 
     </span>
     <span class='ocr_line' id='line_1_59' title="bbox 1261 428 2254 472; baseline -0.001 -10"><span class='ocrx_word' id='word_1_397' title='bbox 1261 429 1355 462; x_wconf 91' lang='lat' dir='ltr'>enim</span> <span class='ocrx_word' id='word_1_398' title='bbox 1386 428 1542 472; x_wconf 81' lang='lat' dir='ltr'>exempla</span> <span class='ocrx_word' id='word_1_399' title='bbox 1572 428 1674 462; x_wconf 90' lang='lat' dir='ltr'>utilia</span> <span class='ocrx_word' id='word_1_400' title='bbox 1702 429 1877 462; x_wconf 89' lang='lat' dir='ltr'>continet:</span> <span class='ocrx_word' id='word_1_401' title='bbox 1914 436 2032 462; x_wconf 88' lang='lat' dir='ltr'>tamen</span> <span class='ocrx_word' id='word_1_402' title='bbox 2059 440 2135 462; x_wconf 88' lang='lat' dir='ltr'>eam</span> <span class='ocrx_word' id='word_1_403' title='bbox 2159 440 2254 463; x_wconf 91' lang='lat' dir='ltr'>nunc</span> 
     </span>
     <span class='ocr_line' id='line_1_60' title="bbox 1262 478 2108 525; baseline 0 -12"><span class='ocrx_word' id='word_1_404' title='bbox 1262 485 1406 525; x_wconf 89' lang='lat' dir='ltr'>propter</span> <span class='ocrx_word' id='word_1_405' title='bbox 1424 478 1592 523; x_wconf 89' lang='lat' dir='ltr'>temporis</span> <span class='ocrx_word' id='word_1_406' title='bbox 1608 479 1804 522; x_wconf 87' lang='lat' dir='ltr'>angustiam</span> <span class='ocrx_word' id='word_1_407' title='bbox 1822 479 2108 523; x_wconf 86' lang='lat' dir='ltr'>praetermittam.</span> 
     </span>
    </p>
   </div>
   <div class='ocr_carea' id='block_1_10' title="bbox 1265 543 2269 1650">
    <p class='ocr_par' dir='ltr' id='par_1_11' title="bbox 1265 543 2269 1650">
     <span class='ocr_line' id='line_1_61' title="bbox 1364 543 2257 590; baseline -0.003 -10"><span class='ocrx_word' id='word_1_408' title='bbox 1364 545 1469 580; x_wconf 90' lang='lat' dir='ltr'>Scitis</span> <span class='ocrx_word' id='word_1_409' title='bbox 1491 543 1643 578; x_wconf 89' lang='lat' dir='ltr'>Ernesto</span> <span class='ocrx_word' id='word_1_410' title='bbox 1675 552 1791 590; x_wconf 90' lang='lat' dir='ltr'>patre,</span> <span class='ocrx_word' id='word_1_411' title='bbox 1826 545 1985 589; x_wconf 90' lang='lat' dir='ltr'>principe</span> <span class='ocrx_word' id='word_1_412' title='bbox 2015 545 2257 588; x_wconf 82' lang='lat' dir='ltr'>integerrimo,</span> 
     </span>
     <span class='ocr_line' id='line_1_62' title="bbox 1265 594 2257 630; baseline -0.002 0"><span class='ocrx_word' id='word_1_413' title='bbox 1265 603 1298 630; x_wconf 89' lang='lat' dir='ltr'>et</span> <span class='ocrx_word' id='word_1_414' title='bbox 1312 602 1423 630; x_wconf 88' lang='lat' dir='ltr'>matre</span> <span class='ocrx_word' id='word_1_415' title='bbox 1441 602 1521 629; x_wconf 88' lang='lat' dir='ltr'>nata</span> <span class='ocrx_word' id='word_1_416' title='bbox 1548 596 1585 628; x_wconf 93' lang='lat' dir='ltr'>in</span> <span class='ocrx_word' id='word_1_417' title='bbox 1601 596 1735 629; x_wconf 85' lang='lat' dir='ltr'>familia</span> <span class='ocrx_word' id='word_1_418' title='bbox 1760 597 1889 630; x_wconf 92' lang='lat' dir='ltr'>ducum</span> <span class='ocrx_word' id='word_1_419' title='bbox 1909 595 2079 629; x_wconf 84' lang='lat' dir='ltr'>Bavariae</span> <span class='ocrx_word' id='word_1_420' title='bbox 2099 594 2257 628; x_wconf 86' lang='lat' dir='ltr'>Frideri-</span> 
     </span>
     <span class='ocr_line' id='line_1_63' title="bbox 1266 644 2258 691; baseline -0.002 -11"><span class='ocrx_word' id='word_1_421' title='bbox 1266 659 1345 680; x_wconf 90' lang='lat' dir='ltr'>cum</span> <span class='ocrx_word' id='word_1_422' title='bbox 1370 653 1403 680; x_wconf 91' lang='lat' dir='ltr'>et</span> <span class='ocrx_word' id='word_1_423' title='bbox 1421 644 1613 680; x_wconf 79' lang='lat' dir='ltr'>iohannem</span> <span class='ocrx_word' id='word_1_424' title='bbox 1631 653 1731 680; x_wconf 89' lang='lat' dir='ltr'>natos</span> <span class='ocrx_word' id='word_1_425' title='bbox 1751 658 1841 687; x_wconf 89' lang='lat' dir='ltr'>esse,</span> <span class='ocrx_word' id='word_1_426' title='bbox 1875 646 1935 691; x_wconf 91' lang='lat' dir='ltr'>qui</span> <span class='ocrx_word' id='word_1_427' title='bbox 1953 659 2032 679; x_wconf 91' lang='lat' dir='ltr'>cum</span> <span class='ocrx_word' id='word_1_428' title='bbox 2048 652 2080 679; x_wconf 92' lang='lat' dir='ltr'>et</span> <span class='ocrx_word' id='word_1_429' title='bbox 2095 657 2114 678; x_wconf 90' lang='lat' dir='ltr'>a</span> <span class='ocrx_word' id='word_1_430' title='bbox 2131 657 2258 690; x_wconf 87' lang='lat' dir='ltr'>paren-</span> 
     </span>
     <span class='ocr_line' id='line_1_64' title="bbox 1267 696 2259 741; baseline -0.002 -11"><span class='ocrx_word' id='word_1_431' title='bbox 1267 698 1361 731; x_wconf 86' lang='lat' dir='ltr'>tibus</span> <span class='ocrx_word' id='word_1_432' title='bbox 1392 697 1522 730; x_wconf 88' lang='lat' dir='ltr'>semina</span> <span class='ocrx_word' id='word_1_433' title='bbox 1548 697 1719 730; x_wconf 88' lang='lat' dir='ltr'>virtutum</span> <span class='ocrx_word' id='word_1_434' title='bbox 1747 697 1979 741; x_wconf 85' lang='lat' dir='ltr'>accepissent,</span> <span class='ocrx_word' id='word_1_435' title='bbox 2014 703 2047 730; x_wconf 85' lang='lat' dir='ltr'>et</span> <span class='ocrx_word' id='word_1_436' title='bbox 2071 696 2259 729; x_wconf 87' lang='lat' dir='ltr'>domestica</span> 
     </span>
     <span class='ocr_line' id='line_1_65' title="bbox 1268 746 2262 796; baseline -0.003 -15"><span class='ocrx_word' id='word_1_437' title='bbox 1268 747 1454 792; x_wconf 88' lang='lat' dir='ltr'>disciplina</span> <span class='ocrx_word' id='word_1_438' title='bbox 1472 759 1589 780; x_wconf 91' lang='lat' dir='ltr'>severe</span> <span class='ocrx_word' id='word_1_439' title='bbox 1610 754 1832 796; x_wconf 87' lang='lat' dir='ltr'>regerentur,</span> <span class='ocrx_word' id='word_1_440' title='bbox 1857 747 2042 792; x_wconf 88' lang='lat' dir='ltr'>utriusque</span> <span class='ocrx_word' id='word_1_441' title='bbox 2058 746 2262 779; x_wconf 84' lang='lat' dir='ltr'>adolescen-</span> 
     </span>
     <span class='ocr_line' id='line_1_66' title="bbox 1268 796 2261 840; baseline -0.004 -8"><span class='ocrx_word' id='word_1_442' title='bbox 1268 799 1315 832; x_wconf 89' lang='lat' dir='ltr'>tia</span> <span class='ocrx_word' id='word_1_443' title='bbox 1328 799 1481 831; x_wconf 88' lang='lat' dir='ltr'>modesta</span> <span class='ocrx_word' id='word_1_444' title='bbox 1493 798 1570 833; x_wconf 86' lang='lat' dir='ltr'>suit.</span> <span class='ocrx_word' id='word_1_445' title='bbox 1604 797 1807 832; x_wconf 86' lang='lat' dir='ltr'>Fridericus</span> <span class='ocrx_word' id='word_1_446' title='bbox 1822 811 1903 831; x_wconf 86' lang='lat' dir='ltr'>vero</span> <span class='ocrx_word' id='word_1_447' title='bbox 1921 797 2038 831; x_wconf 89' lang='lat' dir='ltr'>literas</span> <span class='ocrx_word' id='word_1_448' title='bbox 2054 803 2087 831; x_wconf 88' lang='lat' dir='ltr'>et</span> <span class='ocrx_word' id='word_1_449' title='bbox 2102 796 2261 840; x_wconf 87' lang='lat' dir='ltr'>linguam</span> 
     </span>
     <span class='ocr_line' id='line_1_67' title="bbox 1268 846 2263 892; baseline -0.003 -10"><span class='ocrx_word' id='word_1_450' title='bbox 1268 849 1415 883; x_wconf 87' lang='lat' dir='ltr'>latinam</span> <span class='ocrx_word' id='word_1_451' title='bbox 1437 848 1584 881; x_wconf 90' lang='lat' dir='ltr'>celerius</span> <span class='ocrx_word' id='word_1_452' title='bbox 1616 848 1823 892; x_wconf 84' lang='lat' dir='ltr'>arripiebat,</span> <span class='ocrx_word' id='word_1_453' title='bbox 1853 856 1887 883; x_wconf 91' lang='lat' dir='ltr'>et</span> <span class='ocrx_word' id='word_1_454' title='bbox 1911 847 2093 881; x_wconf 89' lang='lat' dir='ltr'>doctrinae</span> <span class='ocrx_word' id='word_1_455' title='bbox 2124 846 2263 880; x_wconf 86' lang='lat' dir='ltr'>avidior</span> 
     </span>
     <span class='ocr_line' id='line_1_68' title="bbox 1270 894 2263 943; baseline -0.003 -10"><span class='ocrx_word' id='word_1_456' title='bbox 1270 907 1362 940; x_wconf 91' lang='lat' dir='ltr'>erat,</span> <span class='ocrx_word' id='word_1_457' title='bbox 1387 905 1426 932; x_wconf 91' lang='lat' dir='ltr'>nt</span> <span class='ocrx_word' id='word_1_458' title='bbox 1444 905 1476 932; x_wconf 90' lang='lat' dir='ltr'>et</span> <span class='ocrx_word' id='word_1_459' title='bbox 1492 898 1673 932; x_wconf 88' lang='lat' dir='ltr'>stellarum</span> <span class='ocrx_word' id='word_1_460' title='bbox 1688 899 1842 943; x_wconf 91' lang='lat' dir='ltr'>positus,</span> <span class='ocrx_word' id='word_1_461' title='bbox 1869 897 2014 932; x_wconf 87' lang='lat' dir='ltr'>Gemini</span> <span class='ocrx_word' id='word_1_462' title='bbox 2037 897 2073 930; x_wconf 95' lang='lat' dir='ltr'>in</span> <span class='ocrx_word' id='word_1_463' title='bbox 2093 894 2263 931; x_wconf 83' lang='lat' dir='ltr'>horosco-</span> 
     </span>
     <span class='ocr_line' id='line_1_69' title="bbox 1270 947 2264 995; baseline -0.004 -11"><span class='ocrx_word' id='word_1_464' title='bbox 1270 963 1335 995; x_wconf 79' lang='grc' dir='ltr'>ρο,</span> <span class='ocrx_word' id='word_1_465' title='bbox 1363 955 1399 983; x_wconf 88' lang='lat' dir='ltr'>et</span> <span class='ocrx_word' id='word_1_466' title='bbox 1416 948 1551 994; x_wconf 91' lang='lat' dir='ltr'>Iupiter</span> <span class='ocrx_word' id='word_1_467' title='bbox 1575 961 1615 982; x_wconf 90' lang='lat' dir='ltr'>ac</span> <span class='ocrx_word' id='word_1_468' title='bbox 1633 948 1833 983; x_wconf 86' lang='lat' dir='ltr'>Mercurius</span> <span class='ocrx_word' id='word_1_469' title='bbox 1849 949 1887 982; x_wconf 89' lang='lat' dir='ltr'>in</span> <span class='ocrx_word' id='word_1_470' title='bbox 1905 947 2141 992; x_wconf 87' lang='lat' dir='ltr'>Capricorno,</span> <span class='ocrx_word' id='word_1_471' title='bbox 2163 948 2264 991; x_wconf 88' lang='lat' dir='ltr'>inge-</span> 
     </span>
     <span class='ocr_line' id='line_1_70' title="bbox 1271 998 2264 1045; baseline -0.004 -11"><span class='ocrx_word' id='word_1_472' title='bbox 1271 1001 1371 1034; x_wconf 90' lang='lat' dir='ltr'>nium</span> <span class='ocrx_word' id='word_1_473' title='bbox 1397 999 1580 1033; x_wconf 91' lang='lat' dir='ltr'>doctrinae</span> <span class='ocrx_word' id='word_1_474' title='bbox 1603 1011 1710 1045; x_wconf 89' lang='lat' dir='ltr'>capax</span> <span class='ocrx_word' id='word_1_475' title='bbox 1733 1006 1767 1033; x_wconf 89' lang='lat' dir='ltr'>et</span> <span class='ocrx_word' id='word_1_476' title='bbox 1784 999 1963 1033; x_wconf 88' lang='lat' dir='ltr'>ardentius</span> <span class='ocrx_word' id='word_1_477' title='bbox 1979 999 2136 1032; x_wconf 90' lang='lat' dir='ltr'>studium</span> <span class='ocrx_word' id='word_1_478' title='bbox 2154 998 2264 1041; x_wconf 84' lang='lat' dir='ltr'>signi-</span> 
     </span>
     <span class='ocr_line' id='line_1_71' title="bbox 1270 1048 2266 1091; baseline -0.003 -7"><span class='ocrx_word' id='word_1_479' title='bbox 1270 1051 1386 1084; x_wconf 87' lang='lat' dir='ltr'>ficant.</span> <span class='ocrx_word' id='word_1_480' title='bbox 1445 1049 1550 1091; x_wconf 88' lang='lat' dir='ltr'>Pater</span> <span class='ocrx_word' id='word_1_481' title='bbox 1574 1056 1655 1083; x_wconf 88' lang='lat' dir='ltr'>ante</span> <span class='ocrx_word' id='word_1_482' title='bbox 1679 1057 1853 1084; x_wconf 90' lang='lat' dir='ltr'>senectam</span> <span class='ocrx_word' id='word_1_483' title='bbox 1870 1050 2042 1083; x_wconf 82' lang='lat' dir='ltr'>extinctus</span> <span class='ocrx_word' id='word_1_484' title='bbox 2059 1055 2107 1082; x_wconf 90' lang='lat' dir='ltr'>est</span> <span class='ocrx_word' id='word_1_485' title='bbox 2125 1048 2266 1086; x_wconf 89' lang='lat' dir='ltr'>morbo,</span> 
     </span>
     <span class='ocr_line' id='line_1_72' title="bbox 1273 1098 2265 1146; baseline -0.003 -12"><span class='ocrx_word' id='word_1_486' title='bbox 1273 1113 1376 1146; x_wconf 88' lang='lat' dir='ltr'>quem</span> <span class='ocrx_word' id='word_1_487' title='bbox 1391 1101 1524 1134; x_wconf 88' lang='lat' dir='ltr'>laboris</span> <span class='ocrx_word' id='word_1_488' title='bbox 1546 1100 1732 1134; x_wconf 89' lang='lat' dir='ltr'>assiduitas</span> <span class='ocrx_word' id='word_1_489' title='bbox 1748 1101 1862 1142; x_wconf 88' lang='lat' dir='ltr'>auxit,</span> <span class='ocrx_word' id='word_1_490' title='bbox 1887 1112 1966 1134; x_wconf 89' lang='lat' dir='ltr'>cum</span> <span class='ocrx_word' id='word_1_491' title='bbox 1986 1099 2174 1133; x_wconf 86' lang='lat' dir='ltr'>exercitum</span> <span class='ocrx_word' id='word_1_492' title='bbox 2191 1098 2265 1132; x_wconf 88' lang='lat' dir='ltr'>col-</span> 
     </span>
     <span class='ocr_line' id='line_1_73' title="bbox 1272 1148 2266 1196; baseline -0.003 -12"><span class='ocrx_word' id='word_1_493' title='bbox 1272 1152 1395 1196; x_wconf 91' lang='lat' dir='ltr'>ligeret</span> <span class='ocrx_word' id='word_1_494' title='bbox 1420 1152 1463 1184; x_wconf 92' lang='lat' dir='ltr'>ad</span> <span class='ocrx_word' id='word_1_495' title='bbox 1487 1148 1614 1184; x_wconf 87' lang='lat' dir='ltr'>harum</span> <span class='ocrx_word' id='word_1_496' title='bbox 1637 1151 1820 1194; x_wconf 86' lang='lat' dir='ltr'>regionum</span> <span class='ocrx_word' id='word_1_497' title='bbox 1838 1150 2078 1184; x_wconf 80' lang='lat' dir='ltr'>defensionem</span> <span class='ocrx_word' id='word_1_498' title='bbox 2098 1150 2266 1183; x_wconf 80' lang='lat' dir='ltr'>adversus</span> 
     </span>
     <span class='ocr_line' id='line_1_74' title="bbox 1274 1198 2266 1246; baseline -0.002 -12"><span class='ocrx_word' id='word_1_499' title='bbox 1274 1201 1392 1246; x_wconf 89' lang='lat' dir='ltr'>copias</span> <span class='ocrx_word' id='word_1_500' title='bbox 1411 1200 1632 1244; x_wconf 84' lang='lat' dir='ltr'>Hungaricas</span> <span class='ocrx_word' id='word_1_501' title='bbox 1645 1228 1655 1241; x_wconf 90' lang='lat'>‚</span> <span class='ocrx_word' id='word_1_502' title='bbox 1677 1201 1801 1234; x_wconf 87' lang='lat' dir='ltr'>missas</span> <span class='ocrx_word' id='word_1_503' title='bbox 1817 1201 1855 1233; x_wconf 90' lang='lat' dir='ltr'>in</span> <span class='ocrx_word' id='word_1_504' title='bbox 1872 1198 1963 1234; x_wconf 89' lang='lat' dir='ltr'>hanc</span> <span class='ocrx_word' id='word_1_505' title='bbox 1980 1200 2146 1233; x_wconf 88' lang='lat' dir='ltr'>viciniam</span> <span class='ocrx_word' id='word_1_506' title='bbox 2166 1211 2184 1233; x_wconf 88' lang='lat' dir='ltr'>a</span> <span class='ocrx_word' id='word_1_507' title='bbox 2211 1210 2266 1233; x_wconf 88' lang='lat' dir='ltr'>re-</span> 
     </span>
     <span class='ocr_line' id='line_1_75' title="bbox 1274 1249 2267 1296; baseline -0.003 -11"><span class='ocrx_word' id='word_1_508' title='bbox 1274 1264 1314 1296; x_wconf 91' lang='lat' dir='ltr'>ge</span> <span class='ocrx_word' id='word_1_509' title='bbox 1341 1249 1510 1292; x_wconf 86' lang='lat' dir='ltr'>Matthia,</span> <span class='ocrx_word' id='word_1_510' title='bbox 1546 1251 1607 1296; x_wconf 89' lang='lat' dir='ltr'>qui</span> <span class='ocrx_word' id='word_1_511' title='bbox 1629 1251 1711 1284; x_wconf 89' lang='lat' dir='ltr'>duci</span> <span class='ocrx_word' id='word_1_512' title='bbox 1737 1250 1909 1285; x_wconf 84' lang='lat' dir='ltr'>Saxoniae</span> <span class='ocrx_word' id='word_1_513' title='bbox 1936 1249 2081 1284; x_wconf 83' lang='lat' dir='ltr'>Alberto</span> <span class='ocrx_word' id='word_1_514' title='bbox 2107 1250 2267 1283; x_wconf 80' lang='lat' dir='ltr'>infestior</span> 
     </span>
     <span class='ocr_line' id='line_1_76' title="bbox 1275 1300 2267 1348; baseline -0.004 -12"><span class='ocrx_word' id='word_1_515' title='bbox 1275 1309 1366 1342; x_wconf 88' lang='lat' dir='ltr'>erat,</span> <span class='ocrx_word' id='word_1_516' title='bbox 1410 1303 1505 1348; x_wconf 93' lang='lat' dir='ltr'>quod</span> <span class='ocrx_word' id='word_1_517' title='bbox 1539 1301 1576 1335; x_wconf 92' lang='lat' dir='ltr'>in</span> <span class='ocrx_word' id='word_1_518' title='bbox 1607 1300 1750 1335; x_wconf 88' lang='lat' dir='ltr'>Austria</span> <span class='ocrx_word' id='word_1_519' title='bbox 1780 1301 1969 1334; x_wconf 86' lang='lat' dir='ltr'>exercitum</span> <span class='ocrx_word' id='word_1_520' title='bbox 1993 1302 2160 1333; x_wconf 85' lang='lat' dir='ltr'>adversus</span> <span class='ocrx_word' id='word_1_521' title='bbox 2187 1311 2267 1333; x_wconf 88' lang='lat' dir='ltr'>eum</span> 
     </span>
     <span class='ocr_line' id='line_1_77' title="bbox 1276 1350 2268 1394; baseline -0.003 -8"><span class='ocrx_word' id='word_1_522' title='bbox 1276 1354 1432 1387; x_wconf 78' lang='lat' dir='ltr'>duxerat.</span> <span class='ocrx_word' id='word_1_523' title='bbox 1499 1350 1611 1386; x_wconf 89' lang='lat' dir='ltr'>Erant</span> <span class='ocrx_word' id='word_1_524' title='bbox 1641 1351 1782 1386; x_wconf 83' lang='lat' dir='ltr'>Ernesti</span> <span class='ocrx_word' id='word_1_525' title='bbox 1818 1352 1881 1384; x_wconf 81' lang='lat' dir='ltr'>filii</span> <span class='ocrx_word' id='word_1_526' title='bbox 1914 1351 2170 1394; x_wconf 88' lang='lat' dir='ltr'>adolescentes,</span> <span class='ocrx_word' id='word_1_527' title='bbox 2206 1351 2268 1383; x_wconf 89' lang='lat' dir='ltr'>sed</span> 
     </span>
     <span class='ocr_line' id='line_1_78' title="bbox 1275 1402 2267 1446; baseline -0.003 -10"><span class='ocrx_word' id='word_1_528' title='bbox 1275 1404 1431 1437; x_wconf 84' lang='lat' dir='ltr'>anteibat</span> <span class='ocrx_word' id='word_1_529' title='bbox 1453 1409 1564 1437; x_wconf 89' lang='lat' dir='ltr'>aetate</span> <span class='ocrx_word' id='word_1_530' title='bbox 1587 1402 1806 1444; x_wconf 88' lang='lat' dir='ltr'>Fridericus,</span> <span class='ocrx_word' id='word_1_531' title='bbox 1842 1403 1910 1436; x_wconf 87' lang='lat' dir='ltr'>iam</span> <span class='ocrx_word' id='word_1_532' title='bbox 1935 1402 2111 1446; x_wconf 86' lang='lat' dir='ltr'>ingressus</span> <span class='ocrx_word' id='word_1_533' title='bbox 2133 1412 2267 1434; x_wconf 89' lang='lat' dir='ltr'>annum</span> 
     </span>
     <span class='ocr_line' id='line_1_79' title="bbox 1275 1451 2268 1497; baseline -0.005 -9"><span class='ocrx_word' id='word_1_534' title='bbox 1275 1455 1424 1488; x_wconf 90' lang='lat' dir='ltr'>alterum</span> <span class='ocrx_word' id='word_1_535' title='bbox 1449 1461 1482 1488; x_wconf 92' lang='lat' dir='ltr'>et</span> <span class='ocrx_word' id='word_1_536' title='bbox 1505 1454 1722 1490; x_wconf 83' lang='lat' dir='ltr'>vicesimum.</span> <span class='ocrx_word' id='word_1_537' title='bbox 1773 1453 1842 1487; x_wconf 81' lang='lat' dir='ltr'>llic</span> <span class='ocrx_word' id='word_1_538' title='bbox 1866 1460 2021 1497; x_wconf 79' lang='lat' dir='ltr'>suscepta</span> <span class='ocrx_word' id='word_1_539' title='bbox 2041 1451 2268 1495; x_wconf 88' lang='lat' dir='ltr'>gubernatio-</span> 
     </span>
     <span class='ocr_line' id='line_1_80' title="bbox 1276 1501 2269 1549; baseline -0.004 -11"><span class='ocrx_word' id='word_1_540' title='bbox 1276 1517 1338 1546; x_wconf 89' lang='lat' dir='ltr'>ne,</span> <span class='ocrx_word' id='word_1_541' title='bbox 1365 1517 1443 1538; x_wconf 91' lang='lat' dir='ltr'>cum</span> <span class='ocrx_word' id='word_1_542' title='bbox 1473 1511 1506 1538; x_wconf 90' lang='lat' dir='ltr'>et</span> <span class='ocrx_word' id='word_1_543' title='bbox 1523 1505 1720 1549; x_wconf 89' lang='lat' dir='ltr'>sapientum</span> <span class='ocrx_word' id='word_1_544' title='bbox 1738 1505 1895 1537; x_wconf 88' lang='lat' dir='ltr'>consiliis</span> <span class='ocrx_word' id='word_1_545' title='bbox 1919 1510 2098 1544; x_wconf 88' lang='lat' dir='ltr'>uteretur,</span> <span class='ocrx_word' id='word_1_546' title='bbox 2125 1509 2156 1536; x_wconf 85' lang='lat' dir='ltr'>et</span> <span class='ocrx_word' id='word_1_547' title='bbox 2179 1501 2269 1535; x_wconf 79' lang='lat' dir='ltr'>deli-</span> 
     </span>
     <span class='ocr_line' id='line_1_81' title="bbox 1276 1552 2268 1599; baseline -0.005 -9"><span class='ocrx_word' id='word_1_548' title='bbox 1276 1557 1397 1590; x_wconf 87' lang='lat' dir='ltr'>berata</span> <span class='ocrx_word' id='word_1_549' title='bbox 1419 1555 1588 1599; x_wconf 86' lang='lat' dir='ltr'>singulari</span> <span class='ocrx_word' id='word_1_550' title='bbox 1614 1555 1787 1590; x_wconf 88' lang='lat' dir='ltr'>industria</span> <span class='ocrx_word' id='word_1_551' title='bbox 1813 1555 2008 1599; x_wconf 76' lang='lat' dir='ltr'>perficeret,</span> <span class='ocrx_word' id='word_1_552' title='bbox 2042 1566 2105 1587; x_wconf 92' lang='lat' dir='ltr'>nec</span> <span class='ocrx_word' id='word_1_553' title='bbox 2131 1552 2268 1595; x_wconf 75' lang='lat' dir='ltr'>ignavia</span> 
     </span>
     <span class='ocr_line' id='line_1_82' title="bbox 1277 1606 2269 1650; baseline -0.004 -10"><span class='ocrx_word' id='word_1_554' title='bbox 1277 1614 1337 1640; x_wconf 91' lang='lat' dir='ltr'>aut</span> <span class='ocrx_word' id='word_1_555' title='bbox 1353 1607 1593 1650; x_wconf 76' lang='lat' dir='ltr'>voluptatibus</span> <span class='ocrx_word' id='word_1_556' title='bbox 1608 1619 1626 1639; x_wconf 89' lang='lat' dir='ltr'>a</span> <span class='ocrx_word' id='word_1_557' title='bbox 1653 1618 1734 1639; x_wconf 87' lang='lat' dir='ltr'>cura</span> <span class='ocrx_word' id='word_1_558' title='bbox 1754 1606 1836 1639; x_wconf 78' lang='lat' dir='ltr'>belli</span> <span class='ocrx_word' id='word_1_559' title='bbox 1854 1607 2107 1645; x_wconf 86' lang='lat' dir='ltr'>abduceretur,</span> <span class='ocrx_word' id='word_1_560' title='bbox 2132 1611 2165 1637; x_wconf 89' lang='lat' dir='ltr'>et</span> <span class='ocrx_word' id='word_1_561' title='bbox 2184 1614 2269 1636; x_wconf 87' lang='lat' dir='ltr'>con·-</span> 
     </span>
    </p>
   </div>
   <div class='ocr_carea' id='block_1_11' title="bbox 1249 1653 2270 1700">
    <p class='ocr_par' dir='ltr' id='par_1_12' title="bbox 1249 1653 2270 1700">
     <span class='ocr_line' id='line_1_83' title="bbox 1249 1653 2270 1700; baseline -0.006 -10"><span class='ocrx_word' id='word_1_562' title='bbox 1249 1677 1250 1683; x_wconf 33' lang='grc' dir='ltr'><strong>κ</strong></span> <span class='ocrx_word' id='word_1_563' title='bbox 1278 1657 1496 1690; x_wconf 86' lang='lat' dir='ltr'>iunctionem</span> <span class='ocrx_word' id='word_1_564' title='bbox 1520 1669 1599 1690; x_wconf 83' lang='lat' dir='ltr'>cum</span> <span class='ocrx_word' id='word_1_565' title='bbox 1624 1657 1749 1689; x_wconf 78' lang='lat' dir='ltr'>vicinis</span> <span class='ocrx_word' id='word_1_566' title='bbox 1776 1656 1997 1700; x_wconf 84' lang='lat' dir='ltr'>principibus</span> <span class='ocrx_word' id='word_1_567' title='bbox 2027 1655 2124 1688; x_wconf 83' lang='lat' dir='ltr'>omni</span> <span class='ocrx_word' id='word_1_568' title='bbox 2155 1653 2270 1686; x_wconf 73' lang='lat' dir='ltr'>officio</span> 
     </span>
    </p>
   </div>
   <div class='ocr_carea' id='block_1_12' title="bbox 1277 1704 2270 1802">
    <p class='ocr_par' dir='ltr' id='par_1_13' title="bbox 1277 1704 2270 1802">
     <span class='ocr_line' id='line_1_84' title="bbox 1277 1704 2270 1750; baseline -0.007 -9"><span class='ocrx_word' id='word_1_569' title='bbox 1277 1714 1452 1748; x_wconf 84' lang='lat' dir='ltr'>tueretur,</span> <span class='ocrx_word' id='word_1_570' title='bbox 1489 1707 1660 1740; x_wconf 82' lang='lat' dir='ltr'>foeliciter</span> <span class='ocrx_word' id='word_1_571' title='bbox 1691 1707 1847 1739; x_wconf 79' lang='lat' dir='ltr'>defendit</span> <span class='ocrx_word' id='word_1_572' title='bbox 1874 1706 2042 1750; x_wconf 72' lang='lat' dir='ltr'>patriam,</span> <span class='ocrx_word' id='word_1_573' title='bbox 2078 1711 2110 1738; x_wconf 88' lang='lat' dir='ltr'>et</span> <span class='ocrx_word' id='word_1_574' title='bbox 2137 1704 2270 1738; x_wconf 57' lang='lat' dir='ltr'>ticinos</span> 
     </span>
     <span class='ocr_line' id='line_1_85' title="bbox 1279 1756 2106 1802; baseline -0.005 -11"><span class='ocrx_word' id='word_1_575' title='bbox 1279 1759 1316 1791; x_wconf 83' lang='lat' dir='ltr'>in</span> <span class='ocrx_word' id='word_1_576' title='bbox 1332 1758 1552 1802; x_wconf 81' lang='lat' dir='ltr'>profligando</span> <span class='ocrx_word' id='word_1_577' title='bbox 1571 1757 1774 1800; x_wconf 84' lang='lat' dir='ltr'>Hungarico</span> <span class='ocrx_word' id='word_1_578' title='bbox 1793 1757 1943 1790; x_wconf 73' lang='lat' dir='ltr'>exercitu</span> <span class='ocrx_word' id='word_1_579' title='bbox 1960 1756 2106 1789; x_wconf 78' lang='lat' dir='ltr'>adiuvit.</span> 
     </span>
    </p>
   </div>
   <div class='ocr_carea' id='block_1_13' title="bbox 1279 1821 2271 1961">
    <p class='ocr_par' dir='ltr' id='par_1_14' title="bbox 1279 1821 2271 1961">
     <span class='ocr_line' id='line_1_86' title="bbox 1381 1821 2271 1869; baseline -0.004 -12"><span class='ocrx_word' id='word_1_580' title='bbox 1381 1824 1458 1858; x_wconf 88' lang='lat' dir='ltr'>Hoc</span> <span class='ocrx_word' id='word_1_581' title='bbox 1483 1824 1635 1869; x_wconf 89' lang='lat' dir='ltr'>primum</span> <span class='ocrx_word' id='word_1_582' title='bbox 1660 1824 1759 1869; x_wconf 90' lang='lat' dir='ltr'>quasi</span> <span class='ocrx_word' id='word_1_583' title='bbox 1785 1824 1997 1868; x_wconf 71' lang='lat' dir='ltr'>tyrocinium</span> <span class='ocrx_word' id='word_1_584' title='bbox 2024 1822 2106 1860; x_wconf 83' lang='lat' dir='ltr'>suit,</span> <span class='ocrx_word' id='word_1_585' title='bbox 2140 1821 2175 1854; x_wconf 89' lang='lat' dir='ltr'>in</span> <span class='ocrx_word' id='word_1_586' title='bbox 2201 1832 2271 1865; x_wconf 89' lang='lat' dir='ltr'>quo</span> 
     </span>
     <span class='ocr_line' id='line_1_87' title="bbox 1279 1873 2270 1921; baseline -0.007 -11"><span class='ocrx_word' id='word_1_587' title='bbox 1279 1875 1456 1921; x_wconf 86' lang='lat' dir='ltr'>specimen</span> <span class='ocrx_word' id='word_1_588' title='bbox 1496 1875 1629 1918; x_wconf 85' lang='lat' dir='ltr'>ingenii</span> <span class='ocrx_word' id='word_1_589' title='bbox 1667 1882 1699 1909; x_wconf 86' lang='lat' dir='ltr'>et</span> <span class='ocrx_word' id='word_1_590' title='bbox 1737 1875 1933 1907; x_wconf 86' lang='lat' dir='ltr'>industriae</span> <span class='ocrx_word' id='word_1_591' title='bbox 1969 1885 2042 1906; x_wconf 91' lang='lat' dir='ltr'>non</span> <span class='ocrx_word' id='word_1_592' title='bbox 2081 1873 2270 1905; x_wconf 86' lang='lat' dir='ltr'>obscurum</span> 
     </span>
     <span class='ocr_line' id='line_1_88' title="bbox 1279 1926 1446 1961; baseline -0.018 0"><span class='ocrx_word' id='word_1_593' title='bbox 1279 1926 1446 1961; x_wconf 87' lang='lat' dir='ltr'>ostendit.</span> 
     </span>
    </p>
   </div>
   <div class='ocr_carea' id='block_1_14' title="bbox 1282 1980 2273 2433">
    <p class='ocr_par' dir='ltr' id='par_1_15' title="bbox 1282 1980 2273 2433">
     <span class='ocr_line' id='line_1_89' title="bbox 1384 1980 2272 2027; baseline -0.006 -10"><span class='ocrx_word' id='word_1_594' title='bbox 1384 1983 1506 2017; x_wconf 84' lang='lat' dir='ltr'>Postea</span> <span class='ocrx_word' id='word_1_595' title='bbox 1517 1980 1581 2016; x_wconf 76' lang='lat' dir='ltr'>liae</span> <span class='ocrx_word' id='word_1_596' title='bbox 1593 1982 1807 2017; x_wconf 86' lang='lat' dir='ltr'>Germaniae</span> <span class='ocrx_word' id='word_1_597' title='bbox 1818 1996 1877 2017; x_wconf 92' lang='lat' dir='ltr'>ora</span> <span class='ocrx_word' id='word_1_598' title='bbox 1898 1989 2035 2027; x_wconf 88' lang='lat' dir='ltr'>pacata,</span> <span class='ocrx_word' id='word_1_599' title='bbox 2057 1993 2135 2014; x_wconf 87' lang='lat' dir='ltr'>cum</span> <span class='ocrx_word' id='word_1_600' title='bbox 2152 1981 2272 2014; x_wconf 80' lang='lat' dir='ltr'>existi-</span> 
     </span>
     <span class='ocr_line' id='line_1_90' title="bbox 1282 2031 2271 2078; baseline -0.008 -8"><span class='ocrx_word' id='word_1_601' title='bbox 1282 2042 1394 2070; x_wconf 87' lang='lat' dir='ltr'>maret</span> <span class='ocrx_word' id='word_1_602' title='bbox 1414 2034 1694 2078; x_wconf 83' lang='lat' dir='ltr'>peregrinatione</span> <span class='ocrx_word' id='word_1_603' title='bbox 1725 2034 1857 2068; x_wconf 85' lang='lat' dir='ltr'>erudiri</span> <span class='ocrx_word' id='word_1_604' title='bbox 1884 2031 2063 2070; x_wconf 77' lang='lat' dir='ltr'>immines,</span> <span class='ocrx_word' id='word_1_605' title='bbox 2098 2043 2167 2064; x_wconf 89' lang='lat' dir='ltr'>una</span> <span class='ocrx_word' id='word_1_606' title='bbox 2192 2042 2271 2063; x_wconf 82' lang='lat' dir='ltr'>rum</span> 
     </span>
     <span class='ocr_line' id='line_1_91' title="bbox 1282 2082 2272 2127; baseline -0.007 -7"><span class='ocrx_word' id='word_1_607' title='bbox 1282 2086 1457 2120; x_wconf 78' lang='lat' dir='ltr'>avunculo</span> <span class='ocrx_word' id='word_1_608' title='bbox 1470 2086 1557 2118; x_wconf 87' lang='lat' dir='ltr'>duce</span> <span class='ocrx_word' id='word_1_609' title='bbox 1568 2083 1660 2118; x_wconf 84' lang='lat' dir='ltr'>Bava</span> <span class='ocrx_word' id='word_1_610' title='bbox 1668 2085 1736 2118; x_wconf 82' lang='lat' dir='ltr'>riae</span> <span class='ocrx_word' id='word_1_611' title='bbox 1746 2082 2014 2127; x_wconf 77' lang='lat' dir='ltr'>Cliristoplloro,</span> <span class='ocrx_word' id='word_1_612' title='bbox 2040 2083 2116 2115; x_wconf 83' lang='lat' dir='ltr'>viro</span> <span class='ocrx_word' id='word_1_613' title='bbox 2127 2094 2272 2123; x_wconf 78' lang='lat' dir='ltr'>magna-</span> 
     </span>
     <span class='ocr_line' id='line_1_92' title="bbox 2031 2132 2272 2166; baseline -0.008 0"><span class='ocrx_word' id='word_1_614' title='bbox 2031 2133 2071 2166; x_wconf 91' lang='lat' dir='ltr'>ln</span> <span class='ocrx_word' id='word_1_615' title='bbox 2091 2146 2130 2165; x_wconf 84' lang='lat' dir='ltr'>eo</span> <span class='ocrx_word' id='word_1_616' title='bbox 2148 2132 2272 2165; x_wconf 86' lang='lat' dir='ltr'>itinere</span> 
     </span>
     <span class='ocr_line' id='line_1_93' title="bbox 1284 2185 2273 2230; baseline -0.007 -9"><span class='ocrx_word' id='word_1_617' title='bbox 1284 2187 1503 2222; x_wconf 78' lang='lat' dir='ltr'>Fridericurn</span> <span class='ocrx_word' id='word_1_618' title='bbox 1536 2187 1798 2230; x_wconf 78' lang='lat' dir='ltr'>imperatorem,</span> <span class='ocrx_word' id='word_1_619' title='bbox 1839 2185 2055 2219; x_wconf 85' lang='lat' dir='ltr'>avunculum</span> <span class='ocrx_word' id='word_1_620' title='bbox 2093 2194 2273 2226; x_wconf 79' lang='lat' dir='ltr'>magnum,</span> 
     </span>
     <span class='ocr_line' id='line_1_94' title="bbox 1285 2235 2273 2283; baseline -0.007 -11"><span class='ocrx_word' id='word_1_621' title='bbox 1285 2240 1319 2272; x_wconf 95' lang='lat' dir='ltr'>in</span> <span class='ocrx_word' id='word_1_622' title='bbox 1353 2238 1484 2283; x_wconf 87' lang='lat' dir='ltr'>oppido</span> <span class='ocrx_word' id='word_1_623' title='bbox 1516 2236 1681 2271; x_wconf 77' lang='lat' dir='ltr'>Austriae</span> <span class='ocrx_word' id='word_1_624' title='bbox 1712 2237 1850 2282; x_wconf 82' lang='lat' dir='ltr'>Lyncea</span> <span class='ocrx_word' id='word_1_625' title='bbox 1883 2235 2065 2272; x_wconf 71' lang='lat' dir='ltr'>salutavit.</span> <span class='ocrx_word' id='word_1_626' title='bbox 2100 2246 2118 2267; x_wconf 88' lang='lat' dir='ltr'>a</span> <span class='ocrx_word' id='word_1_627' title='bbox 2145 2246 2215 2278; x_wconf 88' lang='lat' dir='ltr'>quo</span> <span class='ocrx_word' id='word_1_628' title='bbox 2239 2239 2273 2266; x_wconf 80' lang='lat' dir='ltr'>et</span> 
     </span>
     <span class='ocr_line' id='line_1_95' title="bbox 1284 2284 2273 2334; baseline -0.008 -11"><span class='ocrx_word' id='word_1_629' title='bbox 1284 2296 1427 2334; x_wconf 87' lang='lat' dir='ltr'>propter</span> <span class='ocrx_word' id='word_1_630' title='bbox 1445 2289 1689 2331; x_wconf 84' lang='lat' dir='ltr'>cognationem</span> <span class='ocrx_word' id='word_1_631' title='bbox 1708 2295 1741 2321; x_wconf 89' lang='lat' dir='ltr'>et</span> <span class='ocrx_word' id='word_1_632' title='bbox 1759 2294 1902 2331; x_wconf 78' lang='lat' dir='ltr'>propter</span> <span class='ocrx_word' id='word_1_633' title='bbox 1919 2284 2199 2319; x_wconf 74' lang='lat' dir='ltr'>benevolentiam</span> <span class='ocrx_word' id='word_1_634' title='bbox 2217 2295 2273 2316; x_wconf 90' lang='lat' dir='ltr'>er-</span> 
     </span>
     <span class='ocr_line' id='line_1_96' title="bbox 1283 2339 2272 2385; baseline -0.008 -11"><span class='ocrx_word' id='word_1_635' title='bbox 1283 2353 1323 2385; x_wconf 81' lang='lat' dir='ltr'>ga</span> <span class='ocrx_word' id='word_1_636' title='bbox 1339 2342 1443 2374; x_wconf 88' lang='lat' dir='ltr'>duces</span> <span class='ocrx_word' id='word_1_637' title='bbox 1460 2339 1648 2380; x_wconf 62' lang='lat' dir='ltr'>Senoniae,</span> <span class='ocrx_word' id='word_1_638' title='bbox 1675 2346 1833 2371; x_wconf 87' lang='lat' dir='ltr'>amanter</span> <span class='ocrx_word' id='word_1_639' title='bbox 1850 2346 2010 2381; x_wconf 74' lang='lat' dir='ltr'>exceptus</span> <span class='ocrx_word' id='word_1_640' title='bbox 2027 2344 2073 2369; x_wconf 83' lang='lat' dir='ltr'>est</span> <span class='ocrx_word' id='word_1_641' title='bbox 2086 2360 2094 2372; x_wconf 81' lang='grc'>,</span> <span class='ocrx_word' id='word_1_642' title='bbox 2121 2346 2272 2379; x_wconf 85' lang='lat' dir='ltr'>cumque</span> 
     </span>
     <span class='ocr_line' id='line_1_97' title="bbox 1284 2385 2272 2433; baseline -0.009 -8"><span class='ocrx_word' id='word_1_643' title='bbox 1284 2391 1523 2433; x_wconf 70' lang='lat' dir='ltr'>sagacissimus</span> <span class='ocrx_word' id='word_1_644' title='bbox 1539 2402 1642 2423; x_wconf 83' lang='lat' dir='ltr'>senex</span> <span class='ocrx_word' id='word_1_645' title='bbox 1658 2390 1788 2423; x_wconf 71' lang='lat' dir='ltr'>videret</span> <span class='ocrx_word' id='word_1_646' title='bbox 1805 2389 1959 2422; x_wconf 86' lang='lat' dir='ltr'>indolem</span> <span class='ocrx_word' id='word_1_647' title='bbox 1979 2388 2013 2420; x_wconf 93' lang='lat' dir='ltr'>in</span> <span class='ocrx_word' id='word_1_648' title='bbox 2035 2385 2212 2420; x_wconf 79' lang='lat' dir='ltr'>Friderico</span> <span class='ocrx_word' id='word_1_649' title='bbox 2229 2385 2272 2417; x_wconf 79' lang='lat' dir='ltr'>ad</span> 
     </span>
    </p>
   </div>
   <div class='ocr_carea' id='block_1_15' title="bbox 1256 2435 2271 2484">
    <p class='ocr_par' dir='ltr' id='par_1_16' title="bbox 1256 2435 2271 2484">
     <span class='ocr_line' id='line_1_98' title="bbox 1256 2435 2271 2484; baseline -0.011 -7"><span class='ocrx_word' id='word_1_650' title='bbox 1256 2446 1257 2451; x_wconf 73' lang='grc'>’</span> <span class='ocrx_word' id='word_1_651' title='bbox 1283 2443 1450 2476; x_wconf 83' lang='lat' dir='ltr'>virtutem</span> <span class='ocrx_word' id='word_1_652' title='bbox 1473 2441 1635 2475; x_wconf 79' lang='lat' dir='ltr'>eximiam</span> <span class='ocrx_word' id='word_1_653' title='bbox 1662 2453 1752 2479; x_wconf 83' lang='lat' dir='ltr'>esse,</span> <span class='ocrx_word' id='word_1_654' title='bbox 1780 2452 1879 2484; x_wconf 86' lang='lat' dir='ltr'>saepe</span> <span class='ocrx_word' id='word_1_655' title='bbox 1898 2451 1976 2472; x_wconf 88' lang='lat' dir='ltr'>enm</span> <span class='ocrx_word' id='word_1_656' title='bbox 2000 2439 2034 2471; x_wconf 91' lang='lat' dir='ltr'>in</span> <span class='ocrx_word' id='word_1_657' title='bbox 2053 2435 2271 2480; x_wconf 81' lang='lat' dir='ltr'>colloquium</span> 
     </span>
    </p>
   </div>
   <div class='ocr_carea' id='block_1_16' title="bbox 1281 2486 2273 2734">
    <p class='ocr_par' dir='ltr' id='par_1_17' title="bbox 1281 2486 2273 2734">
     <span class='ocr_line' id='line_1_99' title="bbox 1283 2486 2270 2532; baseline -0.01 -6"><span class='ocrx_word' id='word_1_658' title='bbox 1283 2494 1438 2532; x_wconf 75' lang='lat' dir='ltr'>vocavit,</span> <span class='ocrx_word' id='word_1_659' title='bbox 1465 2499 1498 2525; x_wconf 83' lang='lat' dir='ltr'>et</span> <span class='ocrx_word' id='word_1_660' title='bbox 1521 2493 1563 2524; x_wconf 87' lang='lat' dir='ltr'>ad</span> <span class='ocrx_word' id='word_1_661' title='bbox 1585 2493 1689 2525; x_wconf 81' lang='lat' dir='ltr'>decus</span> <span class='ocrx_word' id='word_1_662' title='bbox 1715 2489 1873 2525; x_wconf 80' lang='lat' dir='ltr'>hortatus</span> <span class='ocrx_word' id='word_1_663' title='bbox 1897 2497 1965 2528; x_wconf 72' lang='lat' dir='ltr'>est.</span> <span class='ocrx_word' id='word_1_664' title='bbox 1987 2497 2020 2523; x_wconf 87' lang='lat' dir='ltr'>et</span> <span class='ocrx_word' id='word_1_665' title='bbox 2037 2486 2189 2521; x_wconf 81' lang='lat' dir='ltr'>abeundi</span> <span class='ocrx_word' id='word_1_666' title='bbox 2209 2487 2270 2518; x_wconf 87' lang='lat' dir='ltr'>de·</span> 
     </span>
     <span class='ocr_line' id='line_1_100' title="bbox 1282 2536 2273 2588; baseline -0.011 -10"><span class='ocrx_word' id='word_1_667' title='bbox 1282 2545 1331 2578; x_wconf 86' lang='lat' dir='ltr'>dit</span> <span class='ocrx_word' id='word_1_668' title='bbox 1351 2539 1594 2588; x_wconf 61' lang='grc' dir='ltr'><em>,ιυήμόσωόν</em></span> <span class='ocrx_word' id='word_1_669' title='bbox 1611 2550 1771 2588; x_wconf 78' lang='lat' dir='ltr'>torquem</span> <span class='ocrx_word' id='word_1_670' title='bbox 1787 2553 1931 2575; x_wconf 82' lang='lat' dir='ltr'>aureum</span> <span class='ocrx_word' id='word_1_671' title='bbox 1947 2538 2070 2584; x_wconf 66' lang='lat' dir='ltr'>grandi</span> <span class='ocrx_word' id='word_1_672' title='bbox 2093 2536 2273 2571; x_wconf 71' lang='lat' dir='ltr'>Adaman-</span> 
     </span>
     <span class='ocr_line' id='line_1_101' title="bbox 1282 2587 2273 2633; baseline -0.011 -3"><span class='ocrx_word' id='word_1_673' title='bbox 1282 2603 1314 2630; x_wconf 87' lang='lat' dir='ltr'>te</span> <span class='ocrx_word' id='word_1_674' title='bbox 1339 2602 1524 2633; x_wconf 72' lang='lat' dir='ltr'>ornatum,</span> <span class='ocrx_word' id='word_1_675' title='bbox 1560 2594 1683 2627; x_wconf 88' lang='lat' dir='ltr'>iubens</span> <span class='ocrx_word' id='word_1_676' title='bbox 1708 2601 1743 2627; x_wconf 90' lang='lat' dir='ltr'>nt</span> <span class='ocrx_word' id='word_1_677' title='bbox 1769 2603 1946 2629; x_wconf 59' lang='lat' dir='ltr'>resersus,</span> <span class='ocrx_word' id='word_1_678' title='bbox 1981 2592 2022 2622; x_wconf 76' lang='lat' dir='ltr'>ad</span> <span class='ocrx_word' id='word_1_679' title='bbox 2042 2601 2076 2621; x_wconf 81' lang='lat' dir='ltr'>se</span> <span class='ocrx_word' id='word_1_680' title='bbox 2096 2589 2129 2620; x_wconf 86' lang='lat' dir='ltr'>in</span> <span class='ocrx_word' id='word_1_681' title='bbox 2148 2587 2273 2621; x_wconf 85' lang='lat' dir='ltr'>itinere</span> 
     </span>
     <span class='ocr_line' id='line_1_102' title="bbox 1281 2639 2270 2688; baseline -0.01 -9"><span class='ocrx_word' id='word_1_682' title='bbox 1281 2647 1493 2684; x_wconf 80' lang='lat' dir='ltr'>deflecteret.</span> <span class='ocrx_word' id='word_1_683' title='bbox 1530 2656 1568 2677; x_wconf 83' lang='lat' dir='ltr'>ac</span> <span class='ocrx_word' id='word_1_684' title='bbox 1602 2644 1808 2688; x_wconf 83' lang='lat' dir='ltr'>promittens</span> <span class='ocrx_word' id='word_1_685' title='bbox 1837 2643 1929 2675; x_wconf 82' lang='lat' dir='ltr'>alind</span> <span class='ocrx_word' id='word_1_686' title='bbox 1958 2639 2180 2684; x_wconf 75' lang='lat' dir='ltr'>splendidius</span> <span class='ocrx_word' id='word_1_687' title='bbox 2207 2639 2270 2670; x_wconf 88' lang='lat' dir='ltr'>do-</span> 
     </span>
     <span class='ocr_line' id='line_1_103' title="bbox 1281 2691 2272 2734; baseline -0.01 -3"><span class='ocrx_word' id='word_1_688' title='bbox 1281 2711 1376 2731; x_wconf 86' lang='lat' dir='ltr'>num.</span> <span class='ocrx_word' id='word_1_689' title='bbox 1431 2695 1479 2730; x_wconf 83' lang='lat' dir='ltr'>lta</span> <span class='ocrx_word' id='word_1_690' title='bbox 1497 2695 1688 2729; x_wconf 84' lang='lat' dir='ltr'>dimittitur</span> <span class='ocrx_word' id='word_1_691' title='bbox 1710 2695 1909 2728; x_wconf 79' lang='lat' dir='ltr'>adolescens</span> <span class='ocrx_word' id='word_1_692' title='bbox 1926 2705 1943 2725; x_wconf 84' lang='lat' dir='ltr'>a</span> <span class='ocrx_word' id='word_1_693' title='bbox 1962 2704 2042 2724; x_wconf 82' lang='lat' dir='ltr'>sene</span> <span class='ocrx_word' id='word_1_694' title='bbox 2063 2691 2272 2734; x_wconf 83' lang='lat' dir='ltr'>imperatore</span> 
     </span>
    </p>
   </div>
  </div>
 </body>
</html>
