2338 2958
125 110 198 147 165

115 197 255 233 Caesari
268 197 410 231 redacto
424 196 462 229 in
478 196 640 230 ordinem
653 207 885 230 successorem
901 195 990 231 dari.
1032 195 1107 229 Nec

114 249 285 292 religione
307 258 450 292 prorsus
466 247 557 280 liber
573 247 712 281 animus
730 253 820 287 erat,
846 247 928 291 quia
950 246 1105 280 alienum

113 312 134 334 a
150 299 238 333 boni
251 298 337 331 civis
353 298 469 331 officio
486 298 690 339 videbatur,
710 297 903 341 Principis,
928 297 985 330 cui
1000 296 1104 330 fidem

114 350 283 388 dedisset,
314 349 529 382 maiestatem
553 349 702 384 laedere.
762 347 831 383 Sed
849 348 893 380 ad
912 354 1104 381 extremum

112 399 380 445 superstitione,
414 411 482 445 qua
507 397 600 432 nihil
622 399 660 432 in
689 400 945 443 Imperatorum
974 398 1102 431 animis

111 450 291 495 potentius
326 457 394 491 cst,
438 450 551 484 victus
581 456 685 495 atque
714 456 931 494 expugnatus
961 456 1028 489 est,
1064 455 1103 482 ut

109 500 268 536 Caesaris
294 501 438 535 titulum
462 501 662 545 susciperet.
722 499 813 533 Nam
836 498 1003 543 Episcopi
1022 511 1101 543 per-

109 553 258 586 suadent
273 551 377 585 fidem
394 550 550 584 Henrico
567 552 683 584 datam
700 563 773 583 non
794 561 866 583 esse
880 551 1099 588 servandam,

109 609 295 648 postquam
331 603 360 635 is
393 614 412 635 a
439 601 607 635 Pontifice
630 601 844 645 proscriptus
871 607 974 639 esset,
1016 600 1098 645 quia

109 653 207 686 nulla
223 653 331 693 ullius
347 653 434 686 iuris
449 659 509 685 aut
524 652 629 685 officii
645 652 796 685 societas·
805 663 882 684 cum
898 663 1097 684 excommu-

108 704 235 737 nicatis
260 715 331 737 esse
355 703 497 745 debeat,
529 703 655 735 docent
681 709 801 735 contra
823 702 1028 745 religionem
1046 703 1096 734 fa-

109 761 248 788 cturum
279 766 367 793 esse,
403 753 472 786 nisi
504 754 721 796 obtemperet
745 751 909 786 Romano
932 751 1096 785 Pontifici

107 804 249 838 vocanti
267 817 345 838 eum
361 804 404 836 ad
427 815 508 837 suae
525 803 706 846 dignitatis
723 815 761 836 ac
784 803 956 836 libertatis
974 803 1096 836 defen-

107 855 253 889 sionem.
305 854 436 897 Magna
455 860 529 887 erat
545 854 714 887 autoritas
730 852 986 898 Episcoporum
1011 865 1093 897 pro-

107 913 186 950 pter
203 905 408 949 opinionem
425 905 481 937 vel
497 905 676 938 doctrinae
699 905 755 936 vel
773 904 923 948 pietatis.
974 903 1094 948 ltaque

104 955 274 1000 Princeps
284 955 456 990 Saxoniae
472 955 660 988 assentitur
676 967 796 988 eorum
808 953 980 994 orationi,
1004 966 1093 998 quae

104 1006 144 1040 in
176 1007 325 1051 speciem
346 1007 450 1050 plena
474 1006 611 1050 pietatis
641 1012 724 1040 erat.
783 1004 924 1038 Bellum
957 1016 1091 1037 summa

103 1057 139 1090 vi
154 1057 318 1097 molitur,
343 1058 439 1101 quod
455 1057 547 1090 varia
564 1057 703 1089 fortuna
719 1056 798 1099 plus
815 1055 917 1087 annis
939 1061 1015 1087 octo
1034 1066 1092 1097 ge-

105 1114 196 1141 stum
222 1114 283 1140 est.
342 1107 458 1149 Quam
488 1107 639 1149 graviter
670 1105 833 1139 afflixerit
861 1104 1090 1138 Germaniam

103 1164 173 1191 tam
197 1156 342 1201 longum
360 1158 511 1198 bellum,
544 1163 717 1201 quantum
733 1156 863 1188 civium
885 1157 1091 1199 absumpse-

101 1207 168 1248 rit,
194 1219 257 1252 pro
273 1214 386 1240 vestra
403 1208 591 1251 prudentia
606 1207 802 1240 existimare
818 1206 917 1239 facile
935 1207 1089 1250 potestis,

101 1257 362 1302 Saepenumero
387 1259 477 1292 iusta
508 1258 580 1291 acie
607 1253 812 1290 dimicatum
842 1263 912 1294 est,
954 1259 1013 1289 sed
1045 1259 1088 1290 ad

101 1315 294 1342 extremum
320 1309 362 1341 ad
380 1308 499 1342 Picam
517 1309 650 1341 flumen
673 1308 711 1340 in
734 1319 816 1350 agro
833 1307 995 1350 Lipsensi
1011 1307 1089 1351 opi-

99 1371 168 1392 nor
189 1359 334 1392 summis
351 1359 488 1392 viribus
511 1359 682 1402 praelium
701 1357 926 1390 commissum
948 1364 1015 1397 est,
1050 1359 1088 1390 in

99 1421 170 1455 quo
195 1408 373 1443 Saxonum
402 1409 571 1442 exercitus
595 1419 713 1441 caesus
738 1415 770 1441 ct
793 1408 930 1450 fugatus
952 1413 1020 1445 est,
1055 1414 1088 1441 et

100 1459 308 1504 Imperatori
345 1459 524 1493 Saxonum
563 1471 642 1491 curn
672 1458 860 1491 fortissime
890 1465 1087 1501 pugnasset,

98 1518 223 1543 manus
247 1510 400 1554 praecisa
424 1516 484 1543 est.
543 1508 710 1552 Princeps
730 1507 909 1541 Saxonum
929 1519 1029 1550 aeger
1047 1520 1087 1540 ex

99 1562 245 1594 vulnere
261 1561 296 1593 in
313 1561 483 1604 oppidum
500 1558 690 1602 Mersburg
702 1559 819 1592 illatus
835 1565 902 1596 est,
929 1558 992 1591 ubi
1006 1570 1085 1591 cum

98 1611 323 1645 decumbenti
347 1622 472 1644 manus
501 1621 605 1655 quam
639 1609 819 1648 amiserat,
851 1609 955 1641 allata
982 1615 1086 1653 atque

98 1669 234 1695 ostensa
253 1668 360 1701 esset,
386 1661 518 1706 coepit,
544 1667 583 1694 ut
607 1660 645 1693 fit
666 1660 703 1692 in
718 1660 822 1692 rebus
843 1659 1017 1700 adversis,
1047 1671 1084 1691 ex

97 1719 225 1746 eventu
244 1713 431 1746 consilium
455 1711 653 1745 aestimare:
689 1717 723 1744 et
739 1710 821 1755 quia
843 1721 969 1743 manus
985 1721 1086 1753 prae-

97 1763 165 1797 cisa
189 1769 281 1803 erat,
315 1763 565 1806 interpretatur
587 1761 728 1794 fatalem
750 1760 856 1793 fuisse
883 1772 1020 1800 casum,
1053 1766 1085 1793 et

97 1825 242 1850 manum
267 1814 299 1846 ei
324 1814 425 1846 datae
453 1813 534 1845 fidei
564 1823 693 1855 poenas
725 1812 820 1845 dare.
885 1809 1086 1844 Conversus

98 1864 205 1906 igitur
236 1865 279 1895 ad
309 1861 522 1907 Episcopus,
562 1874 714 1906 quorum
737 1860 956 1894 autoritatem
981 1868 1085 1906 atque

98 1913 285 1947 consilium
316 1920 453 1946 secutus
477 1918 569 1951 erat,
601 1912 736 1956 inquit:
777 1910 901 1944 videte
926 1910 1085 1952 Domini,

98 1962 182 1997 haec
210 1971 260 1997 est
289 1975 433 2003 manus,
467 1975 534 2008 qua
567 1963 669 1995 fidem
705 1961 787 1994 dedi
819 1960 973 1994 Domino
1006 1974 1083 1995 meo

96 2013 252 2048 Henrico
285 2013 511 2058 imperatori:
553 2024 647 2045 nunc
676 2012 840 2057 cogitate,
880 2024 925 2045 an
956 2013 1082 2046 iustam

95 2076 234 2099 causam
266 2065 470 2099 desectionis
501 2061 736 2097 habuerimus.
796 2061 868 2096 Nec
899 2070 976 2107 post
1008 2075 1082 2096 eam

95 2127 216 2149 vocem
238 2116 301 2149 diu
321 2122 493 2159 superstes
516 2115 601 2150 suit,
629 2114 688 2146 sed
708 2126 748 2146 ex
764 2113 909 2146 vulnere
923 2120 1083 2147 mortuus

97 2173 157 2200 est.
216 2166 314 2209 Quid
345 2173 459 2199 autem
493 2165 634 2210 querela
660 2165 719 2196 illa
748 2164 905 2197 acerbius
937 2165 1080 2208 cogitari

95 2217 231 2261 potest?
269 2215 333 2250 Est
349 2217 481 2261 aliquid
495 2243 503 2255 ,
530 2216 666 2258 magnis
683 2215 814 2247 crimen
835 2216 953 2248 abesse
968 2216 1082 2256 malis,

95 2274 136 2301 ut
162 2267 221 2300 ille
247 2267 381 2312 inquit,
415 2275 447 2300 et
471 2267 674 2310 plenissima
693 2265 886 2299 consolatio
905 2273 954 2299 est
971 2266 1007 2298 in
1024 2278 1081 2299 re-
1107 2294 1108 2304 ,

95 2318 161 2351 hus
176 2319 330 2350 adversis
341 2344 350 2357 ‚
375 2329 473 2350 mens
487 2318 554 2350 sibi
572 2318 659 2349 bene
675 2316 822 2351 conscia.
877 2315 924 2349 At
942 2317 1005 2350 iste
1019 2318 1081 2349 de-

94 2368 238 2412 plorans
263 2365 328 2401 hoc
352 2369 458 2401 modo
483 2379 583 2401 suum
607 2368 738 2407 satum,
771 2367 925 2410 profecto
949 2367 1081 2410 signifi-

94 2419 185 2453 cavit
209 2430 244 2452 se
266 2418 414 2458 sentire,
447 2430 510 2451 suo
537 2418 680 2457 scelere,
715 2429 846 2461 suaque
871 2418 971 2461 culpa
996 2430 1081 2451 con-

94 2476 238 2503 tractam
258 2480 330 2502 esse
354 2469 596 2502 calamitatem.
648 2468 792 2501 Nullum
814 2475 929 2501 autem
945 2469 1080 2513 suppli-

95 2519 209 2560 cium,
243 2520 335 2553 nulli
364 2519 554 2559 cruciatus,
596 2519 754 2564 quamvis
789 2517 996 2560 horribiles,
1037 2520 1079 2551 ad

97 2566 202 2602 huius
218 2570 351 2604 doloris
367 2570 608 2609 acerbitatem,
631 2581 733 2613 quem
749 2569 980 2613 turpitudinis
996 2581 1081 2603 con-

95 2619 240 2653 scientia
267 2621 367 2662 facit,
405 2620 610 2654 conserendi
640 2627 731 2655 sunt.
798 2619 953 2663 Exposui
980 2620 1081 2653 vobis

94 2667 278 2705 historiam
302 2683 376 2705 non
398 2679 438 2705 ut
460 2672 648 2711 debebam,
685 2671 743 2704 sed
767 2678 805 2705 ut
827 2671 938 2716 potui.
990 2669 1078 2704 Nam

788 108 952 146 DECL.
1003 107 1078 144 DE
1117 108 1387 147 HENRICO
1421 112 1500 148 111.

2083 127 2155 162 166

1160 201 1256 252 tanta
1273 208 1392 237 causa,
1426 204 1567 244 tamque
1584 200 1699 239 varia,
1727 201 1763 234 in
1781 214 1848 247 qua
1876 211 1927 239 tot
1942 215 2148 245 controver-

1158 257 1229 279 siae
1252 246 1393 287 insunt,
1427 249 1470 280 de
1498 250 1746 293 religionibus,
1779 255 1823 287 de
1845 256 2002 292 colendis
2032 260 2147 305 Magi-

1157 296 1340 330 stratibus:
1380 306 1557 342 praeterea
1582 307 1652 334 tam
1685 303 1781 336 varia
1804 307 1949 340 consilia
1977 317 2010 343 et
2033 313 2144 347 exitus

1156 347 1355 388 mirabiles,
1388 360 1462 381 non
1488 357 1599 393 potest
1632 353 1800 387 mediocri
1831 356 1949 402 aliqua
1980 361 2144 397 facultate

1156 397 1290 440 ingenii
1305 399 1483 442 explicari.
1533 399 1606 433 Nos
1628 414 1710 435 vero
1736 405 1838 438 etiam
1856 407 2034 444 breviores
2050 413 2140 448 iusto

1154 448 1303 489 fuimus,
1336 456 1478 493 propter
1500 452 1677 494 angustias
1702 457 1885 499 temporis,
1919 463 2012 504 quod
2038 465 2141 499 nobis

1153 499 1196 531 ad
1214 499 1402 532 dicendum
1422 502 1672 545 praescriptum
1692 511 1753 538 est.

1255 549 1357 583 Nunc
1382 551 1486 584 venio
1511 553 1554 584 ad
1583 553 1727 586 alteram
1754 558 1922 592 orationis
1939 573 2035 596 meae
2058 576 2139 608 par-

1152 606 1237 633 tem:
1265 601 1409 645 promisi
1426 602 1521 634 enim
1546 615 1602 635 me
1627 611 1849 649 posteaquam
1869 611 2062 647 recitassem
2083 612 2138 649 hi-

1151 651 1312 692 storiam,
1351 652 1528 686 dicturum
1556 665 1648 695 esse,
1692 656 1777 699 quid
1813 658 1962 694 iudicem
1989 675 2064 697 eam
2093 669 2138 700 ad

1150 708 1290 735 nostros
1312 714 1425 735 mores
1448 704 1608 738 utilitatis
1631 705 1756 738 afferre
1778 719 1888 750 posse.
1949 710 2090 748 Etenim
2108 718 2137 750 si

1149 764 1202 784 res
1224 759 1318 786 tanta
1344 753 1466 787 divino
1492 755 1639 788 consilio
1662 757 1805 798 accidit,
1841 765 2135 804 quemadmodum

1148 803 1277 836 sentire
1293 801 1514 837 Christianos
1540 806 1655 846 decet,
1688 809 1843 850 profecto
1862 817 2012 847 statuere
2030 817 2134 851 ‹lebe-

1149 865 1244 893 mus,
1277 855 1318 887 ad
1342 866 1406 887 nos
1426 855 1461 887 id
1486 857 1681 900 exemplum
1705 859 1890 901 pertinere.
1953 863 2135 907 Quemad-

1147 905 1292 937 modum
1314 905 1407 937 enim
1430 905 1587 946 fabulae,
1618 920 1706 952 quae
1737 910 1771 941 in
1796 908 1942 945 theatris
1968 924 2122 958 aguntur

1146 966 1219 987 non
1249 961 1390 998 propter
1415 968 1470 988 eas
1501 968 1667 1000 personas
1700 971 1788 1003 quae
1815 946 2135 1008 repraesentantur:

1145 1006 1204 1037 sed
1227 1012 1458 1048 spectatorum
1482 1019 1582 1040 causa
1606 1009 1735 1051 suscipi
1757 1011 1888 1050 solent,
1925 1021 1962 1047 ut
1984 1018 2066 1061 quid
2095 1019 2132 1053 in

1144 1055 1214 1088 vita
1232 1058 1369 1097 deceat,
1391 1058 1664 1099 admoneantur,
1691 1059 1738 1092 ita
1756 1062 1859 1095 nobis
1875 1067 2133 1103 ostenditDeus

1144 1107 1239 1139 varia
1255 1107 1410 1150 exempla
1425 1108 1657 1142 maximarum
1680 1122 1815 1156 rerum,
1842 1120 1879 1146 ut
1898 1116 2002 1149 officii
2020 1121 2131 1153 nostri

1144 1168 1207 1189 nos
1225 1158 1524 1194 commonefaciat.
1576 1159 1648 1192 Nec
1665 1168 1781 1203 putate
1806 1175 1843 1196 ea
1861 1171 1996 1199 tanturn
2016 1181 2131 1203 exem-

1143 1208 1199 1249 pla
1217 1208 1389 1241 divinitus
1413 1209 1516 1242 nobis
1537 1218 1729 1245 monstrata
1751 1225 1843 1255 esse,
1866 1228 1954 1260 quae
1973 1218 2008 1251 in
2025 1221 2131 1255 sacris

1141 1257 1251 1290 literis
1278 1259 1468 1302 perscripta
1495 1268 1594 1301 sunt,
1639 1268 1733 1295 totus
1760 1260 1818 1297 hic
1853 1269 2007 1302 mundus
2034 1271 2131 1305 velut

1142 1309 1362 1351 proscenium
1379 1311 1556 1354 quoddam
1575 1319 1624 1345 est
1639 1310 1724 1352 Dei,
1752 1314 1787 1346 in
1806 1327 1876 1360 quo
1891 1320 2052 1353 omnium
2075 1323 2130 1355 of-

1140 1358 1299 1391 ficiorum
1321 1360 1475 1402 exempla
1494 1361 1652 1403 quotidie
1667 1361 1818 1399 exhibet.
1869 1367 2024 1402 Proinde
2046 1372 2130 1405 ‹lili-

1140 1415 1261 1451 genter
1283 1410 1537 1442 consideranda
1555 1418 1605 1444 est
1620 1409 1766 1446 historia
1784 1427 1889 1459 quam
1904 1419 2064 1463 recitavi,
2089 1431 2128 1457 ut

1141 1459 1225 1502 quid
1243 1459 1430 1492 admoneat
1446 1472 1510 1492 nos
1527 1461 1775 1505 intelligamus.
1828 1466 1894 1499 Sed
1913 1476 1951 1503 ut
1967 1471 2056 1505 alios
2073 1473 2128 1506 lo-

1139 1520 1197 1540 cos
1220 1509 1350 1541 multos
1382 1521 1470 1553 quos
1501 1512 1761 1554 complectitur,
1803 1517 2021 1561 omittamus,
2059 1536 2126 1557 vox

1140 1559 1198 1591 illa
1215 1565 1366 1591 extrema
1381 1560 1591 1593 miserabilis
1608 1562 1756 1604 indicat,
1782 1566 1867 1608 quid
1885 1568 1919 1600 in
1937 1571 2033 1604 exitu
2046 1574 2126 1607 talis

1138 1609 1205 1641 viri
1224 1609 1324 1642 vobis
1339 1612 1567 1653 spectandum
1591 1613 1650 1645 sit:
1678 1614 1887 1655 significavit
1909 1621 2003 1653 enim
2021 1622 2126 1657 Prin-

1139 1660 1249 1702 cipem
1265 1660 1512 1704 superstitione
1525 1663 1714 1696 adductum
1734 1677 1806 1698 esse
1830 1669 1872 1700 ad
1894 1669 2024 1704 bellum
2049 1686 2125 1707 mo-

1137 1712 1290 1743 vendum
1316 1713 1483 1744 adversus
1509 1712 1769 1757 Imperatorem.
1829 1717 1929 1752 Nihil
1956 1726 2125 1766 supersti-

1137 1760 1233 1793 tione
1249 1762 1469 1805 pestilentius
1486 1769 1553 1803 est,
1581 1765 1637 1797 sed
1655 1763 1739 1798 haec
1757 1773 1830 1800 tum
1847 1771 1996 1805 maxime
2014 1783 2112 1809 nocet

1137 1812 1279 1856 quando
1303 1819 1416 1845 armat
1440 1810 1600 1847 homines
1624 1817 1790 1850 adversus
1813 1818 1987 1862 legitimos
2008 1803 2125 1868 Magi:

1137 1868 1276 1895 stratuS.
1328 1861 1434 1895 Nulla
1463 1864 1534 1896 sere
1559 1876 1641 1907 gens
1658 1874 1726 1907 est,
1753 1880 1841 1913 quae
1860 1883 1931 1903 non
1952 1874 2036 1906 olim
2055 1873 2123 1909 hu-

1137 1924 1258 1945 manas
1276 1909 1406 1946 hostias
1425 1916 1644 1957 mactaverit,
1670 1924 1774 1962 atque
1791 1919 1850 1952 alii
1867 1923 2068 1959 saevierunt
2084 1927 2121 1959 in
2142 1921 2146 1927 ¹

1137 1963 1283 2001 liberos,
1318 1963 1378 1996 alii
1405 1964 1476 1996 suis
1501 1966 1665 2000 dentibus
1687 1980 1785 2001 senes
1803 1979 1963 2012 parentes
1981 1986 2042 2017 per
2067 1988 2122 2010 sa-

1136 2014 1255 2046 crificii
1281 2014 1428 2058 speciem
1451 2015 1692 2057 laniaverunt,
1726 2017 1929 2055 huiusmodi
1960 2033 2120 2068 portenta

1135 2065 1336 2108 superstitio
1360 2065 1470 2108 parit,
1504 2067 1563 2099 sed
1588 2065 1671 2101 haec
1692 2081 1882 2112 paucorum
1907 2077 2011 2108 caede
2035 2089 2121 2110 con-

1135 2121 1229 2148 tenta
1245 2122 1313 2156 est,
1342 2115 1377 2148 in
1396 2116 1498 2149 bellis
1514 2119 1622 2152 saevit
1638 2120 1806 2161 atrocius,
1838 2123 1898 2155 ubi
1922 2127 2031 2159 multa
2055 2125 2120 2161 ho-

1135 2166 1270 2198 minum
1288 2166 1399 2198 millia
1424 2167 1528 2200 simul
1552 2169 1791 2209 trucidantur,
1825 2174 1886 2206 ubi
1907 2184 2065 2218 parentes
2081 2179 2118 2213 in

1135 2216 1283 2256 liberos,
1309 2216 1371 2249 filii
1395 2217 1431 2249 in
1450 2225 1626 2261 parentes,
1654 2222 1790 2264 cognati
1814 2223 1848 2255 in
1867 2234 2031 2267 cognatos
2049 2229 2119 2262 ser-

1134 2278 1212 2299 rum
1245 2267 1438 2311 aliquando
1472 2269 1660 2311 stringunt.
1730 2271 1834 2305 Nulla
1863 2280 2117 2319 propemodum

1134 2324 1224 2349 aetas
1248 2318 1292 2350 ab
1317 2315 1380 2350 hac
1403 2326 1495 2361 peste
1519 2320 1585 2353 fuit
1608 2320 1789 2356 immunis.
1848 2324 1915 2357 Sed
1938 2334 1976 2360 ut
2004 2337 2115 2363 vetera

1106 2378 1108 2385 ·
1135 2368 1290 2411 exempla
1307 2368 1528 2408 omittamus,
1554 2367 1684 2404 abhinc
1705 2373 1858 2406 triennio
1880 2388 1984 2420 quam
2001 2376 2118 2413 horri-

1133 2418 1214 2451 bilis
1230 2425 1363 2457 motus,
1390 2427 1558 2464 quantum
1580 2421 1781 2455 incendium
1799 2425 1915 2459 subito
1934 2438 2117 2468 exarserat,

1134 2481 1211 2501 cum
1246 2469 1370 2511 vulgus
1406 2482 1502 2503 arma
1547 2473 1711 2506 adversus
1747 2473 1974 2518 Magistratus
2009 2481 2117 2524 cepit,

1133 2519 1231 2552 cuius
1249 2520 1419 2553 tumultus
1435 2533 1539 2566 quam
1562 2523 1668 2557 suerit
1684 2524 1864 2559 luctuosus
1885 2528 2016 2568 exitus,
2043 2544 2113 2563 non

1133 2569 1319 2611 ignoratis:
1354 2570 1412 2604 Sic
1435 2572 1529 2605 enim
1553 2574 1765 2618 accepimus,
1801 2588 1895 2610 caesa
1917 2590 1989 2612 esse
2012 2592 2114 2624 supra

1133 2627 1271 2653 centum
1295 2621 1404 2654 millia
1426 2619 1623 2658 hominum.
1677 2624 1777 2667 Quae
1803 2639 1856 2660 res
1872 2636 1929 2661 aut
1947 2629 2011 2662 alia
2031 2632 2114 2663 sim-

1132 2671 1238 2715 plices
1256 2668 1418 2705 homines
1432 2673 1534 2707 initio
1552 2675 1713 2719 decepit?
1745 2689 1833 2722 quae
1855 2690 1909 2711 res
1925 2680 1989 2712 alia
2008 2680 2115 2715 indu-

1414 2724 1486 2756 11*
