<?xml version="1.0" encoding="UTF-8"?>
<!DOCTYPE html PUBLIC "-//W3C//DTD XHTML 1.0 Transitional//EN"
    "http://www.w3.org/TR/xhtml1/DTD/xhtml1-transitional.dtd">
<html xmlns="http://www.w3.org/1999/xhtml" xml:lang="en" lang="en">
 <head>
  <title>
</title>
<meta http-equiv="Content-Type" content="text/html;charset=utf-8" />
  <meta name='ocr-system' content='tesseract 3.04.00' />
  <meta name='ocr-capabilities' content='ocr_page ocr_carea ocr_par ocr_line ocrx_word'/>
</head>
<body>
  <div class='ocr_page' id='page_1' title='image "./operaquaesupersu11melauoft_0392.png"; bbox 0 0 2338 2958; ppageno 0'>
   <div class='ocr_carea' id='block_1_1' title="bbox 198 143 274 177">
    <p class='ocr_par' dir='ltr' id='par_1_1' title="bbox 198 143 274 177">
     <span class='ocr_line' id='line_1_1' title="bbox 198 143 274 177; baseline 0 0"><span class='ocrx_word' id='word_1_1' title='bbox 198 143 274 177; x_wconf 75' lang='lat'>767</span> 
     </span>
    </p>
   </div>
   <div class='ocr_carea' id='block_1_2' title="bbox 203 210 1205 1024">
    <p class='ocr_par' dir='ltr' id='par_1_2' title="bbox 203 210 1205 1024">
     <span class='ocr_line' id='line_1_2' title="bbox 203 210 1194 266; baseline -0.02 -3"><span class='ocrx_word' id='word_1_2' title='bbox 203 228 318 263; x_wconf 87' lang='lat' dir='ltr'>ociosa</span> <span class='ocrx_word' id='word_1_3' title='bbox 337 222 480 266; x_wconf 89' lang='lat' dir='ltr'>collegia</span> <span class='ocrx_word' id='word_1_4' title='bbox 498 217 661 253; x_wconf 79' lang='lat' dir='ltr'>instituit.</span> <span class='ocrx_word' id='word_1_5' title='bbox 715 213 762 249; x_wconf 91' lang='lat' dir='ltr'>At</span> <span class='ocrx_word' id='word_1_6' title='bbox 777 212 863 248; x_wconf 86' lang='lat' dir='ltr'>haec</span> <span class='ocrx_word' id='word_1_7' title='bbox 878 218 996 246; x_wconf 88' lang='lat' dir='ltr'>nostra</span> <span class='ocrx_word' id='word_1_8' title='bbox 1013 210 1194 256; x_wconf 84' lang='lat' dir='ltr'>Princeps,</span> 
     </span>
     <span class='ocr_line' id='line_1_3' title="bbox 204 263 1192 314; baseline -0.021 0"><span class='ocrx_word' id='word_1_9' title='bbox 204 291 285 314; x_wconf 86' lang='lat' dir='ltr'>cum</span> <span class='ocrx_word' id='word_1_10' title='bbox 318 283 408 310; x_wconf 87' lang='lat' dir='ltr'>recte</span> <span class='ocrx_word' id='word_1_11' title='bbox 439 270 649 312; x_wconf 74' lang='lat' dir='ltr'>intelligeret</span> <span class='ocrx_word' id='word_1_12' title='bbox 681 265 878 300; x_wconf 73' lang='lat' dir='ltr'>doctrinam</span> <span class='ocrx_word' id='word_1_13' title='bbox 911 263 1114 300; x_wconf 88' lang='lat' dir='ltr'>coelestem,</span> <span class='ocrx_word' id='word_1_14' title='bbox 1159 268 1192 296; x_wconf 87' lang='lat' dir='ltr'>et</span> 
     </span>
     <span class='ocr_line' id='line_1_4' title="bbox 204 317 1194 366; baseline -0.02 -2"><span class='ocrx_word' id='word_1_15' title='bbox 204 329 308 364; x_wconf 89' lang='lat' dir='ltr'>sciret</span> <span class='ocrx_word' id='word_1_16' title='bbox 322 326 435 360; x_wconf 89' lang='lat' dir='ltr'>Deum</span> <span class='ocrx_word' id='word_1_17' title='bbox 461 320 645 366; x_wconf 79' lang='lat' dir='ltr'>praecipue</span> <span class='ocrx_word' id='word_1_18' title='bbox 667 317 823 361; x_wconf 72' lang='lat' dir='ltr'>flagitare</span> <span class='ocrx_word' id='word_1_19' title='bbox 845 326 962 347; x_wconf 82' lang='lat' dir='ltr'>curam</span> <span class='ocrx_word' id='word_1_20' title='bbox 982 323 1194 346; x_wconf 85' lang='lat' dir='ltr'>conservan-</span> 
     </span>
     <span class='ocr_line' id='line_1_5' title="bbox 207 362 1195 420; baseline -0.02 -6"><span class='ocrx_word' id='word_1_21' title='bbox 207 383 271 414; x_wconf 90' lang='lat' dir='ltr'>dae</span> <span class='ocrx_word' id='word_1_22' title='bbox 295 375 493 413; x_wconf 89' lang='lat' dir='ltr'>doctrinae,</span> <span class='ocrx_word' id='word_1_23' title='bbox 528 383 602 403; x_wconf 90' lang='lat' dir='ltr'>non</span> <span class='ocrx_word' id='word_1_24' title='bbox 630 369 766 402; x_wconf 83' lang='lat' dir='ltr'>ociosos</span> <span class='ocrx_word' id='word_1_25' title='bbox 789 372 906 400; x_wconf 86' lang='lat' dir='ltr'>coetus</span> <span class='ocrx_word' id='word_1_26' title='bbox 930 363 1101 401; x_wconf 87' lang='lat' dir='ltr'>instituit,</span> <span class='ocrx_word' id='word_1_27' title='bbox 1134 362 1195 420; x_wconf 72' lang='lat' dir='ltr'>sed</span> 
     </span>
     <span class='ocr_line' id='line_1_6' title="bbox 207 414 1196 465; baseline -0.019 -1"><span class='ocrx_word' id='word_1_28' title='bbox 207 427 341 465; x_wconf 89' lang='lat' dir='ltr'>erudiri</span> <span class='ocrx_word' id='word_1_29' title='bbox 364 421 659 460; x_wconf 89' lang='lat' dir='ltr'>adolescentium,</span> <span class='ocrx_word' id='word_1_30' title='bbox 687 425 718 452; x_wconf 91' lang='lat' dir='ltr'>et</span> <span class='ocrx_word' id='word_1_31' title='bbox 741 416 853 450; x_wconf 87' lang='lat' dir='ltr'>imbui</span> <span class='ocrx_word' id='word_1_32' title='bbox 871 416 943 460; x_wconf 87' lang='lat' dir='ltr'>ipsa</span> <span class='ocrx_word' id='word_1_33' title='bbox 963 414 1122 448; x_wconf 85' lang='lat' dir='ltr'>doctrina</span> <span class='ocrx_word' id='word_1_34' title='bbox 1141 415 1196 446; x_wconf 78' lang='lat' dir='ltr'>di-</span> 
     </span>
     <span class='ocr_line' id='line_1_7' title="bbox 207 465 1197 513; baseline -0.018 1"><span class='ocrx_word' id='word_1_35' title='bbox 207 479 340 513; x_wconf 78' lang='lat' dir='ltr'>vinitus</span> <span class='ocrx_word' id='word_1_36' title='bbox 377 474 503 510; x_wconf 91' lang='lat' dir='ltr'>tradita</span> <span class='ocrx_word' id='word_1_37' title='bbox 540 471 671 511; x_wconf 85' lang='lat' dir='ltr'>voluit,</span> <span class='ocrx_word' id='word_1_38' title='bbox 711 476 750 502; x_wconf 88' lang='lat' dir='ltr'>ut</span> <span class='ocrx_word' id='word_1_39' title='bbox 779 469 821 502; x_wconf 89' lang='lat' dir='ltr'>ad</span> <span class='ocrx_word' id='word_1_40' title='bbox 855 466 1092 511; x_wconf 78' lang='lat' dir='ltr'>posteritatem</span> <span class='ocrx_word' id='word_1_41' title='bbox 1123 465 1197 509; x_wconf 81' lang='lat' dir='ltr'>ipsa</span> 
     </span>
     <span class='ocr_line' id='line_1_8' title="bbox 208 516 1196 576; baseline -0.018 -11"><span class='ocrx_word' id='word_1_42' title='bbox 208 541 349 576; x_wconf 86' lang='lat' dir='ltr'>qnoque</span> <span class='ocrx_word' id='word_1_43' title='bbox 380 525 542 560; x_wconf 87' lang='lat' dir='ltr'>custodes</span> <span class='ocrx_word' id='word_1_44' title='bbox 564 522 699 567; x_wconf 85' lang='lat' dir='ltr'>aliquot</span> <span class='ocrx_word' id='word_1_45' title='bbox 722 518 906 560; x_wconf 80' lang='lat' dir='ltr'>Evangelii</span> <span class='ocrx_word' id='word_1_46' title='bbox 934 516 1196 571; x_wconf 66' lang='lat' dir='ltr'>transmitteret.</span> 
     </span>
     <span class='ocr_line' id='line_1_9' title="bbox 208 568 1198 626; baseline -0.019 -11"><span class='ocrx_word' id='word_1_47' title='bbox 208 580 394 626; x_wconf 90' lang='lat' dir='ltr'>Specimen</span> <span class='ocrx_word' id='word_1_48' title='bbox 418 575 498 609; x_wconf 82' lang='lat' dir='ltr'>fidei</span> <span class='ocrx_word' id='word_1_49' title='bbox 522 586 602 607; x_wconf 88' lang='lat' dir='ltr'>suae</span> <span class='ocrx_word' id='word_1_50' title='bbox 626 573 728 605; x_wconf 83' lang='lat' dir='ltr'>etiam</span> <span class='ocrx_word' id='word_1_51' title='bbox 749 569 907 614; x_wconf 73' lang='lat' dir='ltr'>praebuit</span> <span class='ocrx_word' id='word_1_52' title='bbox 928 568 961 600; x_wconf 90' lang='lat' dir='ltr'>in</span> <span class='ocrx_word' id='word_1_53' title='bbox 981 568 1076 600; x_wconf 87' lang='lat' dir='ltr'>luctu</span> <span class='ocrx_word' id='word_1_54' title='bbox 1093 577 1198 622; x_wconf 75' lang='lat' dir='ltr'>amis-</span> 
     </span>
     <span class='ocr_line' id='line_1_10' title="bbox 209 619 1199 667; baseline -0.019 -1"><span class='ocrx_word' id='word_1_55' title='bbox 209 633 256 667; x_wconf 85' lang='lat' dir='ltr'>sis</span> <span class='ocrx_word' id='word_1_56' title='bbox 280 630 360 663; x_wconf 88' lang='lat' dir='ltr'>filiis</span> <span class='ocrx_word' id='word_1_57' title='bbox 385 640 424 662; x_wconf 88' lang='lat' dir='ltr'>ac</span> <span class='ocrx_word' id='word_1_58' title='bbox 450 626 606 663; x_wconf 84' lang='lat' dir='ltr'>filiabus,</span> <span class='ocrx_word' id='word_1_59' title='bbox 630 635 707 656; x_wconf 90' lang='lat' dir='ltr'>cum</span> <span class='ocrx_word' id='word_1_60' title='bbox 735 620 892 654; x_wconf 89' lang='lat' dir='ltr'>dolorem</span> <span class='ocrx_word' id='word_1_61' title='bbox 911 619 1086 660; x_wconf 79' lang='lat' dir='ltr'>ingentem</span> <span class='ocrx_word' id='word_1_62' title='bbox 1105 627 1199 659; x_wconf 81' lang='lat' dir='ltr'>cogi-</span> 
     </span>
     <span class='ocr_line' id='line_1_11' title="bbox 210 670 1199 717; baseline -0.019 0"><span class='ocrx_word' id='word_1_63' title='bbox 210 683 343 717; x_wconf 87' lang='lat' dir='ltr'>tatione</span> <span class='ocrx_word' id='word_1_64' title='bbox 371 676 563 712; x_wconf 74' lang='lat' dir='ltr'>voluntatis</span> <span class='ocrx_word' id='word_1_65' title='bbox 594 674 657 708; x_wconf 82' lang='lat' dir='ltr'>Dei</span> <span class='ocrx_word' id='word_1_66' title='bbox 687 672 787 711; x_wconf 81' lang='lat' dir='ltr'>vicit,</span> <span class='ocrx_word' id='word_1_67' title='bbox 826 670 980 703; x_wconf 89' lang='lat' dir='ltr'>sentiens</span> <span class='ocrx_word' id='word_1_68' title='bbox 1012 679 1085 700; x_wconf 87' lang='lat' dir='ltr'>non</span> <span class='ocrx_word' id='word_1_69' title='bbox 1119 678 1199 699; x_wconf 86' lang='lat' dir='ltr'>casn</span> 
     </span>
     <span class='ocr_line' id='line_1_12' title="bbox 211 720 1199 770; baseline -0.018 -3"><span class='ocrx_word' id='word_1_70' title='bbox 211 732 326 770; x_wconf 86' lang='lat' dir='ltr'>nasci,</span> <span class='ocrx_word' id='word_1_71' title='bbox 361 741 434 763; x_wconf 91' lang='lat' dir='ltr'>non</span> <span class='ocrx_word' id='word_1_72' title='bbox 464 739 545 760; x_wconf 90' lang='lat' dir='ltr'>casu</span> <span class='ocrx_word' id='word_1_73' title='bbox 575 723 728 766; x_wconf 85' lang='lat' dir='ltr'>extingui</span> <span class='ocrx_word' id='word_1_74' title='bbox 753 720 932 758; x_wconf 81' lang='lat' dir='ltr'>homines,</span> <span class='ocrx_word' id='word_1_75' title='bbox 968 726 998 751; x_wconf 87' lang='lat' dir='ltr'>et</span> <span class='ocrx_word' id='word_1_76' title='bbox 1023 724 1199 751; x_wconf 82' lang='lat' dir='ltr'>evocatam</span> 
     </span>
     <span class='ocr_line' id='line_1_13' title="bbox 211 770 1203 818; baseline -0.018 0"><span class='ocrx_word' id='word_1_77' title='bbox 211 797 252 818; x_wconf 85' lang='lat' dir='ltr'>ex</span> <span class='ocrx_word' id='word_1_78' title='bbox 281 781 346 815; x_wconf 86' lang='lat' dir='ltr'>hac</span> <span class='ocrx_word' id='word_1_79' title='bbox 374 778 516 813; x_wconf 83' lang='lat' dir='ltr'>mortali</span> <span class='ocrx_word' id='word_1_80' title='bbox 547 776 618 810; x_wconf 79' lang='lat' dir='ltr'>vita</span> <span class='ocrx_word' id='word_1_81' title='bbox 652 773 842 818; x_wconf 81' lang='lat' dir='ltr'>puericiam</span> <span class='ocrx_word' id='word_1_82' title='bbox 867 770 941 804; x_wconf 87' lang='lat' dir='ltr'>Deo</span> <span class='ocrx_word' id='word_1_83' title='bbox 974 770 1145 810; x_wconf 81' lang='lat' dir='ltr'>dicatam,</span> <span class='ocrx_word' id='word_1_84' title='bbox 1170 774 1203 801; x_wconf 85' lang='lat' dir='ltr'>et</span> 
     </span>
     <span class='ocr_line' id='line_1_14' title="bbox 211 819 1204 870; baseline -0.016 -2"><span class='ocrx_word' id='word_1_85' title='bbox 211 834 373 868; x_wconf 86' lang='lat' dir='ltr'>nondum</span> <span class='ocrx_word' id='word_1_86' title='bbox 396 829 497 863; x_wconf 87' lang='lat' dir='ltr'>malis</span> <span class='ocrx_word' id='word_1_87' title='bbox 521 826 688 870; x_wconf 86' lang='lat' dir='ltr'>exemplis</span> <span class='ocrx_word' id='word_1_88' title='bbox 710 829 931 867; x_wconf 80' lang='lat' dir='ltr'>corruptam,</span> <span class='ocrx_word' id='word_1_89' title='bbox 956 828 1049 855; x_wconf 86' lang='lat' dir='ltr'>certo</span> <span class='ocrx_word' id='word_1_90' title='bbox 1067 819 1204 854; x_wconf 78' lang='lat' dir='ltr'>traduci</span> 
     </span>
     <span class='ocr_line' id='line_1_15' title="bbox 211 870 1204 920; baseline -0.017 0"><span class='ocrx_word' id='word_1_91' title='bbox 211 887 255 920; x_wconf 88' lang='lat' dir='ltr'>ad</span> <span class='ocrx_word' id='word_1_92' title='bbox 271 891 447 918; x_wconf 80' lang='lat' dir='ltr'>aeternam</span> <span class='ocrx_word' id='word_1_93' title='bbox 458 878 524 912; x_wconf 91' lang='lat' dir='ltr'>Dei</span> <span class='ocrx_word' id='word_1_94' title='bbox 540 884 573 911; x_wconf 90' lang='lat' dir='ltr'>et</span> <span class='ocrx_word' id='word_1_95' title='bbox 581 875 756 911; x_wconf 84' lang='lat' dir='ltr'>Ecclesiae</span> <span class='ocrx_word' id='word_1_96' title='bbox 774 873 1078 909; x_wconf 84' lang='lat' dir='ltr'>consuetudinem.</span> <span class='ocrx_word' id='word_1_97' title='bbox 1125 870 1204 914; x_wconf 83' lang='lat' dir='ltr'>Qua</span> 
     </span>
     <span class='ocr_line' id='line_1_16' title="bbox 212 924 1205 970; baseline -0.015 0"><span class='ocrx_word' id='word_1_98' title='bbox 212 937 255 970; x_wconf 90' lang='lat' dir='ltr'>de</span> <span class='ocrx_word' id='word_1_99' title='bbox 271 947 307 968; x_wconf 88' lang='lat' dir='ltr'>re</span> <span class='ocrx_word' id='word_1_100' title='bbox 320 931 414 967; x_wconf 80' lang='lat' dir='ltr'>banc</span> <span class='ocrx_word' id='word_1_101' title='bbox 431 929 638 964; x_wconf 87' lang='lat' dir='ltr'>sententiam</span> <span class='ocrx_word' id='word_1_102' title='bbox 658 928 693 960; x_wconf 90' lang='lat' dir='ltr'>in</span> <span class='ocrx_word' id='word_1_103' title='bbox 708 939 767 961; x_wconf 91' lang='lat' dir='ltr'>ore</span> <span class='ocrx_word' id='word_1_104' title='bbox 781 924 950 959; x_wconf 86' lang='lat' dir='ltr'>habebat:</span> <span class='ocrx_word' id='word_1_105' title='bbox 978 924 1057 957; x_wconf 84' lang='lat' dir='ltr'>Non</span> <span class='ocrx_word' id='word_1_106' title='bbox 1075 929 1125 956; x_wconf 89' lang='lat' dir='ltr'>est</span> <span class='ocrx_word' id='word_1_107' title='bbox 1140 935 1205 956; x_wconf 78' lang='lat' dir='ltr'>vo-</span> 
     </span>
     <span class='ocr_line' id='line_1_17' title="bbox 213 974 1132 1024; baseline -0.013 -3"><span class='ocrx_word' id='word_1_108' title='bbox 213 988 329 1021; x_wconf 88' lang='lat' dir='ltr'>luntas</span> <span class='ocrx_word' id='word_1_109' title='bbox 347 982 479 1022; x_wconf 88' lang='lat' dir='ltr'>Patris,</span> <span class='ocrx_word' id='word_1_110' title='bbox 505 987 543 1015; x_wconf 93' lang='lat' dir='ltr'>ut</span> <span class='ocrx_word' id='word_1_111' title='bbox 560 985 677 1024; x_wconf 81' lang='lat' dir='ltr'>pereat</span> <span class='ocrx_word' id='word_1_112' title='bbox 695 989 787 1012; x_wconf 89' lang='lat' dir='ltr'>unus</span> <span class='ocrx_word' id='word_1_113' title='bbox 807 977 849 1010; x_wconf 89' lang='lat' dir='ltr'>de</span> <span class='ocrx_word' id='word_1_114' title='bbox 868 975 1024 1021; x_wconf 84' lang='lat' dir='ltr'>parvulis</span> <span class='ocrx_word' id='word_1_115' title='bbox 1044 974 1132 1009; x_wconf 89' lang='lat' dir='ltr'>istis.</span> 
     </span>
    </p>
   </div>
   <div class='ocr_carea' id='block_1_3' title="bbox 215 1050 1212 1708">
    <p class='ocr_par' dir='ltr' id='par_1_3' title="bbox 215 1050 1212 1708">
     <span class='ocr_line' id='line_1_18' title="bbox 317 1050 1208 1097; baseline -0.012 -2"><span class='ocrx_word' id='word_1_116' title='bbox 317 1060 500 1095; x_wconf 88' lang='lat' dir='ltr'>Postremo</span> <span class='ocrx_word' id='word_1_117' title='bbox 523 1063 557 1091; x_wconf 82' lang='lat' dir='ltr'>et</span> <span class='ocrx_word' id='word_1_118' title='bbox 580 1055 616 1089; x_wconf 87' lang='lat' dir='ltr'>in</span> <span class='ocrx_word' id='word_1_119' title='bbox 638 1053 704 1089; x_wconf 85' lang='lat' dir='ltr'>hoc</span> <span class='ocrx_word' id='word_1_120' title='bbox 722 1066 849 1097; x_wconf 89' lang='lat' dir='ltr'>agone,</span> <span class='ocrx_word' id='word_1_121' title='bbox 874 1066 953 1087; x_wconf 91' lang='lat' dir='ltr'>cum</span> <span class='ocrx_word' id='word_1_122' title='bbox 971 1064 1011 1086; x_wconf 81' lang='lat' dir='ltr'>ex</span> <span class='ocrx_word' id='word_1_123' title='bbox 1029 1050 1094 1085; x_wconf 89' lang='lat' dir='ltr'>hac</span> <span class='ocrx_word' id='word_1_124' title='bbox 1110 1063 1208 1084; x_wconf 86' lang='lat' dir='ltr'>mor-</span> 
     </span>
     <span class='ocr_line' id='line_1_19' title="bbox 215 1102 1207 1150; baseline -0.014 -2"><span class='ocrx_word' id='word_1_125' title='bbox 215 1115 277 1150; x_wconf 89' lang='lat' dir='ltr'>tali</span> <span class='ocrx_word' id='word_1_126' title='bbox 301 1113 372 1146; x_wconf 84' lang='lat' dir='ltr'>vita</span> <span class='ocrx_word' id='word_1_127' title='bbox 397 1111 588 1144; x_wconf 89' lang='lat' dir='ltr'>discessura</span> <span class='ocrx_word' id='word_1_128' title='bbox 613 1114 700 1140; x_wconf 89' lang='lat' dir='ltr'>esset</span> <span class='ocrx_word' id='word_1_129' title='bbox 723 1106 816 1150; x_wconf 88' lang='lat' dir='ltr'>ipsa,</span> <span class='ocrx_word' id='word_1_130' title='bbox 845 1110 974 1150; x_wconf 87' lang='lat' dir='ltr'>quanta</span> <span class='ocrx_word' id='word_1_131' title='bbox 994 1103 1053 1136; x_wconf 78' lang='lat' dir='ltr'>lux</span> <span class='ocrx_word' id='word_1_132' title='bbox 1070 1102 1151 1136; x_wconf 78' lang='lat' dir='ltr'>fidei</span> <span class='ocrx_word' id='word_1_133' title='bbox 1169 1102 1207 1134; x_wconf 91' lang='lat' dir='ltr'>in</span> 
     </span>
     <span class='ocr_line' id='line_1_20' title="bbox 215 1154 1208 1200; baseline -0.014 -1"><span class='ocrx_word' id='word_1_134' title='bbox 215 1166 290 1200; x_wconf 87' lang='lat' dir='ltr'>eius</span> <span class='ocrx_word' id='word_1_135' title='bbox 312 1161 536 1196; x_wconf 78' lang='lat' dir='ltr'>invocatione</span> <span class='ocrx_word' id='word_1_136' title='bbox 558 1157 674 1196; x_wconf 80' lang='lat' dir='ltr'>fulsit,</span> <span class='ocrx_word' id='word_1_137' title='bbox 698 1162 736 1190; x_wconf 89' lang='lat' dir='ltr'>ut</span> <span class='ocrx_word' id='word_1_138' title='bbox 762 1155 845 1190; x_wconf 86' lang='lat' dir='ltr'>arsit</span> <span class='ocrx_word' id='word_1_139' title='bbox 869 1154 1044 1188; x_wconf 87' lang='lat' dir='ltr'>desiderio</span> <span class='ocrx_word' id='word_1_140' title='bbox 1071 1160 1103 1186; x_wconf 92' lang='lat' dir='ltr'>et</span> <span class='ocrx_word' id='word_1_141' title='bbox 1123 1165 1208 1186; x_wconf 87' lang='lat' dir='ltr'>con-</span> 
     </span>
     <span class='ocr_line' id='line_1_21' title="bbox 216 1204 1208 1251; baseline -0.015 -1"><span class='ocrx_word' id='word_1_142' title='bbox 216 1213 413 1251; x_wconf 86' lang='lat' dir='ltr'>suetudinis</span> <span class='ocrx_word' id='word_1_143' title='bbox 443 1207 670 1245; x_wconf 81' lang='lat' dir='ltr'>coelestium&#39;?</span> <span class='ocrx_word' id='word_1_144' title='bbox 705 1213 864 1250; x_wconf 88' lang='lat' dir='ltr'>repetens</span> <span class='ocrx_word' id='word_1_145' title='bbox 893 1206 1043 1238; x_wconf 85' lang='lat' dir='ltr'>subinde</span> <span class='ocrx_word' id='word_1_146' title='bbox 1073 1204 1208 1248; x_wconf 87' lang='lat' dir='ltr'>aliquas</span> 
     </span>
     <span class='ocr_line' id='line_1_22' title="bbox 215 1255 1207 1309; baseline -0.017 -10"><span class='ocrx_word' id='word_1_147' title='bbox 215 1264 402 1309; x_wconf 83' lang='lat' dir='ltr'>Evangelii</span> <span class='ocrx_word' id='word_1_148' title='bbox 428 1272 548 1301; x_wconf 74' lang='lat' dir='ltr'>voces,</span> <span class='ocrx_word' id='word_1_149' title='bbox 571 1270 658 1304; x_wconf 89' lang='lat' dir='ltr'>quae</span> <span class='ocrx_word' id='word_1_150' title='bbox 683 1258 869 1291; x_wconf 78' lang='lat' dir='ltr'>adfirmant</span> <span class='ocrx_word' id='word_1_151' title='bbox 888 1255 1002 1290; x_wconf 84' lang='lat' dir='ltr'>Deum</span> <span class='ocrx_word' id='word_1_152' title='bbox 1028 1261 1123 1288; x_wconf 81' lang='lat' dir='ltr'>certo</span> <span class='ocrx_word' id='word_1_153' title='bbox 1143 1265 1207 1287; x_wconf 84' lang='lat' dir='ltr'>nos</span> 
     </span>
     <span class='ocr_line' id='line_1_23' title="bbox 215 1306 1208 1363; baseline -0.015 -11"><span class='ocrx_word' id='word_1_154' title='bbox 215 1324 359 1363; x_wconf 90' lang='lat' dir='ltr'>propter</span> <span class='ocrx_word' id='word_1_155' title='bbox 374 1314 486 1348; x_wconf 82' lang='lat' dir='ltr'>filium</span> <span class='ocrx_word' id='word_1_156' title='bbox 504 1311 733 1344; x_wconf 83' lang='lat' dir='ltr'>mediatorem</span> <span class='ocrx_word' id='word_1_157' title='bbox 751 1307 921 1351; x_wconf 86' lang='lat' dir='ltr'>recipere:</span> <span class='ocrx_word' id='word_1_158' title='bbox 951 1306 1087 1352; x_wconf 84' lang='lat' dir='ltr'>quoties</span> <span class='ocrx_word' id='word_1_159' title='bbox 1104 1306 1208 1339; x_wconf 86' lang='lat' dir='ltr'>etiam</span> 
     </span>
     <span class='ocr_line' id='line_1_24' title="bbox 217 1356 1210 1409; baseline -0.016 -5"><span class='ocrx_word' id='word_1_160' title='bbox 217 1377 302 1404; x_wconf 89' lang='lat' dir='ltr'>tunc</span> <span class='ocrx_word' id='word_1_161' title='bbox 328 1367 481 1409; x_wconf 87' lang='lat' dir='ltr'>ingressa</span> <span class='ocrx_word' id='word_1_162' title='bbox 501 1363 537 1396; x_wconf 90' lang='lat' dir='ltr'>in</span> <span class='ocrx_word' id='word_1_163' title='bbox 557 1359 648 1396; x_wconf 90' lang='lat' dir='ltr'>hanc</span> <span class='ocrx_word' id='word_1_164' title='bbox 663 1358 1050 1395; x_wconf 77' lang='lat' dir='ltr'>commemorationem,</span> <span class='ocrx_word' id='word_1_165' title='bbox 1073 1356 1210 1390; x_wconf 88' lang='lat' dir='ltr'>erudita</span> 
     </span>
     <span class='ocr_line' id='line_1_25' title="bbox 217 1409 1209 1464; baseline -0.016 -9"><span class='ocrx_word' id='word_1_166' title='bbox 217 1419 456 1464; x_wconf 88' lang='lat' dir='ltr'>disputatione</span> <span class='ocrx_word' id='word_1_167' title='bbox 474 1414 623 1449; x_wconf 90' lang='lat' dir='ltr'>contulit</span> <span class='ocrx_word' id='word_1_168' title='bbox 638 1413 820 1455; x_wconf 85' lang='lat' dir='ltr'>dogmata,</span> <span class='ocrx_word' id='word_1_169' title='bbox 843 1416 877 1443; x_wconf 87' lang='lat' dir='ltr'>et</span> <span class='ocrx_word' id='word_1_170' title='bbox 892 1409 1057 1443; x_wconf 74' lang='lat' dir='ltr'>refutavit</span> <span class='ocrx_word' id='word_1_171' title='bbox 1074 1418 1209 1441; x_wconf 89' lang='lat' dir='ltr'>errores</span> 
     </span>
     <span class='ocr_line' id='line_1_26' title="bbox 219 1458 1211 1514; baseline -0.015 -9"><span class='ocrx_word' id='word_1_172' title='bbox 219 1482 359 1510; x_wconf 89' lang='lat' dir='ltr'>eorum,</span> <span class='ocrx_word' id='word_1_173' title='bbox 386 1468 445 1514; x_wconf 88' lang='lat' dir='ltr'>qui</span> <span class='ocrx_word' id='word_1_174' title='bbox 471 1467 545 1511; x_wconf 91' lang='lat' dir='ltr'>pias</span> <span class='ocrx_word' id='word_1_175' title='bbox 565 1471 699 1498; x_wconf 77' lang='lat' dir='ltr'>mentes</span> <span class='ocrx_word' id='word_1_176' title='bbox 723 1475 741 1496; x_wconf 90' lang='lat' dir='ltr'>a</span> <span class='ocrx_word' id='word_1_177' title='bbox 767 1468 955 1505; x_wconf 84' lang='lat' dir='ltr'>conspectu</span> <span class='ocrx_word' id='word_1_178' title='bbox 981 1460 1044 1492; x_wconf 88' lang='lat' dir='ltr'>filii</span> <span class='ocrx_word' id='word_1_179' title='bbox 1064 1458 1128 1492; x_wconf 81' lang='lat' dir='ltr'>Dei</span> <span class='ocrx_word' id='word_1_180' title='bbox 1147 1459 1211 1491; x_wconf 91' lang='lat' dir='ltr'>ab-</span> 
     </span>
     <span class='ocr_line' id='line_1_27' title="bbox 220 1510 1211 1562; baseline -0.014 -6"><span class='ocrx_word' id='word_1_181' title='bbox 220 1524 374 1560; x_wconf 91' lang='lat' dir='ltr'>ducunt,</span> <span class='ocrx_word' id='word_1_182' title='bbox 401 1526 432 1552; x_wconf 89' lang='lat' dir='ltr'>et</span> <span class='ocrx_word' id='word_1_183' title='bbox 449 1519 490 1550; x_wconf 88' lang='lat' dir='ltr'>de.</span> <span class='ocrx_word' id='word_1_184' title='bbox 507 1515 740 1562; x_wconf 87' lang='lat' dir='ltr'>promissione</span> <span class='ocrx_word' id='word_1_185' title='bbox 757 1513 878 1547; x_wconf 87' lang='lat' dir='ltr'>divina</span> <span class='ocrx_word' id='word_1_186' title='bbox 896 1512 1057 1546; x_wconf 87' lang='lat' dir='ltr'>dubitare</span> <span class='ocrx_word' id='word_1_187' title='bbox 1075 1510 1211 1545; x_wconf 88' lang='lat' dir='ltr'>iubent.</span> 
     </span>
     <span class='ocr_line' id='line_1_28' title="bbox 219 1564 1212 1609; baseline -0.013 -2"><span class='ocrx_word' id='word_1_188' title='bbox 219 1573 290 1609; x_wconf 87' lang='lat' dir='ltr'>Sed</span> <span class='ocrx_word' id='word_1_189' title='bbox 322 1571 404 1605; x_wconf 82' lang='lat' dir='ltr'>satis</span> <span class='ocrx_word' id='word_1_190' title='bbox 426 1570 560 1602; x_wconf 89' lang='lat' dir='ltr'>dictum</span> <span class='ocrx_word' id='word_1_191' title='bbox 585 1567 630 1600; x_wconf 88' lang='lat' dir='ltr'>sit</span> <span class='ocrx_word' id='word_1_192' title='bbox 653 1567 694 1599; x_wconf 87' lang='lat' dir='ltr'>de</span> <span class='ocrx_word' id='word_1_193' title='bbox 721 1566 787 1598; x_wconf 87' lang='lat' dir='ltr'>fide</span> <span class='ocrx_word' id='word_1_194' title='bbox 812 1564 939 1609; x_wconf 89' lang='lat' dir='ltr'>ipsius,</span> <span class='ocrx_word' id='word_1_195' title='bbox 971 1575 1050 1595; x_wconf 91' lang='lat' dir='ltr'>cum</span> <span class='ocrx_word' id='word_1_196' title='bbox 1078 1567 1212 1595; x_wconf 85' lang='lat' dir='ltr'>constet</span> 
     </span>
     <span class='ocr_line' id='line_1_29' title="bbox 220 1613 1212 1659; baseline -0.016 -1"><span class='ocrx_word' id='word_1_197' title='bbox 220 1631 329 1658; x_wconf 88' lang='lat' dir='ltr'>totam</span> <span class='ocrx_word' id='word_1_198' title='bbox 353 1622 426 1654; x_wconf 86' lang='lat' dir='ltr'>eius</span> <span class='ocrx_word' id='word_1_199' title='bbox 451 1620 579 1657; x_wconf 89' lang='lat' dir='ltr'>vitam,</span> <span class='ocrx_word' id='word_1_200' title='bbox 606 1616 865 1650; x_wconf 85' lang='lat' dir='ltr'>invocationem</span> <span class='ocrx_word' id='word_1_201' title='bbox 890 1613 1152 1659; x_wconf 82' lang='lat' dir='ltr'>quotidianam,</span> <span class='ocrx_word' id='word_1_202' title='bbox 1180 1617 1212 1644; x_wconf 88' lang='lat' dir='ltr'>et</span> 
     </span>
     <span class='ocr_line' id='line_1_30' title="bbox 221 1662 1212 1708; baseline -0.011 0"><span class='ocrx_word' id='word_1_203' title='bbox 221 1684 398 1708; x_wconf 89' lang='lat' dir='ltr'>sermones</span> <span class='ocrx_word' id='word_1_204' title='bbox 416 1668 643 1707; x_wconf 88' lang='lat' dir='ltr'>domesticos,</span> <span class='ocrx_word' id='word_1_205' title='bbox 664 1667 770 1700; x_wconf 74' lang='lat' dir='ltr'>fuisse</span> <span class='ocrx_word' id='word_1_206' title='bbox 787 1665 924 1699; x_wconf 89' lang='lat' dir='ltr'>assidua</span> <span class='ocrx_word' id='word_1_207' title='bbox 942 1664 1021 1696; x_wconf 81' lang='lat' dir='ltr'>fidei</span> <span class='ocrx_word' id='word_1_208' title='bbox 1040 1662 1212 1697; x_wconf 83' lang='lat' dir='ltr'>exercitia.</span> 
     </span>
    </p>
   </div>
   <div class='ocr_carea' id='block_1_4' title="bbox 222 1738 1218 2748">
    <p class='ocr_par' dir='ltr' id='par_1_4' title="bbox 222 1738 1218 2748">
     <span class='ocr_line' id='line_1_31' title="bbox 323 1738 1214 1781; baseline -0.012 -1"><span class='ocrx_word' id='word_1_209' title='bbox 323 1745 371 1781; x_wconf 87' lang='lat' dir='ltr'>Ut</span> <span class='ocrx_word' id='word_1_210' title='bbox 389 1752 505 1779; x_wconf 85' lang='lat' dir='ltr'>autem</span> <span class='ocrx_word' id='word_1_211' title='bbox 524 1743 560 1775; x_wconf 93' lang='lat' dir='ltr'>in</span> <span class='ocrx_word' id='word_1_212' title='bbox 578 1742 673 1774; x_wconf 88' lang='lat' dir='ltr'>dicto</span> <span class='ocrx_word' id='word_1_213' title='bbox 691 1740 791 1773; x_wconf 83' lang='lat' dir='ltr'>Pauli</span> <span class='ocrx_word' id='word_1_214' title='bbox 813 1751 891 1771; x_wconf 74' lang='lat' dir='ltr'>mox</span> <span class='ocrx_word' id='word_1_215' title='bbox 910 1738 988 1770; x_wconf 79' lang='lat' dir='ltr'>fidei</span> <span class='ocrx_word' id='word_1_216' title='bbox 1008 1738 1214 1778; x_wconf 80' lang='lat' dir='ltr'>adiungitur</span> 
     </span>
     <span class='ocr_line' id='line_1_32' title="bbox 222 1788 1213 1837; baseline -0.014 -3"><span class='ocrx_word' id='word_1_217' title='bbox 222 1798 380 1837; x_wconf 88' lang='lat' dir='ltr'>dilectio,</span> <span class='ocrx_word' id='word_1_218' title='bbox 415 1796 462 1828; x_wconf 89' lang='lat' dir='ltr'>ita</span> <span class='ocrx_word' id='word_1_219' title='bbox 494 1801 527 1827; x_wconf 90' lang='lat' dir='ltr'>et</span> <span class='ocrx_word' id='word_1_220' title='bbox 551 1793 623 1837; x_wconf 90' lang='lat' dir='ltr'>ipsa</span> <span class='ocrx_word' id='word_1_221' title='bbox 650 1790 829 1832; x_wconf 86' lang='lat' dir='ltr'>copulavit</span> <span class='ocrx_word' id='word_1_222' title='bbox 855 1801 933 1822; x_wconf 91' lang='lat' dir='ltr'>cum</span> <span class='ocrx_word' id='word_1_223' title='bbox 960 1789 1027 1821; x_wconf 84' lang='lat' dir='ltr'>fide</span> <span class='ocrx_word' id='word_1_224' title='bbox 1052 1788 1213 1821; x_wconf 88' lang='lat' dir='ltr'>dilectio-</span> 
     </span>
     <span class='ocr_line' id='line_1_33' title="bbox 223 1839 1214 1889; baseline -0.014 -4"><span class='ocrx_word' id='word_1_225' title='bbox 223 1863 322 1889; x_wconf 90' lang='lat' dir='ltr'>nem,</span> <span class='ocrx_word' id='word_1_226' title='bbox 351 1849 384 1881; x_wconf 93' lang='lat' dir='ltr'>id</span> <span class='ocrx_word' id='word_1_227' title='bbox 410 1853 479 1884; x_wconf 81' lang='lat' dir='ltr'>est,</span> <span class='ocrx_word' id='word_1_228' title='bbox 509 1849 653 1888; x_wconf 83' lang='lat' dir='ltr'>propter</span> <span class='ocrx_word' id='word_1_229' title='bbox 680 1840 794 1874; x_wconf 84' lang='lat' dir='ltr'>Deum</span> <span class='ocrx_word' id='word_1_230' title='bbox 823 1840 915 1873; x_wconf 91' lang='lat' dir='ltr'>iusto</span> <span class='ocrx_word' id='word_1_231' title='bbox 942 1840 1068 1872; x_wconf 88' lang='lat' dir='ltr'>ordine</span> <span class='ocrx_word' id='word_1_232' title='bbox 1091 1839 1214 1872; x_wconf 79' lang='lat' dir='ltr'>dilexit</span> 
     </span>
     <span class='ocr_line' id='line_1_34' title="bbox 223 1889 1215 1943; baseline -0.014 -7"><span class='ocrx_word' id='word_1_233' title='bbox 223 1901 428 1943; x_wconf 84' lang='lat' dir='ltr'>coniugem,</span> <span class='ocrx_word' id='word_1_234' title='bbox 454 1896 595 1934; x_wconf 86' lang='lat' dir='ltr'>liberos,</span> <span class='ocrx_word' id='word_1_235' title='bbox 622 1893 792 1926; x_wconf 81' lang='lat' dir='ltr'>familiam</span> <span class='ocrx_word' id='word_1_236' title='bbox 809 1898 841 1924; x_wconf 90' lang='lat' dir='ltr'>et</span> <span class='ocrx_word' id='word_1_237' title='bbox 859 1891 964 1924; x_wconf 88' lang='lat' dir='ltr'>cives.</span> <span class='ocrx_word' id='word_1_238' title='bbox 1019 1889 1100 1924; x_wconf 81' lang='lat' dir='ltr'>Fuit</span> <span class='ocrx_word' id='word_1_239' title='bbox 1115 1901 1215 1923; x_wconf 83' lang='lat' dir='ltr'>amor</span> 
     </span>
     <span class='ocr_line' id='line_1_35' title="bbox 222 1942 1215 1991; baseline -0.013 -4"><span class='ocrx_word' id='word_1_240' title='bbox 222 1959 366 1987; x_wconf 89' lang='lat' dir='ltr'>mutuus</span> <span class='ocrx_word' id='word_1_241' title='bbox 391 1949 426 1981; x_wconf 93' lang='lat' dir='ltr'>in</span> <span class='ocrx_word' id='word_1_242' title='bbox 450 1954 600 1991; x_wconf 86' lang='lat' dir='ltr'>utroque</span> <span class='ocrx_word' id='word_1_243' title='bbox 624 1943 772 1985; x_wconf 84' lang='lat' dir='ltr'>coniuge</span> <span class='ocrx_word' id='word_1_244' title='bbox 798 1942 897 1982; x_wconf 92' lang='lat' dir='ltr'>talis,</span> <span class='ocrx_word' id='word_1_245' title='bbox 928 1948 967 1975; x_wconf 91' lang='lat' dir='ltr'>ut</span> <span class='ocrx_word' id='word_1_246' title='bbox 993 1953 1073 1974; x_wconf 76' lang='lat' dir='ltr'>vere</span> <span class='ocrx_word' id='word_1_247' title='bbox 1098 1951 1215 1985; x_wconf 89' lang='lat' dir='ltr'>posses</span> 
     </span>
     <span class='ocr_line' id='line_1_36' title="bbox 225 1993 1215 2038; baseline -0.013 -1"><span class='ocrx_word' id='word_1_248' title='bbox 225 2005 267 2037; x_wconf 91' lang='lat' dir='ltr'>de</span> <span class='ocrx_word' id='word_1_249' title='bbox 284 2003 332 2036; x_wconf 89' lang='lat' dir='ltr'>eis</span> <span class='ocrx_word' id='word_1_250' title='bbox 351 2000 437 2033; x_wconf 90' lang='lat' dir='ltr'>illud</span> <span class='ocrx_word' id='word_1_251' title='bbox 456 2004 553 2031; x_wconf 80' lang='lat' dir='ltr'>vetus</span> <span class='ocrx_word' id='word_1_252' title='bbox 569 1996 683 2029; x_wconf 88' lang='lat' dir='ltr'>dicere</span> <span class='ocrx_word' id='word_1_253' title='bbox 695 2022 703 2033; x_wconf 88' lang='lat'>,</span> <span class='ocrx_word' id='word_1_254' title='bbox 727 2005 873 2038; x_wconf 88' lang='lat' dir='ltr'>corpora</span> <span class='ocrx_word' id='word_1_255' title='bbox 889 1993 1030 2037; x_wconf 90' lang='lat' dir='ltr'>quidem</span> <span class='ocrx_word' id='word_1_256' title='bbox 1045 1993 1115 2025; x_wconf 88' lang='lat' dir='ltr'>duo</span> <span class='ocrx_word' id='word_1_257' title='bbox 1133 2003 1215 2031; x_wconf 89' lang='lat' dir='ltr'>esse,</span> 
     </span>
     <span class='ocr_line' id='line_1_37' title="bbox 226 2042 1215 2089; baseline -0.014 -1"><span class='ocrx_word' id='word_1_258' title='bbox 226 2054 379 2089; x_wconf 91' lang='lat' dir='ltr'>animam</span> <span class='ocrx_word' id='word_1_259' title='bbox 406 2061 488 2083; x_wconf 83' lang='lat' dir='ltr'>vero</span> <span class='ocrx_word' id='word_1_260' title='bbox 510 2059 629 2082; x_wconf 86' lang='lat' dir='ltr'>unam.</span> <span class='ocrx_word' id='word_1_261' title='bbox 682 2044 820 2079; x_wconf 78' lang='lat' dir='ltr'>Deinde</span> <span class='ocrx_word' id='word_1_262' title='bbox 836 2055 897 2076; x_wconf 94' lang='lat' dir='ltr'>suo</span> <span class='ocrx_word' id='word_1_263' title='bbox 917 2042 1042 2075; x_wconf 88' lang='lat' dir='ltr'>ordine</span> <span class='ocrx_word' id='word_1_264' title='bbox 1061 2050 1215 2076; x_wconf 88' lang='lat' dir='ltr'>caeteros</span> 
     </span>
     <span class='ocr_line' id='line_1_38' title="bbox 226 2093 1215 2142; baseline -0.013 -3"><span class='ocrx_word' id='word_1_265' title='bbox 226 2104 365 2139; x_wconf 80' lang='lat' dir='ltr'>dilexit:</span> <span class='ocrx_word' id='word_1_266' title='bbox 391 2113 429 2135; x_wconf 91' lang='lat' dir='ltr'>ac</span> <span class='ocrx_word' id='word_1_267' title='bbox 451 2107 491 2134; x_wconf 89' lang='lat' dir='ltr'>ut</span> <span class='ocrx_word' id='word_1_268' title='bbox 517 2099 558 2132; x_wconf 92' lang='lat' dir='ltr'>de</span> <span class='ocrx_word' id='word_1_269' title='bbox 584 2096 716 2142; x_wconf 90' lang='lat' dir='ltr'>populo</span> <span class='ocrx_word' id='word_1_270' title='bbox 742 2095 876 2131; x_wconf 85' lang='lat' dir='ltr'>dicam,</span> <span class='ocrx_word' id='word_1_271' title='bbox 903 2093 992 2127; x_wconf 89' lang='lat' dir='ltr'>iusta</span> <span class='ocrx_word' id='word_1_272' title='bbox 1010 2099 1042 2126; x_wconf 87' lang='lat' dir='ltr'>et</span> <span class='ocrx_word' id='word_1_273' title='bbox 1061 2093 1215 2126; x_wconf 82' lang='lat' dir='ltr'>benefica</span> 
     </span>
     <span class='ocr_line' id='line_1_39' title="bbox 226 2143 1214 2199; baseline -0.014 -9"><span class='ocrx_word' id='word_1_274' title='bbox 226 2168 304 2199; x_wconf 85' lang='lat' dir='ltr'>erga</span> <span class='ocrx_word' id='word_1_275' title='bbox 328 2163 449 2187; x_wconf 86' lang='lat' dir='ltr'>omncs</span> <span class='ocrx_word' id='word_1_276' title='bbox 474 2150 550 2183; x_wconf 80' lang='lat' dir='ltr'>fuit.</span> <span class='ocrx_word' id='word_1_277' title='bbox 605 2147 704 2181; x_wconf 79' lang='lat' dir='ltr'>Adiit</span> <span class='ocrx_word' id='word_1_278' title='bbox 729 2144 982 2190; x_wconf 74' lang='lat' dir='ltr'>parturientes,</span> <span class='ocrx_word' id='word_1_279' title='bbox 1009 2150 1042 2177; x_wconf 90' lang='lat' dir='ltr'>et</span> <span class='ocrx_word' id='word_1_280' title='bbox 1067 2143 1214 2177; x_wconf 91' lang='lat' dir='ltr'>consilio</span> 
     </span>
     <span class='ocr_line' id='line_1_40' title="bbox 227 2194 1214 2242; baseline -0.013 -2"><span class='ocrx_word' id='word_1_281' title='bbox 227 2219 264 2240; x_wconf 88' lang='lat' dir='ltr'>ac</span> <span class='ocrx_word' id='word_1_282' title='bbox 283 2206 402 2238; x_wconf 89' lang='lat' dir='ltr'>labore</span> <span class='ocrx_word' id='word_1_283' title='bbox 418 2214 500 2242; x_wconf 90' lang='lat' dir='ltr'>suo,</span> <span class='ocrx_word' id='word_1_284' title='bbox 531 2201 601 2232; x_wconf 91' lang='lat' dir='ltr'>imo</span> <span class='ocrx_word' id='word_1_285' title='bbox 618 2205 650 2231; x_wconf 91' lang='lat' dir='ltr'>et</span> <span class='ocrx_word' id='word_1_286' title='bbox 668 2196 888 2230; x_wconf 83' lang='lat' dir='ltr'>invocatione</span> <span class='ocrx_word' id='word_1_287' title='bbox 899 2194 984 2234; x_wconf 80' lang='lat' dir='ltr'>Dei,</span> <span class='ocrx_word' id='word_1_288' title='bbox 1013 2195 1214 2239; x_wconf 86' lang='lat' dir='ltr'>periclitan-</span> 
     </span>
     <span class='ocr_line' id='line_1_41' title="bbox 227 2246 1217 2299; baseline -0.012 -9"><span class='ocrx_word' id='word_1_289' title='bbox 227 2258 321 2291; x_wconf 84' lang='lat' dir='ltr'>tibus</span> <span class='ocrx_word' id='word_1_290' title='bbox 345 2266 445 2299; x_wconf 86' lang='lat' dir='ltr'>opem</span> <span class='ocrx_word' id='word_1_291' title='bbox 469 2252 565 2285; x_wconf 85' lang='lat' dir='ltr'>tulit:</span> <span class='ocrx_word' id='word_1_292' title='bbox 597 2250 667 2293; x_wconf 87' lang='lat' dir='ltr'>ipsa</span> <span class='ocrx_word' id='word_1_293' title='bbox 694 2249 798 2281; x_wconf 86' lang='lat' dir='ltr'>etiam</span> <span class='ocrx_word' id='word_1_294' title='bbox 820 2246 917 2279; x_wconf 84' lang='lat' dir='ltr'>sessis</span> <span class='ocrx_word' id='word_1_295' title='bbox 942 2246 1061 2279; x_wconf 86' lang='lat' dir='ltr'>labore</span> <span class='ocrx_word' id='word_1_296' title='bbox 1087 2253 1217 2290; x_wconf 84' lang='lat' dir='ltr'>partus,</span> 
     </span>
     <span class='ocr_line' id='line_1_42' title="bbox 228 2295 1216 2343; baseline -0.011 -1"><span class='ocrx_word' id='word_1_297' title='bbox 228 2309 324 2342; x_wconf 82' lang='lat' dir='ltr'>cibos</span> <span class='ocrx_word' id='word_1_298' title='bbox 341 2305 451 2343; x_wconf 76' lang='lat' dir='ltr'>coxit,</span> <span class='ocrx_word' id='word_1_299' title='bbox 478 2303 565 2336; x_wconf 81' lang='lat' dir='ltr'>adiit</span> <span class='ocrx_word' id='word_1_300' title='bbox 582 2307 757 2343; x_wconf 85' lang='lat' dir='ltr'>aegrotos:</span> <span class='ocrx_word' id='word_1_301' title='bbox 781 2309 929 2342; x_wconf 87' lang='lat' dir='ltr'>cumque</span> <span class='ocrx_word' id='word_1_302' title='bbox 949 2297 1055 2330; x_wconf 85' lang='lat' dir='ltr'>veteri</span> <span class='ocrx_word' id='word_1_303' title='bbox 1075 2295 1216 2331; x_wconf 78' lang='lat' dir='ltr'>beroico</span> 
     </span>
     <span class='ocr_line' id='line_1_43' title="bbox 227 2347 1216 2392; baseline -0.012 0"><span class='ocrx_word' id='word_1_304' title='bbox 227 2370 322 2392; x_wconf 83' lang='lat' dir='ltr'>more</span> <span class='ocrx_word' id='word_1_305' title='bbox 344 2365 375 2389; x_wconf 83' lang='lat' dir='ltr'>et</span> <span class='ocrx_word' id='word_1_306' title='bbox 398 2355 525 2387; x_wconf 85' lang='lat' dir='ltr'>coleret</span> <span class='ocrx_word' id='word_1_307' title='bbox 543 2359 650 2385; x_wconf 85' lang='lat' dir='ltr'>artem</span> <span class='ocrx_word' id='word_1_308' title='bbox 670 2349 858 2388; x_wconf 77' lang='lat' dir='ltr'>medicam.</span> <span class='ocrx_word' id='word_1_309' title='bbox 886 2355 918 2381; x_wconf 89' lang='lat' dir='ltr'>et</span> <span class='ocrx_word' id='word_1_310' title='bbox 937 2349 1045 2381; x_wconf 87' lang='lat' dir='ltr'>multa</span> <span class='ocrx_word' id='word_1_311' title='bbox 1063 2347 1216 2381; x_wconf 85' lang='lat' dir='ltr'>remedia</span> 
     </span>
     <span class='ocr_line' id='line_1_44' title="bbox 228 2398 1216 2448; baseline -0.011 -6"><span class='ocrx_word' id='word_1_312' title='bbox 228 2410 289 2443; x_wconf 57' lang='lat' dir='ltr'>suh</span> <span class='ocrx_word' id='word_1_313' title='bbox 316 2419 421 2440; x_wconf 82' lang='lat' dir='ltr'>mann</span> <span class='ocrx_word' id='word_1_314' title='bbox 446 2411 564 2448; x_wconf 85' lang='lat' dir='ltr'>parata</span> <span class='ocrx_word' id='word_1_315' title='bbox 591 2401 752 2439; x_wconf 85' lang='lat' dir='ltr'>baberet,</span> <span class='ocrx_word' id='word_1_316' title='bbox 787 2399 909 2433; x_wconf 89' lang='lat' dir='ltr'>multis</span> <span class='ocrx_word' id='word_1_317' title='bbox 933 2399 1081 2433; x_wconf 78' lang='lat' dir='ltr'>feliciter</span> <span class='ocrx_word' id='word_1_318' title='bbox 1105 2398 1216 2432; x_wconf 88' lang='lat' dir='ltr'>medi-</span> 
     </span>
     <span class='ocr_line' id='line_1_45' title="bbox 228 2450 1218 2497; baseline -0.013 -2"><span class='ocrx_word' id='word_1_319' title='bbox 228 2467 302 2495; x_wconf 84' lang='lat' dir='ltr'>cata</span> <span class='ocrx_word' id='word_1_320' title='bbox 326 2465 388 2490; x_wconf 84' lang='lat' dir='ltr'>est.</span> <span class='ocrx_word' id='word_1_321' title='bbox 441 2454 656 2497; x_wconf 74' lang='lat' dir='ltr'>Quotidiana</span> <span class='ocrx_word' id='word_1_322' title='bbox 677 2464 758 2484; x_wconf 82' lang='lat' dir='ltr'>vero</span> <span class='ocrx_word' id='word_1_323' title='bbox 778 2450 969 2484; x_wconf 86' lang='lat' dir='ltr'>liberalitas</span> <span class='ocrx_word' id='word_1_324' title='bbox 984 2462 1062 2492; x_wconf 83' lang='lat' dir='ltr'>erga</span> <span class='ocrx_word' id='word_1_325' title='bbox 1080 2456 1218 2491; x_wconf 80' lang='lat' dir='ltr'>egentes</span> 
     </span>
     <span class='ocr_line' id='line_1_46' title="bbox 230 2502 1217 2551; baseline -0.013 -6"><span class='ocrx_word' id='word_1_326' title='bbox 230 2509 378 2551; x_wconf 77' lang='lat' dir='ltr'>insignis</span> <span class='ocrx_word' id='word_1_327' title='bbox 404 2507 480 2540; x_wconf 86' lang='lat' dir='ltr'>suit.</span> <span class='ocrx_word' id='word_1_328' title='bbox 535 2504 625 2538; x_wconf 73' lang='lat' dir='ltr'>Aliis</span> <span class='ocrx_word' id='word_1_329' title='bbox 649 2502 852 2548; x_wconf 79' lang='lat' dir='ltr'>pecuniam,</span> <span class='ocrx_word' id='word_1_330' title='bbox 887 2502 965 2534; x_wconf 91' lang='lat' dir='ltr'>aliis</span> <span class='ocrx_word' id='word_1_331' title='bbox 989 2502 1217 2539; x_wconf 76' lang='lat' dir='ltr'>frumentum,</span> 
     </span>
     <span class='ocr_line' id='line_1_47' title="bbox 229 2549 1216 2600; baseline -0.012 -5"><span class='ocrx_word' id='word_1_332' title='bbox 229 2562 307 2596; x_wconf 79' lang='lat' dir='ltr'>aliis</span> <span class='ocrx_word' id='word_1_333' title='bbox 325 2566 434 2592; x_wconf 75' lang='lat' dir='ltr'>vestes</span> <span class='ocrx_word' id='word_1_334' title='bbox 451 2557 569 2589; x_wconf 85' lang='lat' dir='ltr'>dabat:</span> <span class='ocrx_word' id='word_1_335' title='bbox 599 2567 708 2600; x_wconf 78' lang='lat' dir='ltr'>eoque</span> <span class='ocrx_word' id='word_1_336' title='bbox 727 2554 760 2585; x_wconf 91' lang='lat' dir='ltr'>in</span> <span class='ocrx_word' id='word_1_337' title='bbox 783 2564 908 2597; x_wconf 82' lang='lat' dir='ltr'>genere</span> <span class='ocrx_word' id='word_1_338' title='bbox 926 2552 1033 2585; x_wconf 89' lang='lat' dir='ltr'>altera</span> <span class='ocrx_word' id='word_1_339' title='bbox 1051 2558 1122 2585; x_wconf 84' lang='lat' dir='ltr'>erat</span> <span class='ocrx_word' id='word_1_340' title='bbox 1142 2549 1216 2584; x_wconf 82' lang='lat' dir='ltr'>Eti-</span> 
     </span>
     <span class='ocr_line' id='line_1_48' title="bbox 229 2601 1217 2649; baseline -0.014 -2"><span class='ocrx_word' id='word_1_341' title='bbox 229 2608 371 2647; x_wconf 76' lang='lat' dir='ltr'>sabctlia</span> <span class='ocrx_word' id='word_1_342' title='bbox 405 2607 626 2644; x_wconf 75' lang='lat' dir='ltr'>Pannonica,</span> <span class='ocrx_word' id='word_1_343' title='bbox 672 2617 775 2649; x_wconf 86' lang='lat' dir='ltr'>quam</span> <span class='ocrx_word' id='word_1_344' title='bbox 813 2610 956 2648; x_wconf 86' lang='lat' dir='ltr'>propter</span> <span class='ocrx_word' id='word_1_345' title='bbox 986 2601 1074 2636; x_wconf 79' lang='lat' dir='ltr'>lianc</span> <span class='ocrx_word' id='word_1_346' title='bbox 1109 2603 1217 2635; x_wconf 81' lang='lat' dir='ltr'>bene-</span> 
     </span>
     <span class='ocr_line' id='line_1_49' title="bbox 230 2653 1218 2700; baseline -0.012 -3"><span class='ocrx_word' id='word_1_347' title='bbox 230 2663 403 2697; x_wconf 76' lang='lat' dir='ltr'>ficentiam</span> <span class='ocrx_word' id='word_1_348' title='bbox 437 2671 514 2700; x_wconf 80' lang='lat' dir='ltr'>erga</span> <span class='ocrx_word' id='word_1_349' title='bbox 538 2663 675 2698; x_wconf 79' lang='lat' dir='ltr'>egentes</span> <span class='ocrx_word' id='word_1_350' title='bbox 702 2663 732 2688; x_wconf 83' lang='lat' dir='ltr'>et</span> <span class='ocrx_word' id='word_1_351' title='bbox 757 2655 998 2694; x_wconf 80' lang='lat' dir='ltr'>calamitosos,</span> <span class='ocrx_word' id='word_1_352' title='bbox 1033 2653 1218 2698; x_wconf 77' lang='lat' dir='ltr'>praecipue</span> 
     </span>
     <span class='ocr_line' id='line_1_50' title="bbox 231 2704 1218 2748; baseline -0.012 0"><span class='ocrx_word' id='word_1_353' title='bbox 231 2712 364 2748; x_wconf 81' lang='lat' dir='ltr'>laudari</span> <span class='ocrx_word' id='word_1_354' title='bbox 389 2710 494 2744; x_wconf 80' lang='lat' dir='ltr'>scitis.</span> <span class='ocrx_word' id='word_1_355' title='bbox 549 2707 656 2741; x_wconf 71' lang='lat' dir='ltr'>Norat</span> <span class='ocrx_word' id='word_1_356' title='bbox 677 2713 791 2739; x_wconf 87' lang='lat' dir='ltr'>autem</span> <span class='ocrx_word' id='word_1_357' title='bbox 811 2707 894 2738; x_wconf 82' lang='lat' dir='ltr'>lines</span> <span class='ocrx_word' id='word_1_358' title='bbox 912 2712 944 2738; x_wconf 88' lang='lat' dir='ltr'>et</span> <span class='ocrx_word' id='word_1_359' title='bbox 961 2713 1068 2739; x_wconf 75' lang='lat' dir='ltr'>metas</span> <span class='ocrx_word' id='word_1_360' title='bbox 1085 2704 1218 2738; x_wconf 80' lang='lat' dir='ltr'>officio-</span> 
     </span>
    </p>
   </div>
   <div class='ocr_carea' id='block_1_5' title="bbox 730 122 1703 165">
    <p class='ocr_par' dir='ltr' id='par_1_5' title="bbox 730 122 1703 165">
     <span class='ocr_line' id='line_1_51' title="bbox 730 122 1703 165; baseline 0 -1"><span class='ocrx_word' id='word_1_361' title='bbox 730 127 893 164; x_wconf 83' lang='lat' dir='ltr'><strong>DECL.</strong></span> <span class='ocrx_word' id='word_1_362' title='bbox 940 123 1014 161; x_wconf 91' lang='lat' dir='ltr'>DE</span> <span class='ocrx_word' id='word_1_363' title='bbox 1045 122 1379 161; x_wconf 87' lang='lat' dir='ltr'><strong>DOROTHEA</strong></span> <span class='ocrx_word' id='word_1_364' title='bbox 1412 124 1703 165; x_wconf 83' lang='lat' dir='ltr'><strong>PRINCIPE.</strong></span> 
     </span>
    </p>
   </div>
   <div class='ocr_carea' id='block_1_6' title="bbox 1215 220 1221 364">
    <p class='ocr_par' dir='ltr' id='par_1_6' title="bbox 1215 220 1221 364">
     <span class='ocr_line' id='line_1_52' title="bbox 1215 220 1221 364; baseline 0 2594"><span class='ocrx_word' id='word_1_365' title='bbox 1215 220 1221 364; x_wconf 95' lang='lat' dir='ltr'> </span> 
     </span>
    </p>
   </div>
   <div class='ocr_carea' id='block_1_7' title="bbox 1219 386 1224 536">
    <p class='ocr_par' dir='ltr' id='par_1_7' title="bbox 1219 386 1224 536">
     <span class='ocr_line' id='line_1_53' title="bbox 1219 386 1224 536; baseline 0 2422"><span class='ocrx_word' id='word_1_366' title='bbox 1219 386 1224 536; x_wconf 95' lang='lat' dir='ltr'> </span> 
     </span>
    </p>
   </div>
   <div class='ocr_carea' id='block_1_8' title="bbox 2163 129 2238 166">
    <p class='ocr_par' dir='ltr' id='par_1_8' title="bbox 2163 129 2238 166">
     <span class='ocr_line' id='line_1_54' title="bbox 2163 129 2238 166; baseline 0.027 -2"><span class='ocrx_word' id='word_1_367' title='bbox 2163 129 2238 166; x_wconf 82' lang='lat'>768</span> 
     </span>
    </p>
   </div>
   <div class='ocr_carea' id='block_1_9' title="bbox 1220 211 2249 918">
    <p class='ocr_par' dir='ltr' id='par_1_9' title="bbox 1220 211 2241 397">
     <span class='ocr_line' id='line_1_55' title="bbox 1244 211 2238 260; baseline 0.006 -16"><span class='ocrx_word' id='word_1_368' title='bbox 1244 223 1344 253; x_wconf 87' lang='lat' dir='ltr'>rum,</span> <span class='ocrx_word' id='word_1_369' title='bbox 1371 223 1460 256; x_wconf 88' lang='lat' dir='ltr'>quae</span> <span class='ocrx_word' id='word_1_370' title='bbox 1481 217 1662 245; x_wconf 83' lang='lat' dir='ltr'>matronas</span> <span class='ocrx_word' id='word_1_371' title='bbox 1684 211 1827 254; x_wconf 86' lang='lat' dir='ltr'>decent,</span> <span class='ocrx_word' id='word_1_372' title='bbox 1855 226 1920 249; x_wconf 90' lang='lat' dir='ltr'>nec</span> <span class='ocrx_word' id='word_1_373' title='bbox 1944 214 2238 260; x_wconf 82' lang='lat' dir='ltr'>gubernationem</span> 
     </span>
     <span class='ocr_line' id='line_1_56' title="bbox 1244 261 2241 305; baseline 0.004 -9"><span class='ocrx_word' id='word_1_374' title='bbox 1244 261 1461 296; x_wconf 85' lang='lat' dir='ltr'>iudiciorum</span> <span class='ocrx_word' id='word_1_375' title='bbox 1480 262 1704 305; x_wconf 87' lang='lat' dir='ltr'>impediebat.</span> <span class='ocrx_word' id='word_1_376' title='bbox 1757 261 1805 297; x_wconf 86' lang='lat' dir='ltr'>Et</span> <span class='ocrx_word' id='word_1_377' title='bbox 1819 271 1859 298; x_wconf 88' lang='lat' dir='ltr'>ut</span> <span class='ocrx_word' id='word_1_378' title='bbox 1874 273 1948 300; x_wconf 87' lang='lat' dir='ltr'>erat</span> <span class='ocrx_word' id='word_1_379' title='bbox 1972 267 2062 301; x_wconf 88' lang='lat' dir='ltr'>iusta</span> <span class='ocrx_word' id='word_1_380' title='bbox 2085 274 2119 300; x_wconf 91' lang='lat' dir='ltr'>et</span> <span class='ocrx_word' id='word_1_381' title='bbox 2141 278 2241 300; x_wconf 85' lang='lat' dir='ltr'>seve</span> 
     </span>
     <span class='ocr_line' id='line_1_57' title="bbox 1244 312 2241 363; baseline 0.005 -18"><span class='ocrx_word' id='word_1_382' title='bbox 1244 312 1359 346; x_wconf 87' lang='lat' dir='ltr'>ritatis</span> <span class='ocrx_word' id='word_1_383' title='bbox 1385 324 1526 354; x_wconf 87' lang='lat' dir='ltr'>amans,</span> <span class='ocrx_word' id='word_1_384' title='bbox 1551 312 1681 347; x_wconf 90' lang='lat' dir='ltr'>atrocia</span> <span class='ocrx_word' id='word_1_385' title='bbox 1710 313 1839 348; x_wconf 90' lang='lat' dir='ltr'>scelera</span> <span class='ocrx_word' id='word_1_386' title='bbox 1867 315 2004 360; x_wconf 87' lang='lat' dir='ltr'>legibus</span> <span class='ocrx_word' id='word_1_387' title='bbox 2031 317 2153 363; x_wconf 87' lang='lat' dir='ltr'>puniri</span> <span class='ocrx_word' id='word_1_388' title='bbox 2177 330 2241 351; x_wconf 84' lang='lat' dir='ltr'>vo-</span> 
     </span>
     <span class='ocr_line' id='line_1_58' title="bbox 1220 363 1354 397; baseline 0 -1"><span class='ocrx_word' id='word_1_389' title='bbox 1220 378 1221 384; x_wconf 57' lang='lat'><em>*</em></span> <span class='ocrx_word' id='word_1_390' title='bbox 1247 363 1354 397; x_wconf 89' lang='lat' dir='ltr'>lebat.</span> 
     </span>
    </p>

    <p class='ocr_par' dir='ltr' id='par_1_10' title="bbox 1249 412 2249 918">
     <span class='ocr_line' id='line_1_59' title="bbox 1350 412 2243 461; baseline 0.007 -14"><span class='ocrx_word' id='word_1_391' title='bbox 1350 412 1418 447; x_wconf 89' lang='lat' dir='ltr'>Sed</span> <span class='ocrx_word' id='word_1_392' title='bbox 1454 413 1482 446; x_wconf 90' lang='lat' dir='ltr'>si</span> <span class='ocrx_word' id='word_1_393' title='bbox 1513 414 1655 459; x_wconf 80' lang='lat' dir='ltr'>quando</span> <span class='ocrx_word' id='word_1_394' title='bbox 1684 415 1889 460; x_wconf 87' lang='lat' dir='ltr'>petebatur,</span> <span class='ocrx_word' id='word_1_395' title='bbox 1928 422 1968 449; x_wconf 92' lang='lat' dir='ltr'>ut</span> <span class='ocrx_word' id='word_1_396' title='bbox 1996 428 2059 461; x_wconf 87' lang='lat' dir='ltr'>pro</span> <span class='ocrx_word' id='word_1_397' title='bbox 2087 419 2154 453; x_wconf 87' lang='lat' dir='ltr'>reis</span> <span class='ocrx_word' id='word_1_398' title='bbox 2182 425 2243 453; x_wconf 84' lang='lat' dir='ltr'>aut</span> 
     </span>
     <span class='ocr_line' id='line_1_60' title="bbox 1249 464 2243 508; baseline 0.005 -10"><span class='ocrx_word' id='word_1_399' title='bbox 1249 465 1424 498; x_wconf 83' lang='lat' dir='ltr'>damnatis</span> <span class='ocrx_word' id='word_1_400' title='bbox 1444 464 1696 507; x_wconf 84' lang='lat' dir='ltr'>intercederet,</span> <span class='ocrx_word' id='word_1_401' title='bbox 1732 465 1760 499; x_wconf 91' lang='lat' dir='ltr'>si</span> <span class='ocrx_word' id='word_1_402' title='bbox 1784 477 1856 499; x_wconf 92' lang='lat' dir='ltr'>non</span> <span class='ocrx_word' id='word_1_403' title='bbox 1881 473 1954 500; x_wconf 92' lang='lat' dir='ltr'>erat</span> <span class='ocrx_word' id='word_1_404' title='bbox 1977 468 2156 508; x_wconf 84' lang='lat' dir='ltr'>atrocitas,</span> <span class='ocrx_word' id='word_1_405' title='bbox 2191 470 2243 502; x_wconf 81' lang='lat' dir='ltr'>le-</span> 
     </span>
     <span class='ocr_line' id='line_1_61' title="bbox 1251 515 2244 562; baseline 0.007 -15"><span class='ocrx_word' id='word_1_406' title='bbox 1251 527 1330 559; x_wconf 85' lang='lat' dir='ltr'>gum</span> <span class='ocrx_word' id='word_1_407' title='bbox 1357 515 1576 549; x_wconf 87' lang='lat' dir='ltr'>severitatem</span> <span class='ocrx_word' id='word_1_408' title='bbox 1600 515 1673 560; x_wconf 88' lang='lat' dir='ltr'>ipsa</span> <span class='ocrx_word' id='word_1_409' title='bbox 1702 528 1845 562; x_wconf 90' lang='lat' dir='ltr'>quoque</span> <span class='ocrx_word' id='word_1_410' title='bbox 1868 517 2108 552; x_wconf 84' lang='lat' dir='ltr'>misericordia</span> <span class='ocrx_word' id='word_1_411' title='bbox 2138 519 2244 554; x_wconf 87' lang='lat' dir='ltr'>leniri</span> 
     </span>
     <span class='ocr_line' id='line_1_62' title="bbox 1251 565 2244 611; baseline 0.006 -13"><span class='ocrx_word' id='word_1_412' title='bbox 1251 567 1448 599; x_wconf 67' lang='lat' dir='ltr'>verecunde</span> <span class='ocrx_word' id='word_1_413' title='bbox 1463 568 1597 601; x_wconf 87' lang='lat' dir='ltr'>orabat.</span> <span class='ocrx_word' id='word_1_414' title='bbox 1651 565 1851 601; x_wconf 86' lang='lat' dir='ltr'>Domestica</span> <span class='ocrx_word' id='word_1_415' title='bbox 1875 568 2039 611; x_wconf 88' lang='lat' dir='ltr'>negocia,</span> <span class='ocrx_word' id='word_1_416' title='bbox 2073 576 2106 603; x_wconf 89' lang='lat' dir='ltr'>et</span> <span class='ocrx_word' id='word_1_417' title='bbox 2119 567 2244 604; x_wconf 83' lang='lat' dir='ltr'>Eccle-</span> 
     </span>
     <span class='ocr_line' id='line_1_63' title="bbox 1252 617 2246 663; baseline 0.006 -13"><span class='ocrx_word' id='word_1_418' title='bbox 1252 617 1321 650; x_wconf 90' lang='lat' dir='ltr'>siae</span> <span class='ocrx_word' id='word_1_419' title='bbox 1355 617 1527 650; x_wconf 76' lang='lat' dir='ltr'>fovendae</span> <span class='ocrx_word' id='word_1_420' title='bbox 1559 617 1715 651; x_wconf 89' lang='lat' dir='ltr'>studium</span> <span class='ocrx_word' id='word_1_421' title='bbox 1748 619 1790 651; x_wconf 89' lang='lat' dir='ltr'>ad</span> <span class='ocrx_word' id='word_1_422' title='bbox 1819 630 1852 652; x_wconf 89' lang='lat' dir='ltr'>se</span> <span class='ocrx_word' id='word_1_423' title='bbox 1881 620 2056 663; x_wconf 88' lang='lat' dir='ltr'>pertinere</span> <span class='ocrx_word' id='word_1_424' title='bbox 2083 621 2246 657; x_wconf 84' lang='lat' dir='ltr'>ducebat.</span> 
     </span>
     <span class='ocr_line' id='line_1_64' title="bbox 1253 667 2248 715; baseline 0.005 -15"><span class='ocrx_word' id='word_1_425' title='bbox 1253 667 1325 701; x_wconf 86' lang='lat' dir='ltr'>Nec</span> <span class='ocrx_word' id='word_1_426' title='bbox 1356 669 1500 711; x_wconf 84' lang='lat' dir='ltr'>ingessit</span> <span class='ocrx_word' id='word_1_427' title='bbox 1532 680 1566 701; x_wconf 90' lang='lat' dir='ltr'>se</span> <span class='ocrx_word' id='word_1_428' title='bbox 1593 669 1750 702; x_wconf 89' lang='lat' dir='ltr'>consiliis</span> <span class='ocrx_word' id='word_1_429' title='bbox 1775 670 2042 713; x_wconf 85' lang='lat' dir='ltr'>gubernationis</span> <span class='ocrx_word' id='word_1_430' title='bbox 2072 671 2248 715; x_wconf 81' lang='lat' dir='ltr'>politicae,</span> 
     </span>
     <span class='ocr_line' id='line_1_65' title="bbox 1254 717 2248 767; baseline 0.004 -16"><span class='ocrx_word' id='word_1_431' title='bbox 1254 719 1317 753; x_wconf 79' lang='lat' dir='ltr'>sed</span> <span class='ocrx_word' id='word_1_432' title='bbox 1340 719 1382 751; x_wconf 87' lang='lat' dir='ltr'>de</span> <span class='ocrx_word' id='word_1_433' title='bbox 1397 717 1563 752; x_wconf 86' lang='lat' dir='ltr'>Ecclesiis</span> <span class='ocrx_word' id='word_1_434' title='bbox 1587 732 1731 754; x_wconf 89' lang='lat' dir='ltr'>monere</span> <span class='ocrx_word' id='word_1_435' title='bbox 1755 720 1934 755; x_wconf 89' lang='lat' dir='ltr'>interdum</span> <span class='ocrx_word' id='word_1_436' title='bbox 1952 720 2153 767; x_wconf 88' lang='lat' dir='ltr'>Principem</span> <span class='ocrx_word' id='word_1_437' title='bbox 2179 722 2248 755; x_wconf 88' lang='lat' dir='ltr'>ali-</span> 
     </span>
     <span class='ocr_line' id='line_1_66' title="bbox 1254 769 2248 818; baseline 0.005 -17"><span class='ocrx_word' id='word_1_438' title='bbox 1254 769 1340 815; x_wconf 89' lang='lat' dir='ltr'>quid</span> <span class='ocrx_word' id='word_1_439' title='bbox 1356 770 1508 811; x_wconf 90' lang='lat' dir='ltr'>solebat,</span> <span class='ocrx_word' id='word_1_440' title='bbox 1534 771 1736 815; x_wconf 85' lang='lat' dir='ltr'>praesertim</span> <span class='ocrx_word' id='word_1_441' title='bbox 1755 771 1866 805; x_wconf 91' lang='lat' dir='ltr'>sicubi</span> <span class='ocrx_word' id='word_1_442' title='bbox 1891 772 2028 806; x_wconf 89' lang='lat' dir='ltr'>audiret</span> <span class='ocrx_word' id='word_1_443' title='bbox 2054 773 2169 818; x_wconf 78' lang='lat' dir='ltr'>spargi</span> <span class='ocrx_word' id='word_1_444' title='bbox 2193 784 2248 806; x_wconf 91' lang='lat' dir='ltr'>se-</span> 
     </span>
     <span class='ocr_line' id='line_1_67' title="bbox 1255 821 2247 859; baseline 0.003 -5"><span class='ocrx_word' id='word_1_445' title='bbox 1255 821 1352 855; x_wconf 91' lang='lat' dir='ltr'>mina</span> <span class='ocrx_word' id='word_1_446' title='bbox 1371 821 1598 855; x_wconf 89' lang='lat' dir='ltr'>dissidiorum</span> <span class='ocrx_word' id='word_1_447' title='bbox 1616 822 1653 855; x_wconf 93' lang='lat' dir='ltr'>in</span> <span class='ocrx_word' id='word_1_448' title='bbox 1671 822 1844 858; x_wconf 83' lang='lat' dir='ltr'>doctrina.</span> <span class='ocrx_word' id='word_1_449' title='bbox 1906 822 1996 856; x_wconf 83' lang='lat' dir='ltr'>Nam</span> <span class='ocrx_word' id='word_1_450' title='bbox 2027 835 2106 857; x_wconf 91' lang='lat' dir='ltr'>cum</span> <span class='ocrx_word' id='word_1_451' title='bbox 2131 830 2165 857; x_wconf 93' lang='lat' dir='ltr'>et</span> <span class='ocrx_word' id='word_1_452' title='bbox 2187 823 2247 859; x_wconf 86' lang='lat' dir='ltr'>in-</span> 
     </span>
     <span class='ocr_line' id='line_1_68' title="bbox 1256 871 2249 918; baseline 0.002 -12"><span class='ocrx_word' id='word_1_453' title='bbox 1256 873 1359 918; x_wconf 88' lang='lat' dir='ltr'>genio</span> <span class='ocrx_word' id='word_1_454' title='bbox 1375 874 1525 914; x_wconf 88' lang='lat' dir='ltr'>valeret,</span> <span class='ocrx_word' id='word_1_455' title='bbox 1552 885 1590 906; x_wconf 90' lang='lat' dir='ltr'>ac</span> <span class='ocrx_word' id='word_1_456' title='bbox 1613 873 1810 907; x_wconf 86' lang='lat' dir='ltr'>doctrinam</span> <span class='ocrx_word' id='word_1_457' title='bbox 1827 871 2003 907; x_wconf 88' lang='lat' dir='ltr'>Ecclesiae</span> <span class='ocrx_word' id='word_1_458' title='bbox 2028 881 2120 909; x_wconf 88' lang='lat' dir='ltr'>recte</span> <span class='ocrx_word' id='word_1_459' title='bbox 2144 875 2249 909; x_wconf 85' lang='lat' dir='ltr'>intel-</span> 
     </span>
    </p>
   </div>
   <div class='ocr_carea' id='block_1_10' title="bbox 1222 539 1226 643">
    <p class='ocr_par' dir='ltr' id='par_1_11' title="bbox 1222 539 1226 643">
     <span class='ocr_line' id='line_1_69' title="bbox 1222 539 1226 643; baseline 0 2315"><span class='ocrx_word' id='word_1_460' title='bbox 1222 539 1226 643; x_wconf 95' lang='lat' dir='ltr'> </span> 
     </span>
    </p>
   </div>
   <div class='ocr_carea' id='block_1_11' title="bbox 1224 646 1229 748">
    <p class='ocr_par' dir='ltr' id='par_1_12' title="bbox 1224 646 1229 748">
     <span class='ocr_line' id='line_1_70' title="bbox 1224 646 1229 748; baseline 0 2210"><span class='ocrx_word' id='word_1_461' title='bbox 1224 646 1229 748; x_wconf 95' lang='lat' dir='ltr'> </span> 
     </span>
    </p>
   </div>
   <div class='ocr_carea' id='block_1_12' title="bbox 1256 924 2301 1019">
    <p class='ocr_par' dir='ltr' id='par_1_13' title="bbox 1256 924 2301 1019">
     <span class='ocr_line' id='line_1_71' title="bbox 1256 924 2291 971; baseline 0.002 -13"><span class='ocrx_word' id='word_1_462' title='bbox 1256 925 1397 969; x_wconf 86' lang='lat' dir='ltr'>ligeret,</span> <span class='ocrx_word' id='word_1_463' title='bbox 1425 931 1457 958; x_wconf 93' lang='lat' dir='ltr'>et</span> <span class='ocrx_word' id='word_1_464' title='bbox 1473 924 1677 967; x_wconf 88' lang='lat' dir='ltr'>gravissimo</span> <span class='ocrx_word' id='word_1_465' title='bbox 1699 924 1829 958; x_wconf 88' lang='lat' dir='ltr'>iudicio</span> <span class='ocrx_word' id='word_1_466' title='bbox 1845 931 2031 966; x_wconf 81' lang='lat' dir='ltr'>statueret,</span> <span class='ocrx_word' id='word_1_467' title='bbox 2066 933 2249 971; x_wconf 86' lang='lat' dir='ltr'>corrupte</span> <span class='ocrx_word' id='word_1_468' title='bbox 2287 937 2291 941; x_wconf 94' lang='grc'><strong><em></em></strong></span> 
     </span>
     <span class='ocr_line' id='line_1_72' title="bbox 1259 975 2301 1019; baseline 0.002 -10"><span class='ocrx_word' id='word_1_469' title='bbox 1259 976 1310 1009; x_wconf 89' lang='lat' dir='ltr'>las</span> <span class='ocrx_word' id='word_1_470' title='bbox 1332 983 1363 1010; x_wconf 91' lang='lat' dir='ltr'>et</span> <span class='ocrx_word' id='word_1_471' title='bbox 1387 976 1581 1010; x_wconf 88' lang='lat' dir='ltr'>discordias</span> <span class='ocrx_word' id='word_1_472' title='bbox 1605 975 1767 1009; x_wconf 85' lang='lat' dir='ltr'>vitandas</span> <span class='ocrx_word' id='word_1_473' title='bbox 1793 987 1884 1015; x_wconf 92' lang='lat' dir='ltr'>esse,</span> <span class='ocrx_word' id='word_1_474' title='bbox 1919 976 2186 1019; x_wconf 73' lang='lat' dir='ltr'>vigilantissima</span> <span class='ocrx_word' id='word_1_475' title='bbox 2213 984 2249 1011; x_wconf 88' lang='lat' dir='ltr'>et</span> <span class='ocrx_word' id='word_1_476' title='bbox 2296 1000 2301 1018; x_wconf 72' lang='grc'>,-</span> 
     </span>
    </p>
   </div>
   <div class='ocr_carea' id='block_1_13' title="bbox 1259 1026 2251 1072">
    <p class='ocr_par' dir='ltr' id='par_1_14' title="bbox 1259 1026 2251 1072">
     <span class='ocr_line' id='line_1_73' title="bbox 1259 1026 2251 1072; baseline 0 -11"><span class='ocrx_word' id='word_1_477' title='bbox 1259 1027 1428 1061; x_wconf 90' lang='lat' dir='ltr'>acerrima</span> <span class='ocrx_word' id='word_1_478' title='bbox 1457 1034 1548 1061; x_wconf 71' lang='lat' dir='ltr'>eratz</span> <span class='ocrx_word' id='word_1_479' title='bbox 1588 1026 1762 1072; x_wconf 90' lang='lat' dir='ltr'>planeque</span> <span class='ocrx_word' id='word_1_480' title='bbox 1785 1026 1929 1067; x_wconf 87' lang='lat' dir='ltr'>similis,</span> <span class='ocrx_word' id='word_1_481' title='bbox 1967 1033 2008 1060; x_wconf 91' lang='lat' dir='ltr'>ut</span> <span class='ocrx_word' id='word_1_482' title='bbox 2029 1039 2133 1071; x_wconf 87' lang='lat' dir='ltr'>supra</span> <span class='ocrx_word' id='word_1_483' title='bbox 2162 1028 2251 1068; x_wconf 78' lang='lat' dir='ltr'>dixi,</span> 
     </span>
    </p>
   </div>
   <div class='ocr_carea' id='block_1_14' title="bbox 1258 1076 2302 1120">
    <p class='ocr_par' dir='ltr' id='par_1_15' title="bbox 1258 1076 2302 1120">
     <span class='ocr_line' id='line_1_74' title="bbox 1258 1076 2302 1120; baseline 0.002 -9"><span class='ocrx_word' id='word_1_484' title='bbox 1258 1077 1422 1111; x_wconf 87' lang='lat' dir='ltr'>Placidae</span> <span class='ocrx_word' id='word_1_485' title='bbox 1439 1076 1633 1111; x_wconf 87' lang='lat' dir='ltr'>Theodosii</span> <span class='ocrx_word' id='word_1_486' title='bbox 1652 1078 1772 1120; x_wconf 67' lang='lat' dir='ltr'>filiae,</span> <span class='ocrx_word' id='word_1_487' title='bbox 1804 1078 1842 1110; x_wconf 94' lang='lat' dir='ltr'>in</span> <span class='ocrx_word' id='word_1_488' title='bbox 1869 1078 2055 1111; x_wconf 88' lang='lat' dir='ltr'>concordia</span> <span class='ocrx_word' id='word_1_489' title='bbox 2075 1077 2251 1113; x_wconf 82' lang='lat' dir='ltr'>Ecclesiae</span> <span class='ocrx_word' id='word_1_490' title='bbox 2297 1086 2302 1093; x_wconf 75' lang='grc'><em></em></span> 
     </span>
    </p>
   </div>
   <div class='ocr_carea' id='block_1_15' title="bbox 1259 1126 2261 2751">
    <p class='ocr_par' dir='ltr' id='par_1_16' title="bbox 1259 1126 2258 1882">
     <span class='ocr_line' id='line_1_75' title="bbox 1259 1126 2252 1174; baseline 0.002 -12"><span class='ocrx_word' id='word_1_491' title='bbox 1259 1129 1400 1163; x_wconf 90' lang='lat' dir='ltr'>tuenda.</span> <span class='ocrx_word' id='word_1_492' title='bbox 1442 1126 1494 1162; x_wconf 90' lang='lat' dir='ltr'>Ac</span> <span class='ocrx_word' id='word_1_493' title='bbox 1512 1140 1556 1161; x_wconf 91' lang='lat' dir='ltr'>ne</span> <span class='ocrx_word' id='word_1_494' title='bbox 1575 1128 1653 1174; x_wconf 92' lang='lat' dir='ltr'>quis</span> <span class='ocrx_word' id='word_1_495' title='bbox 1668 1129 1864 1172; x_wconf 93' lang='lat' dir='ltr'>suspicetur</span> <span class='ocrx_word' id='word_1_496' title='bbox 1881 1140 1936 1161; x_wconf 88' lang='lat' dir='ltr'>me</span> <span class='ocrx_word' id='word_1_497' title='bbox 1953 1128 2087 1172; x_wconf 85' lang='lat' dir='ltr'>ingenii</span> <span class='ocrx_word' id='word_1_498' title='bbox 2102 1141 2252 1164; x_wconf 84' lang='lat' dir='ltr'>acumen</span> 
     </span>
     <span class='ocr_line' id='line_1_76' title="bbox 1259 1179 2254 1223; baseline 0.003 -11"><span class='ocrx_word' id='word_1_499' title='bbox 1259 1179 1446 1213; x_wconf 89' lang='lat' dir='ltr'>immodice</span> <span class='ocrx_word' id='word_1_500' title='bbox 1464 1180 1678 1223; x_wconf 88' lang='lat' dir='ltr'>praedicare,</span> <span class='ocrx_word' id='word_1_501' title='bbox 1704 1179 1802 1222; x_wconf 87' lang='lat' dir='ltr'>signa</span> <span class='ocrx_word' id='word_1_502' title='bbox 1820 1179 1863 1213; x_wconf 87' lang='lat' dir='ltr'>ab</span> <span class='ocrx_word' id='word_1_503' title='bbox 1880 1179 1960 1212; x_wconf 87' lang='lat' dir='ltr'>aliis</span> <span class='ocrx_word' id='word_1_504' title='bbox 1977 1180 2112 1214; x_wconf 91' lang='lat' dir='ltr'>artibus</span> <span class='ocrx_word' id='word_1_505' title='bbox 2126 1187 2254 1221; x_wconf 80' lang='lat' dir='ltr'>sumat.</span> 
     </span>
     <span class='ocr_line' id='line_1_77' title="bbox 1260 1228 2252 1275; baseline 0.003 -13"><span class='ocrx_word' id='word_1_506' title='bbox 1260 1242 1367 1275; x_wconf 86' lang='lat' dir='ltr'>quam</span> <span class='ocrx_word' id='word_1_507' title='bbox 1383 1228 1468 1263; x_wconf 84' lang='lat' dir='ltr'>haec</span> <span class='ocrx_word' id='word_1_508' title='bbox 1487 1230 1604 1263; x_wconf 90' lang='lat' dir='ltr'>studio</span> <span class='ocrx_word' id='word_1_509' title='bbox 1627 1231 1823 1264; x_wconf 88' lang='lat' dir='ltr'>tenebatur.</span> <span class='ocrx_word' id='word_1_510' title='bbox 1875 1230 1918 1263; x_wconf 92' lang='lat' dir='ltr'>Iu</span> <span class='ocrx_word' id='word_1_511' title='bbox 1942 1237 2015 1263; x_wconf 89' lang='lat' dir='ltr'>arte</span> <span class='ocrx_word' id='word_1_512' title='bbox 2037 1231 2172 1265; x_wconf 87' lang='lat' dir='ltr'>medica</span> <span class='ocrx_word' id='word_1_513' title='bbox 2196 1232 2252 1265; x_wconf 86' lang='lat' dir='ltr'>vel</span> 
     </span>
     <span class='ocr_line' id='line_1_78' title="bbox 1262 1280 2253 1326; baseline 0.002 -12"><span class='ocrx_word' id='word_1_514' title='bbox 1262 1281 1488 1314; x_wconf 89' lang='lat' dir='ltr'>mediocriter</span> <span class='ocrx_word' id='word_1_515' title='bbox 1525 1280 1648 1325; x_wconf 91' lang='lat' dir='ltr'>periti,</span> <span class='ocrx_word' id='word_1_516' title='bbox 1693 1287 1860 1326; x_wconf 87' lang='lat' dir='ltr'>quantam</span> <span class='ocrx_word' id='word_1_517' title='bbox 1896 1281 2097 1315; x_wconf 70' lang='lat' dir='ltr'>varietatem</span> <span class='ocrx_word' id='word_1_518' title='bbox 2133 1294 2253 1316; x_wconf 89' lang='lat' dir='ltr'>rerum</span> 
     </span>
     <span class='ocr_line' id='line_1_79' title="bbox 1261 1331 2255 1378; baseline 0.003 -13"><span class='ocrx_word' id='word_1_519' title='bbox 1261 1340 1378 1367; x_wconf 92' lang='lat' dir='ltr'>mente</span> <span class='ocrx_word' id='word_1_520' title='bbox 1412 1331 1719 1376; x_wconf 84' lang='lat' dir='ltr'>complectuntur?</span> <span class='ocrx_word' id='word_1_521' title='bbox 1768 1331 2010 1365; x_wconf 89' lang='lat' dir='ltr'>membrorum</span> <span class='ocrx_word' id='word_1_522' title='bbox 2042 1332 2080 1364; x_wconf 89' lang='lat' dir='ltr'>in</span> <span class='ocrx_word' id='word_1_523' title='bbox 2107 1344 2255 1378; x_wconf 88' lang='lat' dir='ltr'>corpore</span> 
     </span>
     <span class='ocr_line' id='line_1_80' title="bbox 1260 1383 2254 1427; baseline 0.002 -11"><span class='ocrx_word' id='word_1_524' title='bbox 1260 1383 1414 1427; x_wconf 79' lang='lat' dir='ltr'>posituS</span> <span class='ocrx_word' id='word_1_525' title='bbox 1441 1383 1650 1415; x_wconf 91' lang='lat' dir='ltr'>morborum</span> <span class='ocrx_word' id='word_1_526' title='bbox 1669 1393 1786 1415; x_wconf 89' lang='lat' dir='ltr'>causas</span> <span class='ocrx_word' id='word_1_527' title='bbox 1802 1388 1834 1415; x_wconf 92' lang='lat' dir='ltr'>et</span> <span class='ocrx_word' id='word_1_528' title='bbox 1851 1393 1988 1425; x_wconf 84' lang='lat' dir='ltr'>genera,</span> <span class='ocrx_word' id='word_1_529' title='bbox 2013 1384 2254 1418; x_wconf 86' lang='lat' dir='ltr'>remediorum</span> 
     </span>
     <span class='ocr_line' id='line_1_81' title="bbox 1262 1430 2256 1476; baseline 0.004 -10"><span class='ocrx_word' id='word_1_530' title='bbox 1262 1433 1524 1467; x_wconf 79' lang='lat' dir='ltr'>diversitatem?</span> <span class='ocrx_word' id='word_1_531' title='bbox 1564 1431 1612 1466; x_wconf 89' lang='lat' dir='ltr'>At</span> <span class='ocrx_word' id='word_1_532' title='bbox 1629 1433 1671 1466; x_wconf 90' lang='lat' dir='ltr'>de</span> <span class='ocrx_word' id='word_1_533' title='bbox 1689 1430 1744 1466; x_wconf 85' lang='lat' dir='ltr'>his</span> <span class='ocrx_word' id='word_1_534' title='bbox 1762 1444 1833 1465; x_wconf 89' lang='lat' dir='ltr'>non</span> <span class='ocrx_word' id='word_1_535' title='bbox 1849 1432 1962 1466; x_wconf 89' lang='lat' dir='ltr'>solum</span> <span class='ocrx_word' id='word_1_536' title='bbox 1979 1433 2190 1476; x_wconf 84' lang='lat' dir='ltr'>disserebat,</span> <span class='ocrx_word' id='word_1_537' title='bbox 2216 1441 2256 1470; x_wconf 83' lang='lat' dir='ltr'>ut</span> 
     </span>
     <span class='ocr_line' id='line_1_82' title="bbox 1263 1483 2258 1528; baseline 0.002 -10"><span class='ocrx_word' id='word_1_538' title='bbox 1263 1485 1406 1526; x_wconf 85' lang='lat' dir='ltr'>artifex,</span> <span class='ocrx_word' id='word_1_539' title='bbox 1443 1485 1502 1517; x_wconf 91' lang='lat' dir='ltr'>sed</span> <span class='ocrx_word' id='word_1_540' title='bbox 1530 1483 1634 1517; x_wconf 87' lang='lat' dir='ltr'>etiam</span> <span class='ocrx_word' id='word_1_541' title='bbox 1661 1483 1698 1516; x_wconf 92' lang='lat' dir='ltr'>in</span> <span class='ocrx_word' id='word_1_542' title='bbox 1725 1494 1791 1517; x_wconf 87' lang='lat' dir='ltr'>usu</span> <span class='ocrx_word' id='word_1_543' title='bbox 1816 1484 2039 1528; x_wconf 89' lang='lat' dir='ltr'>prudentiam</span> <span class='ocrx_word' id='word_1_544' title='bbox 2065 1483 2258 1521; x_wconf 85' lang='lat' dir='ltr'>adhibebat</span> 
     </span>
     <span class='ocr_line' id='line_1_83' title="bbox 1263 1532 2257 1579; baseline 0.001 -9"><span class='ocrx_word' id='word_1_545' title='bbox 1263 1535 1394 1570; x_wconf 87' lang='lat' dir='ltr'>artifice</span> <span class='ocrx_word' id='word_1_546' title='bbox 1417 1535 1574 1579; x_wconf 86' lang='lat' dir='ltr'>dignam.</span> <span class='ocrx_word' id='word_1_547' title='bbox 1635 1532 1741 1578; x_wconf 83' lang='lat' dir='ltr'>Apud</span> <span class='ocrx_word' id='word_1_548' title='bbox 1762 1533 1958 1568; x_wconf 88' lang='lat' dir='ltr'>Homerum</span> <span class='ocrx_word' id='word_1_549' title='bbox 1985 1535 2104 1570; x_wconf 89' lang='lat' dir='ltr'>laudat</span> <span class='ocrx_word' id='word_1_550' title='bbox 2129 1535 2257 1571; x_wconf 84' lang='lat' dir='ltr'>Nestor</span> 
     </span>
     <span class='ocr_line' id='line_1_84' title="bbox 1263 1583 2256 1631; baseline 0.001 -10"><span class='ocrx_word' id='word_1_551' title='bbox 1263 1585 1469 1631; x_wconf 84' lang='lat' dir='ltr'>Agameden</span> <span class='ocrx_word' id='word_1_552' title='bbox 1515 1586 1623 1618; x_wconf 85' lang='lat' dir='ltr'>filiam</span> <span class='ocrx_word' id='word_1_553' title='bbox 1636 1584 1770 1629; x_wconf 82' lang='lat' dir='ltr'>Augiae</span> <span class='ocrx_word' id='word_1_554' title='bbox 1786 1585 1896 1628; x_wconf 87' lang='lat' dir='ltr'>regis,</span> <span class='ocrx_word' id='word_1_555' title='bbox 1923 1583 1990 1619; x_wconf 88' lang='lat' dir='ltr'>hoc</span> <span class='ocrx_word' id='word_1_556' title='bbox 2007 1598 2128 1621; x_wconf 81' lang='lat' dir='ltr'>versu:</span> <span class='ocrx_word' id='word_1_557' title='bbox 2154 1587 2256 1631; x_wconf 86' lang='lat' dir='ltr'>Quae</span> 
     </span>
     <span class='ocr_line' id='line_1_85' title="bbox 1265 1633 2256 1683; baseline 0.002 -13"><span class='ocrx_word' id='word_1_558' title='bbox 1265 1644 1349 1683; x_wconf 85' lang='lat' dir='ltr'>quot</span> <span class='ocrx_word' id='word_1_559' title='bbox 1367 1643 1458 1670; x_wconf 90' lang='lat' dir='ltr'>terra</span> <span class='ocrx_word' id='word_1_560' title='bbox 1476 1637 1569 1669; x_wconf 80' lang='lat' dir='ltr'>ferax</span> <span class='ocrx_word' id='word_1_561' title='bbox 1588 1636 1717 1680; x_wconf 79' lang='lat' dir='ltr'>gignit,</span> <span class='ocrx_word' id='word_1_562' title='bbox 1743 1643 1791 1669; x_wconf 93' lang='lat' dir='ltr'>tot</span> <span class='ocrx_word' id='word_1_563' title='bbox 1809 1633 1996 1680; x_wconf 81' lang='lat' dir='ltr'>pharmaca</span> <span class='ocrx_word' id='word_1_564' title='bbox 2017 1638 2131 1674; x_wconf 70' lang='lat' dir='ltr'>novit.</span> <span class='ocrx_word' id='word_1_565' title='bbox 2174 1639 2256 1674; x_wconf 85' lang='lat' dir='ltr'>Non</span> 
     </span>
     <span class='ocr_line' id='line_1_86' title="bbox 1265 1686 2257 1731; baseline 0.003 -10"><span class='ocrx_word' id='word_1_566' title='bbox 1265 1687 1377 1721; x_wconf 88' lang='lat' dir='ltr'>ausim</span> <span class='ocrx_word' id='word_1_567' title='bbox 1402 1699 1446 1720; x_wconf 91' lang='lat' dir='ltr'>ne</span> <span class='ocrx_word' id='word_1_568' title='bbox 1474 1687 1618 1731; x_wconf 86' lang='lat' dir='ltr'>quidem</span> <span class='ocrx_word' id='word_1_569' title='bbox 1645 1686 1864 1730; x_wconf 90' lang='lat' dir='ltr'>peritissimis</span> <span class='ocrx_word' id='word_1_570' title='bbox 1882 1693 2013 1720; x_wconf 83' lang='lat' dir='ltr'>tantam</span> <span class='ocrx_word' id='word_1_571' title='bbox 2033 1688 2172 1722; x_wconf 84' lang='lat' dir='ltr'>laudem</span> <span class='ocrx_word' id='word_1_572' title='bbox 2192 1691 2257 1724; x_wconf 87' lang='lat' dir='ltr'>tri-</span> 
     </span>
     <span class='ocr_line' id='line_1_87' title="bbox 1265 1737 2255 1783; baseline 0.003 -11"><span class='ocrx_word' id='word_1_573' title='bbox 1265 1740 1392 1779; x_wconf 86' lang='lat' dir='ltr'>buere,</span> <span class='ocrx_word' id='word_1_574' title='bbox 1417 1738 1476 1771; x_wconf 91' lang='lat' dir='ltr'>sed</span> <span class='ocrx_word' id='word_1_575' title='bbox 1492 1744 1606 1770; x_wconf 88' lang='lat' dir='ltr'>tamen</span> <span class='ocrx_word' id='word_1_576' title='bbox 1625 1737 1778 1771; x_wconf 89' lang='lat' dir='ltr'>arbitror</span> <span class='ocrx_word' id='word_1_577' title='bbox 1795 1744 1948 1770; x_wconf 87' lang='lat' dir='ltr'>nostram</span> <span class='ocrx_word' id='word_1_578' title='bbox 1963 1737 2162 1783; x_wconf 86' lang='lat' dir='ltr'>Principem</span> <span class='ocrx_word' id='word_1_579' title='bbox 2181 1753 2255 1775; x_wconf 91' lang='lat' dir='ltr'>non</span> 
     </span>
     <span class='ocr_line' id='line_1_88' title="bbox 1265 1787 2258 1833; baseline 0.004 -11"><span class='ocrx_word' id='word_1_580' title='bbox 1265 1789 1377 1822; x_wconf 92' lang='lat' dir='ltr'>multo</span> <span class='ocrx_word' id='word_1_581' title='bbox 1395 1788 1558 1832; x_wconf 89' lang='lat' dir='ltr'>pauciora</span> <span class='ocrx_word' id='word_1_582' title='bbox 1576 1787 1732 1821; x_wconf 81' lang='lat' dir='ltr'>remedia</span> <span class='ocrx_word' id='word_1_583' title='bbox 1747 1787 1904 1829; x_wconf 79' lang='lat' dir='ltr'>novisse,</span> <span class='ocrx_word' id='word_1_584' title='bbox 1930 1801 2034 1833; x_wconf 91' lang='lat' dir='ltr'>quam</span> <span class='ocrx_word' id='word_1_585' title='bbox 2054 1789 2111 1823; x_wconf 88' lang='lat' dir='ltr'>illa</span> <span class='ocrx_word' id='word_1_586' title='bbox 2124 1789 2258 1826; x_wconf 76' lang='lat' dir='ltr'>Home-</span> 
     </span>
     <span class='ocr_line' id='line_1_89' title="bbox 1267 1838 1708 1882; baseline 0 -8"><span class='ocrx_word' id='word_1_587' title='bbox 1267 1841 1337 1874; x_wconf 91' lang='lat' dir='ltr'>rica</span> <span class='ocrx_word' id='word_1_588' title='bbox 1356 1838 1533 1882; x_wconf 82' lang='lat' dir='ltr'>Agamede</span> <span class='ocrx_word' id='word_1_589' title='bbox 1551 1845 1708 1874; x_wconf 78' lang='lat' dir='ltr'>noverat.</span> 
     </span>
    </p>

    <p class='ocr_par' dir='ltr' id='par_1_17' title="bbox 1267 1889 2261 2341">
     <span class='ocr_line' id='line_1_90' title="bbox 1371 1889 2259 1936; baseline 0.003 -13"><span class='ocrx_word' id='word_1_590' title='bbox 1371 1889 1554 1923; x_wconf 84' lang='lat' dir='ltr'>Praeterea</span> <span class='ocrx_word' id='word_1_591' title='bbox 1587 1902 1665 1923; x_wconf 87' lang='lat' dir='ltr'>cum</span> <span class='ocrx_word' id='word_1_592' title='bbox 1702 1901 1850 1923; x_wconf 86' lang='lat' dir='ltr'>acumen</span> <span class='ocrx_word' id='word_1_593' title='bbox 1874 1889 1911 1922; x_wconf 92' lang='lat' dir='ltr'>in</span> <span class='ocrx_word' id='word_1_594' title='bbox 1938 1890 2095 1934; x_wconf 89' lang='lat' dir='ltr'>epistolis</span> <span class='ocrx_word' id='word_1_595' title='bbox 2120 1891 2259 1936; x_wconf 83' lang='lat' dir='ltr'>insigne</span> 
     </span>
     <span class='ocr_line' id='line_1_91' title="bbox 1267 1939 2259 1986; baseline 0.004 -12"><span class='ocrx_word' id='word_1_596' title='bbox 1267 1941 1444 1986; x_wconf 86' lang='lat' dir='ltr'>specimen</span> <span class='ocrx_word' id='word_1_597' title='bbox 1479 1940 1610 1983; x_wconf 83' lang='lat' dir='ltr'>ingenii</span> <span class='ocrx_word' id='word_1_598' title='bbox 1635 1940 1698 1983; x_wconf 88' lang='lat' dir='ltr'>sit,</span> <span class='ocrx_word' id='word_1_599' title='bbox 1730 1940 1896 1985; x_wconf 88' lang='lat' dir='ltr'>epistolae</span> <span class='ocrx_word' id='word_1_600' title='bbox 1923 1939 2098 1986; x_wconf 86' lang='lat' dir='ltr'>Principis</span> <span class='ocrx_word' id='word_1_601' title='bbox 2120 1950 2259 1978; x_wconf 83' lang='lat' dir='ltr'>nostrae</span> 
     </span>
     <span class='ocr_line' id='line_1_92' title="bbox 1267 1991 2259 2040; baseline 0.003 -14"><span class='ocrx_word' id='word_1_602' title='bbox 1267 1999 1439 2026; x_wconf 88' lang='lat' dir='ltr'>testantur</span> <span class='ocrx_word' id='word_1_603' title='bbox 1455 1992 1646 2035; x_wconf 87' lang='lat' dir='ltr'>plurimum</span> <span class='ocrx_word' id='word_1_604' title='bbox 1667 2003 1743 2024; x_wconf 82' lang='lat' dir='ltr'>eam</span> <span class='ocrx_word' id='word_1_605' title='bbox 1765 1991 1905 2033; x_wconf 84' lang='lat' dir='ltr'>ingenio</span> <span class='ocrx_word' id='word_1_606' title='bbox 1924 1992 2090 2026; x_wconf 73' lang='lat' dir='ltr'>valuisse:</span> <span class='ocrx_word' id='word_1_607' title='bbox 2120 1994 2156 2027; x_wconf 91' lang='lat' dir='ltr'>in</span> <span class='ocrx_word' id='word_1_608' title='bbox 2179 1995 2259 2040; x_wconf 86' lang='lat' dir='ltr'>qui-</span> 
     </span>
     <span class='ocr_line' id='line_1_93' title="bbox 1268 2041 2260 2086; baseline 0.004 -11"><span class='ocrx_word' id='word_1_609' title='bbox 1268 2043 1333 2076; x_wconf 89' lang='lat' dir='ltr'>bus</span> <span class='ocrx_word' id='word_1_610' title='bbox 1349 2042 1410 2076; x_wconf 88' lang='lat' dir='ltr'>etsi</span> <span class='ocrx_word' id='word_1_611' title='bbox 1428 2042 1577 2085; x_wconf 86' lang='lat' dir='ltr'>gravitas</span> <span class='ocrx_word' id='word_1_612' title='bbox 1593 2048 1774 2075; x_wconf 84' lang='lat' dir='ltr'>matronae</span> <span class='ocrx_word' id='word_1_613' title='bbox 1784 2041 1941 2086; x_wconf 88' lang='lat' dir='ltr'>Principi</span> <span class='ocrx_word' id='word_1_614' title='bbox 1960 2044 2173 2078; x_wconf 80' lang='lat' dir='ltr'>conveniens</span> <span class='ocrx_word' id='word_1_615' title='bbox 2187 2057 2260 2080; x_wconf 84' lang='lat' dir='ltr'>ser-</span> 
     </span>
     <span class='ocr_line' id='line_1_94' title="bbox 1269 2092 2257 2138; baseline 0.006 -13"><span class='ocrx_word' id='word_1_616' title='bbox 1269 2100 1392 2133; x_wconf 82' lang='lat' dir='ltr'>vatur,</span> <span class='ocrx_word' id='word_1_617' title='bbox 1415 2099 1532 2126; x_wconf 90' lang='lat' dir='ltr'>tamen</span> <span class='ocrx_word' id='word_1_618' title='bbox 1555 2099 1587 2126; x_wconf 91' lang='lat' dir='ltr'>et</span> <span class='ocrx_word' id='word_1_619' title='bbox 1608 2092 1643 2125; x_wconf 92' lang='lat' dir='ltr'>in</span> <span class='ocrx_word' id='word_1_620' title='bbox 1661 2093 1858 2133; x_wconf 81' lang='lat' dir='ltr'>monendo,</span> <span class='ocrx_word' id='word_1_621' title='bbox 1893 2099 1926 2126; x_wconf 87' lang='lat' dir='ltr'>et</span> <span class='ocrx_word' id='word_1_622' title='bbox 1951 2092 2257 2138; x_wconf 84' lang='lat' dir='ltr'>reprehendendo,</span> 
     </span>
     <span class='ocr_line' id='line_1_95' title="bbox 1269 2143 2260 2190; baseline 0.005 -13"><span class='ocrx_word' id='word_1_623' title='bbox 1269 2144 1471 2187; x_wconf 84' lang='lat' dir='ltr'>castigando</span> <span class='ocrx_word' id='word_1_624' title='bbox 1485 2170 1492 2184; x_wconf 89' lang='lat'>,</span> <span class='ocrx_word' id='word_1_625' title='bbox 1520 2143 1712 2177; x_wconf 87' lang='lat' dir='ltr'>sententiae</span> <span class='ocrx_word' id='word_1_626' title='bbox 1728 2150 1810 2177; x_wconf 91' lang='lat' dir='ltr'>sunt</span> <span class='ocrx_word' id='word_1_627' title='bbox 1832 2143 2022 2177; x_wconf 86' lang='lat' dir='ltr'>admodum</span> <span class='ocrx_word' id='word_1_628' title='bbox 2042 2153 2201 2190; x_wconf 86' lang='lat' dir='ltr'>argutae,</span> <span class='ocrx_word' id='word_1_629' title='bbox 2227 2155 2260 2183; x_wconf 87' lang='lat' dir='ltr'>et</span> 
     </span>
     <span class='ocr_line' id='line_1_96' title="bbox 1269 2196 2261 2239; baseline 0.004 -11"><span class='ocrx_word' id='word_1_630' title='bbox 1269 2196 1311 2228; x_wconf 83' lang='lat' dir='ltr'>ad</span> <span class='ocrx_word' id='word_1_631' title='bbox 1333 2206 1470 2228; x_wconf 89' lang='lat' dir='ltr'>causam</span> <span class='ocrx_word' id='word_1_632' title='bbox 1491 2202 1568 2239; x_wconf 88' lang='lat' dir='ltr'>apte</span> <span class='ocrx_word' id='word_1_633' title='bbox 1585 2201 1829 2238; x_wconf 75' lang='lat' dir='ltr'>congruentes.</span> <span class='ocrx_word' id='word_1_634' title='bbox 1857 2201 1888 2227; x_wconf 91' lang='lat' dir='ltr'>et</span> <span class='ocrx_word' id='word_1_635' title='bbox 1909 2203 2131 2239; x_wconf 79' lang='lat' dir='ltr'>penetrantes</span> <span class='ocrx_word' id='word_1_636' title='bbox 2151 2198 2186 2232; x_wconf 90' lang='lat' dir='ltr'>in</span> <span class='ocrx_word' id='word_1_637' title='bbox 2204 2199 2261 2232; x_wconf 89' lang='lat' dir='ltr'>in-</span> 
     </span>
     <span class='ocr_line' id='line_1_97' title="bbox 1270 2246 2260 2294; baseline 0.005 -15"><span class='ocrx_word' id='word_1_638' title='bbox 1270 2247 1374 2280; x_wconf 91' lang='lat' dir='ltr'>timos</span> <span class='ocrx_word' id='word_1_639' title='bbox 1388 2246 1589 2279; x_wconf 88' lang='lat' dir='ltr'>animorum</span> <span class='ocrx_word' id='word_1_640' title='bbox 1607 2257 1746 2286; x_wconf 86' lang='lat' dir='ltr'>sensus,</span> <span class='ocrx_word' id='word_1_641' title='bbox 1770 2252 1803 2279; x_wconf 87' lang='lat' dir='ltr'>et</span> <span class='ocrx_word' id='word_1_642' title='bbox 1823 2246 1934 2279; x_wconf 76' lang='lat' dir='ltr'>forma</span> <span class='ocrx_word' id='word_1_643' title='bbox 1958 2247 2130 2282; x_wconf 85' lang='lat' dir='ltr'>orationis</span> <span class='ocrx_word' id='word_1_644' title='bbox 2154 2260 2260 2294; x_wconf 82' lang='lat' dir='ltr'>gene-</span> 
     </span>
     <span class='ocr_line' id='line_1_98' title="bbox 1270 2296 1669 2341; baseline 0.005 -11"><span class='ocrx_word' id='word_1_645' title='bbox 1270 2309 1346 2331; x_wconf 86' lang='lat' dir='ltr'>rosa</span> <span class='ocrx_word' id='word_1_646' title='bbox 1364 2304 1395 2330; x_wconf 89' lang='lat' dir='ltr'>et</span> <span class='ocrx_word' id='word_1_647' title='bbox 1414 2296 1593 2341; x_wconf 89' lang='lat' dir='ltr'>perspicua</span> <span class='ocrx_word' id='word_1_648' title='bbox 1609 2303 1669 2332; x_wconf 85' lang='lat' dir='ltr'>est.</span> 
     </span>
    </p>

    <p class='ocr_par' dir='ltr' id='par_1_18' title="bbox 1270 2347 2261 2751">
     <span class='ocr_line' id='line_1_99' title="bbox 1374 2347 2261 2392; baseline 0.003 -11"><span class='ocrx_word' id='word_1_649' title='bbox 1374 2347 1413 2381; x_wconf 87' lang='lat' dir='ltr'>ln</span> <span class='ocrx_word' id='word_1_650' title='bbox 1430 2348 1524 2381; x_wconf 90' lang='lat' dir='ltr'>dicto</span> <span class='ocrx_word' id='word_1_651' title='bbox 1538 2347 1638 2381; x_wconf 88' lang='lat' dir='ltr'>Pauli</span> <span class='ocrx_word' id='word_1_652' title='bbox 1656 2347 1751 2392; x_wconf 85' lang='lat' dir='ltr'>qnod</span> <span class='ocrx_word' id='word_1_653' title='bbox 1770 2347 1932 2385; x_wconf 72' lang='lat' dir='ltr'>recitavi,</span> <span class='ocrx_word' id='word_1_654' title='bbox 1960 2349 2001 2382; x_wconf 90' lang='lat' dir='ltr'>ad</span> <span class='ocrx_word' id='word_1_655' title='bbox 2023 2349 2261 2392; x_wconf 76' lang='lat' dir='ltr'>dilectionem,</span> 
     </span>
     <span class='ocr_line' id='line_1_100' title="bbox 1271 2398 2261 2444; baseline 0.004 -13"><span class='ocrx_word' id='word_1_656' title='bbox 1271 2399 1303 2432; x_wconf 88' lang='lat' dir='ltr'>id</span> <span class='ocrx_word' id='word_1_657' title='bbox 1323 2406 1390 2437; x_wconf 77' lang='lat' dir='ltr'>est.</span> <span class='ocrx_word' id='word_1_658' title='bbox 1418 2400 1461 2432; x_wconf 90' lang='lat' dir='ltr'>ad</span> <span class='ocrx_word' id='word_1_659' title='bbox 1481 2398 1652 2432; x_wconf 83' lang='lat' dir='ltr'>iusticiam</span> <span class='ocrx_word' id='word_1_660' title='bbox 1670 2405 1699 2431; x_wconf 91' lang='lat' dir='ltr'>et</span> <span class='ocrx_word' id='word_1_661' title='bbox 1721 2399 2003 2439; x_wconf 72' lang='lat' dir='ltr'>beneficentiam,</span> <span class='ocrx_word' id='word_1_662' title='bbox 2029 2401 2184 2444; x_wconf 73' lang='lat' dir='ltr'>proxime</span> <span class='ocrx_word' id='word_1_663' title='bbox 2199 2404 2261 2435; x_wconf 86' lang='lat' dir='ltr'>ad-</span> 
     </span>
     <span class='ocr_line' id='line_1_101' title="bbox 1271 2448 2260 2493; baseline 0.004 -10"><span class='ocrx_word' id='word_1_664' title='bbox 1271 2451 1429 2493; x_wconf 80' lang='lat' dir='ltr'>iungitur</span> <span class='ocrx_word' id='word_1_665' title='bbox 1446 2449 1593 2483; x_wconf 84' lang='lat' dir='ltr'>castitas.</span> <span class='ocrx_word' id='word_1_666' title='bbox 1648 2448 1822 2483; x_wconf 68' lang='lat' dir='ltr'>[sitatum</span> <span class='ocrx_word' id='word_1_667' title='bbox 1842 2457 1890 2483; x_wconf 88' lang='lat' dir='ltr'>est</span> <span class='ocrx_word' id='word_1_668' title='bbox 1916 2450 2009 2483; x_wconf 86' lang='lat' dir='ltr'>enim</span> <span class='ocrx_word' id='word_1_669' title='bbox 2041 2451 2075 2485; x_wconf 90' lang='lat' dir='ltr'>in</span> <span class='ocrx_word' id='word_1_670' title='bbox 2099 2462 2260 2487; x_wconf 83' lang='lat' dir='ltr'>sermone</span> 
     </span>
     <span class='ocr_line' id='line_1_102' title="bbox 1270 2500 2261 2545; baseline 0.004 -12"><span class='ocrx_word' id='word_1_671' title='bbox 1270 2501 1482 2545; x_wconf 84' lang='lat' dir='ltr'>apostolico,</span> <span class='ocrx_word' id='word_1_672' title='bbox 1510 2500 1700 2533; x_wconf 78' lang='lat' dir='ltr'>castitatem</span> <span class='ocrx_word' id='word_1_673' title='bbox 1726 2500 1902 2534; x_wconf 88' lang='lat' dir='ltr'>nominari</span> <span class='ocrx_word' id='word_1_674' title='bbox 1927 2502 2157 2536; x_wconf 79' lang='lat' dir='ltr'>sanctitatem.</span> <span class='ocrx_word' id='word_1_675' title='bbox 2202 2502 2261 2537; x_wconf 89' lang='lat' dir='ltr'>ln-</span> 
     </span>
     <span class='ocr_line' id='line_1_103' title="bbox 1270 2551 2261 2595; baseline 0.005 -11"><span class='ocrx_word' id='word_1_676' title='bbox 1270 2565 1352 2595; x_wconf 79' lang='lat' dir='ltr'>gens</span> <span class='ocrx_word' id='word_1_677' title='bbox 1369 2558 1616 2585; x_wconf 88' lang='lat' dir='ltr'>ornamentum</span> <span class='ocrx_word' id='word_1_678' title='bbox 1636 2559 1849 2585; x_wconf 85' lang='lat' dir='ltr'>caeterarum</span> <span class='ocrx_word' id='word_1_679' title='bbox 1868 2551 2037 2586; x_wconf 74' lang='lat' dir='ltr'>virtutum</span> <span class='ocrx_word' id='word_1_680' title='bbox 2062 2565 2133 2586; x_wconf 84' lang='lat' dir='ltr'>esse</span> <span class='ocrx_word' id='word_1_681' title='bbox 2156 2557 2261 2589; x_wconf 83' lang='lat' dir='ltr'>casti-</span> 
     </span>
     <span class='ocr_line' id='line_1_104' title="bbox 1272 2599 2260 2649; baseline 0.005 -14"><span class='ocrx_word' id='word_1_682' title='bbox 1272 2611 1396 2643; x_wconf 75' lang='lat' dir='ltr'>tatem,</span> <span class='ocrx_word' id='word_1_683' title='bbox 1438 2603 1540 2636; x_wconf 87' lang='lat' dir='ltr'>etiam</span> <span class='ocrx_word' id='word_1_684' title='bbox 1568 2599 1711 2635; x_wconf 76' lang='lat' dir='ltr'>Etbnici</span> <span class='ocrx_word' id='word_1_685' title='bbox 1745 2602 1928 2641; x_wconf 72' lang='lat' dir='ltr'>dixerunt,</span> <span class='ocrx_word' id='word_1_686' title='bbox 1971 2609 2001 2635; x_wconf 86' lang='lat' dir='ltr'>et</span> <span class='ocrx_word' id='word_1_687' title='bbox 2032 2611 2121 2637; x_wconf 67' lang='lat' dir='ltr'>extat</span> <span class='ocrx_word' id='word_1_688' title='bbox 2153 2606 2260 2649; x_wconf 75' lang='lat' dir='ltr'>digna</span> 
     </span>
     <span class='ocr_line' id='line_1_105' title="bbox 1272 2650 2259 2703; baseline 0.004 -16"><span class='ocrx_word' id='word_1_689' title='bbox 1272 2661 1466 2687; x_wconf 84' lang='lat' dir='ltr'>memoratu</span> <span class='ocrx_word' id='word_1_690' title='bbox 1506 2653 1678 2686; x_wconf 78' lang='lat' dir='ltr'>sententia</span> <span class='ocrx_word' id='word_1_691' title='bbox 1707 2650 1951 2698; x_wconf 70' lang='lat' dir='ltr'>Baccliylidis.</span> <span class='ocrx_word' id='word_1_692' title='bbox 2001 2655 2126 2688; x_wconf 74' lang='lat' dir='ltr'>veteris</span> <span class='ocrx_word' id='word_1_693' title='bbox 2159 2656 2259 2703; x_wconf 67' lang='lat' dir='ltr'>lyrici</span> 
     </span>
     <span class='ocr_line' id='line_1_106' title="bbox 1273 2702 2260 2751; baseline 0.005 -13"><span class='ocrx_word' id='word_1_694' title='bbox 1273 2712 1412 2749; x_wconf 71' lang='lat' dir='ltr'>poetae,</span> <span class='ocrx_word' id='word_1_695' title='bbox 1444 2705 1503 2750; x_wconf 82' lang='lat' dir='ltr'>qui</span> <span class='ocrx_word' id='word_1_696' title='bbox 1532 2703 1682 2749; x_wconf 84' lang='lat' dir='ltr'>principi</span> <span class='ocrx_word' id='word_1_697' title='bbox 1709 2703 1843 2748; x_wconf 86' lang='lat' dir='ltr'>optimo</span> <span class='ocrx_word' id='word_1_698' title='bbox 1870 2702 2018 2738; x_wconf 81' lang='lat' dir='ltr'>llieroni</span> <span class='ocrx_word' id='word_1_699' title='bbox 2039 2705 2260 2751; x_wconf 66' lang='lat' dir='ltr'>Syracusano</span> 
     </span>
    </p>
   </div>
  </div>
 </body>
</html>
