2338 2958
51 111 127 150 237

54 197 245 242 disputant,
271 195 386 228 valer'e
401 195 438 228 in
455 195 566 229 causis
580 194 880 242 Philosophorum
898 211 936 232 ac
952 197 1042 232 Poe-

53 253 167 282 tarum
188 245 428 286 autoritatem,
455 247 537 291 quia
565 248 736 281 maiorum
759 249 938 289 instituta,
965 261 1040 281 mo-

51 308 175 343 resque
192 303 226 330 et
246 296 467 339 gravissimas
484 297 637 331 rationes
661 297 888 333 honestorum
907 300 1041 333 officio-

47 359 148 388 rum,
175 346 327 391 denique
343 347 414 379 vim
431 359 571 381 omnem
598 349 685 382 iuris
709 351 880 382 naturalis
901 350 1041 394 sapien-

49 399 182 433 tissime
198 397 412 431 describunt.
467 397 566 441 Quae
585 400 725 433 tandem
743 400 962 443 impudentia
980 408 1040 442 est,

49 459 106 482 eas
121 448 240 482 literas
255 455 494 489 contemnere,
521 451 564 482 de
579 451 707 495 quibus
733 450 799 494 ipsi
818 451 934 494 legum
954 464 1039 485 con-

49 499 180 534 ditores
200 496 554 533 honorificentissime
570 500 749 534 sentiunt?

150 565 305 599 Proinde
329 567 484 600 modesta
509 573 542 599 et
568 567 659 599 bona
689 566 828 610 ingenia
856 564 1038 609 adhortor,

47 618 87 651 'ut
109 628 187 650 cum
221 616 446 660 professionis
473 617 770 660 magnitudinem,
803 618 845 650 ad
873 630 977 662 quam
1003 630 1038 651 se

47 667 294 708 contulerunt,
321 667 611 705 considerabunt,
639 668 796 712 exemplo
814 680 956 701 suorum
974 681 1035 702 au--

46 725 164 754 torum
183 719 335 762 cogitent
353 718 485 763 aliquid
504 718 610 752 studii
630 716 684 750 his
702 719 832 752 nostris
848 720 982 753 artibus
998 731 1037 753 ac

44 768 157 803 literis
181 769 453 813 impertiendum
471 779 553 802 esse.
604 768 693 802 Cum
710 770 852 802 caeteris
871 771 954 802 nolo
974 783 1038 814 pu-

45 831 171 864 gnare,
203 820 263 865 qui
287 831 357 852 non
381 819 494 852 solnm
519 826 637 852 nostra
662 820 810 861 indicia,
847 822 905 853 sed
931 822 1035 854 etiam

45 882 190 905 suorum
207 877 370 903 autorum
387 870 542 914 exempla
559 878 802 914 aspernantur.
844 871 924 905 Alia
940 873 1034 905 enim

44 921 105 956 alii
127 922 219 954 hona
240 921 393 962 ducunt,
421 927 460 953 ut
476 933 554 953 vere
571 921 686 966 inquit
706 922 785 955 ille:
819 919 1037 967 Ἀνάχαρσις

44 969 144 1017 παρὰ
168 969 365 1017 ἇθηναίοις
396 969 605 1014 σολοικίζει,
651 971 828 1018 &Quam
860 970 900 1007 δὲ
935 972 1034 1019 παρὰ

44 1020 215 1061 σκύθαις.
270 1020 369 1055 Nihil
400 1022 456 1055 isti
482 1023 684 1056 afficiuntur
712 1024 883 1057 suavitate
914 1036 1032 1057 earum

42 1074 182 1114 artium,
210 1085 296 1119 quas
312 1084 376 1106 nos
393 1073 575 1114 miramur,
599 1086 662 1106 uec
679 1085 744 1107 nos
759 1075 803 1107 ab
821 1075 1033 1118 optimarum

7 1133 14 1137 ’
41 1136 159 1159 rerum
177 1124 303 1158 studiis
322 1124 468 1156 istorum
486 1124 614 1156 iudicia
633 1122 850 1160 abstrahent.

143 1190 262 1237 Atque
283 1191 330 1225 ita
347 1191 494 1234 cogitate
512 1189 780 1230 Adulescentes,
806 1204 884 1224 cum
904 1193 940 1224 in
960 1199 1034 1225 stu-

41 1244 110 1278 diis
126 1242 333 1282 versemini,
359 1242 591 1276 constantiam
614 1254 651 1274 ac
673 1243 917 1276 fortitudinem
935 1243 1033 1276 vobis

41 1295 145 1329 etiam
163 1291 402 1327 adhibendam
424 1304 505 1326 esse.
550 1292 671 1338 Neque
689 1294 783 1326 enim
799 1294 874 1326 sine
891 1294 1032 1327 sortitu-

41 1345 125 1379 dine
150 1345 218 1378 coli
240 1350 300 1377 aut
322 1344 468 1377 retineri
492 1343 602 1377 virtus
624 1344 696 1377 ulla
725 1351 850 1388 potest.
912 1341 1031 1386 Q'nare

41 1407 115 1430 non
139 1394 323 1439 patiamini
347 1394 447 1427 vobis
472 1391 597 1427 harum
624 1401 823 1427 nostrarum
844 1397 973 1427 artium
998 1402 1032 1428 et

41 1447 243 1490 linguarum
261 1444 374 1478 studia
392 1448 622 1489 praeposteris
640 1445 736 1488 vulgi
753 1452 857 1490 atque
871 1445 1032 1478 indocto-

40 1509 118 1531 rum
143 1496 284 1529 indiciis
309 1495 438 1528 excuti:
466 1498 590 1529 durate
615 1502 649 1529 et
675 1504 806 1529 vosmet
831 1497 935 1528 rebus
959 1508 1032 1528 ser-

39 1554 119 1581 vate
143 1546 322 1587 secundis;
357 1558 419 1579 cur
442 1547 535 1579 enim
563 1559 634 1579 non
663 1555 740 1581 utar
761 1546 946 1580 fortissimi
964 1547 1031 1579 viri

39 1598 155 1632 verbis
178 1599 271 1642 apud
299 1596 463 1637 Poe'tam,
499 1597 700 1641 praesertim
727 1597 764 1630 in
790 1609 890 1630 causa
917 1598 1029 1630 multo

39 1648 195 1683 maiore?
235 1647 326 1681 Nam
349 1647 408 1680 ille
429 1650 525 1681 sedes
551 1649 617 1681 sibi
641 1660 679 1680 ac
705 1648 806 1681 sociis
831 1649 1029 1693 quaerebat.

39 1699 162 1734 Vestra
198 1699 313 1732 studia
350 1700 392 1731 ad
437 1699 637 1732 universam
675 1697 865 1732 Ecclesiam
916 1707 949 1732 et
987 1701 1027 1732 ad

39 1763 179 1785 omnem
198 1749 434 1794 posteritatem
453 1751 642 1794 pertinent.
678 1750 778 1792 Quae
796 1757 910 1782 autem
928 1763 1028 1783 cansa

37 1802 182 1836 existere
213 1801 326 1834 maior
356 1801 426 1833 ulla
459 1808 586 1845 potest,
625 1812 729 1847 quam
763 1813 851 1846 quae
881 1803 1028 1834 salutem

37 1851 213 1887 Ecclesiae
235 1851 416 1885 continet?

124 1919 235 1963 Saepe
251 1917 612 1962 audiviCapnionom,
635 1931 712 1952 cum
725 1917 875 1952 Romam
894 1932 911 1952 a
923 1918 1028 1952 Prin-

36 1970 112 2015 cipe
126 1969 287 2003 Palatino
311 1969 395 2002 certi
420 1970 553 2013 negocii
577 1982 677 2003 causa
698 1971 822 2002 missus
839 1979 939 2010 esset,
969 1984 1026 2003 ve-

36 2021 130 2054 nisse
151 2021 188 2053 in
208 2018 420 2066 Argyropyli
445 2021 679 2061 auditorium,
706 2021 766 2065 qui
787 2027 869 2054 tunc
889 2021 1026 2055 l'iomae

31 2083 161 2116 ⁴magna
180 2083 257 2105 cum
278 2073 378 2104 laude
389 2070 522 2105 Graece
538 2074 696 2107 docebat.
732 2071 1026 2116 CunqueCapnio

35 2129 235 2156 reverenter
251 2123 399 2156 salutato
417 2122 640 2168 Argyropylo
658 2125 693 2156 in
715 2134 878 2156 consessu
896 2125 1024 2157 multo-

35 2185 114 2207 rum
139 2173 422 2206 doctissimorum
455 2171 639 2207 hominnm
668 2174 881 2217 exposuisset
906 2176 956 2214 ei,
991 2187 1024 2207 se

36 2221 215 2258 hominem
233 2223 450 2257 Germanum
471 2225 650 2258 incensum
675 2226 790 2258 studio
809 2225 1022 2258 Graecarum

587 109 748 150 DECL.
780 111 852 148 DE
887 112 1111 150 STUDIO
1145 117 1510 156 LINGUARUM.

36 2275 237 2313 literarum,
264 2275 429 2315 gratulari
449 2276 514 2308 sibi
535 2289 609 2308 eam
628 2277 824 2313 fortunam,
853 2279 945 2319 quod
965 2289 1023 2309 oc·
1050 2283 1051 2294 ¹

35 2325 128 2359 casio
146 2325 313 2357 audiendi
336 2326 444 2369 ipsius
461 2327 677 2370 contigisset,
705 2340 774 2372 quo
795 2327 862 2359 illis
881 2329 1021 2372 quidem

35 2376 252 2420 temporibus
274 2388 376 2409 nemo
402 2377 437 2409 in
457 2375 684 2422 Philosophia
702 2386 733 2411 et
753 2378 886 2410 (iraeca
905 2379 1021 2421 lingua
1048 2378 1050 2382 '

22 2425 172 2461 ⁴doctior
189 2427 458 2470 praedicaretur,
486 2425 696 2474 orassetque,
720 2436 757 2462 nt
772 2429 837 2461 sihi
856 2429 1021 2462 audiendi

35 2484 238 2522 potestatem
274 2479 416 2511 faceret:
459 2479 648 2513 delectatus
674 2480 918 2525 Argyropylus
943 2492 1023 2513 ora—
1047 2493 1049 2513 z

33 2527 131 2561 tione
148 2527 358 2572 Capnionis,
385 2541 463 2561 cnm
481 2542 623 2573 operam
648 2543 745 2564 suam
770 2531 922 2573 benigne
946 2532 1021 2575 pol·
1048 2547 1049 2565 t

33 2577 151 2612 licitus
165 2586 269 2619 esset,
291 2580 494 2623 interrogat,
522 2593 565 2613 an
585 2582 735 2624 attigerit
754 2589 852 2614 antea
872 2582 1022 2616 Graecas

35 2679 127 2714 disse
149 2680 288 2724 linguae
320 2682 504 2717 elementa.

2009 124 2082 158 238

1092 200 1337 249 Argyropylus
1355 203 1620 252 Thucydidem,
1650 204 1745 240 hunc
1771 204 1911 242 exhibet
1935 208 2008 249 illi,
2042 221 2081 243 ac

1092 254 1188 288 iubet
1206 255 1336 298 legere,
1362 256 1489 289 deinde
1506 258 1608 290 etiam
1626 257 1859 302 interpretari.
1910 257 1999 292 Cum
2017 271 2080 293 au-

1092 311 1159 338 tem
1181 312 1214 338 et
1234 306 1388 338 suaviter
1407 309 1656 353 pronunciaret
1674 307 1810 353 Capnio
1837 308 1961 355 (audio
1985 310 2078 343 enim

1092 356 1349 399 perstudiosum
1369 357 1474 390 fuisse
1490 365 1580 391 recte
1598 357 1924 406 pronunciationis)
1947 367 1979 393 et
2000 372 2079 394 sen-

1091 406 1235 439 tentiam
1261 408 1308 439 sic
1333 407 1414 440 satis
1440 408 1565 441 Latine
1591 411 1770 448 redderet,
1799 411 1848 443 ibi
1866 423 1948 444 vero
1966 410 2079 444 Grae-

1091 469 1150 489 cus
1176 457 1234 489 ille
1259 458 1455 496 admirans,
1491 460 1664 492 convertit
1687 472 1722 492 se
1743 462 1786 493 ad
1813 462 2011 503 auditores,
2046 469 2079 495 et

1091 508 1304 540 exclamans:
1341 507 1453 549 Ecce,
1487 510 1622 554 inquit,
1652 508 1799 543 Graecia
1828 520 1947 545 nostro
1975 513 2079 545 exilio

1089 559 1321 592 transvolavit
1348 559 1463 602 Alpes.
1529 560 1632 602 Quod
1670 573 1870 606 quanquam
1908 563 1966 595 ille
1998 575 2078 597 vere

1089 609 1195 649 dixit,
1222 621 1302 642 nam
1325 611 1442 643 exules
1459 609 1587 644 Graeci
1611 613 1843 645 accenderunt
1863 610 1946 646 haec
1964 614 2078 647 studia

1089 661 1180 702 apud
1206 659 1367 700 Latinos,
1403 667 1519 694 tamen
1550 673 1610 694 vos
1642 662 1687 694 ita
1714 653 1911 695 existiinare
1935 665 2079 706 debetis,

1089 711 1260 743 divinitus
1279 711 1453 751 accidisse,
1482 725 1524 744 ne
1540 713 1664 745 insnsis
1682 713 1719 745 in
1736 712 1919 746 Graeciam
1940 714 2077 754 Turcis,

1088 773 1126 794 ac
1144 761 1255 795 deleta
1279 762 1422 794 natione
1438 761 1673 804 Graecorum,
1700 765 1818 807 lingna
1839 765 1941 797 etiam
1968 765 2074 798 inter-

1089 812 1218 845 cideret
1243 810 1418 845 Ecclesiae
1446 814 1618 857 imprimis
1650 815 1861 856 necessaria3
1895 815 2013 860 itaque
2041 816 2077 849 in

1089 861 1150 895 has
1167 863 1327 896 nationes
1350 864 1518 907 singulari
1534 864 1599 898 Dei
1622 866 1791 898 beneficio
1811 874 1998 910 propagata
2017 874 2078 902 cst.

1089 914 1209 958 Neque
1234 927 1316 947 vero
1349 916 1470 958 negari
1501 922 1635 959 potest,
1670 916 1863 960 plurimum
1890 918 1976 950 lucis
1999 929 2076 950 eam

1087 965 1262 1006 attulisse,
1291 977 1370 999 cum
1397 966 1475 999 aliis
1499 967 1632 1000 artibus
1656 967 1840 1005 omnibus,
1874 975 1948 1001 tum
1972 968 2076 1001 etiam

1086 1015 1191 1048 sacris
1209 1016 1328 1049 literis.
1379 1015 1613 1062 Eloquentiae
1630 1018 1743 1050 studia
1762 1018 1908 1051 mirifice
1924 1019 2077 1059 adiuvit3

1088 1079 1167 1099 nam
1184 1066 1259 1099 sine
1271 1066 1413 1101 Graecis
1429 1068 1613 1101 autoribus
1631 1069 1778 1111 intelligi
1792 1068 1911 1102 Latini
1929 1069 2078 1113 scripto-

1087 1129 1140 1149 res
1167 1129 1240 1149 non
1274 1125 1446 1161 poterant.
1500 1118 1647 1152 Aditum
1680 1119 1760 1152 fecit
1787 1120 1829 1151 ad
1860 1118 2076 1153 Germanam

1089 1165 1365 1211 Philosophiam.
1418 1168 1539 1213 Neque
1562 1176 1699 1203 tantum
1725 1171 1767 1202 ad
1793 1168 2019 1204 Aristotelem
2044 1177 2072 1204 et

1086 1216 1240 1251 Graecos
1268 1218 1446 1259 Medicos,
1481 1221 1540 1252 sed
1563 1220 1665 1254 etiam
1693 1221 1735 1253 ad
1759 1221 1908 1264 optimos
1936 1228 2076 1255 autores

1086 1266 1364 1305 Mathematices.
1425 1269 1607 1313 Quantum
1634 1271 1728 1303 enim
1753 1270 1920 1304 debemus
1942 1270 1997 1305 his
2014 1273 2075 1317 qui

1085 1317 1258 1352 Eucliden
1281 1327 1314 1353 et
1338 1319 1557 1354 Ptolemeum
1575 1321 1702 1355 Latine
1722 1322 1925 1356 verterunt?
1957 1322 1996 1355 In
2019 1321 2076 1356 his

1084 1370 1312 1413 expoliendiS‚
1339 1377 1371 1404 et
1388 1368 1453 1404 hoe
1471 1378 1543 1405 toto
1559 1383 1685 1414 genere
1701 1373 1830 1405 artium
1849 1373 2074 1412 illustrando,

1085 1420 1242 1454 videmus
1274 1428 1391 1464 postea
1416 1420 1584 1455 Ioannem
1610 1421 1934 1466 Regiomontanum
1962 1424 2075 1457 civem

1084 1483 1216 1511 meum,
1254 1470 1399 1505 Graecis
1430 1473 1541 1506 literis
1567 1474 1668 1506 valde
1701 1474 1860 1507 adiutum
1894 1486 1976 1507 esse.
2028 1473 2075 1509 Et

1084 1521 1248 1554 nonnulli
1280 1534 1375 1555 nunc
1398 1535 1538 1568 quoqne
1565 1523 1601 1555 in
1629 1522 1841 1563 Germania,
1876 1526 1937 1569 qui
1962 1526 2074 1559 excel-

1083 1572 1157 1605 lunt
1182 1571 1337 1605 Graecae
1360 1573 1500 1616 linguae
1524 1574 1741 1617 cognitione,
1774 1575 1929 1608 studium
1955 1577 2074 1609 confe-

1082 1629 1165 1656 runt
1183 1624 1224 1655 ad
1242 1625 1422 1657 ornandos
1441 1625 1513 1658 eius
1539 1626 1674 1668 generis
1690 1632 1839 1660 autores.
1893 1625 1985 1659 Boni
2006 1627 2073 1660 viri

1081 1685 1193 1706 sacras
1219 1675 1337 1707 literas
1365 1681 1397 1708 et
1425 1689 1540 1708 amare
1564 1676 1674 1719 magis
1705 1684 1738 1710 et
1769 1683 1917 1710 tractare
1949 1678 2072 1722 purius

1082 1733 1290 1769 coeperunt,
1321 1727 1499 1769 patefactis
1516 1727 1685 1760 sontihu's.

1183 1774 1256 1808 Has
1273 1783 1381 1817 artes,
1414 1790 1499 1822 quas
1523 1778 1700 1818 recensui,
1729 1779 1877 1811 obrucre
1899 1791 1937 1811 ac
1955 1779 2070 1812 delere

1081 1825 1212 1859 tristius
1229 1827 1351 1866 fuerit,
1381 1840 1484 1872 quam
1502 1830 1610 1861 solem
1629 1841 1646 1861 e
1663 1830 1796 1861 mundo
1812 1829 1946 1864 tollere.
2000 1830 2071 1863 Ne-

1080 1889 1146 1922 que
1164 1889 1245 1910 vero
1269 1878 1344 1911 sine
1361 1879 1562 1921 cognitione
1580 1880 1842 1923 peregrinarum
1869 1880 2069 1922 linguarum

1080 1928 1222 1960 retineri
1247 1941 1364 1961 earum
1392 1931 1559 1973 possessio
1582 1937 1708 1975 potest.
1763 1931 1841 1973 Qua
1860 1943 1899 1963 ex
1916 1944 1952 1964 re
1968 1932 2069 1964 facile

1081 1979 1226 2011 iudicari
1251 1987 1379 2023 potest,
1408 1981 1606 2024 linguarum
1631 1981 1796 2014 noticiam
1815 1993 1885 2013 non
1904 1993 1975 2015 esse
1994 1983 2069 2015 leve

1079 2036 1138 2063 aut
1163 2030 1304 2073 vulgare
1329 2030 1393 2064 Dei
1420 2033 1565 2066 donum.
1629 2031 1729 2074 Quae
1754 2039 1870 2065 autem
1897 2033 2069 2077 impietas,

1080 2082 1173 2125 quod
1193 2081 1304 2115 scelus
1324 2089 1390 2122 est,
1418 2083 1485 2115 tale
1505 2084 1658 2120 donum,
1686 2083 1785 2116 cuius
1802 2094 1886 2116 usus
1910 2090 1978 2116 tam
2001 2084 2068 2117 late

1081 2138 1182 2174 patet,
1211 2133 1401 2175 aspernari,
1428 2140 1460 2166 et
1478 2134 1648 2166 divinitus
1666 2134 1802 2166 illatum
1821 2134 1857 2166 in
1874 2131 1936 2167 has
1953 2135 2069 2167 natio-

1079 2194 1139 2214 nes
1157 2195 1276 2216 rursus
1295 2184 1480 2226 explodere
1500 2192 1603 2228 atquc
1624 2184 1770 2217 eiicere?
1802 2183 1910 2227 Leges
1928 2186 2067 2228 publice

1050 2238 1051 2261 ἓ
1077 2233 1240 2267 atrociter
1263 2235 1419 2277 puniunt
1437 2236 1633 2277 sacrilegia3
1661 2242 1695 2269 at
1712 2235 1824 2268 maius
1847 2236 2068 2277 sacrilegium

1079 2291 1146 2324 est,
1187 2283 1378 2318 Ecclesiam
1422 2287 1573 2329 spoliare
1617 2287 1814 2328 linguarum
1855 2287 2068 2329 cognitione,

1077 2347 1179 2379 qnam
1199 2348 1302 2367 aurea
1319 2343 1376 2369 ant
1397 2344 1556 2379 argentea
1578 2337 1804 2381 supellectile.
1859 2336 1953 2371 Haec
1973 2338 2066 2370 cuim

1077 2386 1237 2418 coelestia
1255 2388 1346 2418 dona
1365 2386 1558 2427 Evangelio
1577 2388 1688 2421 lucem
1707 2388 1876 2427 afferunt,
1900 2395 1931 2421 ct
1950 2389 2066 2422 verius

1077 2444 1155 2470 sunt
1176 2435 1350 2469 Ecclesiae
1369 2439 1542 2481 supellex,
1565 2451 1670 2484 quam
1688 2439 1759 2471 ulla
1779 2447 1985 2472 ornamenta
2003 2453 2064 2473 an-

1076 2499 1144 2522 rea.
1196 2486 1320 2532 {NI-quo
1338 2489 1430 2521 enirn
1455 2490 1605 2522 dubium
1622 2497 1689 2527 est,
1718 2490 1804 2534 quin
1827 2491 1867 2522 ad
1886 2487 1977 2523 hanc
1996 2491 2065 2523 nti-

1076 2539 1207 2571 litatem
1232 2539 1325 2571 Dens
1352 2537 1544 2583 Evangelio
1571 2541 1744 2573 addiderit
1768 2541 1900 2573 donum
1925 2541 2063 2584 lingua-

1047 2599 1049 2627 ῑ
1074 2601 1172 2629 rum,
1201 2596 1237 2622 ut
1261 2597 1404 2630 vocant,
1430 2598 1468 2624 ut
1495 2593 1536 2624 ad
1562 2603 1676 2625 sacras
1699 2592 1816 2624 literas
1844 2592 2064 2635 explicandas

34 2628 162 2662 Hieras·
213 2629 348 2674 C³P¹¹l⁰
367 2631 431 2670 δὴ,
458 2643 493 2664 ⁵⁸
512 2630 668 2665 BUSfleiffl
695 2633 730 2665 5¹¹
746 2634 936 2667 Gt'sfflssnifl
960 2647 1024 2667 ³1¹-
1047 2631 1050 2675 1
1074 2641 1284 2674 conducant.
1325 2639 1444 2686 ltaque
1462 2643 1648 2685 sacrilegos
1663 2643 1746 2675 istos
1761 2643 1961 2682 linguarum
1979 2653 2063 2674 con-

564 2681 765 2718 Enitrrssbat
790 2692 905 2719 aulem
934 2687 1023 2720 sorte
1048 2697 1049 2727 ἰ
1074 2698 1264 2735 temptores
1289 2699 1406 2736 put-nte
1431 2693 1467 2725 in
1493 2693 1583 2738 ipsas
1601 2705 1677 2726 aras
1695 2706 1732 2726 ac
1749 2694 1876 2737 templa
1895 2693 2062 2736 impetum
