2338 2958
194 117 265 153 143

947 100 1107 138 DECL.
1142 101 1215 138 DE
1242 98 1509 137 VESTITU.

2158 97 2229 135 144

193 203 342 246 ditisque
359 199 471 244 patria
487 208 559 230 esse
576 193 703 228 debet?
730 191 832 225 Nunc
857 196 973 223 autem
998 201 1079 222 cum
1098 185 1184 221 haec
1236 186 1402 231 consequi
1427 185 1556 229 poterit
1581 182 1646 218 hac
1670 184 1873 229 diligentia,
1907 185 1934 217 si
1959 189 2125 229 sequatur
2148 183 2228 217 illo-

193 252 331 286 novitas
355 261 468 283 mores
492 248 594 280 etiam
620 245 784 283 infamet,
810 241 889 287 quis
911 252 984 273 non
1009 239 1185 273 existimet

193 303 314 348 procul
343 301 548 343 fugiendum
577 295 672 328 esse?
715 293 841 326 ‘Nonne
869 291 961 335 apud
993 289 1182 333 Virgilium

191 366 271 387 cum
295 351 484 385 molliciem
508 346 630 380 obiicit
656 343 823 377 Troianis
850 342 1016 381 Turnus,
1048 353 1066 374 a
1089 346 1184 373 veste

191 405 426 438 coniecturam
444 397 549 432 facit?
572 397 620 430 ait
638 396 750 429 enim:

273 465 311 494 Et
327 464 444 493 tunicae
460 461 589 490 manicas
605 465 633 488 et
647 458 755 487 habent
773 456 946 485 redimicula
962 455 1078 482 mitrae.

196 528 533 565 Animadverterunt
555 523 648 556 enim
676 520 768 554 docti
791 519 856 552 viri
877 528 1096 558 sermonem,
1123 513 1187 548 ha-

192 582 326 619 bitum,
361 577 532 609 incessum
563 581 596 607 et
625 573 712 605 alios
748 569 905 614 corporis
938 574 1074 607 motus,
1107 574 1186 600 tan-

193 643 296 678 quam
316 629 489 662 actionem
505 637 576 658 esse
592 623 714 662 animi,
742 623 776 653 in
795 633 860 665 qua
877 619 974 652 velut
991 618 1028 650 in
1045 617 1185 661 speculo

192 683 360 725 cuiusque
393 684 517 711 natura
553 675 647 708 cerni
686 679 807 717 potest.
874 669 1184 713 Quemadmodum

192 733 286 767 enim
306 731 342 763 in
361 729 460 775 equis
479 734 511 759 et
528 726 689 759 leonibus
705 723 906 756 animorum
923 728 1050 759 motus,
1076 719 1186 759 cauda

192 791 297 829 atque
315 793 415 814 aures
439 777 616 816 indicant,
643 776 689 808 ita
711 774 866 807 adfectus
883 769 1088 810 hominum,
1114 781 1186 802 non

194 841 330 869 tantum
349 842 476 868 sermo,
503 828 561 860 sed
584 826 740 865 vestitus,
768 824 827 869 qui
846 823 945 868 quasi
966 821 1090 855 tacitus
1107 820 1188 866 qui-

194 888 274 919 dam
293 882 402 916 animi
417 891 529 913 sermo
547 885 610 918 est,
629 877 792 910 declarat.
829 873 949 919 ltaque
967 884 1040 905 non
1058 878 1187 905 temere

194 949 210 969 a
236 934 381 969 Graecis
407 932 443 964 in
473 929 658 974 proverbio
683 927 814 960 dictum
841 931 889 957 est
916 924 1023 956 illud:
1061 919 1187 957 Vestis

195 982 432 1032 virumsacit.
462 980 510 1014 Ut
526 980 619 1013 enim
640 976 807 1011 honestus
824 974 964 1009 babitus
981 973 1187 1017 dignitatem

193 1037 332 1071 bomini
360 1032 542 1071 conciliat,
576 1037 609 1064 et
638 1030 813 1074 quandam
845 1025 1188 1059 commendationem

193 1100 332 1123 morum
352 1085 485 1122 adfert,
513 1082 558 1116 ita
583 1087 777 1113 monstrosa
795 1078 898 1111 vestis
924 1074 1189 1119 abhorrensque

194 1141 238 1173 ab
267 1135 522 1181 adprobatione
555 1132 739 1165 oculorum
769 1129 970 1173 iudicioque
1012 1128 1186 1159 bonorum

195 1191 354 1223 virorum
378 1185 483 1219 officit
510 1181 777 1216 existimationi.
839 1179 934 1222 Quid
970 1177 1063 1210 euim
1092 1177 1186 1210 aliud

195 1253 301 1287 quam
320 1244 550 1271 monstrosam
570 1240 720 1267 mentem
740 1233 802 1265 ista
820 1229 1072 1263 dissimilitudo
1086 1227 1190 1260 vesti-

196 1300 272 1332 tus,
320 1288 445 1334 partim
473 1285 616 1323 Galim,
659 1283 786 1328 partim
815 1281 1015 1324 Hispanos,
1065 1279 1190 1323 partim

196 1343 375 1378 Sarmatas
408 1336 580 1371 imitantis
612 1333 807 1376 significet?
860 1332 960 1374 Quae
995 1329 1190 1363 constantia

197 1399 310 1439 potest
333 1391 478 1424 existere
498 1387 533 1419 in
561 1383 688 1418 horum
710 1383 904 1422 mentibus,
932 1381 994 1426 qui
1018 1380 1121 1413 toties
1138 1379 1190 1411 sui

198 1442 386 1479 dissimiles
403 1438 482 1473 sacti
507 1435 710 1481 prodeunt?
748 1434 908 1468 Socrates
925 1431 1048 1465 calceis
1068 1430 1190 1475 Sicyo-

198 1495 267 1529 niis
285 1500 403 1527 contra
423 1501 519 1523 suam
536 1485 826 1520 consuetudinem
845 1483 895 1516 uti
913 1481 1040 1522 noluit,
1058 1482 1191 1514 tametsi

198 1547 308 1591 ipsius
339 1540 556 1576 confessione
587 1537 658 1581 apti
691 1541 790 1569 erant
818 1534 977 1578 pedibus.
1038 1531 1111 1565 Nee
1136 1531 1194 1563 ille

199 1606 360 1631 morosus
381 1594 417 1625 in
440 1603 476 1624 re
502 1601 608 1634 parva
634 1586 746 1619 videri
773 1587 893 1625 debet,
923 1595 1004 1628 pars
1021 1583 1194 1628 quaedam

200 1645 380 1692 gravitatis
414 1649 517 1687 atque
547 1638 762 1671 constantiae
795 1636 881 1677 suit,
915 1647 958 1667 ne
985 1634 1127 1679 quidem
1159 1633 1194 1664 in

200 1698 318 1745 parvis
335 1695 438 1729 rebus
456 1692 509 1725 sui
525 1690 730 1723 dissimilem
756 1699 836 1720 esse.
891 1685 1045 1719 Proinde
1070 1690 1102 1717 et
1121 1682 1196 1716 llo-

201 1760 319 1783 merus
345 1745 479 1790 inquit,
508 1740 694 1775 honestum
720 1737 878 1771 habitum
903 1739 944 1769 acl
969 1734 1197 1769 existimatio-

202 1813 281 1835 nem
303 1796 497 1841 augendam
513 1793 729 1829 conducere,
758 1789 868 1823 nostis
885 1788 979 1822 enim
1000 1798 1154 1819 versum:

277 1860 415 1900 Namque
431 1859 496 1886 viro
511 1857 599 1884 vestis
616 1863 758 1892 magnum
774 1852 862 1881 decus
881 1851 963 1880 addit
981 1850 1115 1879 honesta.

203 1927 323 1972 Neque
350 1924 383 1957 id
409 1923 452 1955 ad
481 1919 584 1953 vestis
617 1918 773 1962 precium
806 1916 970 1960 pertinet:
1009 1926 1081 1947 non
1104 1913 1197 1946 enim

204 1988 370 2021 gemmae,
396 1979 455 2007 aut
476 1983 618 2010 aurum,
645 1976 701 2002 aut
722 1980 886 2012 purpura,
913 1977 1063 2011 quarum
1082 1977 1198 1998 rerum

205 2041 268 2062 usu
305 2028 340 2060 in
369 2023 570 2059 civitatibus
593 2021 682 2053 bene
708 2019 925 2056 constitutis,
960 2017 1064 2050 etiam
1091 2016 1199 2049 inter-

207 2081 339 2113 dictum
358 2084 407 2109 est
423 2073 579 2108 honestis
597 2069 815 2107 bominibus,
845 2080 1056 2112 magnopere
1071 2073 1198 2100 ornant
1225 2075 1227 2085 ’

207 2131 319 2168 viros,
346 2128 405 2160 sed
429 2125 509 2170 quia
539 2136 600 2167 pro
629 2121 778 2164 ingeniis
803 2133 840 2154 ac
859 2120 1017 2152 moribus
1037 2119 1200 2151 vestitum

207 2183 278 2216 sere
313 2179 461 2224 quisque
496 2174 622 2213 sumit,
663 2185 822 2214 maguam
858 2164 1229 2205 commendationem]

209 2231 314 2266 babet
339 2228 507 2262 honestus
533 2223 692 2262 babitus,
727 2224 820 2268 ‹pmd
850 2234 888 2254 eo
911 2221 993 2253 boni
1020 2221 1084 2253 viri
1109 2221 1201 2253 ‹lele-

210 2284 294 2317 ctari
316 2281 526 2313 iudicentur.
569 2275 739 2320 Quisquis
761 2274 866 2315 igitur
883 2270 1064 2305 lton-stam
1085 2270 1203 2304 existi-

211 2334 400 2367 mationem
419 2329 510 2372 apud
531 2328 642 2359 bonos
665 2326 758 2358 siros
774 2325 937 2367 colligere
956 2324 1090 2363 studet,
1119 2323 1145 2355 is
1161 2323 1201 2354 ad

214 2386 355 2418 illorum
375 2379 515 2418 iudicia,
533 2385 572 2411 ut
588 2378 742 2421 reliquae
759 2376 849 2408 xitae
869 2375 1103 2407 instituendae
1121 2385 1205 2406 cou-

1041 2424 1084 2458 Ut
1111 2423 1204 2456 enim

215 2485 343 2520 nostris
368 2481 586 2526 temporibus
611 2478 813 2521 Principum
839 2477 991 2509 [nulline
1023 2488 1060 2509 ex
1095 2476 1204 2508 forma

215 2537 359 2571 vestitus
388 2535 654 2566 discernuntur.
697 2529 741 2561 ita
772 2528 1046 2561 adolescentium
1084 2538 1207 2562 mores.

214 2436 310 2473 sitia,
345 2434 388 2466 ita
418 2431 521 2464 etiam
550 2428 711 2461 vestitum
734 2427 984 2460 accommodet,

1235 250 1314 271 rum
1338 236 1468 271 iudicia
1494 235 1532 268 in
1555 235 1694 270 vestitu.
1748 234 1785 270 Si
1804 235 1864 280 qui
1884 247 1966 268 vero
1984 234 2029 268 ita
2047 234 2230 277 depudue-

1236 295 1338 326 runt,
1370 294 1409 321 ut
1432 285 1702 320 existimationis
1721 286 1858 320 nullam
1875 285 2046 319 rationem
2065 283 2230 325 habeant,

1237 346 1275 373 ut
1290 340 1467 372 bonorum
1481 337 1524 370 de
1541 348 1576 369 se
1591 336 1720 369 iudicia
1738 334 1829 369 nihil
1848 343 2050 376 morentur,
2073 335 2140 369 hos
2155 347 2229 368 non

1237 397 1306 423 tam
1325 387 1486 422 homines
1504 399 1594 425 esse,
1623 398 1729 432 quam
1744 384 1897 420 humana
1917 386 2029 431 specie
2051 386 2230 420 belluinos

1238 440 1374 473 animos
1392 450 1512 482 gerere
1527 438 1724 471 existimare
1743 438 1921 472 debemus.
1968 436 2094 470 Nostra
2115 436 2229 470 oratio

1238 492 1279 525 ad
1297 490 1468 523 sanabilia
1486 489 1624 532 ingenia
1645 487 1805 531 pertinet,
1831 488 1919 521 alios
1942 487 2093 532 publicis
2107 487 2230 532 poenis

1238 543 1280 575 ad
1298 541 1481 574 sanitatem
1500 551 1663 573 revocare
1685 545 1717 572 et
1734 538 1918 572 cohercere
1935 539 2101 583 oportuit.

1325 591 1505 625 Ilactenus
1521 590 1592 624 dixi
1610 589 1754 623 vestitus
1771 589 1920 633 ineptias
1936 590 2104 634 quasdam
2121 589 2231 622 animi

1240 655 1312 676 esse
1328 641 1484 686 corrupti
1503 649 1613 675 notas.
1665 639 1734 674 Sed
1754 647 1791 673 ut
1809 652 1911 673 nemo
1930 640 2052 673 volens
2074 637 2231 687 στίγμα-

1238 707 1302 734 τα,
1343 706 1431 738 quae
1453 690 1681 736 deprehensis
1708 691 1744 723 in
1767 691 1885 735 aliquo
1906 690 2037 734 flagitio
2060 691 2158 725 inuri
2175 702 2232 724 so-

1212 744 1215 789 ]
1241 745 1331 785 lent,
1365 744 1591 789 quantumvis
1618 743 1788 775 innocens
1811 741 1877 774 sibi
1902 741 2064 782 accersit,
2099 741 2145 775 ita
2170 739 2232 774 has

1241 803 1340 828 notas
1375 794 1606 838 turpitudinis
1636 794 1796 827 vitandas
1828 804 1915 833 esse,
1950 804 1994 825 ne
2020 792 2132 825 famae
2166 803 2233 826 no-

1241 853 1358 885 ceant,
1386 857 1520 879 ccnse0.
1574 844 1643 878 Sed
1660 841 1724 877 bae
1744 843 1896 888 ineptiae
1914 855 1986 876 non
2014 849 2149 877 tantum
2168 855 2234 877 no-

1242 904 1320 930 cent
1338 895 1608 933 existimationi‚
1635 895 1730 927 aliud
1750 895 1862 927 maius
1881 894 2011 927 malum
2030 906 2145 928 secum
2163 901 2234 928 tra-

1242 945 1349 981 bunt:
1386 959 1467 979 nam
1495 946 1587 980 inter
1619 945 1835 988 corruptelas
1860 943 2084 989 Rerumpnb.
2108 945 2235 979 metito

1241 998 1446 1041 adfectatio,
1480 997 1552 1030 sive
1586 996 1773 1039 novitatis,
1807 995 1880 1028 sive
1912 995 2171 1039 peregrinitatis
2197 995 2234 1028 in

1243 1049 1370 1083 vestitu
1407 1047 1585 1081 numerari
1614 1047 1728 1081 debet.
1796 1045 1871 1079 Ilac
1898 1047 1941 1079 de
1970 1058 2006 1080 re
2033 1047 2117 1079 dum
2146 1046 2238 1087 dico,

1242 1112 1370 1146 quaeso
1382 1099 1570 1141 diligenter
1586 1097 1765 1131 attendite.
1798 1096 2004 1139 Intelligetis
2021 1097 2114 1129 enim
2128 1097 2237 1131 multa

1243 1151 1397 1195 ingentia
1419 1150 1503 1183 vitia
1522 1150 1565 1182 ab
1581 1146 1636 1181 his
1660 1148 1842 1192 principiis
1854 1148 1956 1180 oriri:
1983 1155 2019 1182 ut
2038 1148 2132 1181 enim
2152 1160 2237 1182 usu-

1243 1215 1300 1236 rae
1330 1214 1390 1246 per
1412 1201 1540 1244 gradus
1568 1206 1746 1237 crescunt,
1784 1199 1834 1232 ita
1864 1210 1882 1231 a
1910 1198 2025 1242 parvis
2055 1198 2238 1243 principiis

1244 1253 1411 1298 paulatim
1428 1251 1572 1285 audacia
1591 1251 1702 1284 robur
1725 1250 1877 1293 colligit,
1904 1251 2015 1283 donec
2039 1249 2179 1294 penitus
2197 1261 2238 1283 ex

1244 1304 1371 1338 animis
1397 1303 1567 1347 pudorem
1603 1301 1788 1345 omnisque
1814 1300 1928 1333 divini
1956 1307 2060 1345 atque
2091 1297 2240 1334 humani
2266 1299 2271 1304 '

1249 1355 1336 1387 iuris
1362 1361 1492 1386 metum
1521 1352 1647 1385 eiiciat.
1709 1351 1838 1392 Nemo,
1878 1351 1994 1395 inquit
2019 1349 2148 1392 Poeta,
2185 1363 2240 1385 re-

1247 1412 1349 1450 pente
1375 1404 1412 1437 fit
1435 1403 1677 1447 turpissimus,
1705 1414 1767 1446 per
1790 1402 1918 1445 gradus
1936 1401 2105 1435 labuntur
2124 1413 2241 1436 mores

1246 1457 1282 1489 in
1307 1455 1471 1488 deterius.
1523 1453 1596 1487 Nec
1620 1453 1707 1486 libet
1739 1453 1776 1485 in
1809 1464 1845 1486 re
1876 1452 2058 1485 manifesta
2083 1453 2239 1497 exempla

1247 1506 1432 1549 colligere,
1457 1505 1515 1537 sed
1541 1503 1709 1549 quoniam
1733 1503 1825 1537 inter
1849 1503 2086 1536 adolescentes
2105 1504 2241 1537 studio-

1247 1568 1302 1590 sos
1322 1555 1502 1589 doctrinae
1519 1553 1742 1589 Christianae
1764 1553 1934 1592 dicimus,
1960 1553 2115 1587 recitabo
2141 1554 2242 1588 vobis

1247 1620 1358 1641 unum
1376 1607 1554 1652 quoddam
1569 1605 1779 1649 exemplum,
1807 1605 1901 1650 quod
1922 1604 1958 1637 in
1978 1605 2077 1638 libris
2094 1603 2243 1639 Confes-

1249 1659 1389 1692 sionum
1422 1657 1554 1701 scripsit
1585 1655 1804 1699 Augustinus
1833 1656 1877 1689 de
1900 1663 2020 1690 matre.
2081 1654 2182 1690 Hanc
2205 1657 2243 1690 in

1249 1709 1397 1754 pueritia
1430 1708 1546 1753 inquit
1574 1707 1662 1740 mira
1685 1706 1868 1750 diligentia
1899 1707 1942 1740 ad
1975 1706 2198 1741 sobrietatem
2223 1719 2242 1741 a

1250 1760 1388 1794 nutrice
1404 1759 1638 1792 adsuefactam
1664 1769 1754 1797 esse,
1782 1769 1895 1803 neque
1913 1757 2006 1791 enim
2032 1757 2131 1792 licuit
2150 1757 2181 1791 ei
2200 1769 2244 1793 ne

1250 1823 1375 1856 aquam
1395 1810 1549 1855 quidem,
1570 1809 1637 1841 nisi
1654 1808 1690 1841 in
1707 1809 1794 1841 iusta
1813 1820 1931 1844 coena,
1951 1815 2010 1842 aut
2027 1808 2118 1841 iusto
2137 1821 2244 1853 pran-

1223 1905 1225 1916 .
1251 1864 1321 1902 dio,
1350 1861 1479 1894 bibere.
1520 1859 1646 1893 Nutrix
1663 1859 1875 1902 interrogata
1894 1871 1962 1904 quo
1979 1859 2126 1892 consilio
2143 1860 2243 1904 puel-

1253 1914 1294 1947 lis
1311 1913 1414 1946 etiam
1434 1923 1544 1956 aquae
1562 1917 1646 1955 potu
1662 1910 1907 1951 interdiceret,
1932 1910 2130 1954 respondit:
2166 1909 2242 1944 Nisi

1252 1977 1289 1997 ea
1316 1971 1425 1996 aetate
1450 1963 1543 1995 sitim
1569 1961 1723 2005 perferre
1747 1961 1900 2001 discant,
1928 1967 2044 2004 postea
2068 1967 2245 1995 matronas

1255 2017 1377 2053 saetas,
1412 2026 1490 2047 cum
1514 2013 1589 2045 vini
1619 2012 1716 2056 copia
1741 2012 1802 2054 sit,
1835 2010 1942 2044 simili
1975 2011 2246 2056 intemperantia

1254 2067 1339 2099 vino
1359 2078 1393 2099 se
1411 2064 1642 2108 ingurgitare,
1671 2074 1738 2107 qua
1758 2074 1851 2095 nunc
1869 2074 1995 2107 aquam
2012 2062 2148 2097 bibant.
2183 2061 2247 2097 Est

1255 2118 1361 2161 igitur
1397 2115 1584 2160 prudentia
1622 2126 1693 2147 non
1728 2113 1868 2156 exigua,
1909 2113 2043 2147 semina
2077 2113 2245 2148 vitiorum

1257 2159 1458 2213 praeiidere
1493 2179 1531 2200 ac
1562 2166 1597 2198 iu
1631 2172 1785 2208 tempore
1815 2164 1949 2199 tollere.
2011 2163 2055 2199 Ut
2087 2165 2181 2198 enim
2210 2165 2247 2199 in

1257 2220 1390 2252 morbis
1413 2230 1599 2261 corporum
1627 2215 1840 2248 medicandis
1865 2227 1980 2248 serum
1998 2222 2068 2254 cst,
2095 2222 2166 2249 tum
2186 2216 2247 2249 de-

1228 2310 1231 2316 ,
1258 2283 1351 2303 nuum
1370 2280 1535 2314 ‹ptaercre
1551 2267 1720 2306 remedia,
1749 2278 1826 2299 cum
1848 2268 1991 2299 morbus
2009 2267 2050 2299 ad
2070 2278 2245 2301 summum

1229 2351 1231 2359 Σ
1258 2321 1433 2365 pern-nit,

1478 2320 1522 2353 ita
1558 2319 1686 2351 frustra
1720 2315 1908 2350 adbibetur
1942 2317 2116 2350 medicina
2152 2318 2247 2352 vitiis

1259 2380 1442 2417 postquam
1460 2369 1689 2403 adoleverint.
1718 2368 1818 2410 Quae
1837 2368 1943 2411 igitur
1954 2367 2037 2402 vitia
2054 2368 2165 2412 gignit
2182 2381 2248 2403 no·

1230 2426 1233 2469 ᾗ
1260 2424 1346 2456 vitas
1364 2422 1532 2455 vestitus?
1563 2420 1653 2453 Cum
1673 2419 1739 2451 ali..
1759 2419 1887 2458 umlta,
1913 2426 1986 2452 tum
2004 2416 2070 2453 boe
2087 2420 2248 2454 omnium

1261 2473 1606 2518 pecuiciosissimum,
1630 2471 1724 2515 quod
1742 2470 2016 2503 adolescentium
2032 2470 2170 2503 animos
2187 2471 2250 2504 ad—

1260 2525 1401 2558 suefacit
1420 2525 1461 2557 ad
1479 2529 1718 2565 contemptum
1738 2521 1863 2564 legum.
1912 2520 2001 2554 Nam
2017 2533 2096 2554 cum
2115 2521 2151 2554 in
2170 2533 2250 2566 par·

217 2588 300 2622 boni
319 2586 384 2618 viri
402 2598 440 2616 ex
459 2581 581 2615 babitu
601 2580 808 2613 diiudicant.
848 2578 992 2611 Nullum
1012 2584 1126 2610 autem
1148 2590 1207 2620 pa·
1232 2596 1235 2625 ι
1260 2577 1312 2608 vis
1339 2577 1460 2614 rebus,
1496 2574 1647 2618 primum
1680 2585 1697 2605 a
1733 2571 1988 2605 consuetudine
2015 2571 2190 2605 bonorum
2218 2579 2251 2607 et

217 2637 449 2673 trimnninm.
482 2633 595 2665 nullas
622 2644 704 2675 opes
729 2628 813 2663 baec.
839 2637 930 2662 aetas
959 2629 1070 2673 pluris
1097 2629 1209 2661 facere

1261 2640 1277 2660 a
1298 2627 1446 2671 publicis
1466 2624 1635 2659 institutis
1654 2622 1890 2662 discesserint,
1919 2623 2084 2665 paulatim
2104 2623 2148 2658 ita
2166 2635 2252 2657 con—

219 2702 323 2736 quam
340 2684 632 2722 existimationem
650 2683 763 2715 debct.
802 2679 901 2713 llauc
919 2693 1042 2723 magna
1059 2691 1098 2713 ex
1113 2685 1209 2724 parte
1233 2707 1236 2719 ,
1263 2678 1420 2711 firmatur
1438 2676 1593 2715 audacia,
1620 2681 1656 2708 ut
1675 2674 1777 2707 cti-sm
1793 2674 1829 2707 in
1849 2674 2042 2707 maioribus
2058 2675 2161 2709 rebus
2178 2686 2250 2708 nou

2324 510 2338 564 ..k
