2338 2958
101 136 176 171 893

102 233 162 255 seu
191 220 447 254 auscultatione
475 221 667 260 librorum,
699 220 758 265 qui
780 220 952 254 divinitus
968 217 1092 253 Eccle-

102 273 173 305 siae
192 272 312 305 traditi
337 279 429 305 sunt.
482 270 554 304 Nec
570 271 686 304 subito
707 282 760 303 res
777 277 892 304 tautae
909 270 1091 314 arripiun-

101 330 170 356 tur.
222 320 338 355 Etiam
358 322 531 364 ingeniosi
551 322 678 355 rectius
697 322 898 365 intelligunt
923 322 1008 354 lecta
1032 326 1091 353 aut

99 373 249 412 tradita,
277 385 355 405 cum
377 375 497 405 eadem
522 384 622 417 saepe
644 379 828 416 repetunt,
856 384 934 405 cum
961 371 1092 413 cogita-

98 424 195 457 tione
211 423 458 457 immorantur.
511 422 582 457 Nec
604 423 686 456 satis
711 429 778 463 est,
812 430 978 467 tanquam
1007 421 1092 454 laci-

99 475 197 507 niam
215 486 254 507 ex
277 474 436 507 doctrina
462 474 618 514 auferre,
652 486 756 518 quam
779 480 931 507 ostentes
955 473 998 505 ad
1025 484 1090 516 po-

98 525 238 569 pulum:
265 532 302 558 ut
318 532 462 558 sumunt
479 524 588 569 aliqui
607 536 712 557 unam
729 531 833 569 atque
849 525 991 557 alteram
1010 535 1090 566 par-

98 576 240 609 ticulam
269 576 450 609 doctrinae
476 575 717 620 plausibilem,
752 582 903 608 caeteras
928 573 1090 608 materias

97 627 280 661 omittunt.

201 676 367 711 Secundo
390 688 514 721 magna
539 683 589 710 est
610 687 711 709 causa
737 675 945 719 repetendae
968 674 1090 708 lectio-

95 728 169 769 niS,
190 735 229 761 ut
250 728 409 761 doctrina
428 727 587 773 quamvis
603 734 696 760 recte
712 733 892 770 percepta,
919 738 990 758 non
1009 737 1089 758 rur—

95 790 154 812 sus
173 779 397 822 extinguatur
410 778 632 821 negligentia.
689 777 733 811 Ut
752 784 892 810 tenerae
908 777 1089 821 plantulae

96 830 217 863 crebra
234 829 406 872 rigatione
422 829 593 862 fovendae
608 836 704 862 sunt:
727 829 772 861 ita
792 829 912 861 crebra
928 827 1088 868 lectione,

95 881 448 921 commemoratione,
491 886 525 913 et
555 880 675 913 multis
706 878 879 913 exercitiis
907 879 1031 911 alenda
1055 885 1087 911 et

95 931 334 964 confirmanda
369 937 420 964 cst
454 931 636 972 doctrina,
694 930 783 963 sicut
816 928 1086 963 Deuteronomii

93 981 219 1027 quinto
235 989 458 1026 praeceptum
478 989 544 1016 est:
574 979 759 1025 Eruntque
777 981 882 1014 verba
899 978 982 1013 haec
998 992 1086 1024 quae

93 1043 156 1075 ego
173 1032 350 1076 praecipio
374 1032 439 1066 tibi
457 1030 582 1070 hodie,
610 1032 647 1064 in
669 1033 773 1064 corde
791 1038 869 1071 tuo,
896 1038 930 1064 et
952 1038 1086 1075 repetes

93 1094 132 1117 ea
150 1083 232 1116 filiis
249 1083 336 1124 tuis,
367 1091 399 1118 et
425 1083 585 1116 narrabis
607 1095 644 1115 ea
673 1083 796 1115 sedens
822 1083 859 1114 in
884 1083 989 1115 domo
1015 1089 1085 1121 tua,

94 1134 282 1168 ambulans
306 1134 344 1166 in
370 1134 514 1174 itinere,
546 1133 726 1166 dormiens
751 1140 783 1166 et
806 1144 960 1176 surgens.
1013 1131 1087 1166 Re-

92 1185 165 1229 peti
193 1192 226 1219 et
251 1185 375 1218 crebro
400 1184 569 1218 inculcari
593 1184 670 1217 vult
695 1184 814 1216 eadem
845 1184 961 1224 domi,
990 1183 1085 1223 foris,

92 1246 214 1277 mane,
249 1235 396 1280 vesperi.
456 1233 503 1269 Et
527 1234 657 1268 Paulus
683 1234 816 1279 inquit:
853 1233 1026 1267 Assiduus
1053 1241 1085 1267 et

92 1293 246 1320 attentus
280 1293 353 1319 esto
386 1286 424 1318 in
456 1285 618 1320 lectione.
681 1284 747 1318 llis
778 1285 1086 1318 admonitionibus

93 1343 185 1370 certe
208 1337 343 1369 moveri
366 1336 503 1370 animos
529 1348 602 1369 non
628 1337 760 1369 ferreos
784 1343 940 1381 oportet,
967 1343 1006 1369 nt
1033 1336 1084 1369 le-

93 1387 198 1430 gendi
215 1387 371 1420 studium
389 1394 517 1421 ament.

196 1437 318 1471 Tertia
350 1449 452 1471 cansa
488 1438 691 1481 gravissima
729 1444 796 1476 est,
839 1449 943 1483 quam
978 1437 1082 1470 etiam

94 1485 180 1521 haec
196 1489 303 1522 verba
321 1486 644 1532 comprehendunt:
672 1488 857 1522 Sanctifica
881 1500 939 1521 eos
964 1488 1000 1521 in
1025 1500 1084 1521 ve-

92 1539 214 1580 ritate,
240 1539 365 1573 Sermo
385 1546 465 1573 tuus
483 1546 532 1573 cst
549 1540 687 1572 veritas.
741 1539 918 1580 Lectione,
946 1539 1084 1572 auscul-

91 1590 244 1631 tatione,
272 1590 484 1633 cogitatione
501 1591 674 1624 sermonis
689 1590 802 1623 divini
820 1589 915 1623 Deus
937 1597 987 1623 est
1009 1590 1083 1622 effi-

91 1652 174 1681 cax,
200 1641 238 1673 in
264 1641 442 1675 mentibus
466 1641 531 1675 ciet
549 1641 687 1685 Spiritu
705 1649 825 1675 sancto
851 1647 1084 1684 congruentes

90 1692 264 1732 adfectus,
298 1691 337 1726 Si
367 1692 461 1724 enim
487 1690 572 1725 haec
596 1692 742 1735 legenda
771 1699 871 1732 sunt,
905 1698 944 1725 ut
969 1698 1083 1725 tecum

90 1742 190 1788 loqui
206 1743 324 1776 Deum
345 1743 445 1778 scias.
498 1743 555 1777 Ad
574 1750 606 1777 te
624 1740 709 1776 haec
728 1755 790 1775 vox
815 1742 984 1786 pertinet:
1012 1742 1084 1774 Ve—

90 1795 164 1826 nite
187 1794 232 1826 ad
258 1804 314 1826 me
337 1805 476 1834 omnes,
502 1794 562 1838 qui
589 1793 758 1827 laboratis
785 1799 817 1826 et
837 1793 972 1826 onerati
991 1792 1082 1827 estis.

90 1842 144 1877 Te
161 1843 356 1888 alloquitur
371 1843 465 1877 filius
484 1842 570 1884 Dei,
595 1850 628 1877 te
646 1844 722 1877 vult
739 1843 806 1876 fide
827 1850 945 1886 petere
968 1850 1001 1877 et
1025 1855 1083 1875 ex-

90 1901 228 1939 pectare
245 1894 416 1927 auxilium
428 1918 437 1932 ,
464 1905 676 1939 quocunque
695 1900 850 1938 tempore
864 1891 932 1927 hoc
949 1894 1081 1927 dictum

90 1945 197 1989 legis,
219 1951 279 1978 aut
294 1944 435 1988 cogitas,

191 1995 273 2030 Non
292 2002 342 2029 est
358 1996 493 2029 alienae
510 1991 677 2027 historiae
695 1993 871 2035 narratio,
897 2001 935 2028 ut
945 1992 1082 2028 Aeneas

93 2047 138 2080 ad
164 2046 277 2080 socios
303 2046 407 2080 dicit:
436 2044 589 2086 Durate,
620 2051 653 2078 et
672 2051 806 2078 vosmet
826 2045 930 2078 rebus
949 2053 1083 2080 servate

91 2098 264 2133 secundis.
312 2096 409 2131 Deus
433 2096 497 2131 toti
524 2096 643 2140 generi
667 2093 823 2129 humano
843 2096 1082 2136 concionatur,

90 2156 124 2183 et
141 2149 218 2183 vult
235 2148 392 2191 singulos
407 2147 570 2192 amplecti
589 2159 625 2180 ea
643 2158 732 2192 quae
748 2147 844 2181 dicit.
879 2145 957 2180 Hoc
976 2149 1082 2181 modo

91 2199 167 2234 vult
184 2199 362 2243 conspici,
389 2199 466 2233 vult
489 2211 590 2242 opem
615 2198 707 2231 serre
728 2198 789 2239 iis,
823 2197 884 2243 qui
909 2195 975 2232 hac
999 2211 1083 2232 voce

92 2251 199 2285 erecti
218 2251 263 2284 ad
281 2250 395 2294 ipsum
413 2250 597 2294 accedunt.

195 2300 280 2334 ldeo
302 2299 434 2334 Paulus
459 2300 594 2346 inquit:
629 2298 730 2343 Quae
753 2299 881 2344 scripta
905 2306 1004 2341 sunt,
1037 2302 1080 2334 ad

90 2359 247 2386 nostram
265 2351 462 2385 doctrinam
480 2351 609 2395 scripta
625 2358 718 2391 sunt,
742 2357 782 2385 ut
799 2362 860 2395 per
878 2351 1080 2393 patientiam

91 2409 125 2437 et
158 2402 439 2436 consolationem
468 2402 722 2446 scripturarum
759 2414 853 2446 spem
880 2399 1082 2438 habeamus.

88 2453 159 2488 Hic
181 2465 261 2488 cum
289 2453 452 2487 adfirmat
475 2451 607 2486 Paulus
631 2452 758 2497 scripta
789 2450 993 2497 prophetica
1019 2454 1082 2486 ad-

89 2505 181 2538 ferre
207 2504 505 2542 consolationem,
541 2514 680 2536 necesse
711 2511 761 2537 est
790 2505 832 2537 ad
855 2515 920 2536 nos
942 2516 1081 2550 quoque

89 2555 267 2599 pertinere
289 2555 541 2600 promissiones
564 2565 650 2599 quas
676 2554 835 2598 legimus.
891 2554 1010 2597 Quare
1034 2555 1080 2589 ita

89 2606 272 2650 legantur,
296 2613 337 2640 ut
354 2606 503 2640 sciamus
519 2604 633 2639 Deum
651 2617 716 2638 nos
732 2606 824 2650 ipsos
839 2605 991 2651 alloqui,
1017 2618 1081 2639 nos

90 2657 182 2691 velle
210 2654 276 2691 bac
303 2669 387 2692 voce
412 2658 557 2699 docere,
598 2656 772 2698 iudicare,
807 2657 959 2700 erigere,
994 2669 1079 2691 con·
1105 2661 1108 2693 l
1133 2668 1211 2690 cum
1235 2667 1275 2688 eo
1299 2654 1336 2687 in
1359 2654 1469 2698 ipsius
1488 2652 1682 2698 Evangelio
1706 2654 1960 2698 colloquamur.

1103 2703 1108 2741 l
1133 2714 1171 2741 ut
1195 2706 1251 2751 pie
1274 2712 1308 2740 et
1335 2705 1490 2740 studiose
1513 2706 1666 2747 faciatis,
1693 2716 1754 2739 vos
1771 2702 1949 2738 adhortor.

89 2707 208 2744 solari.

428 133 587 169 DECL.
619 133 691 168 DE
726 131 921 169 DICTO:
967 131 1172 173 PATER,
1206 130 1561 167 SANCTIFICA
1594 129 1704 166 EOS
1731 139 1813 166 ETC.

2066 127 2138 162 894

1247 218 1332 250 Ideo
1359 229 1422 250 nos
1449 229 1607 261 expresse
1635 217 1777 251 deducit
1810 217 1853 249 ad
1885 215 2133 254 ministerium,

1146 269 1186 301 ad
1217 269 1403 302 lectionem
1431 275 1465 301 et
1494 268 1786 302 auscultationem
1818 266 2021 310 gravissima
2054 277 2134 298 sen—

1145 319 1270 359 tentia,
1297 331 1401 363 quam
1419 319 1543 362 repetit
1559 319 1689 352 Paulus
1707 331 1746 352 ex
1764 317 1902 363 Moyse:
1930 316 2012 350 Non
2029 316 2135 354 dicas,

1145 370 1223 414 quis
1254 370 1417 402 ascendet
1451 370 1486 401 in
1519 371 1681 403 coelum?
1718 368 1808 412 Quis
1839 368 1989 402 traiiciet
2017 367 2136 399 mare'?

1145 421 1201 452 sed
1231 432 1339 464 prope
1369 428 1418 453 est
1443 421 1590 452 verbum
1615 421 1652 452 in
1678 432 1737 453 ore
1761 426 1793 453 et
1811 420 1914 453 corde
1931 426 2002 453 tuo,
2055 416 2135 450 Hu-

1145 482 1267 503 manae
1297 477 1431 503 mentes
1459 470 1661 512 ignorantes
1688 470 1849 503 exercitia
1877 470 1976 507 fidei,
2011 469 2135 512 dispu-

1146 527 1219 554 tant
1236 533 1369 553 secum:
1401 520 1505 554 Unde
1522 522 1670 553 sciemus
1687 521 1902 553 voluntatem
1921 519 2011 553 Dei?
2044 518 2135 562 Quis

1143 572 1207 605 scit
1223 573 1265 604 ad
1284 583 1371 616 quos
1387 571 1585 615 pertineant
1602 569 1686 604 haec
1711 571 1885 614 generalia
1911 570 2027 603 dicta?
2077 567 2134 602 Ab

1144 620 1197 655 his
1218 620 1411 667 prophanis
1437 622 1709 665 cogitationibus
1735 619 1922 654 retrahunt
1947 632 2011 653 nos
2027 619 2133 665 Moy-

1143 685 1196 706 ses
1213 680 1246 706 et
1261 673 1405 706 Paulus:
1443 672 1539 713 Imo,
1574 673 1762 718 inquiunt,
1791 672 1827 705 in
1846 683 1905 705 ore
1925 679 1957 705 et
1978 671 2012 703 in
2030 671 2134 703 corde

1143 731 1203 757 tuo
1220 724 1367 757 verbum
1385 731 1445 759 est.
1498 723 1576 757 Hoc
1593 725 1740 757 verbum
1765 723 1794 756 si
1817 735 1898 756 vera
1926 721 2134 755 adsensione

1141 775 1322 819 amplexus
1343 775 1470 815 fueris,
1498 775 1729 808 certissimum
1757 781 1808 808 est
1832 781 1865 808 te
1889 785 1906 806 a
1923 772 1999 806 Deo
2025 772 2134 815 recipi

1142 833 1175 860 et
1201 826 1376 859 exaudiri:
1419 826 1463 859 sit
1487 833 1548 860 tua
1570 837 1669 858 mens
1693 823 1799 859 huius
1830 825 1924 857 vocis
1951 823 2134 867 discipula,

1141 889 1205 910 nec
1223 877 1396 910 existimet
1415 889 1489 910 eam
1509 874 1603 909 nihil
1627 878 1670 909 ad
1694 884 1725 910 te
1752 875 1937 920 pertinere.
1988 874 2134 918 Loquor

1140 928 1182 961 de
1215 939 1251 960 re
1287 940 1411 971 magna
1448 935 1481 962 et
1517 929 1559 961 ‹le
1593 927 1766 962 exercitiis
1800 926 1882 960 fidei
1918 937 1990 958 non
2020 924 2132 968 negli-

1139 978 1271 1021 gendis.

1242 1043 1349 1077 Multi
1374 1056 1413 1077 co
1440 1045 1557 1078 minus
1582 1045 1722 1088 legunt,
1750 1044 1830 1089 quia
1854 1043 2008 1086 cogitant
2032 1042 2072 1074 ad
2099 1052 2133 1073 se

1139 1107 1212 1127 non
1239 1095 1414 1139 pertinere
1439 1095 1696 1129 consolationes
1721 1095 1758 1127 in
1783 1094 1854 1127 illis
1878 1093 2054 1127 veteribus
2076 1089 2133 1124 hi-

1138 1146 1255 1179 storiis
1281 1153 1340 1179 aut
1363 1147 1593 1180 concionibus
1620 1146 1775 1190 scriptas.
1828 1144 1896 1179 Sed
1919 1150 2010 1177 recte
2032 1143 2134 1176 insti-

1139 1197 1223 1235 tuti,
1265 1197 1402 1231 discant
1432 1195 1523 1231 hanc
1557 1198 1665 1241 ipsam
1698 1196 2057 1230 accommodationem
2089 1194 2132 1226 ad

1139 1259 1222 1288 nos,
1249 1247 1331 1280 fidei
1358 1249 1562 1282 exercitium
1587 1260 1676 1286 esse,
1711 1255 1741 1281 et
1764 1245 1830 1280 hoc
1851 1247 1958 1279 modo
1978 1246 2132 1279 excitan-

1138 1300 1217 1331 dam
1247 1305 1280 1332 et
1311 1299 1588 1332 confirmandam
1625 1310 1697 1332 esse
1727 1299 1845 1331 fidem.
1913 1296 2015 1340 Legis
2047 1294 2131 1328 haec

1138 1350 1260 1382 verba:
1285 1348 1375 1383 lacta
1393 1362 1512 1383 curam
1531 1355 1626 1383 tuam
1643 1351 1680 1383 in
1699 1349 1811 1383 Deum
1825 1376 1833 1388 ‚
1862 1355 1893 1381 et
1909 1348 1980 1391 ipse
2004 1354 2036 1380 te
2054 1357 2130 1380 sus-

1138 1401 1296 1434 tentabit.
1360 1400 1428 1434 Hic
1449 1402 1596 1443 cogites,
1631 1399 1719 1434 mihi
1742 1398 1832 1433 hanc
1855 1398 2131 1432 consolationem

1137 1452 1305 1496 proponit
1320 1451 1417 1485 Deus
1429 1479 1437 1492 ‚
1462 1453 1538 1486 vult
1554 1464 1609 1485 me
1625 1464 1698 1485 non
1714 1450 1872 1494 extingui
1893 1449 2035 1489 dolore,
2071 1448 2131 1481 sed

1136 1502 1354 1547 acquiescere
1374 1503 1410 1535 in
1435 1503 1529 1547 ipso,
1554 1509 1587 1536 et
1608 1504 1652 1536 ab
1676 1515 1716 1536 eo
1742 1508 1923 1547 expectare
1948 1499 2131 1533 auxilium.

1137 1552 1242 1586 Hunc
1268 1551 1442 1587 honorem
1467 1554 1535 1587 sibi
1557 1554 1632 1587 vult
1659 1553 1785 1593 tribui,
1812 1553 1907 1597 quod
1924 1563 2004 1584 vere
2024 1561 2131 1582 exau·

1136 1604 1226 1645 diat,
1254 1606 1346 1649 quod
1365 1617 1444 1637 vere
1460 1605 1506 1638 sit
1522 1605 1731 1648 opitulator,
1759 1604 1854 1648 quod
1871 1614 1944 1636 non
1967 1602 2009 1635 sit
2032 1600 2131 1634 ocio-

1135 1666 1213 1689 sum
1230 1667 1362 1688 numen
1375 1683 1384 1696 ,
1410 1655 1509 1700 quasi
1529 1655 1660 1700 pictum
1681 1655 1829 1689 idolum.

1240 1721 1357 1765 Quam
1374 1722 1528 1755 difficilis
1545 1729 1660 1756 autem
1685 1723 1729 1755 sit
1752 1718 1836 1754 haec
1860 1720 1970 1759 lucta,
1996 1724 2131 1751 norunt

1136 1773 1206 1814 illi,
1235 1773 1295 1818 qui
1313 1785 1385 1806 non
1403 1774 1508 1807 rudes
1523 1780 1604 1806 sunt
1620 1770 1747 1806 horum
1773 1771 2032 1804 exercitiorum.
2083 1766 2131 1802 Et

1136 1824 1164 1858 si
1185 1824 1246 1869 qui
1266 1824 1399 1868 experti
1417 1830 1517 1863 sunt,
1542 1836 1582 1857 eo
1598 1824 1720 1867 legunt
1735 1822 1885 1856 avidius.

1236 1890 1310 1924 Has
1329 1903 1449 1925 causas
1476 1892 1519 1925 de
1544 1891 1714 1932 lectione,
1742 1896 1776 1924 et
1800 1887 1892 1923 hanc
1915 1895 2023 1923 totam
2050 1900 2130 1922 sen-

1136 1941 1282 1976 tentiam
1301 1943 1344 1975 de
1359 1942 1577 1982 ministerio,
1604 1948 1644 1976 ut
1663 1953 1764 1985 saepe
1786 1940 2010 1985 multumque
2035 1940 2129 1983 cogi-

1136 1993 1233 2032 tetis,
1261 2005 1322 2027 vos
1338 2000 1480 2037 propter
1497 2000 1648 2027 vestram
1664 2000 1697 2027 et
1711 1990 1886 2026 Ecclesiae
1902 1991 2049 2024 salutern
2065 1991 2129 2024 ad-

1134 2041 1259 2077 hortor
1275 2052 1307 2078 et
1325 2045 1491 2079 obtestor.
1534 2041 1587 2077 Ac
1604 2050 1645 2078 ut
1661 2044 1698 2077 in
1715 2043 1880 2077 omnibus
1897 2042 2001 2075 rebus
2019 2041 2128 2074 simus

1135 2095 1396 2138 vigilantiores,
1436 2107 1642 2128 moveamur
1674 2093 1918 2138 magnitudine
1952 2092 2128 2137 periculo-

1136 2158 1227 2180 rum.
1266 2145 1308 2179 ln
1324 2146 1430 2180 tantis
1447 2145 1537 2180 odiis
1554 2153 1588 2180 et
1604 2146 1778 2179 incendiis
1792 2145 1990 2178 animorum
2002 2170 2011 2184 ,
2035 2149 2127 2176 certa

1135 2204 1193 2231 aut
1208 2197 1376 2230 diuturna
1393 2209 1458 2241 pax
1475 2209 1546 2230 esse
1565 2209 1637 2229 non
1655 2203 1778 2241 potest.
1829 2193 1876 2229 Et
1892 2194 2047 2228 fortassis
2062 2193 2128 2227 ali-

1134 2249 1277 2293 quando
1295 2248 1402 2281 subiti
1419 2254 1451 2281 et
1468 2247 1585 2292 panici
1603 2247 1776 2281 tumultus
1793 2245 1966 2280 orientur.
2019 2243 2127 2278 Prae-

1135 2306 1226 2332 terea
1239 2326 1248 2339 ,
1277 2298 1412 2332 etiamsi
1432 2310 1527 2342 reges
1544 2305 1576 2331 et
1592 2298 1770 2342 principes
1785 2297 1980 2342 quiescent,
2008 2303 2125 2329 tamen

1136 2362 1208 2383 non
1235 2349 1414 2394 quiescent
1438 2346 1662 2394 hypocritae,
1699 2349 1760 2393 qui
1786 2347 1932 2381 turbant
1949 2345 2126 2380 Ecclesias

1135 2401 1240 2434 variis
1265 2399 1389 2433 modis.
1442 2398 1515 2433 Alii
1540 2399 1617 2443 pios
1638 2406 1794 2444 pastores
1819 2410 1897 2432 cum
1918 2397 2126 2431 miserrimis

1133 2451 1276 2485 familiis
1301 2451 1438 2494 pellunt
1462 2462 1501 2484 ex
1524 2451 1596 2485 suis
1622 2451 1774 2492 nidulis,
1809 2449 1868 2483 alii
1895 2455 2043 2483 onerant
2066 2459 2124 2481 eos

1136 2502 1275 2536 iniustis
1298 2501 1390 2535 odiis
1415 2502 1549 2545 populi.
1615 2501 1776 2546 Denique
1803 2500 2015 2544 multiplices
2043 2504 2124 2532 sunt

1134 2565 1342 2594 aerumnae,
1371 2564 1458 2597 quae
1484 2559 1576 2586 certe
1601 2552 1792 2586 exuscitare
1816 2563 1880 2585 nos
1904 2551 2050 2589 debent,
2084 2555 2123 2582 ut

1134 2604 1303 2639 auxilium
1320 2616 1338 2636 a
1365 2610 1487 2637 nostro
1512 2604 1676 2643 custode,
1709 2603 1780 2636 filio
1797 2601 1862 2636 Dei
1890 2608 2064 2646 petamus,
2090 2605 2122 2632 et

2016 2650 2121 2691 Quod

2002 2701 2121 2745 Ipsum
