2338 2958
202 151 275 186 647

307 233 411 277 Quod
429 239 542 265 autem
559 228 659 261 multi
678 233 897 260 contumaces
914 230 1109 269 repugnant
1126 235 1186 256 ve-
1208 238 1211 241 ·

204 285 254 318 ris
270 284 425 321 iudiciis,
452 281 578 313 scimus
592 285 721 311 restare
737 277 832 310 aliud
851 276 1035 315 iudicium,
1063 275 1099 306 in
1116 285 1184 318 quo

207 335 298 368 filius
324 333 387 366 Dei
419 331 530 374 palam
562 340 634 361 sese
665 328 851 360 ostendens
877 326 1042 359 universo
1067 323 1185 367 generi

207 382 379 421 humano,
415 386 553 413 aeterua
585 378 755 411 sententia
789 377 961 410 discernet
993 373 1183 408 Ecclesiam

208 444 304 467 suam
320 432 363 464 ab
379 431 545 463 omnibus
564 429 690 472 impiis.
744 425 799 460 Ad
827 439 901 459 eam
917 425 1099 470 Synodum
1123 435 1188 456 nos

208 492 471 527 praeparemus,
499 480 535 511 in
563 491 630 523 qua
657 485 690 512 et
704 475 866 512 Christus
886 483 921 509 et
938 476 1101 508 universa
1118 472 1186 506 Ec—

208 532 310 565 clesia
329 532 370 563 de
388 528 580 572 Evangelio
598 528 836 562 testimonium
853 527 989 567 dicent,
1016 531 1049 558 et
1071 522 1189 557 hostes

208 582 364 614 veritatis
382 592 419 613 ac
436 579 707 613 calumniatores
727 577 946 610 damnabunt
961 588 1000 608 ac
1024 575 1188 618 punient:

208 632 285 676 pios
301 643 382 664 vero
401 630 612 670 laudabunt,
640 629 699 672 qui
719 634 860 671 propter
876 626 1023 666 gloriam
1038 623 1123 664 Dei,
1159 630 1190 656 et

208 693 305 715 suam
332 681 478 713 salutem
501 690 706 721 cognoscere
722 676 972 719 Evangelium,
1012 674 1190 718 inquirere

208 732 408 770 veritatem,
436 737 469 763 et
487 741 611 761 ornare
635 740 709 761 eam
735 727 839 759 bonis
866 726 1024 759 moribus
1050 725 1192 758 studue-

208 789 303 815 runt.
356 780 447 813 Illud
466 779 634 813 iudicium
653 778 778 810 animis
796 777 1014 813 intueamur,
1044 781 1076 808 et
1087 772 1191 807 Chri-

211 838 262 865 sto
296 837 329 864 et
358 831 410 863 illi
443 837 602 862 aeternae
626 827 800 861 Ecclesiae
822 827 955 870 placere
980 825 1193 864 studeamus,

211 893 275 914 nec
303 887 445 924 propter
475 879 602 912 iniusta
638 884 820 921 potentum
852 876 981 910 iudicia
1005 874 1192 917 Evangelii

210 942 332 964 vocem
352 929 569 963 abiiciamus.
623 928 799 967 Sciamus,
834 927 871 959 in
894 924 958 959 hac
982 925 1051 958 vita
1071 923 1193 958 Eccle-

212 982 297 1015 siam
315 979 381 1014 Dei
398 980 600 1023 ingentibus
620 978 795 1011 aerumnis
821 976 991 1016 exerceri,
1025 987 1088 1008 nec
1113 982 1194 1008 tan-

212 1038 287 1064 turn
304 1029 467 1064 humanis
484 1029 684 1068 furoribus,
711 1030 768 1061 sed
787 1029 888 1060 etiarn
907 1026 1091 1059 diabolicis
1107 1025 1192 1057 insi—

212 1082 280 1114 diis
296 1080 503 1124 oppugnari.
559 1079 653 1112 lnter
667 1076 730 1111 has
747 1078 968 1111 difficultates
982 1077 1194 1109 retineamus

212 1130 396 1173 Evangelii
419 1131 545 1169 lucem,
573 1136 603 1161 et
623 1128 735 1162 Deum
755 1129 976 1166 invocemus,
1009 1133 1049 1159 ut
1067 1126 1194 1158 confir-

214 1188 283 1214 met
300 1179 366 1214 hoc
387 1181 478 1224 quod
498 1186 659 1222 operatus
677 1186 726 1211 cst
748 1179 784 1210 in
809 1178 910 1210 nobis
936 1183 1079 1220 propter
1108 1183 1190 1208 tein-

213 1232 311 1275 plum
330 1237 483 1264 sanctum
503 1241 623 1267 suum,
649 1229 684 1260 id
703 1235 771 1268 est,
796 1224 1123 1271 propterEcclesiae
1141 1237 1194 1257 sa-

215 1282 332 1315 lutem,
385 1279 478 1312 llaec
495 1279 691 1322 petentibus
706 1275 800 1310 haud
819 1277 927 1310 dubie
944 1277 1128 1309 adfuturus
1147 1283 1197 1309 est

214 1330 308 1364 Deus
323 1336 420 1373 pater
437 1329 571 1361 domini
593 1328 704 1361 nostri
723 1327 799 1360 lesu
810 1325 942 1361 Christi
957 1353 966 1366 ,
994 1333 1026 1359 et
1043 1325 1196 1370 opitula-

215 1388 324 1414 turus.
391 1380 505 1421 Quem
532 1379 690 1411 omnium
717 1386 875 1411 nostrum
903 1383 1052 1415 mentes,
1092 1377 1197 1409 corda

216 1438 249 1464 et
277 1430 416 1473 linguae
451 1441 531 1462 vera
563 1429 665 1462 laude
696 1428 916 1473 praedicent,
956 1434 988 1460 et
1012 1427 1196 1460 celebrent.

215 1479 310 1515 Dixi.

217 1675 282 1708 No.
302 1675 361 1711 78.

523 1790 597 1830 De
623 1788 888 1830 Aristotele.

288 1870 317 1895 ln
333 1868 487 1908 Declamat.⁸
504 1867 596 1895 T.1u.
618 1877 644 1901 p.
660 1867 710 1893 8⁵7
725 1877 785 1902 sqq.
797 1887 803 1899 ,
825 1868 852 1892 in
861 1867 975 1907 Sei-vest.
989 1866 1078 1907 Tau.
1101 1877 1126 1901 p.
1140 1867 1200 1894 539.

316 1902 572 1971 5:.?.‚*1¹;‘3.‡³.¹‘i»¹}².5.“
576 1901 1021 1976 ιζᾞὀξιιῖἶῗωῖς[εῗῖῗὲᾛῗ
1038 1901 1199 1968 5332?⁰!‚⁰„5‚·

316 1970 656 2032 {pssplii'isgtiieualhlanim
670 1970 808 1995 Erasmus
823 1971 935 1996 I-loccus
949 1969 1000 1995 fun
1016 1970 1144 1996 Det-‚anus
1159 1970 1199 1995 fa-

220 2096 346 2127 Oratio
373 2093 425 2127 de
445 2091 733 2132 Aristotele,
761 2089 888 2124 habita
906 2102 928 2124 a
943 2092 1046 2137 Illoy.
1060 2094 1199 2126 Eras-

219 2155 282 2177 mo
309 2144 412 2176 Floc
425 2154 442 2175 c
455 2155 472 2176 ο
485 2170 494 2186 ‚
535 2140 817 2186 Noriberyense',
861 2153 945 2175 cum
978 2142 1196 2177 decernere!

216 2193 371 2239 ¹qrmlum
390 2195 596 2239 ritoyisterii
613 2190 858 2235 philosophici
876 2194 1014 2238 aliquot
1033 2193 1198 2229 honestis

540 2248 574 2277 el
595 2243 754 2277 eruditis
772 2245 870 2277 ι’ἱνὶσ.

220 2319 370 2367 Quoties
388 2326 421 2357 in
442 2324 494 2358 liis
513 2324 766 2358 honestissimis
785 2325 1043 2367 congressibus.
1071 2338 1197 2358 couve-

219 2376 346 2414 uinius,
374 2376 524 2418 primum
548 2377 609 2419 ipsi
629 2377 809 2408 nobiscum
826 2376 1026 2417 cogitemus,
1048 2389 1110 2408 nos
1126 2389 1196 2409 non

219 2427 259 2457 ml
289 2426 388 2457 ludos
416 2434 469 2459 aut
499 2427 614 2459 inania
645 2427 838 2469 spectacula
869 2438 1096 2459 concurrere:
1138 2428 1195 2459 sed
1221 2437 1223 2473 i

218 2476 378 2508 mirando
394 2474 454 2508 nvi
475 2477 641 2515 consilio,
675 2489 810 2520 semper
835 2484 953 2509 coetus
978 2478 1114 2521 aliquos
1130 2475 1196 2510 Ec-

216 2526 398 2558 clesiaruin
418 2534 446 2557 et
467 2525 764 2559 Sclwlastirorum
784 2534 812 2559 et
834 2527 958 2565 fuisse„
987 2534 1016 2559 ct
1041 2535 1196 2560 servatos
1220 2527 1223 2562 ἶ

216 2587 306 2613 csse,
335 2586 370 2608 ui
389 2577 546 2608 «intirim
565 2579 606 2608 ‹tc-
627 2577 696 2610 Dm.
725 2585 756 2611 et
775 2578 853 2609 aliis
874 2578 976 2610 robus
996 2578 1097 2610 bonis
1114 2589 1195 2621 pro-
1220 2580 1221 2598 ¹

215 2634 407 2668 pagare-tur.
480 2626 627 2670 Fuitque
662 2640 797 2671 scrupi-r
824 2625 878 2659 liic
914 2640 1070 2661 suminus
1105 2603 1222 2673 vitari

213 2677 351 2717 gradus.

857 139 1014 176 DECL.
1049 137 1122 173 DE
1156 134 1548 172 ARISTOTELE.

2134 134 2209 172 648

1235 223 1362 267 gratias
1382 221 1418 254 in
1441 220 1509 255 hoc
1531 232 1714 262 consessu,
1747 227 1786 255 ut
1807 221 1845 255 in
1867 221 2027 266 templis,
2062 232 2215 264 agamus,

1237 274 1329 318 quod
1346 273 1464 316 generi
1484 270 1638 305 humano
1656 282 1691 304 se
1707 271 1885 315 patefecit,
1916 284 1980 305 nec
1997 272 2081 306 sinit
2101 272 2214 306 extin—

1236 324 1295 367 gui
1319 323 1515 356 doctrinam
1531 323 1574 354 de
1589 333 1651 355 sua
1670 321 1866 354 voluntate:
1901 323 2064 367 quodque
2089 334 2153 356 nos
2177 334 2216 355 ex

1237 372 1424 406 horrendis
1453 372 1607 405 tenebris
1640 372 1809 404 maximae
1832 371 2069 406 multitudinis
2089 373 2217 416 impio-

1239 435 1317 457 rum
1337 429 1515 462 evocatos,
1547 423 1591 455 ad
1611 421 1825 464 agnitionem
1843 433 1924 454 suae
1942 423 2130 457 voluntatis
2147 432 2218 456 tra-

1238 474 1351 511 ducit,
1376 484 1510 517 nosque
1529 472 1707 505 doctrinae
1723 474 1882 505 custodes
1901 483 1972 504 esse
1989 473 2120 513 voluit,
2146 485 2216 517 quo

1238 535 1383 557 munere
1400 521 1492 556 nihil
1508 529 1556 556 est
1572 523 1685 555 mains
1701 534 1738 555 ac
1755 522 1889 554 melius.
1923 521 2104 555 Postremo
2117 524 2219 556 etiam

1241 580 1318 607 vota
1336 574 1520 614 faciamus,
1542 580 1580 607 ut
1594 572 1707 613 Deus,
1731 572 1892 605 conditor
1909 569 2055 605 humani
2074 573 2220 615 generis,

1241 623 1458 663 doctrinam,
1492 635 1596 667 quam
1622 623 1800 666 patefecit,
1838 629 1995 662 tueatur,
2030 630 2063 656 et
2087 629 2221 655 nostras

1242 681 1374 707 mentes
1391 676 1555 707 accendat
1570 680 1602 706 et
1617 680 1729 716 regat,
1755 679 1792 705 ut
1809 670 1892 705 haec
1909 672 2089 706 literarum
2107 673 2221 707 studia

1242 725 1345 757 nobis
1363 731 1394 757 et
1412 725 1474 757 toti
1493 724 1610 767 generi
1629 721 1784 757 humano
1798 723 1960 756 salutaria
1978 723 2059 756 sint.

1344 790 1438 823 llaec
1472 803 1512 823 eo
1540 790 1641 823 initio
1676 795 1709 822 et
1736 801 1830 822 nunc
1856 789 2030 833 praefatus
2053 801 2148 829 sum,
2190 796 2223 823 et

1245 853 1344 885 saepe
1361 841 1506 873 dicenda
1524 851 1594 873 esse
1612 840 1743 878 sentio,
1779 847 1817 873 ut
1843 840 2074 873 adolescentia
2100 840 2224 873 admo-

1243 892 1338 932 nita,
1379 903 1459 924 suae
1487 890 1634 923 militiae
1661 889 1865 933 dignitatem
1891 889 2016 923 melius
2042 890 2224 933 intelligat.

1244 942 1414 984 Magnum
1431 940 1578 974 omnino
1597 940 1808 973 sustinemus
1826 952 1932 980 onus,
1968 941 2027 984 qui
2051 952 2070 974 a
2085 940 2162 973 Deo
2186 939 2224 972 in

1243 991 1335 1025 hanc
1368 992 1551 1025 stationem
1587 990 1710 1023 delecti
1745 1001 1873 1024 sumus.
1935 989 2005 1023 Nec
2040 990 2223 1036 quisquam

1244 1049 1340 1076 tanta
1371 1049 1421 1075 est
1451 1042 1485 1073 vi
1520 1041 1670 1084 ingenii,
1705 1047 1743 1073 ut
1775 1040 1844 1073 nisi
1882 1041 2022 1074 iuvante
2050 1040 2124 1074 Deo
2159 1037 2225 1073 hoc

1245 1104 1373 1125 munus
1405 1092 1563 1124 omnium
1600 1090 1834 1123 difficilimum
1868 1090 2038 1124 foeliciter
2073 1090 2226 1123 admini-

1245 1150 1352 1176 strare
1378 1143 1496 1186 possit.

1348 1208 1466 1251 Quare
1482 1215 1512 1240 et
1531 1207 1781 1251 promissiones
1806 1207 1943 1239 divinas
1967 1207 2069 1240 nobis
2096 1219 2224 1251 propo-

1246 1270 1389 1299 namus,
1422 1270 1510 1303 quae
1531 1257 1701 1291 auxilium
1728 1263 1758 1290 et
1782 1255 1846 1289 Dei
1870 1257 2097 1300 praesentiam
2122 1258 2227 1301 polli-

1248 1316 1380 1343 centur.
1427 1308 1520 1341 Dcus
1536 1308 1595 1352 qui
1613 1307 1770 1340 accendit
1787 1307 1933 1346 animos,
1959 1314 1998 1340 ut
2017 1307 2143 1348 velitis,
2171 1308 2225 1340 in—

1249 1360 1324 1405 quit
1345 1358 1493 1394 Paulus,
1522 1357 1753 1401 opitulabitur
1771 1357 1893 1397 ctiam,
1921 1364 1958 1391 ut
1976 1355 2136 1391 inchoata
2152 1365 2227 1391 stu-

1249 1411 1304 1443 dia
1325 1409 1423 1441 vobis
1441 1416 1472 1442 et
1491 1409 1568 1440 aliis
1586 1408 1655 1441 sint
1673 1407 1849 1441 salutaria.
1913 1405 1960 1440 Et
1977 1407 2073 1440 addit
2089 1419 2226 1441 causam

1249 1460 1399 1500 Paulus,
1435 1459 1482 1492 [t
1507 1458 1580 1491 Deo
1605 1465 1700 1501 grata
1726 1458 1825 1490 fiant:
1863 1457 2081 1500 significans,
2117 1459 2228 1491 maxi·

1249 1522 1342 1543 mam
1359 1516 1490 1553 partem
1505 1508 1639 1551 generis
1656 1506 1801 1541 humani
1819 1507 1976 1541 furenter
1991 1519 2090 1541 ruere
2109 1516 2229 1543 contra

1250 1561 1387 1600 Deum,
1428 1560 1528 1604 eique
1553 1559 1685 1601 ingrata
1707 1559 1830 1592 facere.
1896 1557 2036 1600 Quanta
2061 1558 2228 1592 scelerum

1250 1610 1366 1643 omnis
1391 1610 1526 1651 generis
1550 1609 1707 1642 confusio
1729 1615 1778 1642 est
1802 1608 1838 1640 in
1859 1607 2016 1641 mundo?
2078 1607 2230 1642 Plurimi

1251 1658 1410 1692 homines
1435 1665 1515 1691 sunt
1543 1655 1653 1698 atliei,
1688 1657 1791 1690 multi
1817 1657 1972 1690 fanaticis
2000 1658 2229 1702 opinionibus

1250 1708 1429 1748 fascinati,
1451 1720 1469 1741 a
1485 1708 1560 1741 Deo
1577 1709 1757 1741 aberrant:
1785 1707 1886 1740 multi
1903 1707 2028 1750 polluti
2048 1716 2129 1742 sunt
2146 1709 2228 1742 libi-

1250 1760 1409 1797 dinibus,
1436 1759 1536 1791 multi
1562 1759 1683 1791 caedes
1705 1765 1737 1791 et
1761 1758 1893 1790 excidia
1919 1757 2060 1790 urbium
2083 1770 2121 1792 ac
2143 1770 2226 1802 gen-

1249 1810 1338 1842 tium
1355 1809 1563 1841 moliuntur.
1616 1807 1666 1841 lta
1684 1819 1806 1851 magna
1827 1819 1905 1851 pars
1921 1808 2056 1850 generis
2072 1805 2229 1851 humani,

1249 1860 1309 1892 alii
1325 1859 1403 1892 aliis
1418 1858 1597 1891 furoribus
1613 1858 1753 1900 agitati,
1781 1870 1858 1891 cum
1876 1856 1950 1891 Deo
1965 1858 2229 1904 belligerantur.

1250 1909 1319 1943 Sed
1349 1921 1392 1942 ne
1416 1915 1526 1942 totum
1549 1919 1657 1950 genus
1681 1905 1872 1941 humanum
1897 1908 2022 1942 frustra
2047 1910 2228 1944 conditum

1249 1960 1309 1999 sit,
1337 1966 1448 1993 servat
1468 1957 1562 1991 Deus
1580 1956 1769 1992 Ecclesiam
1786 1969 1902 1996 suam,
1938 1965 1970 1992 et
1988 1956 2077 1992 hanc
2094 1961 2227 2001 excitat,

1249 2017 1284 2042 ut
1306 2010 1370 2054 ipsi
1387 2016 1481 2052 grata
1497 2009 1609 2047 saciat,
1630 2009 1741 2041 lucem
1759 2008 1938 2041 doctrinae
1955 2021 2055 2041 verae
2072 2011 2229 2052 retineat,

1249 2072 1394 2104 eamque
1413 2057 1567 2092 honestis
1585 2059 1740 2091 moribus
1755 2065 1866 2093 ornet.
1908 2057 2000 2091 Huic
2017 2060 2145 2102 agmini
2165 2072 2228 2094 nos

1248 2110 1397 2143 insertos
1423 2121 1494 2142 esse
1518 2109 1726 2151 cogitemus,
1759 2116 1791 2142 et
1816 2120 1938 2151 magua
1965 2121 2065 2149 cura,
2099 2122 2228 2157 magno

1248 2161 1382 2200 studio,
1406 2160 1542 2192 muneri
1564 2166 1681 2192 nostro
1699 2159 1903 2194 serviamus.

1349 2226 1427 2259 Non
1446 2226 1550 2269 igitur
1568 2225 1603 2257 in
1623 2223 1758 2258 scholas
1776 2236 1856 2263 vos.
1884 2232 2048 2270 tanquam
2067 2227 2101 2260 in
2120 2228 2229 2261 licen-

1248 2277 1314 2309 tiae
1331 2289 1368 2309 ac
1389 2276 1598 2319 petulantiae
1615 2275 1814 2320 gymnasia,
1840 2277 1881 2307 ad
1901 2277 2001 2309 ludos
2017 2285 2049 2310 et
2067 2279 2227 2322 volupta-

1248 2335 1296 2360 tes
1316 2327 1405 2360 mitti
1424 2327 1566 2370 putetis:
1589 2327 1646 2358 sed
1664 2332 1700 2358 ut
1718 2326 1753 2357 in
1771 2327 1996 2359 sacratissima
2013 2329 2151 2372 templa,
2164 2329 2226 2362 uhi

1247 2378 1288 2409 dc
1308 2376 1380 2410 Deo
1398 2385 1430 2410 et
1445 2378 1488 2409 de
1505 2377 1607 2409 rebus
1626 2376 1786 2408 maximis
1810 2378 2032 2410 erudiamini.
2093 2377 2136 2412 Et
2163 2376 2226 2412 hos

1248 2427 1338 2470 ipsos
1362 2438 1564 2467 congressus
1588 2426 1708 2459 scitote
1739 2427 1833 2467 gravi
1867 2427 2014 2460 consilio
2050 2428 2226 2462 institutos

1220 2508 1222 2515 ,
1247 2490 1327 2515 esse,
1356 2480 1448 2522 quod
1470 2490 1506 2510 ev
1524 2489 1564 2508 eo
1585 2477 1778 2518 intellig-‘re
1797 2478 1948 2519 poto-stis,
1975 2478 2055 2523 quia
2074 2476 2129 2511 liic
2147 2490 2225 2510 ora-

1247 2529 1358 2560 tiones
1377 2530 1418 2560 ιΙι·
1437 2528 1594 2560 doctriua
1610 2555 1617 2564 ,
1646 2535 1677 2561 et
1701 2530 1743 2559 de
1771 2529 1937 2560 virtutum
1966 2528 2065 2560 laude
2091 2526 2224 2562 halieu-

1246 2585 1312 2612 tur.
1348 2581 1466 2620 Quare
1485 2586 1518 2611 ut
1536 2579 1618 2615 dixi,
1647 2585 1778 2611 mentes
1796 2575 1862 2611 linc
1882 2579 1952 2620 pias
1970 2585 2000 2611 ct
2023 2579 2109 2610 liene
2128 2591 2224 2612 com-

1246 2630 1374 2670 positas
1400 2629 1582 2665 .··‹}s·2ratis‚
1620 2635 1651 2661 ct
1678 2635 1755 2661 vota
1789 2640 1850 2671 pro
1886 2628 2063 2660 literarum
2101 2630 2225 2664 studiis

405 2675 541 2709 Deinde
570 2684 598 2709 et
627 2679 762 2710 ardenti
788 2685 923 2722 pectore
947 2679 1025 2711 Deo
1052 2685 1193 2712 aeterno
1218 2676 1222 2708 Ι
1245 2681 1394 2713 subinde
1412 2681 1502 2723 apud
1522 2680 1657 2712 animos
1675 2685 1804 2711 vestros
1823 2678 2053 2720 ingeiniuctis.
