2338 2958
89 113 160 150 481

189 195 305 240 Quam
328 193 455 228 misera
479 199 529 228 est
558 200 674 229 autem
703 193 870 233 servitus,
906 202 1075 236 organum

88 259 160 283 esse
192 246 280 280 tanti
312 244 444 278 furoris
467 256 506 278 ac
529 245 619 280 tanti
646 245 720 279 odii
742 246 908 278 adversus
937 242 1076 277 Deum?

89 297 186 333 Talis
208 302 258 330 est
280 296 350 329 vita
374 294 528 330 Neronis
553 303 586 331 et
601 296 792 340 impiorum
809 294 987 334 omnium,
1014 293 1073 338 qui

85 359 165 383 cum
189 347 226 381 in
250 346 572 390 cruce·pendeant,
605 344 673 380 hoc
700 353 768 385 est,
801 346 872 379 sint
895 345 932 377 in
959 343 1072 377 media

84 404 216 436 morte,
242 408 325 429 nam
338 397 534 442 voluptates
551 409 673 431 eorum
689 409 760 430 non
778 402 858 430 sunt
874 395 1073 434 diuturnae,

84 449 201 482 tamen
214 447 438 481 liberatorem
454 455 701 492 aspernantur.
749 445 796 480 Et
813 446 995 480 confirmat
1018 456 1072 477 er—

84 510 198 532 rorem
222 496 415 539 Diabolus,
449 499 511 544 qui
532 505 716 543 postquam
748 497 926 530 mentibus
949 507 1069 528 eorum

83 548 211 583 offudit
228 548 406 582 densiores
432 549 598 590 nebulas,
624 554 741 591 postea
765 560 827 592 pro
843 546 992 579 libidine
1010 556 1069 579 sua

83 599 154 632 illis
170 599 349 640 abutitur,
383 599 542 634 accendit
558 599 595 631 in
617 598 667 631 eis
687 599 808 632 odium
827 595 913 636 Dei,
945 603 976 630 et
994 608 1069 629 sae-

81 649 204 683 vitiam
228 650 395 683 adversus
420 650 574 683 membra
595 646 740 682 Christi.
799 647 880 681 Non
902 647 1009 690 igitur
1027 647 1069 679 li—

83 701 252 734 berantur
274 712 296 733 a·
315 707 446 742 morte,
479 701 537 732 sed
564 705 672 732 ruunt
701 699 736 731 in
759 705 918 732 aeternos
936 697 1069 731 crucia-

80 757 155 790 tus,
189 762 268 783 cum
298 750 441 796 quidem
465 750 534 783 iam
564 749 617 783 bis
641 750 793 782 latrones
816 750 903 788 sint,
937 746 1068 781 babent

82 801 281 834 communia
311 801 438 834 scelera
461 800 524 834 toti
553 800 672 843 generi
697 798 864 835 humano.
924 798 989 832 His
1006 799 1068 831 ad-

79 851 169 884 dunt
192 856 430 894 contemptum
455 851 614 883 beneficii
637 848 788 891 Christi,
824 857 857 884 et
875 850 1065 883 crudelita-

79 908 167 942 tem,
194 913 298 945 quam
316 901 353 933 in
370 898 551 934 Christum
570 908 604 934 et
626 901 700 934 eius
725 902 882 934 membra
899 907 1066 935 exercent.

79 950 195 984 Huius
210 951 309 994 impii
335 951 485 995 agminis
502 951 658 985 universi
681 949 790 986 εἰκῶν
808 958 858 985 est
875 951 1067 984 maledicus

78 1002 179 1036 latro.
238 999 339 1034 Nunc
371 1003 414 1035 de
453 1002 562 1035 altero
603 1002 735 1043 dicam,
771 1003 832 1047 qui
862 1002 1067 1034 emendatus

78 1050 249 1094 significat
273 1049 486 1091 Ecclesiam,
520 1064 610 1097 quae
634 1059 685 1085 est
707 1053 813 1086 altera
830 1064 908 1097 pars
931 1052 1067 1096 generis

77 1099 244 1141 humani,
277 1114 366 1147 quae
391 1109 425 1136 et
452 1103 526 1146 ipsa
549 1103 734 1136 latrocinio
750 1103 987 1136 contaminata
1007 1109 1068 1143 est,

76 1164 116 1186 ac
131 1152 301 1185 destinata
318 1152 444 1191 morti,
470 1152 627 1195 agnoscit
651 1163 686 1185 se
704 1150 833 1185 habere
852 1159 1007 1195 peccata,
1035 1158 1066 1185 et

76 1202 332 1236 calamitatibus
351 1202 554 1245 ingentibus
572 1214 611 1235 ac
629 1203 733 1236 morti
756 1202 908 1236 obnoxia
932 1210 1001 1243 est,
1027 1209 1067 1236 ut

76 1253 202 1287 caeteri
236 1250 406 1287 homines.
475 1254 543 1287 Sed
568 1253 728 1286 redditur
753 1253 783 1285 ei
813 1259 891 1297 post
916 1259 1064 1286 mortem

77 1315 168 1337 nova
192 1310 223 1336 et
241 1311 407 1347 perpetua
424 1303 513 1343 vita,
549 1304 627 1343 lux,
658 1304 847 1347 sapientia,
881 1303 1066 1337 iusticia'et

77 1353 226 1386 laeticia.
288 1352 383 1386 Haec
407 1354 585 1399 quomodo
610 1354 712 1395 fiant,
746 1366 786 1387 ex
803 1352 870 1387 hoc
888 1353 1065 1398 colloquio

78 1403 270 1443 discamus,
305 1404 420 1448 quod,
447 1411 485 1437 ut
509 1411 589 1437 ante
609 1404 700 1445 dixi,
727 1404 886 1437 omnium
910 1402 1066 1448 prophe-

35 1469 40 1474 ·
77 1455 223 1488 ticarum
265 1460 297 1487 et
334 1454 605 1498 apostolicarum
643 1455 852 1488 concionum
894 1466 1064 1487 summam

77 1504 329 1549 complectitur.
391 1505 558 1548 Agnoscit
581 1516 642 1538 sua
667 1513 804 1549 peccata
823 1503 879 1537 hic
898 1505 1005 1545 latro,
1033 1511 1064 1538 et

76 1555 210 1599 ingenti
235 1562 332 1588 motu
356 1556 464 1588 animi
488 1556 676 1598 confugere
700 1557 804 1588 audet
829 1556 870 1587 ad
899 1555 1064 1588 liberato-

78 1617 162 1639 rem.
215 1605 386 1639 Audierat
410 1606 454 1638 de
476 1602 542 1638 hoc
557 1605 652 1638 socio
670 1605 834 1650 supplicii
854 1604 950 1644 Iesu,
978 1605 1063 1651 quid

75 1655 266 1689 docuisset:
294 1657 452 1689 audierat
469 1667 547 1688 eum
564 1656 764 1689 testimonia
782 1656 962 1689 doctrinae
983 1668 1064 1689 suae

75 1719 148 1740 non
170 1706 325 1749 vulgaria
350 1704 568 1747 exhibuisse,
599 1712 631 1739 et
652 1714 806 1741 senserat
827 1718 906 1739 eum
923 1707 1064 1748 iniuste,

74 1757 203 1791 scelere
233 1757 442 1790 Pontificum
479 1763 618 1801 raptum
654 1768 726 1790 esse
761 1758 805 1790 ad
840 1757 1062 1801 supplicium.

76 1806 248 1841 Audierat
280 1815 312 1841 et
334 1808 502 1852 quasdam
530 1807 604 1840 eius
634 1819 736 1841 voces
760 1808 796 1840 in
820 1819 939 1847 cruce,
979 1819 1064 1852 quas

74 1858 368 1891 animadverterat
401 1869 473 1890 non
501 1857 669 1902 proficisci
701 1870 719 1890 a
748 1858 882 1900 vulgari
908 1855 1063 1891 homine.

77 1907 182 1941 Videt
205 1914 366 1941 naturam
393 1919 528 1945 rerum,
557 1914 669 1940 terrae
684 1914 836 1947 motum,
862 1908 994 1942 subitas
1012 1915 1064 1941 te-

75 1959 202 1992 nebras
217 1958 301 1991 solis
325 1959 368 1991 de
383 1970 423 1991 eo
440 1958 639 1992 testimonia
663 1959 778 1991 edere:
814 1971 921 2003 quare
943 1959 1064 1993 statuit

76 2007 172 2042 hunc
197 2021 276 2041 vere
309 2020 381 2043 esse
410 2009 633 2042 liberatorem
670 2015 702 2042 et
733 2007 927 2042 Christum.
988 2009 1063 2042 Hae

74 2060 142 2093 fide
171 2060 353 2100 excitatus,
391 2060 523 2105 inquit:
572 2058 753 2093 Memento
789 2060 853 2092 mei
889 2060 1063 2101 Domine,

75 2123 154 2144 cum
171 2111 307 2143 veneris
322 2111 358 2143 in
375 2122 520 2153 regnum
536 2117 645 2143 tuum.
699 2109 925 2144 Considerate
936 2117 1062 2151 autem,

76 2172 179 2205 quam
205 2161 365 2194 miranda
391 2162 449 2194 lux
474 2162 509 2193 in
534 2157 600 2193 hoc
629 2161 762 2194 latrone
782 2161 927 2195 fulserit.
981 2160 1060 2194 Non

75 2212 270 2244 deterretur
284 2201 447 2245 foedit¹ate
465 2211 627 2255 supplicii
644 2218 676 2245 et
692 2219 802 2245 morte
815 2209 966 2252 Christi,
992 2224 1061 2257 quo

76 2261 194 2294 minus
225 2261 353 2295 iudicet
387 2274 466 2295 eum
497 2274 568 2295 esse
594 2263 801 2305 promissum
828 2263 1062 2299 liberatorem.

76 2310 214 2346 Deinde
236 2312 338 2355 longe
362 2313 464 2345 aliter
493 2314 535 2346 de
561 2312 688 2346 Messia
715 2313 838 2352 sentit,
870 2325 973 2358 quam
1007 2314 1061 2347 vel

76 2359 275 2403 Pharisaei,
303 2363 355 2395 vel
381 2361 561 2405 Apostoli,
589 2364 728 2408 utrique
753 2365 978 2407 expectabant
995 2364 1062 2397 im·-

76 2413 172 2456 peria
189 2420 223 2447 et
245 2425 339 2457 opes,
393 2412 460 2447 Hic
479 2413 566 2447 latro
584 2413 651 2447 iam
670 2412 865 2458 Prophetas
890 2415 1062 2459 interpre—

77 2469 188 2505 tatur,
215 2465 313 2500 docet
332 2463 497 2497 Messiam
519 2464 747 2498 liberaturum
766 2477 829 2498 nos
847 2477 917 2498 esse
934 2477 951 2498 a
971 2466 1061 2499 veris

78 2519 111 2546 et
127 2515 274 2548 aeternis
292 2515 413 2554 malis,
443 2527 459 2547 a
482 2521 640 2558 peccato,
667 2528 684 2547 a
705 2516 882 2559 perpetuis
900 2516 1062 2550 cruciati-

78 2563 162 2604 bus,
191 2577 229 2598 ac
251 2572 476 2609 regnaturum
502 2577 573 2598 non
599 2565 634 2597 in
658 2563 722 2598 hac
748 2566 946 2600 calamitosa
980 2566 1061 2607 vita,

79 2614 138 2646 sed
162 2623 239 2658 post
260 2613 348 2650 hanc
375 2616 500 2655 vitam,
532 2615 594 2649 ubi
618 2616 776 2649 fruemur
791 2615 855 2649 Dei
874 2624 1061 2651 consuetu-

79 2664 178 2704 dine,
211 2665 347 2700 liberati
380 2667 424 2700 ab
456 2666 622 2699 omnibus
647 2667 824 2701 erroribus
850 2674 882 2701 et
902 2668 1062 2702 miseriis.

130 2716 304 2749 ΜειΑκι-κ.
323 2719 429 2751 Oeta.
445 2719 528 2750 Vm..
545 2718 606 2750 Xl.

626 105 789 144 DECL.
821 104 895 144 DE
925 92 1256 142 E'MENnAro
1292 101 1583 142 LATRONE.

1131 188 1267 223 Videtis
1284 187 1375 224 hanc
1391 202 1463 224 esse
1476 203 1664 232 summam,
1688 197 1720 226 et
1734 193 1942 226 sententiam
1959 196 2119 231 omnium

1129 240 1424 284 promissionum,
1458 254 1545 287 quae
1561 241 1726 276 Patribus
1753 249 1785 276 et
1801 242 1986 288 Prophetis
2009 248 2118 280 tradi-

1129 297 1182 324 tae
1208 298 1300 325 sunt.
1362 291 1472 325 Lucet
1506 304 1586 335 ergo
1621 293 1657 326 in
1680 294 1817 327 latrone
1840 307 1921 328 vera
1946 296 2045 329 fides:
2084 305 2117 332 et

1127 341 1207 374 fidei
1234 342 1417 386 proprium
1449 349 1498 375 est
1530 349 1644 385 petere
1669 344 1807 377 veniam
1834 352 1976 390 propter
2001 347 2115 391 ipsum

1127 392 1350 425 liberatorem
1374 392 1488 426 filium
1510 392 1596 433 Dei,
1630 407 1693 427 nec
1716 396 1884 428 deterreri
1906 397 2036 430 nostris
2054 398 2116 431 de-

1126 442 1235 483 lictis,
1267 455 1337 487 quo
1361 443 1479 476 minus
1501 444 1544 476 ad
1562 455 1640 476 eum
1658 446 1919 488 confugiamus,
1945 459 1984 480 ac
2007 448 2115 482 bene-

1124 493 1240 526 ficium
1268 493 1341 526 eius
1369 500 1597 537 expectemus.
1658 494 1762 527 Latro
1786 497 1941 538 agnoscit
1962 509 2023 531 sua
2041 511 2113 532 sce-

1124 544 1193 576 lera
1205 570 1214 583 ‚
1238 555 1311 576 non
1327 544 1438 577 adfert
1453 545 1496 577 ad
1513 541 1694 578 Christum
1711 546 1888 579 benefacta
1905 554 1963 581 aut
1979 549 2113 592 merita,

1123 595 1180 626 sed
1203 595 1307 627 sentit
1326 591 1420 627 hunc
1435 605 1507 628 esse
1524 592 1674 628 hostiam
1694 607 1755 638 pro
1782 597 1941 630 omnium
1959 599 2111 634 delictis:

1123 645 1217 678 videt
1240 645 1422 678 voluntate
1444 645 1528 686 Dei,
1563 643 1646 679 huic
1662 653 1792 679 tantam
1812 658 1958 690 poenam
1978 649 2111 693 irroga..

1122 702 1192 728 tam
1215 707 1286 729 esse
1311 695 1511 737 innocenti,
1545 703 1585 730 ut
1600 697 1657 731 fiat
1677 693 1788 731 hostia
1812 709 1876 741 pro
1895 705 1968 732 toto
1985 711 2110 742 genere

1122 743 1289 782 humano.
1351 745 1449 780 Talis
1473 747 1556 780 fides
1580 754 1673 781 certo
1706 747 1869 791 impetrat
1897 751 2064 793 promissa
2091 764 2110 786 a

1121 795 1207 831 Deo.
1268 796 1388 839 Quare
1418 795 1581 832 Christus
1615 798 1707 831 clara
1731 810 1815 831 voce
1848 810 1927 832 eum
1958 801 2110 836 absolvit

1121 859 1138 879 a
1155 848 1273 891 culpa,
1298 859 1336 880 ac
1352 848 1525 892 promittit
1539 848 1569 880 ei
1585 860 1712 881 novam
1730 855 1760 882 et
1772 857 1973 893 perpetuam
1992 852 2110 894 vitam,

1121 898 1331 931 confirmans
1371 899 1439 931 iam
1473 899 1797 942 interpretationem
1833 901 2109 942 promissionum

1121 946 1421 992 propheticarum:
1464 947 1595 989 Hodie,
1630 950 1762 994 inquit,
1799 950 1867 983 eris
1898 963 2033 985 mecum
2072 954 2108 986 in

1120 999 1292 1042 paradiso.
1351 998 1510 1043 Corpora
1534 1000 1801 1045 relinquebant,
1837 1007 1871 1033 et
1898 1008 2014 1034 tamen
2038 1016 2108 1037 una

1119 1050 1229 1082 futuri
1257 1056 1356 1082 erant
1382 1050 1417 1082 in
1443 1057 1542 1083 coetu
1570 1050 1709 1094 piorum
1732 1048 1949 1093 Angelorum
1968 1065 2005 1086 ac
2021 1052 2109 1087 Pro-

1120 1097 1303 1143 phetarum
1314 1127 1323 1139 ,
1348 1101 1408 1144 qui
1425 1101 1494 1134 Dei
1511 1102 1767 1134 consuetudine
1781 1102 1959 1137 fruuntur.

1221 1149 1381 1183 Audistis
1409 1152 1495 1183 duas
1530 1152 1729 1194 perspicuas
1753 1150 1938 1194 Evangelii
1970 1155 2109 1187 concio-

1120 1211 1199 1241 nes,
1226 1201 1268 1233 de
1284 1200 1462 1233 beneficiis
1479 1198 1633 1244 Christi,
1663 1203 1705 1235 de
1731 1202 2039 1246 reconciliatione,
2066 1207 2109 1239 ‹le

1119 1250 1189 1284 vita
1207 1258 1384 1295 perpetua.
1436 1250 1544 1284 Latro
1561 1252 1647 1294 petit
1673 1253 1811 1285 veniam
1832 1254 1940 1286 fretus
1957 1267 2027 1287 non
2047 1257 2108 1289 be—

1119 1301 1265 1335 nefactis
1288 1302 1375 1342 suis,
1412 1302 1472 1334 sed
1496 1300 1642 1335 Domini
1665 1303 1848 1336 clementia
1870 1310 1902 1336 et
1924 1306 2104 1340 sacrificio.

1120 1349 1281 1385 Christus
1306 1352 1516 1395 promittens
1553 1352 1583 1384 ei
1615 1353 1752 1386 veniam
1783 1359 1814 1386 et
1842 1354 1949 1386 vitam
1983 1368 2107 1400 perpe..

1118 1408 1234 1442 tuam,
1260 1408 1406 1435 testatur
1433 1400 1516 1435 haec
1543 1403 1709 1436 beneficia
1728 1401 1794 1436 hoc
1810 1405 1916 1437 modo
1934 1407 2109 1440 credenti-

1118 1453 1184 1485 bus
1200 1453 1287 1485 dari.
1324 1452 1469 1486 Possent
1487 1450 1570 1486 haec
1587 1454 1698 1487 multo
1716 1454 1858 1487 uberius
1875 1456 2020 1498 exponi,
2048 1459 2106 1491 sed

1118 1515 1196 1536 cum
1230 1503 1321 1546 apud
1359 1503 1514 1536 eruditos
1538 1501 1709 1537 habeatur
1740 1505 1872 1543 oratio,
1906 1506 2005 1538 nolui
2036 1520 2107 1542 esse

1118 1553 1306 1596 prolixior:
1340 1554 1413 1586 dixi
1438 1565 1609 1586 summam
1635 1552 1817 1597 Evangelii
1836 1556 1871 1587 in
1895 1554 1949 1588 his
1967 1559 2108 1591 concio-

1117 1604 1222 1636 nibus
1237 1601 1524 1647 comprehensam
1540 1615 1622 1638 esse.
1663 1603 1798 1638 Hortor
1814 1606 1916 1639 etiam
1933 1613 1972 1639 ut
1992 1619 2108 1641 exem-

1118 1654 1216 1698 plum
1248 1654 1447 1693 imitemur,
1481 1667 1520 1688 ac
1545 1655 1651 1687 simili
1677 1656 1801 1689 fiducia
1824 1657 1868 1689 ad
1905 1656 2015 1690 filium
2041 1657 2107 1693 Dei

1117 1705 1372 1748 confugiamus.
1417 1704 1512 1738 Haec
1529 1711 1598 1745 est,
1620 1713 1657 1739 ut
1675 1706 1787 1744 scitis,
1815 1707 1995 1741 doctrinae
2011 1720 2107 1743 sum-

1117 1767 1194 1795 ma,
1229 1757 1271 1788 de
1307 1755 1443 1789 iusticia
1474 1756 1573 1793 fidei,
1607 1768 1666 1789 seu
1704 1758 1747 1789 de
1776 1758 2039 1800 regeneratione
2073 1768 2107 1795 et

1117 1806 1214 1838 aditu
1231 1807 1272 1839 ad
1291 1807 1399 1839 vitam
1416 1813 1604 1840 aeternam.
1659 1806 1849 1841 Videamus
1861 1808 2006 1853 reliqua.
2054 1809 2106 1844 Ne

1117 1856 1193 1889 fieri
1217 1856 1360 1900 quidem
1377 1863 1506 1900 potest,
1536 1863 1574 1889 ut
1590 1854 1746 1890 Ecclesia
1764 1858 1807 1892 sit
1823 1859 1897 1892 sine
1912 1859 2008 1892 cultu
2026 1861 2106 1903 Dei,

1117 1907 1191 1940 sine
1209 1907 1404 1948 sacrificiis,
1430 1907 1504 1940 siue
1519 1907 1622 1940 bonis
1641 1908 1824 1952 operibus,
1851 1909 1926 1942 sine
1946 1912 2107 1944 certami-

1117 1957 1233 1992 nibus.
1285 1956 1368 1991 Ideo
1385 1958 1479 1991 enim
1498 1957 1591 1991 Deus
1605 1959 1758 1993 restituit
1772 1971 1880 2002 genus
1897 1958 2105 2004 humanum,

1116 2015 1155 2042 ut
1180 2008 1272 2042 inter
1297 2006 1458 2042 homines
1485 2008 1593 2053 ipsius
1616 2010 1744 2042 noticia
1764 2011 1876 2043 luceat
1895 2023 1933 2044 ac
1950 2011 2104 2045 celebre-

1115 2067 1189 2093 tur:
1221 2071 1328 2105 quare
1350 2060 1464 2093 cultus
1488 2066 1521 2092 et
1543 2060 1653 2092 officia
1673 2067 1763 2093 certa
1789 2061 1952 2104 postulat.
2007 2062 2100 2096 Num

1116 2108 1200 2143 haec
1225 2110 1377 2153 neglexit
1402 2111 1490 2143 latro
1516 2111 1740 2151 emendatus,
1764 2123 1848 2144 num
1868 2112 1949 2156 quia
1970 2115 2101 2157 pende-

1115 2162 1174 2194 bat
1190 2162 1307 2194 nudus
1322 2173 1360 2194 ac
1377 2161 1533 2199 vinetus,
1558 2161 1654 2194 nulla
1674 2161 1786 2194 officia
1804 2161 1879 2195 Deo
1906 2165 2104 2207 praestitit?

1117 2211 1179 2244 ltle
1198 2223 1279 2245 vero
1299 2212 1502 2255 praecipuos
1519 2209 1670 2244 honores
1687 2209 1828 2246 Christo
1847 2213 1988 2255 tribuit,
2014 2227 2101 2259 quos

1114 2262 1209 2296 Deus
1225 2262 1261 2294 in
1281 2262 1403 2306 primis
1422 2262 1571 2305 flagitat:
1606 2263 1675 2304 agit
1694 2263 1966 2305 poenitentiam,
1992 2277 2100 2308 agno-

1114 2313 1177 2346 scit
1200 2324 1301 2345 suum
1327 2313 1454 2353 scelus,
1493 2320 1583 2345 recte
1607 2313 1711 2346 sentit
1741 2314 1784 2346 de
1809 2311 1875 2347 boc
1900 2315 2100 2357 liberatore,

1114 2361 1205 2396 nihil
1236 2363 1422 2397 deterritus
1458 2363 1514 2396 illa
1541 2363 1733 2396 miserabili
1764 2364 1877 2408 specie
1907 2366 2100 2407 morientis,

1114 2415 1254 2448 invocat
1269 2426 1360 2447 eum.
1410 2412 1506 2446 Haec
1522 2420 1603 2447 sunt
1619 2426 1697 2447 vere
1712 2414 1767 2458 pia
1785 2427 1901 2459 opera.
1955 2414 2099 2450 Accedit

1115 2473 1148 2499 et
1172 2464 1361 2498 dimicatio.
1424 2463 1635 2509 Quanquam
1655 2465 1747 2497 enirn
1770 2467 1898 2509 pendet
1913 2467 2099 2500 semivivus

1115 2529 1152 2549 ac
1184 2515 1341 2548 laceratis
1370 2515 1555 2555 membris,
1588 2522 1703 2549 tamen
1733 2516 1829 2549 venit
1858 2517 1894 2549 in
1924 2524 2097 2550 certamen

1115 2579 1192 2600 cum
1218 2566 1472 2606 conviciatore,
1507 2579 1577 2611 quo
1602 2577 1719 2600 severe
1742 2566 1906 2610 castigato
1931 2575 1963 2601 et
1977 2568 2098 2600 obiur-

1114 2624 1208 2661 gato,
1234 2617 1390 2650 defendit
1412 2614 1543 2650 Christi
1567 2616 1725 2660 gloriam.
1778 2616 1873 2651 Haec
1896 2624 1946 2651 est
1964 2618 2097 2650 confes-

1114 2669 1165 2702 sio
1177 2695 1184 2709 ,
1212 2680 1315 2714 quam
1332 2667 1451 2713 quanti
1466 2665 1681 2709 saciatDeus,
1706 2680 1804 2712 saepe
1815 2680 1932 2701 mone:
1949 2667 2097 2711 scriptu-
