2338 2958
202 154 278 192 463

740 139 902 177 DECL.
953 139 1028 176 DE
1061 139 1329 178 SEBALDO
1364 138 1699 180 MUNSTERO.

2159 144 2233 183 464

205 251 273 287 que
290 238 338 272 sic
361 237 504 271 affectus
526 238 595 270 est,
623 240 702 263 eum
723 227 822 261 nulla
840 227 1068 273 quantumvis
1092 239 1192 262 saeva
1245 240 1321 261 mae
1350 226 1470 260 uxoris
1500 226 1665 268 interitu,
1698 226 1872 273 quidquid
1904 228 2095 264 cruciabile
2116 230 2174 264 vel
2195 231 2235 266 in

206 296 391 334 tempestas
408 282 593 320 concutiet.
621 279 669 315 Et
685 279 727 320 si,
753 285 793 312 ut
809 278 869 311 ille
885 278 943 319 ait,
965 279 1095 313 fractus
1113 280 1193 313 illa-

206 342 311 376 batur
329 338 441 375 orbis,
467 334 594 367 ferient
611 330 829 375 impavidum
848 330 984 363 ruinae.

309 386 486 423 Praestitit
510 395 590 417 vero
621 393 700 425 erga
726 392 954 426 quoscunque
989 380 1103 424 potuit
1132 381 1195 413 be-

207 441 411 484 nignitatem
447 434 592 469 homine
622 430 826 466 Christiano
859 431 1021 473 dignam,
1058 443 1194 465 summa

205 492 385 525 voluntate
402 487 531 532 quibus
550 483 676 528 potuit,
701 488 735 515 et
751 493 798 522 re,
826 487 859 514 et
877 481 1039 525 consilio,
1067 489 1099 515 et
1116 481 1195 514 osli-

205 542 259 576 cio
291 537 497 576 inservivit,
539 546 681 568 omnem
712 532 779 566 sibi
802 531 895 565 diem
923 532 1065 575 periisse
1088 539 1195 570 ratus,

205 604 276 638 quo
293 602 365 623 non
381 586 549 622 beneficio
564 584 729 629 quopiam
748 582 900 627 aliquem
918 582 984 615 sibi
1002 582 1196 616 demeruis-

204 649 266 677 set.
320 639 482 683 Denique
500 637 536 669 in
554 648 593 669 eo
610 635 685 679 ipso
701 633 950 666 beneficentiae
968 645 1072 666 cursu
1088 633 1195 665 vitam

206 691 360 737 reliquit.
412 688 501 722 Nam
524 688 608 720 dum
633 695 691 718 eos
709 683 770 728 qui
794 683 949 727 pestiferi
973 683 1089 716 morbi
1112 694 1197 716 con-

205 743 296 787 tagio
321 739 438 774 infesti
463 743 577 774 erant,
605 735 642 767 in
659 735 803 767 domum
820 744 918 766 suam
939 733 1090 777 benigne
1107 733 1198 785 acci-

205 795 276 839 pit,
312 793 395 825 dum
422 789 525 822 etiam
557 798 576 819 a
598 796 718 818 mensa
747 795 821 816 non
852 790 963 824 arcet,
997 785 1081 817 dum
1106 783 1198 817 vitae

206 855 328 878 eorum
358 853 396 875 ac
418 838 522 872 saluti
551 836 751 870 consultum
775 833 890 878 cupit,
930 835 1013 867 dum
1041 834 1197 868 morien-

206 895 300 930 tibus
326 893 442 931 adest,
479 889 562 922 dum
588 885 799 920 famularum
823 885 947 917 eodem
972 885 1096 918 morbo
1120 896 1200 918 cor-

206 951 385 989 reptarum
411 948 616 982 congressus
639 947 752 981 neque
776 936 850 979 ipse
873 946 936 968 nec
963 947 1052 968 uxor
1073 935 1199 975 vitant,

207 1007 262 1029 eas
293 993 445 1036 benigne
479 991 599 1023 fovent
628 992 842 1030 curamque,
883 983 1098 1020 contrahunt
1132 985 1199 1019 sibi

207 1046 354 1080 eandem
373 1043 486 1082 luem,
513 1051 581 1085 qua
598 1044 631 1071 et
646 1037 737 1070 intra
755 1047 884 1081 paucos
902 1036 976 1069 dies
992 1037 1096 1069 ambo
1114 1048 1199 1069 con-

208 1094 338 1140 sumpti
363 1099 456 1126 sunt.
511 1089 650 1132 Quibus
667 1087 753 1132 quid
770 1086 867 1119 aliud
890 1086 997 1119 vitam
1015 1087 1200 1120 abstulisse

208 1149 384 1184 dicamus,
410 1152 515 1187 quam
532 1140 690 1184 ipsorum
707 1137 810 1170 fidem
825 1143 858 1169 et
870 1137 1150 1179 benignitatem?

295 1195 408 1229 Porro
424 1192 586 1236 pietatem
605 1200 703 1221 suam
719 1198 798 1229 erga
815 1184 1009 1226 Christum,
1036 1193 1068 1220 et
1084 1187 1200 1224 fidem,

207 1248 341 1283 Doctor
360 1242 532 1278 Sebaldus
558 1239 613 1271 vel
637 1237 823 1282 praecipue
841 1236 1050 1276 declaravit,
1077 1236 1115 1268 in
1135 1234 1202 1269 hoc

208 1306 361 1333 extremo
385 1303 502 1327 rerum
529 1300 671 1323 suarum
693 1293 792 1326 actu,
818 1286 878 1331 qui
894 1286 1008 1330 qualis
1031 1286 1200 1331 cuiusque

208 1353 365 1383 anteacta
392 1343 464 1376 vita
494 1340 618 1380 suerit,
658 1338 856 1382 plerunque
889 1337 977 1369 solet
1005 1337 1201 1371 ostendere.

207 1399 289 1433 Non
313 1395 407 1429 enim
429 1393 530 1426 illurn
555 1388 714 1432 coniugis
730 1387 882 1431 optimae
908 1394 940 1421 et
957 1387 1203 1421 dilectissimae

208 1448 390 1484 interitus,
425 1454 514 1489 quae
538 1440 658 1485 paucis
681 1445 761 1472 ante
780 1438 895 1482 ipsum
916 1435 1015 1471 horis
1032 1439 1121 1472 elata
1139 1444 1202 1478 est,

209 1512 284 1534 non
301 1495 468 1531 violentia
491 1491 609 1526 morbi
633 1488 925 1533 ingravescentis,
952 1500 1025 1522 non
1048 1495 1098 1522 tot
1122 1500 1203 1532 par-

209 1562 335 1584 vorum
358 1547 552 1580 liberorum
573 1542 725 1581 orbitas,
750 1538 925 1579 solitudO,
953 1546 1103 1582 egestas,
1130 1551 1203 1572 non

210 1600 317 1640 haec,
344 1599 510 1642 inquam,
535 1601 606 1627 tam
625 1591 734 1625 multa
755 1596 896 1633 tamque
919 1590 1036 1632 gravia
1056 1590 1203 1622 vulnera

210 1653 312 1686 illum
329 1649 372 1681 ab
398 1659 457 1684 eo,
484 1645 522 1677 in
539 1654 608 1688 quo
627 1640 848 1677 constiterat,
875 1640 1004 1682 gradu,
1030 1637 1204 1673 Christia-

211 1713 277 1735 nae
299 1695 515 1733 constantiae
542 1700 574 1727 et
604 1691 791 1737 patientiae
816 1696 1009 1734 potuerunt
1036 1690 1203 1724 deiicere:

212 1753 283 1785 imo
307 1747 498 1782 insultabat
520 1745 579 1777 ille
603 1742 739 1782 dolori,
763 1740 955 1774 insultabat
976 1741 1122 1781 morbo,
1150 1740 1206 1773 in-

211 1801 364 1837 sultabat
381 1797 534 1840 denique
553 1793 671 1827 morti.
721 1790 811 1825 Cum
828 1791 921 1824 enim
940 1791 1042 1824 amici
1059 1791 1204 1836 quidam

213 1849 420 1888 consolandi
438 1857 538 1880 causa
556 1845 670 1888 ipsum
688 1841 866 1881 adiissent,
893 1841 1011 1885 paucis
1030 1848 1110 1875 ante
1127 1841 1206 1873 obi-

213 1911 287 1939 tum
306 1899 416 1939 horis,
439 1896 592 1931 ostendit
611 1894 681 1927 illis
696 1889 880 1925 anthraces
898 1898 931 1925 et
947 1892 1106 1935 pestifera
1124 1889 1206 1924 hul-

214 1965 291 1989 cera
308 1962 396 1997 quae
413 1949 449 1981 in
469 1958 575 1980 manu
591 1952 624 1979 et
640 1941 783 1977 brachio
802 1949 1007 1986 eruperant:
1038 1940 1085 1975 Et
1100 1953 1204 1987 quam

214 2004 326 2039 vobis,
353 1999 482 2045 inquit,
509 1998 593 2030 istae
610 1993 767 2028 armillae
787 1999 819 2026 et
836 1993 1034 2037 praeciosae.
1051 2004 1206 2035 gemmae

215 2056 374 2100 placent,
411 2050 541 2095 quibus
576 2058 630 2079 me
664 2042 828 2077 Christus
868 2055 966 2076 meus
1001 2042 1206 2076 exornavit?

215 2105 375 2147 Cumque
404 2101 475 2133 illis
506 2097 572 2132 hoc
603 2096 735 2130 dictum
760 2091 956 2139 lachrymas
987 2093 1205 2127 excussisset:

218 2154 344 2199 Atqui,
371 2163 432 2184 vos
454 2148 556 2187 haec,
593 2146 726 2191 inquit,
762 2144 966 2189 neutiquam
992 2144 1075 2178 vilia
1100 2155 1206 2177 orna-

218 2210 333 2239 menta
354 2199 602 2236 iudicaveritis,
621 2208 700 2230 cum
719 2193 785 2229 hoc
803 2195 896 2227 enim
914 2195 1062 2238 nuptiali
1081 2194 1206 2227 vestitu

217 2257 259 2289 ad
281 2254 426 2288 coeleste
447 2249 648 2284 convivium
670 2258 748 2279 cum
765 2243 907 2279 Christo
926 2257 1002 2278 meo
1027 2246 1062 2277 iu
1085 2256 1207 2289 perpe-

219 2315 317 2342 tuum
336 2302 583 2337 celebrandum
602 2309 678 2331 sum
695 2297 820 2330 iturus.
855 2295 913 2329 Sic
930 2297 971 2329 ad
991 2296 1078 2330 illud
1097 2302 1208 2328 aeter-

219 2369 303 2391 num
332 2350 707 2399 praestantissimarum
740 2359 778 2380 ac
809 2347 1107 2380 sanctissimarum
1132 2345 1208 2379 aoi-

220 2417 356 2442 marum
393 2402 581 2437 concilium
609 2399 844 2441 migraturus,
878 2397 926 2430 sic
954 2398 1106 2442 denique
1134 2395 1207 2430 Deo

221 2454 433 2498 redemptori
451 2465 526 2485 meo
545 2450 736 2495 placiturus
755 2460 845 2481 sum.

323 2505 398 2539 llac
416 2514 516 2536 voces
533 2501 614 2534 satis
631 2499 826 2537 declarant,
861 2497 912 2530 illi
932 2498 998 2530 iam
1017 2505 1096 2530 ante
1112 2508 1208 2530 mor-

223 2568 312 2598 tem,
339 2567 477 2588 omnem
503 2563 641 2585 sensum
667 2549 780 2582 morbi
801 2549 993 2593 mortisque
1011 2554 1208 2592 exemptum

222 2610 344 2647 fuisse,
373 2612 405 2638 et
424 2605 535 2647 ipsum
556 2603 621 2633 iam
641 2608 713 2634 tum
731 2612 809 2633 cum
828 2597 910 2631 haee.
929 2600 1074 2638 diceret,
1100 2598 1209 2630 oculis

223 2661 293 2694 suis
310 2660 344 2691 in
364 2657 458 2689 illam
477 2661 650 2686 aeternam
668 2652 782 2683 sedem
797 2651 993 2682 foelicitatis
1011 2649 1207 2694 respexisse.

225 2707 408 2755 Qtiithuid
428 2705 519 2738 enim
539 2701 670 2735 doloris
688 2701 722 2733 in
745 2701 863 2734 auimo
887 2698 1040 2734 haeserat
1058 2712 1096 2733 ex
1118 2699 1210 2744 opti

1246 277 1502 322 aegrotatione,
1528 278 1584 310 vel
1601 278 1639 310 in
1655 284 1768 312 morte
1789 279 1920 322 fuerat,
1946 281 2114 327 quicquid
2132 293 2237 316 curae

1247 336 1307 363 aut
1331 328 1502 361 moeroris
1526 328 1580 361 illi
1603 328 1758 362 filiorum
1781 329 1914 363 orbitas
1937 332 2061 365 afferre
2089 338 2238 376 poterat,

1247 381 1282 413 id
1299 379 1504 412 universum
1523 379 1707 412 tolerabile
1731 378 1797 413 sibi
1821 380 2038 421 reddiderat,
2061 383 2238 428 planeque

1247 436 1489 474 superaverat,
1519 429 1601 474 quia
1624 440 1660 463 se
1682 436 1795 464 totum
1812 430 2004 465 tradiderat
2017 432 2158 467 divinae
2173 445 2239 467 vo-

1249 480 1390 514 luntati.

1350 530 1478 564 Laetus
1494 528 1602 571 igitur
1618 540 1658 562 ac
1674 530 1771 564 velut
1786 528 2010 575 triumphans
2031 543 2071 565 ex
2088 530 2154 567 bac
2166 533 2239 568 vita

1250 581 1453 625 emigravit,
1476 580 1547 613 imo
1573 591 1656 613 vero
1675 591 1715 613 ex
1738 581 1894 615 tenebris
1917 588 1951 616 et
1973 589 2105 624 morte,
2130 583 2168 617 in
2182 584 2241 618 lu-

1250 645 1342 673 cem,
1377 643 1566 675 veramque
1590 642 1628 664 ac
1653 637 1830 665 aeternam
1852 631 1960 665 vitam
1987 633 2241 676 commigravit.

1250 683 1369 728 Atque
1401 682 1506 714 talem
1543 681 1686 726 quidem
1719 682 1812 715 vitae
1853 683 1985 716 exitum
2020 683 2087 716 soli
2120 684 2243 723 sancti,

1250 731 1462 777 Christoque
1482 744 1544 776 per
1565 732 1667 765 fidem
1690 732 1783 766 uniti
1802 733 2018 775 sortiuntur,
2042 740 2082 767 ut
2098 735 2141 767 de
2159 734 2243 768 divo

1252 781 1432 828 Stephano
1451 783 1627 826 praeclare
1644 782 1776 816 dictum
1792 791 1859 818 est:

1379 834 1444 866 Ibat
1459 846 1550 865 orans
1566 838 1672 865 animis
1688 843 1717 866 et
1733 847 1784 876 spe
1801 847 1854 867 sua
1869 837 1975 867 damna
1989 838 2116 867 levabat.

1251 883 1301 917 Hi
1324 883 1418 917 enim
1438 883 1504 917 soli
1530 890 1697 924 mortem,
1722 886 1765 918 ad
1786 885 1885 919 cuius
1904 885 2026 918 saltem
2042 896 2173 919 nornen
2188 885 2246 919 vel

1253 934 1469 968 mentionem
1495 939 1590 967 totus
1617 933 1713 967 orbis
1735 935 1993 976 contremiscit,
2020 942 2247 970 contemnere

1253 985 1464 1019 didicerunt.
1518 982 1567 1017 Hi
1586 984 1722 1025 dolori,
1749 985 1981 1029 aegritudini,
2009 986 2182 1027 moerori,
2208 986 2246 1019 in

1255 1036 1400 1069 summis
1443 1041 1477 1069 et
1514 1035 1747 1069 acerbissimis
1786 1036 2050 1070 adflictionibus
2089 1037 2246 1070 medium

1253 1097 1407 1130 unguem
1432 1086 1617 1120 ostendere
1640 1093 1785 1120 norunt.
1844 1085 1904 1121 Sic
1929 1084 2093 1120 Christus
2116 1087 2154 1119 in
2176 1087 2248 1121 suis

1254 1148 1332 1169 cum
1356 1136 1506 1168 maxime
1530 1135 1690 1168 infirmus
1712 1136 1871 1177 videtur,
1896 1137 2109 1171 fortissimus
2135 1137 2249 1171 victor

1254 1186 1381 1221 existit.
1434 1185 1493 1220 Sic
1520 1185 1579 1219 ille
1603 1185 1709 1218 semel
1742 1193 1874 1227 morte,
1904 1194 2064 1231 peccato,
2100 1194 2132 1221 et
2157 1187 2249 1221 infe

1255 1248 1376 1269 rorum
1419 1235 1529 1279 portis
1569 1235 1794 1278 expugnatis,
1846 1237 2139 1280 gloriosissimum
2179 1238 2250 1282 egit

1255 1283 1495 1330 triumphum:
1530 1285 1580 1318 sic
1604 1282 1720 1319 adhuc
1744 1286 1903 1331 quotidie
1930 1299 1992 1331 per
2013 1295 2150 1323 sanctos
2167 1299 2249 1323 suos

1256 1333 1465 1380 triumphat.

1358 1387 1427 1421 Sed
1446 1387 1551 1420 redeo
1569 1386 1613 1419 ad
1630 1384 1820 1420 Doctorem
1840 1385 2046 1429 Sebaldum,
2074 1389 2175 1422 cuius
2193 1389 2250 1422 in-

1258 1437 1398 1478 teritus,
1439 1437 1493 1471 vel
1518 1436 1635 1481 potius
1664 1437 1832 1471 transitus
1856 1438 1893 1470 in
1925 1439 2105 1472 meliorem
2131 1439 2251 1480 vitam,

1256 1488 1366 1532 ipsius
1393 1488 1535 1533 quidem
1562 1499 1662 1520 causa
1688 1488 1792 1521 nobis
1811 1489 1925 1522 dolori
1950 1500 2022 1522 esse
2043 1500 2114 1523 non
2137 1490 2252 1524 debet.

1257 1537 1347 1573 Nam
1365 1551 1405 1571 eo
1422 1539 1564 1584 quidem
1582 1545 1749 1582 tempore,
1773 1550 1884 1584 eoque
1902 1546 1992 1574 statu
2008 1551 2126 1574 rerum
2142 1540 2251 1575 vitam

1257 1589 1420 1634 reliquit,
1453 1601 1522 1633 quo
1541 1585 1632 1620 nihil
1652 1589 1843 1622 admodum
1864 1589 1977 1633 ipsum
1997 1591 2040 1623 ad
2060 1590 2252 1625 vivendum

1257 1639 1372 1684 potuit
1394 1638 1557 1672 invitare.
1619 1638 1669 1671 Ita
1695 1650 1778 1671 vero
1802 1647 1919 1673 sancte
1943 1641 2069 1686 pieque
2091 1648 2253 1675 mortuus

1258 1696 1326 1730 est,
1351 1696 1391 1723 ut
1414 1696 1483 1722 tam
1509 1688 1612 1721 nobis
1635 1695 1768 1721 certum
1795 1700 1868 1722 esse
1893 1690 2016 1723 debeat
2045 1691 2159 1734 ipsum
2182 1692 2250 1724 iam

1258 1752 1336 1773 cum
1363 1736 1586 1777 Abrahamo
1629 1737 1785 1778 Das-ide,
1827 1740 1909 1773 divo
1938 1739 2069 1782 Paulo,
2106 1742 2253 1787 aliisque

1258 1790 1404 1830 sanctis,
1429 1802 1508 1823 cum
1527 1787 1669 1823 Christo
1691 1789 1842 1834 denique
1860 1790 1928 1823 frui
1954 1799 2093 1824 aeterna
2113 1792 2254 1836 sapien-

1260 1841 1326 1880 tia,
1351 1847 1564 1884 aeternoque
1592 1840 1780 1883 splendore
1804 1852 1842 1873 ac
1866 1841 2011 1874 veritate
2034 1841 2110 1875 Dei.
2163 1841 2254 1884 Hoc,

1260 1891 1417 1935 inquam,
1445 1897 1514 1924 tam
1531 1896 1664 1923 certum
1681 1890 1784 1923 nobis
1801 1902 1873 1924 esse
1891 1891 2011 1931 debet,
2039 1904 2144 1937 quam
2161 1900 2254 1927 certa

1260 1946 1419 1983 efflsuift,
1447 1952 1536 1986 quae
1555 1940 1667 1973 oculis
1688 1941 1883 1979 cernimus,
1911 1954 2070 1988 quaeque.
2090 1944 2256 1978 manibus

1261 1992 1453 2036 palpamus,
1507 1988 1551 2024 Et
1566 1997 1603 2023 ut
1622 2002 1746 2033 magna
1765 1988 1848 2024 haec
1873 1999 1921 2025 est
1939 1994 2132 2027 consolatio
2148 1991 2256 2028 Chri-

1261 2042 1383 2075 stianis
1408 2041 1607 2082 mentibus,
1640 2053 1718 2074 cum
1745 2042 1867 2075 fratres
1899 2054 1980 2075 suos
2010 2044 2150 2084 vident,
2183 2051 2255 2079 tam

1261 2093 1376 2126 foelici
1395 2093 1466 2126 sato
1484 2092 1639 2135 defungi,
1666 2091 1733 2124 sibi
1752 2104 1891 2137 quoque
1909 2100 2057 2127 mortem
2077 2095 2196 2135 talem,
2220 2102 2256 2130 et

1261 2144 1406 2176 eandem
1441 2149 1601 2176 aeternae
1630 2143 1828 2176 foelicitatis
1860 2142 2109 2178 haereditatem
2135 2145 2255 2180 animo

1262 2201 1510 2238 proponentes,
1538 2194 1584 2226 ita
1605 2191 1687 2226 huic
1702 2195 1836 2227 mundo
1855 2193 1948 2228 Deus
1966 2196 2172 2238 gravissime
2187 2196 2256 2229 mi

1262 2251 1386 2284 natur,
1414 2256 1492 2277 cum
1516 2250 1653 2277 sanctos
1678 2255 1759 2276 suos
1776 2245 1818 2277 ad
1845 2257 1880 2279 se
1902 2253 2060 2285 revocat,
2087 2258 2166 2280 cnm
2191 2259 2255 2292 per

1262 2302 1409 2329 mortem
1426 2295 1528 2339 eripit
1548 2294 1750 2338 ingentibus
1766 2297 1887 2338 malis,
1913 2297 2043 2342 quibus
2060 2297 2187 2343 impios
2204 2303 2254 2332 est

1263 2346 1464 2390 puniturus.

1363 2394 1485 2429 Esaias
1510 2395 1572 2428 ait:
1611 2393 1745 2429 lustum
1771 2395 1936 2436 interire,
1971 2403 2002 2431 et
2034 2395 2195 2432 homines
2218 2398 2254 2432 id

1264 2446 1410 2479 minime
1424 2446 1664 2480 considerare:
1692 2454 1829 2480 sanctos
1845 2447 1962 2491 colligi
2009 2446 2095 2486 Deo,
2115 2449 2256 2482 nemine

1264 2497 1297 2529 id
1316 2497 1534 2530 observante.
1571 2495 1661 2529 Cum
1681 2497 1745 2540 ipsi
1762 2498 1987 2531 atrocissimis
2003 2498 2140 2541 poeuis,
2168 2510 2258 2545 quae

1263 2554 1344 2581 suut
1361 2558 1589 2592 oppressurae
1608 2547 1751 2591 impios,
1777 2554 1890 2581 morte
1907 2559 1966 2582 sua
1989 2549 2196 2591 liberentur,
2223 2556 2258 2584 et

1265 2605 1341 2642 post
1367 2596 1458 2631 hanc
1482 2597 1589 2631 vitam
1620 2605 1759 2631 aeterna
1788 2598 1904 2643 quiete.
1930 2610 1968 2631 ae
1997 2601 2257 2645 tranquillitate

1266 2650 1513 2692 perfruantur,
1539 2655 1691 2682 caeteros
1716 2655 1748 2682 et
1775 2648 1810 2681 in
1837 2648 1971 2694 reliqua
1997 2650 2067 2683 vita
2091 2657 2256 2685 maneant

1264 2697 1452 2733 horribiles
1474 2700 1612 2743 plagae,
1639 2706 1671 2732 et
1695 2706 1771 2743 post
1793 2711 1868 2732 eam
1893 2701 2098 2745 sempiterni
2123 2702 2255 2736 insero-
