2338 2958
193 128 242 165 95

193 219 258 259 rit,
285 222 319 250 et
342 212 437 260 quod
456 211 493 245 in
512 221 618 253 regno
636 205 871 242 difficilimum
889 212 962 248 est,
986 205 1185 239 retinuerit.

196 269 383 304 Praetereo
422 274 509 309 quae
549 261 588 293 in
624 258 797 292 adeundis
833 256 999 302 periculis
1029 256 1184 290 contatio

193 319 311 359 suerit,
337 327 425 362 quae
441 310 635 347 constantia
651 309 688 341 in
703 308 919 353 perferendis
934 307 1051 343 suerit.
1102 305 1184 340 Non

195 372 275 407 dico
297 372 427 414 quanta
449 363 602 397 suavitas
624 361 662 393 in
678 360 847 393 familiari
863 369 1051 402 congressu
1069 357 1185 398 fuerit,

195 428 326 469 quanta
351 418 388 450 in
412 424 572 448 sermone
599 411 799 452 urbanitas,
826 417 957 456 quanta
981 408 1114 452 ingenii
1128 420 1184 441 ar-

194 472 289 518 gutia
315 466 432 502 fuerit.
484 463 565 497 Non
590 474 826 496 commemoro
853 460 1034 493 scientiam
1058 458 1108 491 rei
1132 458 1185 491 fa-

195 520 345 558 miliaris
367 515 634 561 gubernandae,
667 524 755 558 quae
778 513 845 546 suit
868 511 905 544 iu
931 510 992 543 illo
1017 510 1124 549 mira,
1151 515 1185 542 et

196 586 264 620 qua
279 580 394 614 nuper
406 578 583 601 annonam
602 565 899 607 ingravescentem
916 561 1056 594 laxavit.
1089 559 1185 593 Haec

195 622 313 659 omnia
339 619 458 653 animo
482 616 670 660 repetenda
693 621 776 648 sunt
797 613 916 653 vobis,
957 618 992 645 et
1015 611 1184 644 memoria

195 673 354 710 omnium
377 670 474 703 illius
496 668 667 701 virtutum
692 677 730 698 ac
753 664 961 697 meritorum
977 662 1187 703 revocanda,

194 734 232 762 ut
250 720 452 768 expendatis
466 719 630 764 primum,
657 722 824 761 quantam
834 713 910 748 Deo
927 725 991 758 pro
1006 712 1185 746 taliPrin—

195 778 271 821 cipe
294 772 461 818 gratiam,
488 769 615 803 deinde
637 773 804 813 quantam
820 765 929 810 ipsius
946 763 1109 797 manibus
1126 764 1186 796 de-

194 830 359 865 beamus,
385 821 484 856 nulla
506 826 598 854 aetas
620 830 660 851 ex
684 817 811 850 animis
836 815 964 850 nostris
980 814 1186 848 memoriam

196 885 313 914 tantae
331 872 470 908 virtutis
485 883 523 904 ac
540 869 792 903 beneficiorum
809 868 927 900 delere
944 865 1057 901 debet.
1084 863 1187 899 Ami-

195 932 240 964 sit
263 926 376 964 euim,
408 922 555 956 miseros
578 931 659 961 nos,
693 918 806 964 patria
828 930 900 951 non
923 923 1060 951 tantum
1082 915 1187 949 Prin-

196 981 310 1025 cipem
329 976 454 1011 utilem
471 985 508 1006 ac
524 972 732 1012 salutarem,
760 977 794 1004 et
811 969 1000 1003 diuturnae
1016 967 1110 1011 pacis
1126 979 1185 1000 cu-

197 1031 354 1069 stodem,
386 1026 445 1060 sed
471 1030 602 1069 patrem
625 1022 728 1056 etiam
755 1033 775 1054 a
797 1033 866 1066 quo
890 1019 994 1053 bonis
1020 1019 1188 1052 omnibus

197 1083 303 1117 rebus
328 1082 493 1112 exornata
516 1081 576 1109 est.
629 1072 780 1107 Divinos
801 1069 956 1105 honores
979 1075 1188 1104 meruerunt

197 1130 346 1171 alicubi,
372 1128 434 1174 qui
458 1126 630 1160 culturam
655 1136 818 1167 agrorum
845 1122 1094 1156 ostenderunt:
1118 1120 1187 1154 Hic

197 1192 362 1228 agrorum
392 1179 587 1218 culturam,
620 1175 865 1209 educationem
897 1172 1049 1212 sobolis,
1083 1178 1187 1217 atque

197 1232 479 1270 iustitutionem,
512 1227 791 1271 negociationem
822 1223 1103 1258 constantissime
1131 1230 1187 1256 tu-

197 1293 290 1322 tatus
315 1290 381 1321 est,
409 1292 491 1325 pace
515 1291 576 1324 per
602 1285 652 1311 tot
678 1288 789 1310 annos
812 1282 1028 1309 conservata.
1086 1273 1187 1307 Ami-

199 1341 323 1371 serunt
346 1340 378 1366 et
401 1330 517 1365 studia
538 1336 658 1363 nostra
675 1327 934 1366 Maecenatem,
962 1336 1065 1358 nemo
1093 1324 1186 1357 enim

196 1385 424 1428 Principum,
452 1380 591 1424 ingenia
612 1385 671 1412 aut
690 1384 789 1411 norat
806 1377 932 1409 melius
949 1382 1009 1409 aut
1023 1375 1110 1408 aluit
1126 1376 1183 1408 be-

196 1437 352 1482 nigniuS.
407 1431 536 1466 Amisit
560 1430 723 1464 universa
742 1426 934 1461 Germania
955 1425 1106 1460 Senatus
1122 1426 1188 1458 im-

197 1489 286 1535 perii
303 1484 516 1527 Principem.
573 1480 614 1514 In
638 1477 706 1513 hoc
728 1479 922 1523 plurimum
944 1476 1050 1510 bonis
1070 1477 1189 1509 omni-

196 1543 264 1575 hus
293 1534 458 1583 praesidii
491 1539 582 1573 erat,
614 1532 656 1564 ad
687 1528 782 1563 hune
812 1528 970 1573 proxime
1001 1527 1037 1559 in
1062 1538 1189 1569 magno

198 1588 412 1626 Germaniae
435 1582 637 1618 discrimine
661 1580 859 1614 detulerant
880 1590 996 1612 rerum
1015 1589 1189 1610 summam

198 1651 321 1677 omnes
351 1636 512 1675 ordines,
547 1632 652 1667 huius
676 1630 883 1675 sapientiam
909 1636 942 1662 et
967 1628 1188 1661 autoritatem

199 1691 401 1727 iudicabant
418 1698 534 1732 paren·
554 1697 625 1717 esse
641 1683 794 1727 gerendo
811 1680 972 1723 imperio,
1000 1676 1094 1711 hunc
1111 1686 1189 1711 tan-

199 1738 515 1790 quam-oraculum
545 1735 688 1780 aliquod
713 1734 749 1766 in
775 1731 948 1774 ambiguis
975 1731 1080 1763 relius
1106 1741 1189 1763 con—

199 1794 371 1829 sulebant.
424 1786 468 1822 Et
494 1787 640 1820 amissus
662 1792 711 1818 est
731 1782 798 1816 lioc
821 1790 995 1825 tempore,
1020 1792 1100 1814 cum
1119 1787 1190 1815 tota

199 1842 392 1880 Germania
411 1839 503 1873 civili
522 1838 614 1871 bello
633 1837 750 1874 ardet,
775 1840 807 1867 et
824 1841 859 1867 ut
880 1833 938 1865 ille
957 1832 1063 1865 dixit:

305 1896 432 1926 vicinae
451 1895 544 1933 ruptis
563 1894 637 1921 inter
655 1902 684 1920 se
702 1890 816 1927 legibus
834 1889 920 1917 urbes

304 1948 397 1979 Arma
413 1948 511 1975 lerunt
524 1968 531 1981 ,
557 1944 645 1973 saevit
665 1948 726 1971 toto
743 1939 821 1969 Mars
838 1942 947 1979 impius
965 1938 1044 1967 orbe.

199 1998 359 2042 Cumque
389 1996 428 2027 ad
459 1991 709 2026 restituendam
734 1999 870 2033 pacem,
897 1988 938 2019 ad
965 1986 1079 2029 legum
1106 1983 1190 2017 reli-

200 2049 385 2092 gionisque
409 2043 712 2080 emendationem,
744 2037 851 2072 liuius
873 2037 1077 2076 autoritate,
1107 2047 1190 2079 pru—

201 2099 319 2134 dentia
349 2105 381 2130 et
413 2095 520 2128 animi
553 2091 796 2133 magnitudine
824 2089 972 2121 maxime
994 2098 1081 2131 opus
1106 2093 1190 2120 erat.

201 2151 320 2185 Nolim
345 2147 473 2191 patria«¹
497 2146 585 2178 ntale-
603 2142 771 2181 onnnari,
798 2149 832 2174 at
852 2148 969 2173 nwtun
989 2146 1120 2175 tamen,
1149 2149 1191 2169 ne

201 2201 298 2236 Deus
321 2200 428 2232 iratus
453 2196 551 2229 terris
569 2193 663 2227 hunc
682 2192 847 2236 eripuerit
862 2218 870 2231 ,
899 2203 940 2223 ne.
958 2202 1060 2234 quem
1083 2186 1189 2221 liabe-

202 2263 319 2286 remns
344 2251 508 2282 idonenin
539 2246 696 2290 publicae
725 2243 817 2287 pacis
843 2249 1010 2275 autori-ni.
1065 2239 1191 2273 Multis

204 2305 272 2337 iarn
307 2299 475 2346 prodigiis
499 2298 583 2330 iram
610 2308 706 2328 snam
730 2293 935 2335 significauit
965 2292 1075 2329 l)=·nS,
1112 2297 1190 2323 nata

777 117 940 157 DECL.
972 117 1051 172 DE⁴
1079 116 1410 155 FRIDERICO
1444 115 1643 154 ELECT.

203 2361 379 2390 mansu-3,
407 2351 505 2383 Soles
530 2347 726 2390 cotnplnres
747 2345 832 2383 xisi,
861 2352 965 2377 noctu
983 2343 1087 2375 iridvs
1108 2355 1190 2375 con-
1217 2360 1219 2394 Ξ

204 2411 356 2450 spectac,
385 2401 519 2434 sonitus
545 2399 578 2430 in
606 2410 682 2429 ,ισϊρ
702 2404 948 2440 tympanorum
970 2394 1127 2433 auditus,
1156 2398 1189 2424 nt

203 2464 261 2490 aut
288 2467 402 2487 reruni
423 2451 580 2483 onmium
602 2449 677 2480 sinis
694 2448 871 2479 xidvrctnr
888 2446 1106 2489 impendere„
1134 2449 1188 2475 ant

205 2505 392 2546 singularis
417 2501 628 2534 (Lux-maniae
661 2499 784 2531 stade-s.
848 2495 998 2529 tremat
1034 2497 1074 2527 ad
1111 2493 1191 2527 liare

1218 2445 1438 2477 isal-unitalt‘
1471 2443 1632 2487 praesidii
1665 2441 1780 2478 hala-t.

2175 119 2225 154 96

1237 212 1353 250 patre,
1379 203 1594 238 alienissimo
1618 209 1785 248 tempore.
1837 203 1998 240 Coniecit
2019 203 2141 238 oculos
2162 215 2227 249 pa-

1237 256 1304 290 tria
1327 256 1365 289 in
1386 255 1530 289 fratrem
1553 261 1673 295 tuum,
1699 254 1795 289 illius
1819 266 1855 288 se
1877 255 1958 288 fidei
1983 261 2060 289 tuto
2082 255 2228 302 quidem

1237 306 1408 341 committi
1432 305 1556 347 sentit,
1596 305 1656 338 sed
1678 305 1751 350 ipse
1776 306 1879 339 etiam
1904 312 2004 350 putat
2026 318 2062 339 se
2082 306 2138 340 sui
2161 305 2228 340 ali-

1237 369 1342 402 quam
1368 364 1503 401 partem
1528 355 1740 401 perdidisse,
1775 362 1808 390 te
1834 357 2007 398 extincto,
2040 357 2151 390 animi
2174 356 2228 391 tui

1238 408 1470 452 praesentiam
1487 414 1520 442 et
1536 408 1647 440 robur
1662 406 1699 439 in
1717 407 1848 451 asperis
1863 407 2029 441 omnibus
2044 408 2149 442 rebus
2166 409 2230 442 de-

1237 459 1380 493 siderat.
1432 457 1501 492 Hie
1517 457 1667 493 Senatus
1689 457 1792 491 etiam
1817 458 1963 492 ditionis
1987 458 2110 492 dolore
2131 470 2229 492 moe-

1237 510 1400 555 stitiaque
1421 509 1660 547 exanimatus,
1687 514 1793 552 caput
1813 509 1945 552 publici
1965 508 2122 550 consilii,
2147 515 2229 543 tan-

1239 573 1344 606 quam
1377 561 1415 593 in
1437 559 1689 605 Imperatorem
1721 559 1891 594 exercitus
1913 560 1951 592 in
1975 560 2083 594 dubia
2109 571 2229 604 pugna

1239 611 1406 657 requirit,
1433 619 1492 645 tua
1517 611 1634 654 signa,
1662 617 1756 644 tuam
1779 623 1902 644 vocem
1926 610 2025 656 sequi
2050 611 2230 644 adsuetus.

1239 661 1309 697 Sed
1333 662 1484 696 nimium
1503 662 1671 706 indulgeo
1687 661 1824 702 dolori,
1849 661 1938 707 quin
1955 673 2074 695 recreo
2091 673 2167 700 me,
2195 667 2230 695 et

1239 713 1384 756 colligo,
1425 725 1515 758 quae
1548 713 1682 747 luctum
1713 712 1831 758 aliqua
1862 725 1902 746 ex
1933 718 2030 756 parte
2056 712 2230 748 minuant.

1240 763 1332 798 Sunt
1357 770 1472 798 autem
1496 776 1514 797 a
1542 764 1760 808 sapientibus
1782 763 1866 796 viris
1890 764 1932 796 de
1951 763 2120 797 brevitate
2137 763 2230 797 vitae

1241 815 1443 848 mortalium
1478 816 1591 860 deque
1628 814 1808 848 communi
1847 814 2068 848 nascentium
2106 813 2232 854 condi7

1241 866 1336 900 tione
1353 866 1527 909 disputata
1546 866 1587 898 ad
1605 865 1883 899 assuefaciendos
1898 865 2054 903 animos,
2081 871 2117 898 ut
2133 876 2231 898 corn-

1241 917 1361 950 munia
1385 917 1476 950 mala
1497 916 1643 961 aequius
1663 917 1805 950 ferrent.
1858 915 1958 959 Quae
1973 928 2038 949 nos
2055 913 2122 949 hoc
2141 921 2231 949 tem-

1241 980 1326 1013 pore
1358 979 1432 1000 non
1461 968 1686 1011 attingemus,
1739 966 1830 1000 Nam
1858 979 1920 1011 ego
1943 966 2124 1000 Friderico
2150 965 2232 1010 ipsi,

1241 1031 1444 1065 quanquam
1469 1025 1502 1053 et
1525 1019 1614 1052 ratio
1636 1024 1668 1051 et
1686 1017 1879 1051 multarum
1897 1029 2014 1051 rerum
2031 1029 2115 1051 usus
2130 1017 2232 1051 addi-

1240 1072 1339 1104 derat
1369 1081 1536 1114 magnum
1567 1070 1745 1114 quoddam
1774 1069 1885 1102 robur
1915 1069 1959 1102 ad
1987 1068 2150 1101 ferendas
2177 1078 2232 1101 res

1241 1123 1364 1163 duras,
1390 1127 1506 1154 tamen
1531 1121 1636 1154 aliam
1661 1126 1744 1164 puto
1765 1120 1955 1160 maiorem,
1983 1119 2233 1152 efficaciorem-

1240 1185 1308 1218 que
1331 1184 1486 1213 causam,
1513 1172 1612 1205 firmo
1634 1171 1753 1204 animo
1771 1171 1953 1204 adeundae
1971 1169 2105 1204 mortis.
2156 1168 2233 1202 No-

1241 1230 1292 1257 rat
1316 1224 1411 1257 enim
1431 1235 1471 1256 ex
1485 1220 1687 1257 Christiana
1710 1221 1891 1262 doctrina,
1917 1227 2065 1254 mortem
2087 1231 2160 1254 esse
2174 1231 2233 1264 ge-

1241 1275 1316 1308 neri
1349 1272 1536 1308 hominum
1567 1273 1739 1307 divinitus
1763 1273 1982 1317 impositam,
2017 1283 2089 1305 non
2115 1271 2234 1313 modo,

1240 1333 1278 1360 ut
1304 1337 1368 1370 pro
1393 1331 1533 1370 peccato
1554 1336 1703 1369 poenam
1721 1324 1914 1362 lueremus,
1944 1323 2038 1368 quod
2057 1328 2130 1356 erat
2149 1333 2233 1356 sane

1241 1377 1427 1416 miserum,
1453 1376 1534 1415 sed,
1561 1375 1656 1420 quod
1674 1374 1742 1418 piis
1759 1386 1831 1407 esse
1848 1380 2047 1418 pergratum
2065 1373 2170 1414 solet,
2193 1379 2233 1407 ut

1241 1434 1354 1461 morte
1383 1427 1581 1470 deponatur
1603 1431 1803 1469 peccatum,
1838 1431 1873 1458 et
1895 1423 2139 1468 ingrediamur
2163 1423 2232 1456 im-

1242 1476 1467 1511 mortalitatis
1490 1476 1567 1510 iter.
1618 1474 1730 1509 Porro
1755 1482 1789 1509 et
1811 1482 1891 1509 ante
1912 1482 1985 1509 acta
2004 1474 2093 1515 vita,
2119 1481 2152 1508 et
2171 1474 2233 1508 illa

1242 1529 1385 1561 demum
1409 1527 1518 1560 animi
1544 1526 1757 1570 praesentia,
1785 1538 1863 1559 cum
1884 1526 1952 1559 iam
1970 1537 2059 1570 pene
2077 1525 2232 1558 animam

1243 1585 1377 1623 ageret,
1410 1583 1617 1621 argumento
1641 1583 1725 1610 sunt
1746 1577 1893 1610 sensisse
1914 1588 2013 1610 suam
2038 1575 2112 1610 Deo
2138 1576 2233 1610 salu-

1244 1637 1312 1663 tem
1336 1641 1438 1662 curae
1456 1639 1539 1662 esse.
1592 1626 1680 1661 Nam
1700 1635 1940 1672 praeterquam
1958 1628 2051 1672 qnod
2072 1627 2233 1670 religiose.

1244 1680 1372 1713 muniit
1399 1691 1471 1713 sese
1494 1676 1734 1717 Eucharistia,
1771 1686 1803 1712 et
1827 1677 2041 1712 Christianis
2059 1678 2234 1722 precibus,

1243 1731 1291 1765 sic
1305 1731 1437 1775 accipio
1453 1729 1674 1773 respondisse
1690 1730 1755 1762 snb
1773 1729 1887 1773 ipsum
1904 1729 1995 1762 vitae
2009 1729 2124 1769 finem,
2152 1741 2232 1763 cum

1243 1782 1484 1815 consolaretur
1507 1780 1697 1826 quispiam:
1732 1779 1828 1813 Dens
1851 1781 1967 1818 dedit,
1993 1778 2089 1813 Deus
2113 1781 2234 1813 abstu-

1245 1833 1302 1873 lit,
1327 1833 1369 1866 sit
1394 1844 1523 1865 nomen
1549 1830 1695 1864 Domini
1723 1831 1961 1865 benedictum.
2015 1829 2050 1864 Ο
2077 1831 2234 1875 praecla-

1244 1897 1317 1917 ram
1351 1895 1490 1923 vocem,
1524 1889 1556 1916 et
1586 1889 1707 1916 testem
1732 1883 1820 1915 bene
1845 1882 2029 1916 sentientis
2053 1881 2163 1914 animi
2190 1882 2234 1915 de

1244 1935 1328 1968 Deo.
1381 1934 1471 1967 Nam
1495 1930 1583 1966 milii
1609 1933 1728 1974 erc-de,
1755 1933 1916 1979 quisquis
1940 1933 1985 1966 ita
2003 1933 2158 1966 adfectus
2174 1939 2234 1972 est,

1244 1993 1280 2020 ut
1301 1986 1429 2019 sentiat
1452 1982 1558 2018 huius
1579 1984 1665 2017 lucis
1682 1996 1823 2017 usuram
1843 1984 2014 2017 divinitus
2031 1983 2134 2016 nobis
2147 1995 2234 2017 con·—

1244 2048 1372 2071 cessam
1401 2047 1491 2074 esse,
1525 2035 1652 2068 deinde
1680 2047 1742 2067 nos
1764 2046 1835 2067 non
1861 2041 1990 2068 temere
2015 2034 2234 2075 occumbere,

1244 2089 1300 2121 sed
1320 2087 1383 2121 Dei
1404 2086 1550 2120 arbitrio
1570 2097 1693 2118 exuere
1708 2083 1773 2119 hoc
1791 2097 1937 2129 corpus.
1965 2092 2141 2129 praeterea
2159 2097 2231 2118 non

1245 2146 1380 2172 tantum
1400 2138 1526 2181 deponi
1546 2137 1669 2174 iilam,
1697 2137 1755 2170 sed
1771 2135 1846 2169 Deo
1865 2136 1932 2169 iam
1950 2136 2142 2173 committi.
2170 2148 2233 2179 po-

1244 2197 1371 2223 stremo
1404 2190 1506 2222 ctiam
1533 2187 1597 2222 Dei
1633 2199 1761 2220 nomen
1788 2187 1823 2220 in
1851 2195 2003 2221 extremo
2028 2186 2233 2220 discrimine

1245 2241 1430 2285 praedicat.
1486 2239 1517 2273 Is
1542 2239 1662 2283 procul
1688 2239 1796 2271 dubio
1822 2238 2069 2271 animadvertit
2097 2244 2233 2282 praesto

1244 2294 1360 2325 adesso
1393 2290 1504 2324 Deum
1538 2297 1678 2334 portum
1712 2298 1743 2323 et
1775 2290 1975 2333 profugium
2009 2288 2233 2334 periclitanti.

1246 2343 1330 2377 Nam
1358 2342 1462 2386 impia
1486 2352 1584 2374 mens
1607 2341 1715 2374 nescit
1741 2352 1778 2374 se
1801 2341 1974 2374 divinitus
1992 2340 2162 2383 accepisse
2181 2339 2234 2372 vi-

1245 2403 1325 2431 tam,
1352 2401 1478 2427 temere
1495 2392 1665 2425 existimat
1685 2404 1719 2424 se
1734 2392 1952 2431 occumbere,
1979 2388 2068 2424 nihil
2087 2391 2231 2424 intanta

1841 2442 2021 2476 Postremo
2053 2449 2233 2475 execratur

1246 2497 1348 2528 ctiam
1379 2495 1499 2528 dixina
1528 2494 1646 2527 omnia
1681 2507 1759 2527 rum
1790 2494 1901 2527 deseri
1934 2506 1969 2526 sc
1997 2493 2113 2527 sentit.
2166 2490 2233 2525 Hic

207 2556 373 2592 Fridvriri
394 2566 501 2590 numa,
530 2563 632 2595 qna-m
650 2562 759 2582 minin
777 2546 966 2580 lialniinnis
984 2547 1192 2589 Principem,
1217 2540 1221 2593 l
1247 2560 1327 2579 xero
1346 2546 1538 2590 implorans
1558 2558 1658 2589 uptun
1678 2558 1695 2578 a
1714 2544 1786 2578 Deo
1804 2546 1895 2589 ipsu,
1924 2552 1954 2577 vt
1975 2545 2171 2589 postulans.
2195 2549 2233 2577 tlt

205 2608 304 2642 cuins
333 2604 480 2638 consiliu
506 2602 643 2643 pnlnlica
670 2600 758 2632 mala
785 2599 897 2630 smmi
922 2604 1093 2642 poterant.
1152 2596 1189 2629 ΕΙ

206 2665 354 2692 mortem
378 2664 471 2689 ιιι-ἐιη
491 2652 666 2686 Fridvricz·
692 2663 762 2683 nnn
782 2649 1013 2681 ‹loth-rvmns'?
1042 2661 1111 2680 non
1129 2649 1189 2680 do-

206 2713 355 2744 leremus
378 2707 487 2740 viceni
509 2710 662 2737 nostram
682 2701 815 2741 orbati,
844 2713 913 2733 non
934 2699 1107 2740 Domino,
1134 2700 1193 2734 scd

1246 2599 1394 2631 alioruin
1421 2597 1580 2641 procilius
1605 2597 1801 2631 iuvaretur,
1831 2609 1901 2628 non
1927 2597 2030 2629 semel
2059 2595 2234 2640 professus

1246 2657 1292 2682 est
1306 2677 1313 2687 ,
1342 2649 1425 2693 quid
1447 2655 1620 2692 spemn-vt,
1648 2654 1683 2681 nt
1705 2659 1739 2680 se.
1760 2647 1926 2680 reiecisset
1946 2655 2055 2680 totuin
2076 2647 2110 2680 in
2127 2643 2233 2678 Chri-

1245 2708 1348 2741 stum,
1371 2699 1511 2734 interim
1529 2699 1631 2732 ctiam
1649 2698 1829 2732 verissimo
1844 2710 1921 2732 snas
1933 2698 2122 2744 issimoqne
2135 2710 2234 2744 prae-
