2338 2958
64 114 136 151 501

544 106 705 144 DECL.
746 107 820 145 DE
853 105 1048 144 LAUDE
1083 105 1268 144 VITAE
1303 107 1623 149 SCHOLAST.

2024 113 2098 147 302

65 199 208 246 quidem
243 197 278 230 in
311 195 382 229 illis
414 195 501 229 locis
532 207 678 239 regnare
704 195 830 230 veritas
854 202 887 229 et
909 194 1055 229 iustitia.
1081 204 1086 252 Ῐ
1109 196 1204 240 quod
1229 195 1265 228 in
1286 196 1447 230 docendo
1473 205 1505 232 et
1526 198 1693 231 discendo
1716 205 1891 238 versatur,
1918 197 1992 232 Deo
2017 211 2095 243 gra-

64 250 135 286 Sed
160 255 294 282 constat
315 259 356 280 ex
373 244 502 280 scholis
521 247 557 279 in
578 247 637 280 illa
655 247 730 280 loca
749 244 833 280 haec
849 252 1055 280 ornamenta
1081 267 1084 283 0
1108 245 1282 279 tissimum
1307 247 1368 286 sit,
1398 254 1432 281 et
1457 245 1522 282 hoc
1548 249 1695 283 nomine
1721 250 1932 284 antecellant
1957 248 2095 283 scholae

64 299 192 334 afferri.
246 297 372 341 Qualis
390 299 483 330 enim
504 305 591 331 esset
609 298 768 332 doctrina
788 298 825 330 in
844 297 999 342 templis,
1027 296 1054 329 si

65 351 102 385 in
133 347 262 383 scholis
291 360 346 382 res
377 361 451 382 non
473 356 586 382 essent
612 349 759 392 agitatae
783 355 817 382 et
838 347 1056 382 illustratae?

65 400 190 445 Qualis
214 406 301 434 esset
324 399 521 433 aulicorum
547 400 776 433 consiliorum
796 405 827 432 et
843 399 910 432 sori
927 399 1055 432 barba-

63 453 153 492 ries,
181 451 210 484 si
232 463 305 483 non
330 457 461 484 extaret
477 452 648 496 quaedam
667 449 802 483 erudita
820 449 907 483 iuris
924 450 1055 483 doctri-

64 503 132 536 na?
184 501 322 535 Deinde
351 499 417 535 hoc
447 502 609 541 interest,
645 502 686 534 de
719 500 885 534 omnibus
919 500 1054 544 magnis

64 555 167 588 rebus
190 551 330 586 scholae
354 553 607 592 consuluntur,
641 549 780 585 scholae
805 552 1054 595 pronunciant,

63 617 136 639 non
154 603 342 648 Episcopi,
370 611 431 638 aut
453 603 580 644 aulici,
607 609 666 636 aut
682 601 861 638 causidici.
912 601 1053 636 Postre—

63 668 121 690 mo
148 656 186 688 in
209 652 339 689 scholis
365 661 414 688 est
439 654 586 698 simplex
611 653 767 687 studium
790 665 907 686 rerum
934 653 1053 698 inqui-

62 707 255 741 rendarum
272 713 304 739 et
323 705 655 750 patefaciendarum.
707 704 748 738 In
759 702 926 737 Ecclesiis
943 705 1052 738 multa

63 758 99 791 in
132 757 362 802 popularibus
392 755 623 790 concionibus
655 755 823 789 dicuntur
848 755 1052 800 improprie,

61 809 171 843 multa
212 808 314 842 etiam
357 806 439 853 quia
472 807 625 851 populus
657 818 729 839 non
759 813 872 851 potest
906 806 1053 852 assequi,

62 865 340 905 praetereuntur.
393 857 467 891 Iam
492 858 529 890 in
552 857 641 891 aulis
664 864 697 891 et
716 857 793 891 foro
812 855 985 890 horribile
1002 864 1052 891 est

62 911 170 951 dictu,
193 916 363 955 quantum
381 909 424 942 sit
437 906 662 953 Sophistices.
712 907 832 954 Itaque
848 920 948 953 saepe
964 906 1053 942 mihi

62 962 160 995 venit
183 960 220 993 in
242 966 393 993 mentem
413 960 540 993 veteris
555 959 694 993 fabulae
711 960 753 992 de
773 957 897 993 Astrea
911 987 920 1000 ,
947 971 1051 1005 quam

59 1013 179 1047 ferunt
195 1011 331 1056 pulsam
351 1011 572 1052 civitatibus,
599 1018 716 1054 postea
735 1011 772 1043 in
791 1023 872 1044 rure
890 1011 952 1044 diu
968 1011 1053 1044 soli-
1078 1030 1080 1036 ›

1078 1085 1079 1103 ;
1104 1074 1209 1095 mano
1235 1063 1410 1105 praeclare
1437 1070 1608 1104 meretur3
1634 1072 1816 1098 conservat
1842 1065 1936 1098 enim
1963 1064 2095 1097 doctri—

59 1071 132 1098 tam
149 1062 311 1107 agricolis
327 1062 540 1095 concionari.
595 1060 645 1095 Ita
660 1060 751 1095 mihi
766 1061 907 1095 videtur
922 1074 1051 1106 prope-

58 1115 205 1148 modum
223 1114 320 1158 pulsa
339 1125 378 1146 ex
395 1113 504 1151 aulis,
533 1124 573 1146 ex
589 1113 685 1153 foro,
712 1125 753 1145 ex
769 1113 907 1156 templis
927 1120 960 1147 et
974 1113 1052 1146 aliis
1077 1135 1079 1161 3

1077 1163 1080 1180 ³
1103 1165 1259 1203 minum,
1293 1165 1420 1198 retinet
1445 1177 1585 1209 pacem,
1612 1166 1749 1209 mitigat
1774 1167 1885 1200 multa
1911 1166 2001 1199 mala
2031 1178 2094 1209 pu-

58 1163 246 1200 hominum
277 1163 434 1198 coetibus
458 1165 601 1204 Astrea,
634 1161 700 1196 hoc
731 1171 800 1204 est,
834 1164 990 1198 veritatis
1019 1170 1051 1197 et

59 1215 217 1251 iusticiae
233 1215 408 1255 doctrina,
429 1212 544 1248 adhuc
560 1211 703 1247 haerere
716 1215 752 1247 in
765 1212 904 1248 scholis.
932 1214 1051 1258 Quare

59 1279 139 1302 cum
162 1267 278 1299 minus
301 1266 346 1300 sit
368 1263 574 1310 sophistices
598 1266 635 1298 in
652 1263 803 1306 scholis,
830 1278 936 1316 quajn
952 1266 1051 1307 alibi,

58 1330 137 1352 cum
160 1317 265 1351 honis
288 1329 398 1350 unum
425 1314 491 1350 hoc
514 1316 558 1350 sit
584 1317 740 1350 studium
764 1317 939 1350 eruendae
958 1317 1051 1350 veri-

58 1370 159 1410 tatis,
189 1379 324 1402 summa
347 1368 422 1400 laus
448 1379 519 1400 esse
541 1367 683 1400 debebit
704 1368 794 1401 vitae
812 1366 1050 1407 scholasticae,

58 1431 148 1466 quae
170 1419 313 1464 quidem
341 1418 454 1461 imago
478 1419 649 1462 quaedam
673 1425 723 1451 est
742 1418 837 1451 illius
857 1418 1049 1452 beatissimi

58 1478 188 1511 status,
215 1469 253 1502 in
274 1481 344 1514 quo
364 1481 468 1502 aurea
489 1469 547 1501 illa
566 1475 676 1502 aetate
695 1469 861 1502 vivebant
878 1467 1049 1509 homines,
1075 1493 1077 1506 2

58 1522 88 1556 si
110 1533 177 1566 qua
203 1520 289 1561 suit,
315 1526 375 1553 aut
397 1526 488 1553 certe
511 1520 639 1553 victuri
657 1527 776 1559 erant,
802 1520 832 1552 si
849 1520 970 1554 suisset
988 1520 1048 1552 illa
1074 1564 1076 1568 ,

57 1584 163 1608 aurea
187 1578 297 1611 aetas,
323 1570 353 1604 si
374 1577 499 1604 natura
523 1567 711 1603 hominum
734 1570 856 1604 fuisset
882 1570 1049 1603 immunis
1074 1606 1075 1620 ἶ

1081 288 1084 304 l

1080 336 1083 349 i

57 1636 76 1658 a
96 1623 226 1668 peccati
239 1622 318 1655 labe
338 1629 371 1655 et
386 1633 404 1654 a
423 1628 549 1655 morte.
602 1620 699 1664 Quid
717 1621 810 1654 enim
830 1628 912 1654 tunc
928 1621 1049 1654 suisset

56 1675 129 1709 vita
143 1671 330 1707 hominum
342 1700 351 1714 ,
374 1672 443 1705 nisi
460 1672 714 1706 iucundissima
731 1673 904 1717 quaedam
919 1670 1048 1714 schola,

55 1726 94 1760 in
116 1737 183 1771 qua
207 1723 362 1757 seniores
387 1729 418 1756 et
439 1723 708 1768 praestantiores
726 1724 768 1756 de
786 1724 890 1757 rebus
906 1723 1048 1764 (livinis,

55 1778 99 1811 de
127 1783 253 1810 natura
281 1787 420 1815 rerum,
455 1775 498 1807 de
522 1774 783 1808 immortalitate
808 1771 1046 1808 humanorum

54 1829 275 1868 animorum,
311 1826 354 1859 de
377 1824 584 1859 coelestibus
607 1825 782 1864 motibus,
815 1826 856 1858 de
881 1825 1048 1859 omnibus

55 1880 146 1912 vitae
171 1877 295 1911 officiis
317 1876 519 1910 docuissent
541 1876 720 1920 reliquos?
773 1875 814 1909 In
839 1873 903 1909 hac
923 1873 1046 1909 Philo-

54 1926 177 1975 sophia
193 1935 225 1961 et
242 1925 446 1961 huiusmodi
462 1927 762 1971 disputationibus
784 1933 922 1970 tempus
943 1939 1047 1960 omne

54 1979 352 2024 consumpsissent
374 1978 529 2011 seniores
553 1984 586 2011 et
610 1978 778 2013 iuniores.
848 1976 919 2011 Nec
941 1978 1046 2011 aliam

56 2032 164 2066 vitam
185 2031 292 2064 fuisse
309 2029 409 2062 Adae
427 2035 461 2062 et
476 2028 647 2062 similium
665 2028 867 2073 principum
887 2028 1045 2062 virorum

54 2083 184 2118 iudico.
253 2079 370 2114 Huius
397 2079 591 2114 beatissimi
622 2086 732 2114 status
765 2079 878 2122 imago
903 2087 952 2114 est
974 2080 1045 2113 vita

56 2131 271 2168 scholastica.

155 2182 238 2216 Dixi
261 2181 467 2216 brevissime
489 2181 532 2214 de
550 2181 753 2215 necessitate
771 2187 803 2214 et
821 2181 864 2213 de
881 2180 1045 2214 utilitati·
1069 2214 1072 2235 I

53 2236 133 2274 bus,
160 2233 286 2266 addam
304 2233 407 2266 etiam
425 2233 468 2265 de
486 2233 668 2266 sanctitate
684 2229 790 2265 huius
809 2231 910 2265 vitae.
954 2230 1044 2265 Nul-
1069 2238 1071 2265 i

54 2288 128 2321 lum
148 2283 221 2317 Deo
246 2283 378 2326 gratius
402 2290 452 2317 est
477 2283 651 2322 officinm,
690 2294 794 2328 quam
822 2282 980 2315 veritatis
1011 2289 1044 2316 et
1068 2280 1071 2296 ¹

53 2336 209 2372 iusticiae
231 2333 388 2367 studium
409 2340 442 2367 et
464 2336 680 2378 propagatio.
742 2333 829 2367 Nam
855 2331 938 2366 haec
961 2340 1043 2367 sunt

52 2386 238 2434 praecipua
254 2383 320 2418 Dei
335 2385 447 2425 dona,
474 2384 511 2416 in
528 2385 657 2429 quibus
674 2383 739 2418 Dei
757 2383 951 2429 praesentia
968 2396 1043 2417 ma-
1067 2410 1069 2434 ἐ

51 2439 145 2474 xime
166 2436 261 2470 cerni
284 2441 406 2479 potest.
458 2434 554 2468 Haec
577 2434 671 2469 Deus
694 2435 878 2480 praecipue
902 2446 1043 2468 conser-

52 2490 127 2524 vari
151 2487 323 2533 postulat,
351 2486 422 2519 imo
450 2487 491 2519 ad
519 2483 612 2519 hunc
631 2487 733 2519 finem
754 2486 938 2530 praecipue
957 2498 1041 2519 con·
1066 2498 1067 2535 ᾗ

53 2541 118 2575 diti
139 2545 222 2573 sunt
244 2535 422 2576 homines,
450 2544 489 2570 ut
510 2537 569 2569 alii
587 2537 674 2570 alios
691 2538 836 2571 doceant
857 2538 899 2569 (le
916 2536 990 2570 Deo
1008 2544 1040 2571 et
1066 2546 1067 2579 j

53 2592 131 2626 aliis
154 2590 258 2624 rebus
281 2588 392 2622 bonis.
447 2587 502 2621 Ad
530 2585 619 2621 hanc
643 2588 829 2622 utilitatem
855 2587 972 2621 addita
991 2595 1040 2622 est
1066 2588 1067 2591 ¹

53 2641 225 2677 divinitus
248 2637 402 2673 humano
427 2639 544 2682 generi
564 2639 736 2672 sermonis
754 2638 1039 2675 communicatio.
1064 2630 1067 2661 ,¹

54 2692 172 2738 Quare
202 2702 274 2725 non
304 2690 452 2724 dubium
484 2697 551 2732 est,
591 2691 678 2736 quin
709 2687 775 2723 hoc
803 2690 894 2724 vitae
917 2701 1038 2737 genuS,
1062 2728 1066 2735 Δ

1107 297 1249 341 templis
1273 304 1307 331 et
1330 298 1437 339 aulis,
1465 300 1545 344 quia
1571 300 1682 334 maius
1698 308 1747 335 est
1762 301 1917 335 studium
1938 301 2093 334 veritatis

1107 347 1144 380 in
1168 346 1310 384 scholis.
1364 348 1483 391 Quare
1505 350 1533 382 si
1557 351 1635 395 quis
1657 359 1813 386 sanctum
1838 353 1928 386 vitae
1952 352 2094 385 institu-

1106 405 1180 432 tum
1212 399 1367 444 quaerit,
1400 412 1473 433 non
1503 401 1609 434 abdat
1637 404 1732 435 sein
1758 403 1987 443 solitudines,
2021 414 2093 435 non

1105 456 1204 494 putet
1228 450 1324 483 alind
1352 461 1424 483 esse
1448 451 1614 485 sacratius
1639 453 1729 486 vitae
1752 466 1878 496 genus,
1906 455 1963 487 sed
1984 454 2020 487 in
2039 451 2094 487 his

1106 501 1315 534 discentium
1335 502 1567 535 conventibus
1587 511 1744 544 maneat,
1771 503 1827 537 hic
1844 513 1989 540 conetur
2006 505 2094 538 bene

1105 552 1232 585 mereri
1255 553 1297 584 de
1319 564 1445 595 genere
1470 551 1644 592 humano,
1672 555 1793 588 doceat
1817 557 1923 597 alios,
1953 564 1983 589 et
2010 556 2091 589 sciat

1107 600 1172 636 hoc
1196 603 1350 636 officium
1379 605 1541 652 prodesse
1562 606 1604 638 ad
1630 607 1931 639 conservationem
1958 614 1989 639 et
2014 619 2093 650 pro-

1107 654 1327 697 pagationem
1351 655 1565 698 optimarum
1589 668 1726 695 rerum,
1757 658 1890 690 erudiat
1915 658 2093 701 ambigen-

1106 711 1155 738 tes
1171 705 1419 745 conscientias,
1446 708 1655 751 respondeat
1671 708 1713 740 de
1731 707 1824 747 iure,
1851 709 1963 752 deque
1979 708 2095 741 omni-

1078 769 1082 816 ι
1105 756 1171 789 bus
1193 756 1283 790 vitae
1307 756 1450 798 officiis,
1476 758 1632 799 inquirat
1654 771 1772 792 rerum
1791 765 1972 798 naturam,
2001 771 2094 792 mor—

1078 807 1231 840 ¹borum
1264 808 1439 848 remedia,
1474 820 1593 841 causas
1624 811 1861 843 mutationum
1896 810 1933 842 in
1957 818 2095 850 natura,

1105 865 1222 891 motus
1244 865 1277 891 et
1300 858 1440 892 effectus
1464 859 1649 901 coelestes,
1676 868 1858 905 praeparet
1877 861 2093 894 iuventutem

1105 910 1147 942 ad
1165 908 1314 942 maiores
1330 916 1438 949 artes,
1464 917 1602 943 enarret
1618 909 1800 952 historias,
1828 912 1969 945 mandet
1985 911 2096 945 literis

1077 959 1081 982 ¹
1105 972 1159 993 res
1180 967 1310 1003 gestas,
1337 960 1489 995 illustret
1512 968 1617 995 artes:
1646 960 1730 995 haec
1756 963 1904 1007 quisque
1924 963 1982 1007 qui
2003 962 2096 1001 facit,

1104 1010 1179 1044 Deo
1193 1011 1427 1054 gratissimum
1445 1012 1578 1046 cultum
1599 1021 1759 1057 praestat,
1785 1021 1818 1047 et
1830 1016 1870 1046 de
1886 1026 2010 1057 genere
2023 1011 2095 1045 hu-

1104 1125 1186 1146 nam
1203 1113 1426 1147 utilissimam
1442 1115 1549 1155 vitae,
1577 1115 1704 1149 format
1721 1128 1853 1156 mores,
1883 1115 2010 1148 iudicia
2030 1112 2095 1147 lio-

1105 1216 1208 1248 blica.
1261 1214 1347 1249 Tale
1370 1215 1460 1250 vitae
1484 1228 1594 1259 genus
1616 1229 1689 1251 non
1711 1218 1824 1252 solum
1848 1223 1999 1262 praestat
2019 1229 2094 1249 mo-

1105 1266 1258 1306 nastico,
1285 1268 1344 1300 sed
1362 1279 1441 1300 vere
1458 1268 1619 1301 divinum
1638 1275 1699 1304 est.

1205 1316 1327 1351 Cicero
1355 1316 1582 1362 reprehendit
1606 1318 1810 1359 Platonem,
1839 1320 1932 1364 quod
1957 1318 2096 1359 dixerit,

1102 1365 1356 1412 Philosophos‚
1383 1369 1519 1402 tametsi
1544 1370 1744 1404 abstineant
1766 1383 1783 1403 a
1802 1369 1955 1413 Reipub.
1981 1369 2094 1402 admi-

1075 1415 1077 1454 }
1102 1418 1321 1459 nistratione,
1349 1426 1465 1453 tamen
1484 1419 1592 1453 iustos
1611 1432 1693 1461 esse,
1716 1429 1859 1466 propter
1876 1418 1965 1453 hane
1984 1421 2092 1464 ipsam

1104 1480 1308 1511 magnarum
1335 1482 1452 1503 rerum
1480 1471 1756 1516 inquisitionem.
1825 1472 1894 1506 Sed
1917 1471 2016 1506 Plato
2041 1483 2094 1503 rc-

1103 1519 1256 1552 ctissime
1282 1521 1401 1554 sensit.
1454 1519 1518 1555 Est
1543 1523 1638 1556 enim
1664 1523 1817 1563 iusticia,
1846 1535 1946 1556 suum
1971 1534 2094 1567 quem-

1102 1583 1170 1615 que
1192 1571 1346 1604 officium
1369 1572 1481 1605 facere
1500 1579 1533 1606 et
1551 1573 1702 1606 fructum
1720 1574 1793 1606 eius
1811 1573 1915 1606 oflicii
1935 1573 2093 1606 conferre

1101 1622 1142 1653 ad
1169 1634 1392 1655 communem
1419 1623 1565 1656 salutem
1591 1624 1726 1667 generis
1747 1622 1904 1657 humani.
1960 1623 2000 1656 Id
2020 1637 2092 1656 ma-

1102 1672 1193 1705 xime
1224 1673 1306 1706 facit
1337 1671 1596 1718 Philosophus,
1640 1675 1698 1720 qui
1733 1676 1938 1718 religiones,
1974 1687 2090 1707 rerum

1101 1731 1285 1765 naturam,
1312 1736 1432 1758 causas
1455 1725 1614 1758 omnium
1639 1723 1866 1759 honestorum
1885 1727 2094 1767 officiorum,

1102 1775 1192 1817 leges
1216 1775 1382 1819 explicat,
1408 1783 1440 1809 et
1458 1773 1520 1809 has
1538 1788 1591 1809 res
1609 1777 1747 1809 divinas
1765 1778 1907 1811 caeteris
1927 1777 2093 1820 impertit,

1100 1832 1190 1858 artes
1213 1826 1383 1866 illustrat,
1409 1835 1469 1860 aut
1493 1828 1609 1868 ‹locet3
1637 1829 1790 1873 denique
1807 1829 1867 1873 qui
1885 1828 2039 1862 veritatis
2059 1835 2091 1862 et

1101 1876 1254 1910 iustitiae
1274 1877 1470 1911 doctrinam
1496 1879 1654 1911 conferre
1674 1880 1716 1911 ad
1736 1880 1885 1913 aliorum
1903 1880 2091 1913 utilitatem

1101 1928 1227 1962 studet.
1265 1927 1336 1960 Nec
1353 1935 1515 1972 putemus
1533 1930 1657 1962 melius
1675 1931 1799 1963 mereri
1818 1932 1860 1963 de
1877 1943 2002 1974 genere
2023 1928 2091 1963 hu·

1101 1991 1205 2011 mano
1232 1979 1285 2011 vel
1311 1980 1504 2012 causidicos
1529 1981 1684 2025 aliquos,
1711 1982 1769 2025 qui
1797 1982 1832 2014 in
1853 1982 1928 2015 foro
1947 1989 2090 2015 coutro-

1100 2029 1247 2069 versias,
1273 2037 1333 2063 aut
1356 2038 1555 2074 exponunt,
1585 2039 1641 2064 aut
1667 2033 1860 2072 dirimunt,
1888 2033 1942 2065 vel
1959 2032 2089 2066 aediles

1099 2080 1160 2125 qui
1190 2087 1314 2124 pontes
1347 2081 1485 2126 aliquos
1515 2082 1666 2121 faciunt,
1708 2084 1761 2115 vel
1793 2091 2002 2117 mercatores
2027 2084 2087 2128 qui

1100 2132 1192 2164 iusto
1227 2132 1342 2175 precio
1369 2144 1423 2165 res
1453 2133 1554 2165 utiles
1579 2133 1781 2176 important.
1847 2133 1958 2169 Recte
1981 2135 2088 2179 igitur

1098 2181 1198 2216 Plato
1221 2183 1326 2223 dixit,
1359 2183 1468 2216 iustos
1493 2196 1563 2216 esse
1588 2181 1839 2229 l‘liilosoplios,
1872 2186 1932 2231 qni
1957 2186 2088 2219 doctri-

1099 2245 1178 2265 nam
1203 2233 1325 2266 utilem
1353 2233 1444 2266 vitae
1470 2236 1625 2268 tradunt.
1679 2235 1758 2268 ⁴Yon
1778 2237 1879 2279 gessit
1901 2236 2086 2279 Magistra-

1097 2291 1152 2317 tus
1173 2283 1357 2324 Isocrates,
1384 2286 1441 2317 scd
1468 2286 1624 2317 consiliis
1650 2287 1720 2318 suis
1742 2288 1950 2329 gubernavit
1973 2287 2086 2332 lmpe-

1098 2342 1247 2368 ratorem
1280 2335 1560 2368 laudatissimum
1585 2332 1834 2381 Tiniotheum‚
1867 2345 1898 2372 et
1922 2339 2085 2372 formavit

1096 2386 1236 2429 ingenia
1260 2386 1475 2425 multorum,
1503 2388 1563 2432 qui
1591 2396 1706 2431 postea
1733 2389 1769 2421 in
1789 2389 1926 2433 Repub.
1953 2391 2084 2434 princi-

1096 2449 1155 2481 pes
1187 2437 1387 2470 extiterunt,
1454 2437 1525 2471 Nec
1558 2439 1685 2472 melius
1709 2441 1751 2472 de
1774 2439 1911 2484 Ptepub.
1939 2442 2084 2474 meritus

1095 2495 1145 2522 est
1169 2485 1360 2521 Aeschines
1386 2489 1603 2528 causidicus,
1638 2503 1740 2535 quam
1769 2490 1992 2529 Aristoteles,
2022 2493 2082 2537 qui

1094 2539 1157 2572 etsi
1185 2551 1246 2571 nec
1273 2538 1498 2581 Magistratus
1522 2541 1619 2583 gessit
1636 2569 1643 2578 ,
1676 2554 1738 2574 nec
1762 2555 1880 2576 causas
1908 2544 1994 2586 egit,
2032 2551 2082 2576 ta-

1093 2602 1174 2623 men
1198 2589 1438 2623 Alexandrum
1464 2597 1496 2624 et
1521 2592 1649 2624 multos
1673 2593 1760 2625 alios
1779 2592 1959 2637 Principes
1983 2593 2079 2625 finxit

1092 2642 1134 2673 ad
1179 2641 1352 2674 iusticiam
1385 2648 1417 2674 et
1446 2641 1723 2676 beneficentiam.
1803 2643 1941 2678 Deinde
1977 2643 2080 2677 hodie

1093 2692 1196 2725 etiam
1230 2692 1318 2725 bene
1351 2699 1505 2726 meretur
1537 2695 1579 2726 de
1605 2693 1745 2739 Repub.
1778 2695 1919 2740 reliquit
1954 2707 2080 2727 monu-
