2338 2958
82 128 156 162 377

83 213 170 247 locis
190 211 300 254 magis
319 210 586 253 inclaruerunt,
621 218 654 246 et
676 225 768 246 nova
793 213 903 256 gloria
928 212 1078 247 Suevico

85 262 222 298 nomini
249 261 401 296 accessit.
461 261 551 296 Nam
578 275 622 296 ne
649 263 768 297 omnia
795 276 1078 304 commemorem,

84 325 171 348 neve
199 310 383 346 historiam
417 313 534 356 potius
566 326 669 359 quam
702 315 902 348 encomium
935 327 1078 359 compo-

84 364 191 398 suisse
226 363 367 402 videar,
405 371 544 399 tantum
578 365 730 409 insignia
764 367 936 411 quaedam
970 378 1076 400 orna-

81 420 197 449 menta
228 414 408 458 attingam.
462 416 560 459 Quid
588 417 703 461 potuit
725 417 930 461 contingere
951 416 1077 451 Suevis

81 465 274 506 illustrius,
315 478 421 511 quam
454 465 610 501 Romani
639 468 780 512 imperii
813 468 960 502 titulus?
1003 480 1076 501 non

82 517 142 550 ille
160 517 304 562 quidem
321 517 449 550 scelere
470 525 607 563 raptus,
634 519 723 553 sicut
740 526 840 552 antea
867 531 968 563 saepe
984 519 1075 552 acci-

80 568 196 608 derat,
223 569 283 600 sed
306 568 443 602 delatus
462 568 674 603 Germaniae
691 577 795 615 atque
816 569 937 604 Italiae
960 582 1075 614 popu-

80 619 196 652 lorum
238 630 423 653 consensu.
485 619 581 662 Quid
627 621 741 665 potuit
784 618 1075 655 honorificentius

79 669 254 709 accidere,
282 682 387 715 quam
412 668 477 703 hoe
504 677 556 705 tot
578 671 736 715 gentium
764 672 957 713 iudicium,
985 684 1074 718 quae

79 727 211 755 tantam
230 720 302 753 vim
327 721 468 755 virtutis
488 722 525 754 in
550 719 615 755 hac
639 723 784 756 natione
807 730 1009 764 senserunt,
1035 730 1074 757 ut

78 783 152 806 non
178 771 376 806 dubitarint
399 783 496 805 suam
529 773 696 814 salutem,
737 785 816 807 suas
850 775 1012 809 fortunas
1040 781 1073 808 et

79 822 372 868 tranquillitatem
401 823 509 856 totius
538 824 679 869 imperii
711 824 908 859 Suevornm
933 825 1071 860 Princi-

79 887 164 919 pum
184 874 312 907 tutelae
337 874 579 908 committere?
621 874 672 909 Ea
690 877 831 909 demum
855 889 935 910 vera
959 877 1070 921 gloria

77 931 146 965 est,
173 931 207 959 et
223 924 319 957 bono
338 923 497 969 Principi
514 926 664 960 maxime
682 929 834 971 optanda
846 955 854 968 ,
881 935 920 961 ut
937 928 1071 962 intelli-

79 981 173 1019 gant,
200 975 469 1021 existimentque
487 974 660 1020 homines,
686 990 764 1011 eum
783 990 855 1013 esse
872 980 1070 1023 praeditum

77 1033 112 1061 et
128 1038 165 1060 ea
182 1023 352 1060 charitate
369 1039 447 1070 erga
465 1028 643 1070 subditos,
669 1036 709 1063 ut
724 1027 815 1063 nihil
832 1031 936 1064 ducat
960 1031 1070 1075 prius,

76 1089 183 1124 quam
201 1077 344 1111 illorum
360 1078 466 1112 saluti
483 1080 684 1121 consulere,
711 1087 744 1114 et
761 1093 799 1114 ea
816 1094 895 1114 cum
913 1082 1070 1126 pruden-

76 1129 137 1169 tia,
161 1135 237 1162 tum
254 1128 365 1162 animi
382 1130 644 1173 magnitudine,
672 1138 710 1164 ut
725 1132 913 1165 defendere
929 1144 1070 1165 conser-

75 1191 228 1224 vareque
251 1191 389 1224 pacem,
417 1188 450 1214 et
464 1193 591 1214 >arcere
617 1194 656 1215 ac
677 1180 867 1226 prohibere
888 1183 1070 1224 iniuriam,

76 1238 110 1265 et
133 1230 270 1273 legibus
290 1242 329 1264 ac
350 1231 457 1265 armis
475 1232 614 1266 munire
631 1234 925 1279 tranquillitatem
950 1235 1069 1279 publi-

76 1294 152 1316 cam
168 1281 287 1325 possit.
330 1281 430 1324 Quos
448 1281 660 1327 triumphos,
688 1297 777 1330 quae
794 1283 961 1330 trophaea
979 1286 1068 1318 mal-

74 1333 149 1367 lent
163 1332 232 1365 sibi
249 1333 391 1365 decerni
408 1332 609 1378 Principes,
636 1335 665 1368 si
679 1343 853 1380 saperent,
881 1349 985 1381 quam
1003 1333 1069 1369 hoc

76 1385 119 1417 de
143 1395 178 1417 se
201 1383 373 1416 iudicium
397 1386 490 1428 apud
511 1385 623 1419 bonos
640 1387 735 1419 viros
749 1387 848 1419 fieri?
901 1387 1068 1425 Proinde,

76 1447 154 1469 cum
173 1434 477 1478 periculosissimis
495 1437 714 1481 temporibus
731 1439 774 1471 ad
797 1437 933 1472 Suevos
958 1438 1067 1483 impe-

74 1486 119 1520 rii
141 1496 279 1519 summa
303 1485 418 1518 delata
441 1487 505 1525 sit,
539 1499 706 1531 magnum
733 1489 902 1534 quiddam
927 1489 980 1522 illi
1005 1501 1068 1521 na-

73 1537 166 1571 tioni
182 1536 339 1581 reliquae
355 1543 474 1580 gentes
492 1538 703 1574 tribuerunt.
756 1539 879 1584 Neque
894 1552 976 1572 vero
992 1552 1066 1572 non

73 1588 335 1632 responderunt
353 1589 586 1632 expectationi
601 1589 812 1631 Fridericus,
840 1590 895 1623 cui
914 1603 931 1623 a
950 1590 1065 1623 Barba

73 1638 183 1674 Ruffa
200 1650 331 1671 nomen
348 1638 479 1672 factum
495 1647 563 1680 est,
591 1647 623 1674 et
647 1639 753 1675 huius
779 1653 889 1685 nepos
909 1641 1067 1674 Frideri-

73 1702 155 1731 cuS,
187 1701 293 1735 quem
317 1688 478 1723 Siculum
512 1699 700 1731 vocarunt,
735 1705 887 1737 quorum
919 1700 1066 1738 uterque

73 1741 173 1775 omni
196 1752 322 1784 genere
345 1740 652 1785 imperatoriarum
672 1744 845 1778 virtutum
863 1743 974 1777 cuivis
989 1745 1066 1776 lau-

74 1792 338 1826 datissimorum
367 1790 575 1837 Principum
605 1795 758 1827 conferri
786 1801 950 1829 meretur.
1008 1793 1065 1827 Ab

73 1855 139 1878 avo
161 1842 342 1876 Friderico
367 1841 558 1876 Germania
581 1851 686 1889 atque
708 1845 805 1878 ltalia
829 1845 990 1878 maximis
1015 1845 1066 1877 la-

72 1894 221 1929 boribus
240 1899 273 1926 et
293 1893 458 1938 periculis
474 1902 614 1938 pacatae
630 1903 722 1930 sunt.
761 1894 870 1929 Arma
886 1897 923 1928 in
944 1894 1064 1929 Asiam

72 1951 193 1991 postea
210 1945 395 1985 translata,
422 1944 617 1979 Suladinus
634 1958 812 1991 repressus
826 1953 892 1987 est,
920 1953 952 1980 et
972 1948 1064 1980 bona

74 1996 180 2030 Asiae
199 2003 296 2040 parte
322 1997 364 2029 ad
391 1994 580 2029 Armenias
604 2009 713 2042 usque
739 1997 912 2042 expulsus.
964 1996 1063 2031 Nihil

74 2044 132 2080 hic
152 2047 240 2081 libet
257 2047 436 2085 attollere,
465 2054 524 2081 aut
538 2049 769 2092 amplificare,
797 2055 932 2082 tantum
951 2056 1063 2083 extre-

73 2098 141 2132 mis
155 2098 274 2143 digitis
288 2098 414 2131 leviter
429 2099 562 2142 attingo
579 2111 633 2133 res
653 2100 752 2133 istius
769 2107 890 2142 gestas.
930 2099 1064 2133 Verum

73 2161 136 2183 vos
164 2150 258 2194 ipsos
281 2149 435 2192 cogitare
461 2147 528 2183 hoc
557 2151 593 2183 in
627 2151 702 2184 loco
731 2151 858 2191 velim,
891 2159 1063 2196 quantum

72 2200 283 2234 beneficium
313 2200 349 2233 id
382 2201 550 2244 temporis
583 2201 619 2234 in
648 2200 830 2246 Europam
863 2203 1064 2242 contulerit,

73 2251 326 2285 crudelissimis
342 2248 503 2285 hostibus
518 2253 695 2297 repressis,
716 2260 747 2286 et
765 2253 888 2297 procul
903 2253 946 2286 ab
964 2252 1063 2287 ltalia

73 2308 108 2336 et
126 2301 319 2336 Germania
343 2303 539 2338 summotis,
592 2303 695 2338 Nunc
720 2304 846 2338 videtis
864 2311 997 2349 quanto
1026 2305 1063 2337 in

72 2354 231 2398 periculo
248 2353 374 2391 simus,
402 2353 483 2398 quia
499 2354 561 2387 diu
580 2355 758 2388 neminem
776 2354 928 2388 similem
947 2363 1063 2389 custo-

72 2406 154 2439 dem
169 2404 309 2450 imperii
334 2401 439 2437 huius
455 2401 655 2440 habuimus.
708 2405 770 2439 llle
785 2407 907 2451 procul
926 2407 962 2439 in
979 2407 1063 2440 Asia

72 2458 315 2502 quaerendum
331 2455 397 2488 sibi
415 2452 551 2489 hostem
570 2468 641 2490 esse
664 2458 781 2499 duxit,
808 2457 985 2503 sensitque
1009 2470 1063 2491 se-

72 2518 153 2541 rum
171 2515 245 2543 tum
271 2506 442 2541 auxilium
460 2507 551 2548 fore,
577 2508 605 2540 si
629 2515 807 2552 pateretur
822 2507 999 2542 Barbaros
1025 2509 1061 2542 in

72 2565 213 2593 nostros
228 2560 315 2593 fines
331 2568 411 2592 suas
429 2558 545 2603 copias
560 2560 754 2593 traducere.
808 2559 911 2593 Nunc
927 2572 1004 2593 cum
1025 2560 1061 2593 in

74 2609 151 2654 ipso
177 2610 351 2644 vestibulo
376 2608 590 2643 Germaniae
622 2611 844 2644 constiterint
868 2611 1062 2644 saevissimi

73 2659 228 2703 Tureae,
254 2673 293 2695 ac
314 2661 604 2695 florentissimum
631 2659 763 2705 Regem
786 2673 895 2705 regno
918 2668 1061 2696 exutum

71 2711 263 2756 fugientem
280 2724 320 2746 ex
337 2712 409 2746 acie
427 2724 517 2758 pene
534 2713 580 2747 ob
600 2713 722 2746 oculos
746 2720 886 2746 nostros
906 2713 1061 2747 trucida-

649 124 807 161 DECL.
859 125 933 162 DE
966 120 1246 161 ENCOMIO
1281 123 1550 161 SUEVIAE.

2047 131 2121 167 378

1129 209 1223 250 rint,
1255 209 1452 253 intelligitis
1479 224 1584 257 quam
1610 212 1805 256 optandum
1830 213 1875 247 sit
1901 212 2122 250 Fridericum

1129 260 1285 304 aliquem
1300 262 1447 302 exoriri,
1475 263 1574 296 cuius
1591 275 1720 297 nomen
1738 261 1898 298 hostibus
1922 268 2049 300 terrori
2067 268 2123 309 sit,

1128 311 1261 356 quique
1284 324 1463 355 opponere
1488 313 1761 348 immanissimae
1784 316 1879 359 genti
1907 318 2121 361 praesidium

1128 362 1228 397 ausit.
1281 362 1320 396 Si
1337 362 1538 397 Fridericus
1562 365 1620 398 ille
1638 367 1839 407 reviviscat,
1866 379 1939 400 non
1956 369 1998 401 de
2016 368 2122 402 Hun-

1127 413 1222 455 garia
1247 415 1437 455 vastanda,
1479 427 1552 448 non
1577 416 1620 448 de
1648 419 1803 451 vexanda
1830 417 2022 453 Germania
2049 421 2120 453 iam

1127 462 1275 497 Barbari
1298 465 1469 508 cogitent,
1499 467 1558 499 sed
1581 467 1622 499 de
1646 468 1832 502 retinenda
1856 467 2029 511 Thracia,
2057 472 2121 504 de-

1127 527 1194 560 que
1214 515 1299 548 focis
1317 528 1355 549 ac
1379 516 1514 550 laribus
1539 517 1610 551 suis
1629 521 1909 562 propugnandis:
1944 522 2120 567 siquidem

1127 565 1350 600 Germanicis
1367 568 1476 612 copiis
1491 568 1558 601 iam
1570 596 1578 609 ,
1603 576 1640 603 ut
1658 569 1725 603 fuit
1742 570 1838 603 illius
1862 578 1894 604 et
1911 572 2069 606 celeritas
2087 580 2121 607 et

1125 617 1328 661 diligentia,
1354 618 1574 653 circumsessi
1600 631 1734 654 summa
1761 621 1796 653 vi
1820 631 2121 665 oppugnarentur.

1124 666 1205 701 Non
1232 676 1329 703 vacat
1355 667 1460 703 huius
1490 669 1666 715 Principis
1695 672 1830 715 egregia
1853 673 1942 707 facta
1968 687 2121 708 comme

1125 731 1284 760 morare,
1320 732 1443 754 verum
1470 722 1552 766 quia
1576 722 1670 756 bello
1696 723 1879 756 meliorem
1905 737 2010 769 quam
2036 737 2120 769 pace

1122 770 1229 804 fuisse
1253 771 1363 817 aliqui
1387 779 1532 816 putant,
1558 780 1599 807 ut
1622 775 1837 817 cognoscatis
1864 782 1994 820 quanta
2024 789 2121 810 seve-

1125 821 1210 855 ritas
1231 822 1305 856 eius
1322 823 1428 857 fuerit
1441 824 1539 857 domi
1563 824 1600 857 in
1616 825 1765 858 dicendo
1791 826 1887 866 iure,
1915 826 1953 858 in
1977 827 2118 861 latroci-

1123 872 1194 906 niis
1223 874 1432 917 puniendis,
1474 881 1506 908 et
1535 875 1722 919 disciplina
1752 877 1893 921 imperii
1923 878 2120 917 retinenda,

1122 924 1276 958 recitabo
1296 937 1402 970 quam
1429 926 1583 968 graviter
1607 927 1896 962 animadverterit
1919 928 1956 961 in
1981 928 2122 963 Princi-

1124 987 1201 1019 pem
1228 974 1429 1009 Palatinum
1455 983 1489 1010 et
1513 976 1769 1021 'Moguntinum
1794 977 2031 1023 Episcopum,
2059 981 2121 1025 qui

1122 1026 1256 1059 bellum
1272 1026 1348 1071 ipso
1367 1027 1510 1060 absente
1537 1029 1574 1061 in
1592 1028 1694 1062 ltalia
1717 1036 1911 1064 moverant.
1965 1030 2006 1063 In
2030 1030 2120 1075 Epi-

1123 1088 1280 1121 scopum,
1307 1078 1387 1122 quia
1398 1080 1614 1122 parcendum
1630 1080 2034 1123 dignitatiSacerdotum
2052 1083 2119 1116 du-

1121 1128 1190 1168 xit,
1227 1129 1404 1162 mitiorem
1435 1142 1584 1174 poenam
1615 1131 1817 1172 constituit,
1854 1139 1991 1166 tantum
2024 1133 2117 1166 enim

1123 1180 1270 1222 pecunia
1287 1180 1480 1215 mulctavit.
1529 1181 1598 1215 Sed
1617 1182 1654 1215 in
1671 1181 1873 1216 Palatinum
1891 1184 2014 1217 durius
2033 1197 2118 1218 con-

1121 1230 1246 1271 suluit,
1289 1243 1370 1264 nam
1397 1232 1509 1275 coegit
1532 1245 1612 1266 eum
1637 1245 1699 1277 per
1720 1240 1830 1267 totam
1854 1236 1978 1268 urbem
1998 1234 2117 1269 &Vor-

1122 1281 1264 1314 matiam
1282 1294 1404 1315 canem
1423 1284 1466 1316 ab
1490 1283 1638 1318 humero
1657 1286 1870 1329 pendentem
1896 1292 2048 1329 gestare,
2076 1299 2115 1320 ea

1120 1332 1189 1366 fuit
1224 1333 1294 1365 illis
1333 1335 1553 1377 temporibus
1592 1336 1749 1368 censoria
1786 1342 1868 1369 nota
1906 1337 2116 1371 nobilitatis.

1122 1381 1220 1415 Idem
1236 1384 1434 1428 exemplum
1455 1385 1491 1417 in
1509 1386 1695 1431 plerosque
1714 1386 1800 1420 alios
1822 1388 1992 1432 equestris
2016 1389 2116 1421 ordi-

1121 1434 1176 1466 nis
1192 1434 1305 1475 viros,
1333 1434 1485 1469 Palatini
1503 1437 1636 1478 socios,
1660 1437 1890 1471 constitutum
1909 1445 1970 1472 est.
2023 1439 2116 1472 Nul-

1120 1485 1172 1517 las
1189 1496 1252 1527 ego
1270 1485 1434 1518 victorias
1450 1487 1529 1530 plus
1543 1488 1657 1521 laudis
1673 1489 1800 1522 mereri
1817 1489 1990 1531 existimo,
2008 1502 2113 1536 quam

1121 1533 1326 1569 huiusmodi
1352 1538 1562 1580 exemplum.
1623 1538 1712 1572 Nam
1731 1552 1809 1572 eum
1834 1540 1922 1574 bene
1941 1541 2115 1585 imperare

1120 1593 1237 1630 putes,
1277 1587 1336 1631 qui
1366 1588 1463 1620 domi
1491 1588 1629 1621 civilem
1660 1590 1882 1633 disciplinam
1906 1603 2114 1625 conservare

1120 1638 1225 1672 norit.
1259 1635 1359 1670 Nihil
1374 1639 1460 1671 soris
1474 1651 1582 1678 arma,
1610 1638 1702 1673 nihil
1718 1640 1889 1685 triumphi
1905 1643 2114 1686 proderunt,

1118 1689 1147 1721 si
1164 1689 1260 1721 domi
1283 1689 1434 1722 nimium
1458 1691 1559 1725 liceat
1581 1691 1765 1736 improbis.
1819 1691 1850 1725 ls
1874 1694 2015 1726 demum
2044 1693 2114 1726 lm-

1119 1740 1289 1783 peratoris
1307 1741 1451 1774 nomine
1470 1742 1597 1785 dignus
1622 1751 1690 1784 est,
1717 1743 1868 1788 quinon
1892 1751 2028 1778 tantum
2048 1742 2114 1778 ho-

1119 1790 1230 1823 stibus
1253 1791 1490 1824 formidabilis
1515 1800 1585 1833 est,
1612 1795 1672 1826 sed
1696 1794 1799 1827 etiam
1818 1794 1909 1827 cives
1937 1796 1973 1827 in
1995 1796 2110 1829 officio

1119 1842 1270 1875 retinere
1292 1843 1458 1877 studebit.
1514 1843 1609 1886 Quid
1637 1846 1679 1878 de
1702 1844 1883 1878 Friderico
1906 1853 2034 1890 nepote
2058 1847 2113 1879 di-

1118 1904 1213 1933 cam,
1241 1893 1341 1926 cuius
1360 1892 1597 1937 pulcherrima
1616 1896 1780 1934 consilia,
1809 1896 1837 1929 si
1855 1909 1927 1929 non
1945 1897 2113 1942 impedis-

1118 1950 1194 1977 sent
1213 1943 1367 1978 Romani
1386 1944 1592 1987 Pontifices,
1619 1959 1693 1979 non
1710 1947 1818 1981 alium
1836 1945 2015 1982 habuisset
2040 1949 2112 1982 uti

1117 1995 1242 2028 liorem
1278 1995 1480 2040 Principem
1517 1996 1721 2033 Germania.
1783 1997 1967 2041 Ingenium
2005 2000 2041 2032 in
2070 2012 2109 2033 eo

1118 2046 1327 2079 acerrimum
1353 2047 1441 2088 suit,
1469 2060 1593 2091 magna
1616 2049 1720 2082 etiam
1745 2049 1927 2083 literarum
1953 2051 2111 2091 scientia,

1119 2104 1152 2130 et
1169 2104 1208 2131 ut
1223 2097 1320 2130 aliud
1335 2098 1420 2130 boni
1437 2096 1528 2131 nihil
1544 2100 1767 2143 praestiterit,
1782 2112 1944 2144 magnam
1962 2101 2015 2134 illi
2031 2113 2108 2145 gra

1117 2148 1201 2182 tiam
1221 2149 1408 2190 debemus,
1436 2151 1532 2195 quod
1552 2151 1688 2185 curavit
1711 2152 1747 2184 in
1764 2151 1928 2185 Latinam
1952 2153 2109 2196 linguam

1116 2200 1272 2233 converti
1291 2212 1330 2233 ex
1348 2200 1555 2234 Saraceuico
1574 2213 1733 2235 sermone

1234 2249 1445 2292 Ptolemaei
1483 2264 1563 2284 nam
1583 2254 1713 2298 absque
1731 2265 1771 2287 eo
1787 2253 1878 2287 libro
1899 2261 1970 2288 tota
1984 2253 2109 2288 Astro-

1115 2301 1236 2335 nomia
1259 2302 1420 2336 funditus
1441 2303 1640 2337 interiisset.
1704 2303 1825 2349 Itaque
1851 2305 1976 2338 Suevis
2000 2307 2108 2339 delie-

1117 2364 1205 2393 mus
1226 2354 1321 2397 qnod
1341 2354 1475 2399 reliqua
1493 2361 1542 2388 cst
1560 2355 1618 2388 illa
1631 2353 1882 2399 Philosophiae
1898 2368 1986 2399 pars,
2005 2370 2109 2401 quam

1115 2404 1191 2437 iure
1217 2404 1346 2437 dixeris
1366 2406 1701 2448 praestantissimam
1727 2418 1810 2440 esse.
1873 2407 2003 2450 Magna
2034 2408 2108 2440 laus

1115 2462 1164 2488 est
1188 2455 1364 2488 invenisse
1387 2463 1476 2489 artes
1499 2457 1603 2491 utiles
1629 2454 1710 2491 huic
1729 2458 1838 2496 vitae,
1865 2459 1924 2491 sed
1942 2470 2014 2491 nou
2036 2459 2103 2491 mi-

1115 2519 1182 2539 nor
1201 2513 1270 2546 est,
1296 2507 1351 2540 vel
1366 2507 1559 2541 restituisse
1577 2508 1631 2541 vel
1647 2520 1880 2544 conservasse.
1919 2510 2104 2555 Siquidem

1115 2559 1150 2590 in
1170 2558 1292 2601 primis
1310 2559 1346 2591 in
1365 2558 1477 2592 literis
1501 2557 1567 2593 hoc
1585 2560 1742 2593 accidere
1760 2560 1918 2593 videmus
1931 2587 1939 2600 ,
1968 2568 2005 2593 ut
2034 2572 2105 2592 nou

1114 2609 1232 2643 minus
1257 2609 1392 2651 negocii
1419 2610 1463 2644 sit
1488 2622 1695 2644 conservare
1721 2611 1900 2651 inventas,
1927 2624 2028 2655 quam
2052 2611 2106 2641 iu

1114 2662 1245 2695 venire.
1302 2660 1438 2694 Videtis
1456 2662 1577 2706 quales
1596 2660 1830 2705 Imperatores
1848 2662 1975 2695 Suevia
2003 2660 2107 2692 uobis

1113 2712 1283 2753 ediderit,
1312 2711 1372 2758 qui
1391 2712 1458 2745 nisi
1484 2713 1566 2745 belli
1583 2713 1747 2757 pacisque
1764 2720 1855 2746 artes
1873 2723 1994 2745 omnes
2013 2712 2104 2755 apud
