2338 2958
0 2041 2 2114 ᾼὴᾼ
0 946 8 2035 ᾼᾼῂ-ἮἿ
0 787 1 790 Α
0 770 2 777 ἡ
0 717 3 723 -
0 583 1 587 Α
0 399 13 417 3-

101 120 172 155 421
819 114 982 151 DECL.
1022 113 1098 149 DE
1132 112 1416 151 PLATONE.
2058 121 2131 157 422

101 204 296 239 auditorem
322 201 447 242 fuisse,
473 201 515 234 de
533 201 631 235 cuius
646 199 877 246 Philosophia
903 201 952 235 sic
970 200 1091 234 scribit
1145 199 1364 244 propositum
1397 211 1486 241 esse,
1522 208 1562 235 ut
1589 202 1746 235 oratione
1777 203 1924 246 gloriam
1951 203 2015 238 Dei
2046 207 2128 240 illu-

102 256 146 289 ad
161 253 311 288 amicum
329 252 521 296 quendam:
546 251 660 286 Yideo
678 259 710 286 te
726 253 949 296 disciplinam
967 251 1090 291 colere,
1143 256 1272 290 strent,
1304 251 1414 283 multo
1442 252 1644 295 diligentius
1675 264 1709 285 se
1739 255 1780 286 ad
1812 261 1881 287 tam
1911 257 2126 297 praeclarum

103 311 136 339 et
161 303 302 349 quidem
330 302 509 344 Platonis,
547 315 634 348 quae
655 315 737 336 vere
758 305 949 337 detestatur
973 303 1089 346 turpia
1142 312 1230 344 opus
1261 308 1488 344 praeparent,
1530 303 1657 336 deinde
1692 304 1833 338 videant
1863 305 1988 345 etiam,
2024 320 2126 351 quam

101 356 198 389 lucra
224 360 257 388 et
274 353 497 397 imposturas,
521 361 553 387 et
572 355 669 388 iubet
684 355 787 387 finem
805 354 963 387 omnium
980 353 1089 386 actio·
1141 358 1242 394 turpe
1260 351 1304 384 sit
1326 352 1483 384 conferre
1501 353 1734 397 eloquentiam
1752 357 1792 388 ad
1820 356 2036 399 parasiticam
2048 385 2056 396 ,
2084 360 2124 391 ad

101 417 186 438 num
204 404 425 444 constituere,
442 404 608 438 virtutem
627 406 736 449 ipsam
752 416 792 437 ac
810 405 998 438 iusticiam:
1021 414 1088 448 qua
1141 402 1323 434 scurrilem
1342 402 1618 436 maledicentiam
1632 431 1641 443 ,
1667 406 1709 437 ad
1730 407 1994 440 calumniandas
2018 406 2127 441 hone-

100 455 262 489 doctrina
278 455 476 495 institutos,
502 456 599 488 nefas
615 462 664 489 est
679 455 819 488 fraudes
842 462 974 488 struere
999 453 1087 491 aliis,
1140 459 1209 485 stas
1233 458 1340 492 artes,
1374 453 1417 485 ad
1447 453 1696 487 inflammanda
1721 457 1800 488 odia
1831 459 1995 491 adversus
2020 458 2126 492 Cliri-

100 513 135 540 et
160 518 232 539 non
256 517 334 548 erga
359 517 480 538 omnes
507 518 578 539 esse
609 506 730 539 iustos.
789 504 884 538 Haec
910 512 991 538 sunt
1016 503 1087 537 De—
1141 509 1244 537 stum.
1297 502 1391 536 Haec
1407 504 1468 547 qni
1486 504 1628 544 faciunt,
1655 512 1692 537 ut
1711 518 1746 537 re
1765 507 1835 549 ipsa
1852 520 1984 541 morem
2002 510 2126 543 diabo—

100 554 294 590 mosthenis
319 556 440 597 verba,
475 557 513 588 in
536 557 662 601 quibus
691 554 924 589 honorificum
946 555 1086 589 Platoni
1112 566 1114 585 ι
1140 553 1246 586 licum
1267 553 1469 594 imitantur,
1494 554 1540 587 ita
1567 566 1638 587 non
1662 555 1882 600 eloquentes,
1909 560 1965 591 sed
1992 560 2125 593 diaboli

101 607 341 641 testimonium
357 607 490 640 tribuit.
523 606 594 640 *Nec
609 618 691 640 vero
710 607 861 649 vulgaris
879 606 1086 650 prudentiae
1112 612 1114 642 ξ
1140 604 1215 637 iure
1237 605 1386 637 vocandi
1411 612 1504 639 sunt.
1557 604 1628 638 Nec
1652 617 1734 638 vero
1760 608 1860 649 pauci
1885 615 1965 642 sunt
1988 611 2071 643 tales
2090 611 2125 644 in

99 658 185 698 fuit,
211 658 329 690 videre
347 657 432 701 quid
455 657 516 689 illa
541 657 638 701 prior
659 654 856 701 Sophistica
877 656 1029 700 Gorgiae
1054 662 1087 689 et
1111 647 1114 674 l
1139 652 1193 687 his
1211 655 1362 698 publicis
1380 655 1581 697 discordii53
1617 663 1666 689 est
1689 657 1782 689 enim
1802 658 1985 703 plusquam
2005 673 2125 695 verum

101 708 290 748 similium,
318 705 461 740 haberet
480 707 576 748 vitii,
603 714 635 741 et
661 720 800 741 cursum
818 708 1014 741 studiorum
1031 714 1085 740 to-
1139 706 1231 750 quod
1252 706 1299 739 ait
1315 705 1530 739 Menander:

99 759 169 792 tius
191 760 243 792 sui
263 758 370 791 seculi
392 765 617 794 commutare.
671 758 793 801 Magni
816 771 854 791 ea
874 770 929 791 res
953 757 1085 801 ingenii

99 816 134 843 et
152 807 284 842 heroici
309 808 513 851 significatio
536 809 621 842 suit:
655 808 753 843 Vidit
781 821 876 842 arma
894 809 969 842 dari
987 809 1085 842 iuve—

101 860 206 893 nibus
221 860 262 892 ad
282 857 648 903 movmulasRespub„
670 872 747 893 cum
768 872 841 893 non
861 860 1085 892 frenarentur

99 910 240 953 ingenia
262 909 419 952 graviore
434 910 592 943 doctrina
605 937 614 951 ‚
641 911 699 943 sed
718 923 787 944 una
805 911 880 944 laus
898 917 1003 951 esset,
1029 910 1086 943 di-

98 961 210 994 cendo
226 960 446 1000 conturbare,
474 966 506 993 et
524 968 707 995 concutere
727 962 827 1004 leges,
854 968 886 994 et
901 962 985 994 alias
1004 973 1085 994 cau-
1111 949 1114 1010 1

98 1022 163 1046 sas.
215 1009 334 1052 Quare
353 1007 512 1044 hortator
529 1010 673 1044 Graecis
692 1013 759 1046 snit
775 1013 816 1045 ad
835 1012 931 1045 aliud
953 1011 1086 1045 doctri·
1112 1011 1113 1049 l

99 1073 164 1094 nae
181 1072 289 1104 genus
308 1060 505 1101 colendum,
532 1063 617 1095 utile
631 1063 791 1095 moribus
809 1069 841 1096 et
857 1062 944 1106 paci.
984 1061 1085 1095 Hanc

99 1123 196 1146 suam
211 1111 418 1144 sententiam
436 1124 508 1143 non
523 1113 670 1145 obscure
687 1114 841 1146 ostendit
856 1113 892 1145 in
912 1113 1086 1157 interpre-

97 1163 230 1197 tatione
252 1160 345 1194 Delii
370 1162 513 1195 oraculi.
566 1162 690 1196 Fessae
714 1163 806 1196 enIm
828 1162 982 1196 Graecae
999 1163 1086 1196 civi-

98 1220 183 1247 tates
200 1212 369 1246 diuturno
387 1219 417 1244 et
440 1212 600 1246 luctuoso
618 1214 729 1254 bello,
755 1216 848 1259 quod
867 1214 959 1248 inter
975 1225 1008 1246 se
1027 1225 1086 1256 ge-

97 1264 240 1303 rebant,
276 1262 530 1297 consuluerunt
552 1265 733 1297 oraculum
757 1265 794 1297 in
815 1263 924 1304 Delo,
957 1265 1086 1310 quibus

96 1314 213 1347 modis
227 1312 322 1346 Deus
340 1313 531 1355 placandus
547 1322 644 1354 esset,
666 1322 704 1348 ut
721 1314 906 1348 Graeciam
921 1326 1085 1359 praesen-
1138 1312 1187 1347 Ita
1213 1313 1367 1356 profecto
1385 1310 1441 1345 hic
1462 1324 1611 1358 cygnus,
1637 1313 1738 1347 Plato
1756 1315 1936 1355 videlicet,
1963 1316 2125 1350 (livinum

96 1365 192 1398 tibus
209 1363 311 1396 malis
331 1363 504 1397 liberaret.
545 1363 613 1397 Hic
632 1377 709 1398 cum
726 1364 821 1398 Deus
840 1366 1086 1408 respondisset,
1139 1363 1308 1408 quiddam
1325 1374 1466 1405 canem,
1491 1375 1613 1396 omnes
1629 1361 1798 1398 Oratores
1816 1366 2014 1410 eloquentia
2031 1368 2125 1403 vicit.

97 1413 207 1448 Aram
239 1413 275 1445 in
290 1412 378 1446 Delo
407 1420 534 1454 totam,
568 1427 656 1459 quae
682 1422 755 1448 erat
783 1416 912 1458 figurae
932 1416 1085 1455 cubicae,
1138 1413 1272 1446 Passim
1298 1413 1335 1445 in
1361 1412 1551 1454 Cicerone,
1587 1425 1658 1447 non
1682 1417 1787 1447 modo
1814 1416 1849 1448 in
1873 1414 2126 1461 philosophicis

96 1464 347 1508 duplicandam
381 1475 472 1504 esse,
513 1464 637 1498 Graeci
671 1467 806 1499 addunt
829 1466 932 1498 aliam
956 1466 1084 1499 molem
1139 1464 1291 1506 sciiptis‚
1319 1465 1377 1496 sed
1403 1464 1507 1496 etiam
1531 1464 1566 1496 in
1590 1466 1790 1498 forensibus
1812 1467 2012 1501 actionibus
2030 1481 2125 1501 com—

96 1515 174 1561 pari
210 1515 473 1557 magnitudine,
507 1521 539 1547 et
571 1516 726 1549 efficiunt
761 1513 1012 1564 τετράγωνον,
1048 1517 1084 1548 in
1139 1521 1263 1558 parent
1291 1521 1496 1547 ornamenta
1527 1526 1566 1547 ex
1595 1514 1740 1548 Plutone
1771 1519 1930 1561 decerpta
1962 1519 2125 1562 plurima.

96 1578 167 1612 quo
192 1565 377 1607 longitudo
404 1565 564 1599 vincebat
588 1566 824 1600 latitudinem.
878 1567 1001 1600 Postea
1029 1566 1085 1598 in-
1111 1548 1114 1592 l
1137 1562 1184 1597 Et
1198 1564 1339 1608 quidem
1358 1564 1478 1597 Cicero
1497 1565 1673 1608 praedicat
1689 1577 1723 1598 se
1738 1567 1774 1598 in
1793 1566 1978 1601 Academia
1994 1568 2125 1603 Orato-

96 1623 293 1659 terrogant,
319 1626 364 1647 an
385 1615 450 1647 rite
474 1616 616 1649 oraculo
643 1618 840 1659 paruerint,
865 1616 995 1660 Apollo
1022 1628 1085 1649 ne„-
1110 1594 1114 1663 l
1138 1626 1210 1647 rem
1239 1615 1368 1647 fictum
1398 1626 1484 1655 essi;
1518 1616 1710 1658 poterimus
1738 1617 1843 1657 igitur
1869 1625 1900 1651 et
1929 1631 1992 1652 nos
2015 1621 2060 1652 ab
2084 1633 2123 1654 eo

97 1673 164 1710 gat.
217 1666 337 1708 Quare
360 1665 530 1708 perculsi,
565 1667 786 1711 suspicantur
807 1668 941 1712 aliquid
967 1667 1084 1700 arcani
1110 1667 1114 1710 ί
1138 1665 1247 1698 multa
1278 1672 1484 1698 ornamenta
1514 1667 1681 1700 mutuari.
1739 1668 1805 1700 Sed
1834 1669 1954 1702 desino
1979 1671 2021 1702 de
2050 1671 2124 1704 elo-

97 1715 164 1751 hoc
190 1715 374 1749 involucro
401 1715 632 1758 significatum
669 1729 759 1761 esse,
789 1730 828 1751 ac
858 1719 1083 1761 interpretem
1110 1712 1113 1735 ⁹
1138 1716 1282 1761 quentia
1300 1715 1432 1756 dicere,
1465 1728 1553 1760 quae
1571 1728 1788 1750 summorum
1808 1716 2001 1752 Oratornm
2025 1723 2124 1755 testi-

97 1767 230 1801 oraculi
257 1766 480 1799 excellentem
508 1767 649 1809 ingenio
673 1775 705 1801 et
727 1769 887 1801 doctrina
913 1780 1085 1813 quaeren-
1110 1778 1113 1815 j
1137 1766 1267 1799 moniis
1280 1766 1362 1799 satis
1377 1767 1546 1799 celebrata
1563 1773 1623 1801 est.
1678 1767 1804 1810 lugens
1824 1776 1939 1802 autem
1957 1773 2060 1804 decus
2077 1780 2123 1806 est

97 1820 183 1852 dum
209 1828 281 1849 esse
305 1823 457 1850 censent.
510 1816 682 1851 Deferunt
712 1819 817 1861 igitur
839 1819 1020 1851 oraculum
1042 1819 1084 1850 ad
1138 1818 1174 1849 in
1199 1814 1342 1848 homine
1368 1817 1578 1861 eloquentia.
1631 1816 1682 1850 De
1708 1819 1810 1851 rebus
1836 1819 1918 1862 ipsis
1944 1828 1975 1853 et
2000 1833 2124 1863 genere

97 1867 302 1905 Platonem,
328 1866 387 1911 qui
405 1867 559 1900 ostendit
583 1868 630 1901 eis
647 1876 798 1901 erratum
817 1869 854 1901 in
872 1869 1084 1912 duplicanda
1110 1866 1113 1887 ἶ
1138 1865 1389 1910 Philosophiae
1406 1879 1552 1909 magnae
1574 1875 1655 1901 sunt
1677 1871 1934 1903 controversiae
1951 1872 2041 1905 inter
2059 1875 2123 1906 do-

98 1931 169 1958 ara,
195 1918 289 1963 quod
308 1928 372 1960 pro
387 1917 507 1950 cubica
525 1917 684 1952 fecissent
701 1931 834 1966 resno.)
837 1931 890 1954 cm
893 1932 935 1953 οι
936 1945 946 1960 ,
973 1926 1006 1953 et
1021 1921 1086 1952 do·
1110 1898 1114 1964 l
1138 1925 1220 1951 ctos.
1272 1917 1429 1950 Primum
1453 1918 1541 1950 illud
1560 1925 1713 1958 constat,
1741 1918 1922 1953 Platonem
1942 1934 2013 1954 non
2039 1925 2123 1957 scri-

98 1975 170 2007 cet,
207 1968 386 2012 quomodo
421 1968 530 2001 cubus
565 1969 796 2012 duplicandus
831 1970 892 2008 sit,
929 1970 1113 2018 quaesito
1110 1965 1114 1993 ¹
1137 1969 1245 2013 psisse
1260 1968 1383 2001 ordine
1400 1968 1550 2011 integras
1567 1976 1667 2010 artes,
1686 1971 1743 2002 sed
1761 1971 1985 2005 liherioiibus
2002 1974 2121 2018 ‹lispu-

98 2020 269 2053 diametro
288 2018 381 2053 cubi.
435 2017 558 2052 Monet
577 2026 692 2052 autem
711 2018 884 2060 Graecos,
911 2033 983 2053 non
1009 2033 1085 2053 mo-
1110 1998 1113 2090 ἱ
1134 2019 1332 2053 tationibus
1361 2018 1445 2051 alias
1471 2022 1514 2051 de
1541 2018 1608 2051 alio
1632 2020 1709 2052 loco
1735 2021 1818 2064 quid
1849 2023 2030 2064 probaret,
2064 2033 2122 2058 aut

97 2071 169 2104 lem
193 2081 272 2102 arae
297 2080 507 2112 magnopere
523 2068 597 2102 Deo
620 2082 721 2102 curae
748 2082 837 2109 esse,
869 2083 932 2104 nec
955 2071 1113 2114 placari
1139 2070 1223 2115 quid
1241 2081 1313 2102 non
1332 2070 1504 2127 probaiess
1529 2071 1731 2105 ostendisse.
1766 2071 1900 2105 Multae
1921 2074 2023 2106 etiam
2042 2083 2122 2109 sunt

99 2121 213 2155 Deum
230 2119 386 2163 lapidum
402 2126 516 2161 strue,
544 2121 601 2153 sed
623 2127 709 2153 tecte
725 2121 776 2153 si
756 2121 912 2164 tgnificari
928 2122 993 2155 alia
1011 2134 1085 2154 me-
1138 2127 1177 2154 ut
1198 2118 1377 2153 hominis
1368 2121 1537 2162 ingeniosi
1559 2127 1591 2153 ct
1611 2121 1825 2165 eloquentis,
1853 2124 1911 2167 qui
1931 2125 2071 2168 quidem
2089 2133 2120 2159 et

100 2172 190 2204 liora
212 2170 326 2203 studia
341 2168 486 2203 Graecis
508 2171 653 2204 colenda
680 2183 772 2212 esse,
795 2172 974 2213 videlicet,
1001 2171 1086 2206 Phi-
1111 2123 1114 2207 i
1137 2178 1262 2204 natura
1280 2171 1345 2204 fuit
1362 2168 1574 2210 σκωπτικός,
1598 2171 1750 2204 ironicae
1770 2180 1800 2205 et
1819 2174 1982 2215 figuratae
2001 2176 2121 2220 ‹lispu-

100 2217 317 2264 Iosophiam‚
344 2221 563 2264 profuturam
587 2222 630 2255 ad
655 2222 845 2255 flectendos
862 2223 1016 2261 animos,
1042 2224 1085 2256 ad
1139 2222 1306 2262 tationes,
1339 2222 1450 2266 qualis
1473 2229 1540 2261 est,
1575 2233 1653 2254 cum
1683 2223 1807 2255 ludens
1832 2225 1969 2258 ‹ilsserit
2000 2238 2121 2259 omnes

101 2271 324 2311 modestiam,
347 2271 540 2310 iusticiam,
566 2279 599 2306 et
623 2284 778 2306 amorem
804 2273 964 2317 publicae
987 2281 1087 2307 tran-
1139 2283 1283 2315 magnos
1301 2273 1395 2304 viros
1422 2273 1511 2305 bene
1535 2272 1676 2305 meritos
1695 2274 1738 2305 de
1755 2273 1893 2317 Repub.
1913 2275 1999 2309 iuste
2016 2278 2118 2320 plecti

102 2321 300 2368 quillitatis.
344 2320 410 2354 His
425 2323 551 2355 studiis
569 2323 761 2357 excitandis
779 2335 952 2368 nusquam
968 2323 1087 2358 Plato-
1139 2336 1157 2356 a
1181 2323 1251 2356 suis
1273 2323 1426 2362 civibus,
1453 2323 1534 2367 quia
1555 2323 1731 2356 beneficiis
1751 2325 1839 2364 suis,
1865 2326 1959 2369 vulgi
1984 2328 2121 2371 cupidi-

102 2373 159 2406 nis
176 2383 281 2416 opera
298 2371 421 2412 defuit,
443 2379 478 2405 et
493 2379 533 2406 ut
548 2373 692 2407 iuvenes
707 2374 927 2420 eloquentiae
943 2376 1087 2420 cupidos
1139 2380 1226 2408 tates
1249 2380 1281 2407 et
1303 2373 1478 2406 licentiam
1503 2373 1674 2409 auxerint.
1727 2373 1790 2407 Est
1812 2381 1844 2408 et
1870 2376 2050 2419 πολιτεία,
2086 2379 2120 2410 in

103 2429 281 2463 moneret,
308 2434 381 2455 non
398 2423 443 2455 ad
463 2424 648 2467 populares
664 2426 836 2459 tumultus
860 2427 1086 2460 exercendam
1140 2436 1207 2470 qua
1225 2424 1324 2467 fingit
1348 2435 1569 2457 communem
1593 2435 1711 2457 rerum
1737 2436 1858 2463 usum,
1888 2439 2030 2470 prorsus
2053 2429 2122 2461 iro—

103 2485 176 2508 esse
196 2473 414 2513 facundiam,
443 2474 501 2506 sed
524 2475 567 2507 ad
593 2474 700 2508 alium
718 2473 954 2510 honestiorem
972 2488 1088 2518 usum,
1141 2476 1234 2513 nica;
1261 2474 1373 2508 voluit
1392 2474 1485 2506 enim
1506 2474 1592 2507 salse
1608 2482 1641 2508 et
1663 2476 1806 2517 figurate
1825 2477 1997 2511 infinitam
2021 2491 2122 2522 rapa-

104 2525 236 2570 inquit:
263 2521 497 2568 Eloquentiae
521 2524 624 2557 finem
648 2537 739 2568 esse,
770 2539 842 2559 non
865 2533 904 2560 ut
928 2524 1088 2561 homines
1141 2527 1277 2560 citatem
1300 2531 1482 2569 potentum
1507 2532 1634 2559 taxare.
1691 2525 1743 2558 De
1768 2526 1856 2559 ideis
1881 2540 1969 2573 quae
1993 2530 2120 2561 delira-

105 2574 268 2615 delectet‚
295 2576 354 2607 sed
372 2581 409 2607 ut
425 2574 498 2608 Deo
519 2582 614 2618 grata
631 2575 732 2611 dicat.
773 2576 850 2611 Hoc
867 2585 1087 2623 praeceptum
1142 2583 1257 2610 menta
1295 2576 1471 2609 finxerunt
1505 2576 1656 2616 indocti,
1697 2588 1774 2609 cum
1810 2590 1918 2620 genus
1955 2580 2121 2612 sermonis

105 2625 240 2659 utinam
256 2625 402 2668 infigant
419 2625 547 2659 animis
563 2626 816 2669 adolescentes,
842 2635 881 2661 ut
897 2639 974 2661 cum
993 2629 1090 2672 cogi-
1142 2627 1308 2671 grandius
1325 2627 1362 2659 in
1377 2625 1522 2660 Platone
1540 2639 1612 2659 non
1629 2634 1742 2660 essent
1758 2630 1914 2664 assecuti,
1938 2641 1998 2661 nec
2016 2630 2122 2661 vidis-

104 2675 248 2717 tabunt,
274 2673 370 2709 huuc
386 2683 521 2711 tantum
536 2677 639 2710 finem
657 2674 783 2712 horum
806 2678 1001 2713 studiorum
1023 2680 1089 2713 sibi
1142 2684 1218 2712 sent
1238 2678 1332 2711 ideas
1353 2678 1396 2711 ab
1420 2677 1495 2720 ipso
1511 2677 1580 2711 dici
1605 2677 1772 2720 imagines
1790 2691 1826 2711 ac
1845 2679 1990 2711 noticias
2007 2680 2123 2712 erudi-

1416 2725 1497 2762 27*

1265 768 1280 801 ὅ
1304 770 1372 807 βίος
1392 766 1527 808 μάλιστα
1550 775 1613 807 τοῖς
1636 776 1780 811 πονηροῖς
1802 773 1917 811 ἥδεται,

1264 819 1390 861 πράττει
1414 821 1440 850 δ’
1465 819 1479 851 ὃ
1505 820 1600 857 κόλαξ
1622 820 1734 863 ἄριστα
1758 822 1892 864 πάντων,
1915 825 2054 865 δεύτερος

1263 869 1279 902 ὁ
1305 870 1510 912 συκοᾳάντης,
1535 869 1550 901 ὃ
1575 872 1608 901 δὲ
1631 871 1792 912 κακοήθης
1815 875 1966 913 τρίτατος.

1112 937 1113 947 ’
1138 931 1169 966 Ε
1193 933 1293 966 alunt
1310 929 1373 966 has
1393 939 1504 977 pestes
1527 933 1599 974 illi,
1627 934 1685 978 qui
1704 932 1886 969 cohercere
1903 937 2050 971 maxime
2067 939 2123 971 de·

1138 984 1278 1018 bebant.
1321 982 1453 1016 Verum
1471 981 1554 1016 haec
1573 984 1711 1028 querela
1731 985 1886 1018 fortassis
1905 1000 1975 1020 non
1994 996 2042 1021 est
2059 986 2125 1021 hu-

1139 1035 1192 1067 ius
1209 1034 1289 1067 loci.
1321 1033 1443 1067 Redeo
1464 1034 1570 1077 igitur
1586 1035 1628 1067 ad
1646 1035 1857 1070 institutum.
1896 1036 1942 1071 Lsst
1960 1037 2127 1072 Horatius

1138 1084 1333 1118 Pindarum
1355 1085 1522 1125 laudans,
1550 1085 1682 1129 inquit:

1316 1146 1413 1176 Multa
1428 1145 1570 1175 Dirceum
1587 1149 1663 1176 levat
1679 1158 1746 1176 aura
1763 1159 1904 1187 cygnum,

1319 1197 1428 1226 Tendit
1448 1197 1565 1226 Antoni
1584 1201 1699 1238 quoties
1714 1201 1744 1227 iu
1761 1201 1834 1228 altos

1316 1247 1451 1277 Nubium
1467 1255 1586 1278 tractus.
