2338 2958
146 114 193 150 51
636 109 795 146 DECL.
829 107 901 145 DE
935 108 1212 147 ENCOMIO
1247 107 1687 155 ELOQUENTIAE.
2131 110 2182 146 52

149 201 232 234 dare
248 199 411 233 debeant.
464 195 581 242 Atque
606 194 663 229 hic
681 193 768 228 mihi
788 195 844 229 vel
857 194 1048 230 Pericleam
1066 196 1138 229 vim

151 250 323 295 optarim,
349 250 433 283 dum
457 248 598 282 stultam
624 247 841 280 iuventutem
863 246 901 279 in
921 247 1014 280 viam
1039 259 1142 280 revo-

152 313 230 335 care
264 300 458 339 contendo,
507 309 594 342 quae
633 296 883 340 elegantiorem
921 297 1141 331 literaturam

152 351 280 396 partim
297 362 414 383 errore
438 347 649 386 contemnit,
677 348 772 393 quod
791 349 834 381 ad
860 348 1013 393 reliquas
1036 348 1142 381 disci-

153 402 268 446 plinas
294 398 546 444 comparandas
571 397 732 431 inutilem
758 410 830 432 esse
855 406 988 439 censet,
1014 399 1142 442 partim

154 452 280 486 inertia
297 451 394 494 fugit.
429 447 492 482 Est
508 448 602 481 enim
620 455 654 483 et
669 449 862 490 literarum,
878 449 1023 493 perinde
1040 456 1143 494 atque

152 503 302 537 aliarum
317 502 490 534 bonarum
508 510 625 533 rerum
643 511 682 533 ea
698 507 834 540 natura,
859 507 898 533 ut
916 501 991 532 sine
1006 511 1143 533 summo

154 554 273 586 labore
289 551 424 584 nemini
441 550 657 594 contingant.
709 549 840 584 Notum
860 551 953 583 enirn
973 551 1062 583 illud
1081 558 1144 588 est,

155 602 312 636 difficilia
345 613 435 642 esse,
477 613 567 645 quae
598 599 743 644 pulchra
776 608 869 634 sunt.
930 600 1144 645 Quanquam

155 653 214 698 qui
232 653 404 685 rationem
421 652 639 692 subduxerit,
663 651 834 696 quantulo
852 652 1009 695 negocio,
1033 663 1146 696 quan-

154 711 229 737 tum
246 703 333 736 lucri
353 703 473 743 saciat,
500 702 559 747 qui
578 704 846 735 commodorum
864 703 1144 745 magnitudinem

156 755 202 787 ob
223 753 343 787 oculos
368 753 541 797 posuerit,
575 750 670 786 hunc
699 753 817 786 nullae
840 764 895 785 res
920 753 1146 798 quantumvis

153 805 281 845 durae,
330 804 374 836 ab
410 801 536 836 harum
576 803 704 838 artium
741 803 857 837 studio
895 803 1147 843 ‹leterruerint,

155 867 254 901 quas,
284 854 352 887 nisi
369 854 548 897 cognoris,
574 866 618 886 ne
634 853 704 887 dici
723 854 864 899 quidem
884 860 1014 898 potest,
1042 865 1146 899 quam

156 905 367 938 infoeliciter
409 904 560 949 reliquas
601 905 805 948 disciplinas
843 911 1053 938 tractaturus
1091 904 1147 938 sis.

156 955 312 989 Proinde
336 955 455 1000 aequis
478 954 605 987 animis
629 955 766 996 audite,
800 967 889 999 quae
913 968 968 989 me
994 955 1148 989 rationes

158 1005 388 1045 adduxerint,
431 1017 493 1039 cur
524 1005 772 1049 elegantiorem
799 1006 1017 1040 literaturam
1044 1007 1148 1038 rebus

159 1055 323 1090 humanis
350 1057 454 1100 plane
485 1056 712 1089 necessariam
745 1068 816 1090 esse
845 1056 1007 1090 iudicem.
1069 1055 1149 1089 Pri-

158 1119 274 1147 mum,
303 1119 406 1140 nemo
428 1114 498 1140 tam
517 1119 636 1140 vecors
653 1113 713 1147 est,
740 1107 801 1152 qui
821 1119 893 1140 non
910 1107 1027 1141 videat
1046 1107 1150 1140 nobis

159 1164 251 1191 certa
269 1158 420 1202 quadam
440 1157 607 1202 loquendi
631 1158 767 1191 ratione
786 1170 874 1202 opus
890 1170 979 1199 esse,
1005 1170 1073 1203 qua
1094 1158 1149 1191 di—

158 1208 275 1241 lucide
310 1208 522 1252 explicemus
559 1208 760 1241 animorum
798 1215 1000 1242 nostrorum
1039 1220 1149 1249 sensa,

160 1271 368 1304 quacunque
383 1260 425 1292 de
442 1270 477 1291 re
493 1259 547 1291 vel
565 1259 705 1302 publice
722 1259 777 1291 vel
793 1259 958 1303 privatim
976 1261 1149 1303 agendum

160 1316 220 1342 est.
256 1309 417 1343 Fortasse
433 1309 623 1342 ridiculum
639 1309 744 1343 suerit
762 1307 817 1343 hic
834 1310 1023 1354 disputare,
1044 1322 1148 1354 quam

161 1360 375 1393 necessarius
403 1357 541 1392 homini
574 1370 687 1393 sermo
718 1360 772 1392 sit.
825 1359 914 1393 Nam
944 1361 1004 1404 qui
1033 1360 1150 1393 literas

161 1417 404 1451 contemnunt,
429 1410 633 1454 neutiquam
653 1410 765 1443 videri
783 1410 907 1444 volunt
923 1407 1060 1443 homiui
1077 1422 1151 1443 ser—

161 1473 300 1494 monem
321 1461 493 1500 adimere,
517 1461 576 1492 sed
595 1461 766 1493 orationis
784 1461 917 1493 cultum
934 1461 1150 1504 adspernan-

161 1518 229 1544 tur.
281 1511 437 1545 Proinde
460 1517 631 1555 quantum
658 1511 802 1550 reserat,
829 1517 958 1544 certam
981 1511 1149 1556 loquendi

161 1562 334 1595 rationem
361 1560 492 1599 teneri,
528 1561 646 1605 paucis
671 1561 916 1594 indicabimus.
976 1561 1064 1595 Nam
1090 1561 1150 1606 qui

164 1619 254 1646 recte
277 1625 348 1646 rem
373 1612 556 1646 aestimare
580 1612 691 1652 volet,
728 1612 756 1645 is
781 1612 971 1655 intelliget,
1007 1624 1077 1645 non
1103 1613 1149 1645 ita

163 1663 314 1697 multum
340 1663 522 1699 interesse,
558 1669 675 1695 mutus
700 1663 746 1695 sis
770 1663 890 1706 plane,
917 1675 960 1695 an
981 1670 1089 1696 artem
1107 1663 1149 1695 ad

164 1714 352 1747 dicendum
373 1726 445 1746 non
463 1710 642 1747 adhibeas.
682 1712 804 1758 Neque
823 1713 917 1746 enim
935 1713 1008 1746 fieri
1027 1720 1150 1757 potest,

164 1771 202 1798 ut
221 1777 308 1810 quae
322 1765 439 1805 sentis,
462 1764 509 1796 sic
525 1776 677 1807 exponas
694 1771 731 1797 ut
752 1764 900 1807 intelligi
919 1771 1059 1809 queant,
1081 1764 1149 1796 nisi

164 1822 237 1848 arte
266 1816 434 1861 loquendi
469 1814 668 1848 facultatem
701 1822 733 1848 et
765 1827 864 1859 pares
896 1822 928 1848 et
956 1815 1150 1848 confirmes.

168 1865 238 1900 Usu
260 1868 353 1899 enim
379 1873 623 1909 compererunt
648 1867 836 1909 prudentes
855 1866 943 1907 viri,
971 1863 1061 1898 1111111
1081 1877 1152 1899 esse

165 1917 361 1956 difficilius,
388 1929 492 1962 quam
511 1917 664 1949 dilucide
682 1929 720 1950 ac
745 1917 926 1961 perspicue
943 1918 986 1949 de
1010 1929 1046 1949 re
1065 1929 1150 1962 qua-

166 1968 257 2011 piam
282 1969 406 2003 dicere.
461 1966 617 2000 Primum
644 1968 737 2001 enim
761 1968 828 2000 nisi
848 1968 917 2000 vim
944 1969 1153 2013 pondusque

167 2019 354 2052 verborum
372 2019 520 2052 dicendo
539 2026 666 2058 tueare,
686 2019 881 2053 orationem
899 2026 994 2052 tuam
1013 2019 1071 2063 qui
1090 2019 1153 2052 ad—

167 2077 331 2114 sequetur
348 2069 510 2102 auditor?
538 2069 624 2102 Nam
642 2082 720 2102 cum
740 2083 818 2109 usu,
845 2070 1066 2109 velutnurui,
1091 2083 1152 2103 vo·-

167 2121 288 2153 cabula
326 2122 538 2164 prolientur,
576 2121 722 2165 receptis
751 2122 921 2155 utendum
953 2128 1021 2161 est,
1055 2133 1154 2166 quae,

168 2171 248 2215 quia
269 2171 470 2216 eloquentes
489 2169 668 2211 homines,
694 2172 791 2217 quasi
811 2184 870 2216 per
894 2184 1018 2205 manus
1039 2179 1152 2215 poste-

169 2222 215 2254 ris
240 2223 432 2261 tradidere,
466 2223 676 2255 obscuritate
698 2230 832 2256 vacant.
887 2222 1076 2266 Superiore
1101 2235 1154 2255 se—

169 2273 258 2311 rulo,
285 2285 362 2305 cnm
380 2285 439 2305 sna
455 2273 603 2318 quisque
622 2275 725 2306 verba
743 2275 894 2313 cuderet,
922 2283 951 2306 et
974 2274 1153 2317 peregriua

173 2323 305 2356 Latinis
330 2324 575 2360 miscerentur,
603 2325 772 2357 eiusmodi
792 2326 939 2357 conflata
963 2332 1010 2358 est
1029 2326 1153 2362 oratio,

169 2386 254 2419 quae
275 2387 316 2406 ne
335 2375 376 2406 ,111
404 2375 497 2406 illins
515 2375 656 2419 quidem
677 2377 797 2409 aetatis
822 2374 1026 2409 lnuuinibus
1050 2377 1152 2409 intel-

170 2425 228 2466 ligi
247 2425 370 2468 potnit.

168 2482 235 2510 tnr.
289 2477 377 2517 Quis
397 2477 490 2507 enirn
510 2477 670 2515 Scotum,
699 2485 753 2510 ant
774 2477 878 2510 liuius
896 2478 1028 2510 farinae
1045 2479 1151 2511 alium

169 2527 370 2571 scriptore-in
406 2525 469 2558 11111·
499 2534 653 2570 ternpore
684 2528 878 2569 intelligat?

168 2578 440 2610 exercitatissimi
480 2579 733 2621 praestiterint.

167 2629 336 2661 orationis
354 2642 388 2659 :n-
409 2627 548 2672 phrasin
570 2629 716 2662 violent:
746 2643 832 2675 111111·
852 2632 876 2662 si
898 2632 1015 2664 vitiata
1037 2631 1153 2668 suu-rit,

168 2692 304 2713 neeesse
321 2687 367 2712 est
388 2681 581 2712 orationem
603 2681 838 2714 olvssnrioreni
864 2683 973 2716 reddi.

412 2425 566 2457 ‘l‘antnin
587 2426 679 2458 abest
693 2454 700 2464 ,
728 2434 762 2459 nt
782 2427 965 2471 posteritas
983 2429 1150 2471 adseqna—
1176 2441 1179 2452 ·

929 2528 1064 2561 Deinde
1097 2529 1151 2561 xix
1176 2540 1177 2548 ¹

781 2581 903 2612 necubi
943 2588 1178 2617 structuram:

1031 2682 1075 2715 At
1096 2680 1151 2715 liic
1176 2696 1178 2706 ¹

1190 209 1296 243 quam
1326 196 1438 230 multa
1470 196 1622 230 efferunt
1661 196 1855 242 improprie
1890 196 1994 231 etiam
2027 195 2183 230 eruditi?

1191 247 1340 291 Quoties
1356 246 1519 280 absurdis
1537 258 1576 280 ac
1599 247 1726 291 ineptis
1748 245 1966 291 metaphoris
1983 258 2182 280 sermonem

1192 297 1404 331 obscurant?
1431 296 1521 339 Quis
1540 296 1635 330 enim
1651 297 1864 342 Apuleium,
1891 305 1925 332 et
1939 295 2046 331 huius
2063 297 2183 330 simias

1192 349 1304 382 serat?
1334 347 1405 381 Sed
1427 354 1520 381 recte
1541 345 1734 391 Apuleius,
1768 348 1829 394 qui
1854 360 1933 382 cum
1961 348 2100 381 asinum
2126 359 2182 381 re-

1194 405 1448 443 praesentaret,
1474 399 1601 432 rudere
1615 410 1722 443 quam
1739 399 1837 444 loqui
1855 399 1991 432 maluit.
2039 397 2183 432 Postre-

1194 462 1269 490 mo,
1295 455 1334 483 ut
1350 449 1457 482 verba
1474 446 1689 494 phrasinque
1705 449 1788 482 satis
1804 450 1919 490 noris,
1946 448 2183 482 difficilimum

1195 508 1311 534 tamen
1331 507 1399 540 est,
1425 511 1488 533 suo
1504 512 1662 545 quaeque
1683 499 1759 533 loco
1778 500 2009 539 distribuere,
2036 499 2103 532 alia
2122 499 2183 532 de-

1197 551 1367 595 primere,
1404 550 1472 583 alia
1507 550 1685 591 attollere,
1723 551 1894 595 quaedam
1932 550 2087 584 breviter
2122 549 2186 582 ad-

1196 601 1384 644 stringere,
1416 600 1501 634 alias
1523 601 1660 645 evagari
1687 601 1852 640 liberius,
1886 602 2056 645 quaedam
2081 599 2186 633 dissi-

1199 652 1332 685 mulare
1347 663 1386 685 ac
1399 657 1532 694 tegere,
1559 652 1628 685 alia
1648 663 1827 696 promere,
1853 657 1893 684 ut
1908 657 2074 696 tanquam
2093 651 2187 684 inter

1199 703 1338 735 umbras
1352 702 1488 736 lumina
1506 709 1622 736 extent
1639 714 1678 735 ac
1696 702 1886 736 emineant.
1921 699 1986 735 Est
2002 701 2094 734 enim
2111 701 2187 734 elo-

1198 753 1340 798 quentia
1363 753 1510 786 omuino
1532 753 1683 797 amplius
1704 753 1891 798 quiddam,
1925 764 2030 797 quam
2052 750 2187 785 tumul-

1199 804 1310 837 tuaria
1327 804 1516 837 verborum
1543 803 1733 847 congeries.
1785 802 1918 837 Verum
1942 803 2044 835 video
2069 812 2187 835 errore

1200 854 1270 887 labi
1299 854 1539 895 iuventutem,
1579 867 1669 900 quae
1698 866 1776 888 cum
1807 854 1939 888 nesciat
1967 847 2188 898 eloquentiae

1199 917 1277 938 cum
1302 904 1373 937 vim
1397 911 1472 937 tum
1498 911 1682 945 naturam,
1715 917 1788 937 non
1814 905 2007 939 arbitratur
2031 903 2187 948 precium

1201 955 1342 1000 aliquod
1367 967 1493 999 operae
1517 955 1610 996 fore,
1641 966 1703 989 cur
1726 967 1802 988 eam
1827 955 1893 989 sibi
1915 955 2049 988 maiore
2070 952 2186 988 studio

1200 1006 1494 1050 contentioneque
1517 1012 1632 1050 paret,
1661 1012 1693 1039 et
1716 1005 1854 1039 laudari
1878 1018 1898 1039 a
1923 1005 2028 1038 nobis
2052 1005 2189 1049 profes-

1200 1056 1347 1090 sorculis
1373 1063 1471 1100 putat
1494 1056 1631 1098 vulgari
1656 1068 1772 1097 more,
1803 1056 2100 1101 quemadmodum
2127 1065 2191 1088 sua

1202 1113 1354 1150 ungenta
1388 1107 1501 1141 solent
1530 1105 1844 1150 Pharmacopolae:
1883 1119 1947 1140 nec
1973 1106 2189 1150 optimorum

1203 1157 1630 1203 prudentissimorumque
1654 1155 1839 1191 hominum
1860 1154 2074 1191 authoritate
2094 1167 2187 1189 com-

1203 1215 1385 1250 monetur,
1425 1208 1487 1254 qui
1513 1209 1556 1242 ad
1589 1208 1685 1241 illius
1715 1209 1871 1242 studium
1902 1220 1973 1241 una
1994 1219 2078 1240 voce
2103 1206 2192 1239 adu-

1203 1260 1367 1293 lescentes
1392 1266 1426 1293 et
1449 1259 1628 1292 communi
1647 1259 1789 1292 classico
1807 1259 1968 1294 invitant.
2020 1257 2191 1291 Μίδα-3111

1203 1308 1387 1343 hominum
1411 1310 1673 1350 conditionem,
1700 1311 1861 1355 quando,
1887 1316 1926 1343 ut
1952 1319 2110 1354 quaeque
2136 1317 2191 1340 res

1202 1361 1334 1403 optima
1360 1367 1426 1399 est,
1455 1361 1502 1393 ita
1528 1360 1730 1403 longissime
1753 1373 1772 1393 a
1792 1367 1980 1404 conspectu
1997 1365 2117 1392 nostro
2135 1369 2191 1390 re-

1202 1411 1313 1451 cessit,
1339 1410 1554 1455 minimeque
1570 1410 1782 1453 agnoscitur.
1821 1409 1894 1443 Nec
1910 1409 2102 1444 dubitarim
2118 1419 2192 1451 ego,

1203 1461 1290 1505 quin
1322 1461 1350 1493 si
1377 1461 1488 1494 oculis
1510 1461 1605 1494 cerni
1634 1468 1748 1505 posset
1777 1461 1997 1505 eloquentiae
2025 1459 2190 1503 dignitas,

1204 1511 1401 1551 mirabiles,
1427 1518 1465 1544 ut
1489 1511 1548 1544 ille
1566 1511 1631 1551 ait,
1658 1523 1793 1545 amores
1813 1511 1867 1544 sui
1892 1512 2066 1545 excitaret,
2119 1509 2188 1543 Sed

1203 1573 1282 1594 cum
1304 1573 1384 1594 casu
1408 1561 1590 1603 iuventus,
1616 1573 1689 1595 non
1712 1562 1847 1595 ratione
1863 1563 1977 1600 vivat,
2005 1559 2191 1594 temerario

1204 1612 1356 1657 quodam
1375 1612 1508 1656 impetu
1524 1613 1566 1646 ad
1586 1624 1623 1645 ea
1638 1612 1825 1654 delabitur,
1852 1625 1940 1658 quae
1957 1612 2063 1655 vulgo
2081 1610 2192 1643 maxi-

1206 1675 1259 1696 me
1279 1663 1512 1698 celebrantur.
1553 1663 1672 1705 Quare
1690 1663 1717 1696 si
1735 1663 1813 1708 quis
1829 1670 1878 1697 est
1894 1675 1966 1697 non
1984 1663 2192 1707 imprudens

1205 1725 1321 1746 rerum
1345 1714 1566 1754 aestimator,
1593 1714 1621 1746 is
1638 1714 1729 1758 apud
1757 1726 1792 1747 se
1815 1715 2008 1759 expendat,
2037 1713 2191 1756 primum

1207 1761 1294 1797 1111111
1311 1776 1392 1805 esse,
1419 1764 1518 1797 cuius
1532 1775 1615 1797 usus
1628 1765 1732 1797 latius
1749 1771 1874 1809 pateat,
1899 1777 2007 1809 quam,
2019 1762 2192 1797 sermonis

1205 1815 1399 1850 commoda.
1452 1813 1582 1848 Omnis
1599 1812 1785 1848 hominum
1809 1815 1971 1855 societas,
1994 1814 2084 1847 ratio
2100 1813 2192 1847 vitae

1207 1866 1440 1899 instituendae
1471 1866 1611 1909 publice
1640 1877 1679 1899 ac
1713 1866 1898 1911 privatim,
1930 1864 2193 1910 conquirendo-

1207 1929 1353 1962 rumque
1376 1917 1536 1949 omnium
1561 1917 1690 1962 quibus
1713 1917 1820 1951 vitam
1851 1923 2007 1955 tuemur,
2038 1915 2192 1959 denique

1205 1967 1410 2001 commercia
1433 1967 1552 2000 omnia
1575 1979 1736 2001 sermone
1763 1967 2000 2001 continentur.
2053 1964 2191 1999 Deinde

1208 2019 1411 2062 persuadeat
1434 2019 1500 2051 sibi
1527 2018 1705 2051 nemiuem
1733 2018 1890 2062 adposite
1913 2029 1950 2050 ac
1974 2016 2128 2050 dilucide
2149 2015 2192 2047 de

1206 2070 1276 2102 ulla
1294 2081 1330 2102 re
1347 2069 1524 2102 dicturum
1541 2080 1631 2109 esse,
1659 2068 1724 2102 nisi
1742 2068 1803 2114 qui
1826 2075 1898 2102 arte
1915 2069 2084 2113 quadam,
2110 2065 2193 2099 imi-

1207 2121 1406 2165 tatioueque
1430 2121 1644 2165 optimorum
1671 2127 1701 2152 et
1732 2131 1855 2163 inagna
1883 2131 1964 2152 cura
1995 2118 2191 2152 orationem

1206 2184 1242 2204 ea
1269 2171 1385 2213 lingua
1412 2184 1478 2216 qua
1505 2171 1642 2216 publice
1668 2170 1823 2208 utimur,
1854 2170 2026 2204 formarit.
2085 2167 2192 2211 Quod

1206 2223 1264 2255 11111
1283 2222 1566 2256 animadverterit
1579 2249 1586 2260 ,
1615 2218 1707 2254 haud
1727 2221 1834 2254 dubie
1850 2218 1939 2253 1111111
1958 2221 2074 2265 prius,
2100 2216 2192 2251 1111111

1205 2274 1385 2318 antiquius
1403 2270 1546 2306 habebit
1561 2273 1736 2305 discendis
1753 2272 1919 2317 loquendi
1938 2272 2082 2305 artibus.
2109 2269 2192 2303 Sive

1205 2325 1298 2357 enini
1317 2324 1464 2357 consilio
1483 2324 1540 2356 alii
1562 2323 1705 2357 iuvandi
1724 2331 1816 2361 sunt,
1844 2323 1915 2355 sive
1933 2321 2092 2361 docendi,
2118 2320 2192 2353 sive

1206 2376 1376 2408 tuendum
1399 2382 1447 2408 est
1475 2376 1598 2417 dogma
1623 2374 1765 2419 aliquod
1780 2401 1787 2412 ,
1816 2374 1945 2406 sivede
1963 2373 2053 2410 iure,
2078 2383 2190 2416 aequo

1205 2440 1242 2459 ac
1261 2427 1604 2459 bonodisserendum
1623 2433 1682 2463 est,
1703 2423 1816 2458 uiliilo
1834 2425 1912 2469 plus
1929 2424 2066 2461 efficias,
2085 2433 2190 2467 quam

1207 2478 1240 2509 111
1267 2478 1377 2510 sen-nis
1402 2484 1517 2510 innita«-
1544 2489 1711 2520 personae
1734 2477 1866 2512 solent.
1894 2475 1960 2507 nisi
1984 2481 2057 2507 arte
2071 2473 2191 2505 elabo-

1205 2536 1312 2561 1·.1Ι.·1111
1335 2529 1527 2561 orationem
1552 2528 1727 2566 attuleris,
1753 2539 1841 2572 quae
1862 2537 1916 2559 res
1931 2526 2097 2558 obscuras
2113 2530 2190 2557 tau-

1763 2577 1841 2611 Non
1869 2577 1993 2619 ignoro
2012 2588 2101 2610 esse.
2130 2574 2192 2620 qui

1204 2632 1408 2670 elegantiam
1429 2644 1446 2663 a
1466 2638 1556 2663 rect«-
1580 2629 1746 2675 loquendi
1769 2629 1904 2661 ratione
1922 2633 2080 2671 separant
2094 2653 2102 2664 ,
2129 2637 2192 2660 nec

1205 2684 1333 2715 referre
1359 2689 1478 2726 putant
1494 2709 1501 2720 ,
1530 2683 1635 2714 niodo
1659 2694 1729 2713 retu
1757 2679 1932 2715 indicent,
1956 2679 2193 2723 qualicunque

1205 2593 1307 2624 quani
1334 2580 1367 2612 iu
1395 2579 1526 2612 lumine
1553 2579 1708 2613 collocet.

2304 395 2324 440 ‘A'
2304 359 2324 384 ζ-

2304 444 2316 555 .ι.«;-1-.·
