2338 2958
210 134 277 167 111

211 218 445 259 conservatis,
480 217 612 251 durare
650 213 776 257 religio
805 219 838 247 et
861 214 976 247 bonae
1006 214 1099 258 leges
1121 226 1196 247 non

212 277 373 314 possunt:
403 275 579 313 praeterea
596 264 700 307 exigit
718 264 830 306 Deus,
857 272 898 299 ut
914 265 1045 299 liberos
1063 272 1197 299 vestros

213 323 253 355 ad
281 321 444 355 virtutem
474 330 512 351 ac
536 316 743 359 religionem
773 315 979 352 instituatis.
1042 314 1106 350 Est
1134 327 1197 349 au-

212 380 281 406 tem
307 383 378 405 non
404 370 511 402 modo
531 368 570 402 in
590 378 735 411 superos
752 365 902 411 impius,
929 367 988 400 sed
1008 367 1111 411 plane
1127 363 1196 399 hu-

213 435 316 456 mana
350 420 463 465 specie
498 417 678 453 beluinam
713 425 866 451 mentem
900 417 1001 461 tegit,
1037 416 1198 462 quisquis

212 486 284 507 non
305 474 363 505 dat
381 482 522 513 operam
534 497 543 510 ,
559 475 599 503 ut
613 469 667 502 sui
682 468 783 502 liberi
800 468 990 502 rectissime
1007 467 1199 502 instituan-

214 533 291 564 tur,
318 521 383 555 hoc
401 523 492 554 inter
509 519 690 555 hominem
708 532 746 553 ac
765 520 904 553 beluam
921 519 1109 552 discrimen
1134 530 1199 551 na-

214 582 290 608 tura
315 573 416 613 serit,
443 573 537 617 quod
564 572 689 604 beluae
714 572 898 614 deponunt
919 581 1038 603 curam
1056 569 1201 607 sobolis,

213 637 292 657 rum
312 623 485 663 adolevit,
509 620 648 656 homini
667 621 839 664 iniunxit,
867 627 907 654 ut
924 633 964 653 ex
980 632 1016 654 se
1034 632 1198 664 procrea-

213 683 266 710 tos
294 688 366 709 non
390 675 496 708 modo
524 674 560 706 in
584 673 695 717 prima
720 671 869 705 infantia
889 672 979 711 alat,
1007 671 1066 704 sed
1089 671 1202 704 multo

213 727 344 769 magis,
375 733 414 759 ut
440 736 555 758 mores
585 735 729 764 eorum,
763 735 842 755 cum
876 722 1116 763 adoleverint,
1159 722 1203 755 ad

209 774 433 811 honestatem
451 777 590 809 formet.

315 828 433 870 Quare.
453 826 487 859 iu
510 825 631 870 primis
657 824 694 858 in
722 825 812 857 bene
840 822 1029 857 constituta
1053 823 1204 861 civitate,

217 877 346 912 scholis
369 889 456 921 opus
483 884 554 916 est,
581 876 642 908 uhi
668 876 838 920 pueritia,
861 886 950 919 quae
974 873 1202 906 seminarium

220 937 269 963 est
305 928 473 968 cixitatis,
509 927 713 966 erudiatur,
745 926 846 959 valde
878 925 973 958 enim
1006 925 1142 959 fallitur
1176 924 1205 957 si

218 981 296 1026 quis
324 980 398 1013 siue.
421 978 580 1012 doctrina
602 978 751 1011 solidam
774 977 939 1009 virtutem
967 976 1083 1020 parari
1107 986 1207 1020 posse

219 1032 410 1070 existimat,
438 1042 501 1062 nec
521 1030 564 1062 ad
582 1028 739 1073 Respub.
757 1027 1003 1071 gubernandas
1021 1027 1206 1072 quisquam

219 1083 300 1115 satis
329 1082 478 1114 idoneus
503 1086 570 1120 est,
598 1080 672 1113 sine
698 1079 842 1112 scientia
867 1089 987 1111 earum
1011 1079 1208 1117 literarum,

220 1133 348 1179 quihus
366 1131 456 1165 ratio
482 1130 599 1164 omnis
625 1131 857 1173 regendarum
886 1128 1068 1162 civitatum
1093 1128 1208 1162 conti-

219 1192 333 1218 netur.
388 1182 483 1216 Haec
508 1194 586 1215 curn
610 1181 828 1226 expendetis,
856 1192 929 1212 non
954 1179 1108 1220 invidia,
1136 1191 1206 1211 non

219 1236 301 1268 ullis
319 1235 396 1268 aliis
422 1233 688 1266 difficultatibus
718 1230 898 1276 patiemini
926 1242 988 1263 vos
1010 1228 1209 1269 absterreri,

221 1299 290 1329 quo
316 1286 434 1318 minus
459 1285 500 1317 ad
528 1284 733 1317 discendum
758 1289 891 1315 vestros
922 1281 1014 1314 cives
1038 1281 1209 1314 invitetis.

220 1336 272 1371 De
307 1335 563 1380 professoribus
592 1334 716 1367 vestris
739 1331 806 1366 hoc
829 1332 988 1376 polliceri
1008 1331 1106 1365 vobis
1131 1344 1211 1375 pos-

219 1400 317 1426 sum,
345 1394 377 1419 et
405 1386 643 1419 eruditionem
671 1391 830 1427 suscepto
859 1382 960 1414 oneri
979 1394 1097 1426 parem
1126 1393 1210 1421 esse,

221 1439 305 1472 etin
335 1437 514 1480 fungendo
545 1447 691 1468 munere
716 1445 888 1468 summam
915 1433 1018 1465 fidem
1047 1434 1212 1466 futuram.

219 1487 400 1522 Christum
426 1499 549 1532 precor
575 1494 613 1520 ut
643 1485 808 1527 auspiciis
838 1483 1036 1527 gravissimi
1074 1482 1211 1525 negocii

221 1541 352 1579 faveat,
391 1547 423 1572 et
460 1545 572 1570 vestra
604 1536 750 1570 consilia
779 1535 965 1578 studiaque
1002 1533 1210 1567 discentium

222 1592 390 1625 sortuuct.
444 1587 539 1622 Dixi.

236 1783 301 1817 N„
322 1782 378 1815 13.
1033 1778 1216 1819 (..1526ῑ’)

1045 1824 1210 1838 m

450 1881 612 1939 Praef.
647 1884 693 1924 in
725 1884 990 1926 Hesiodum.

294 1974 556 2041 Argi‘ivgsrta'llug‘l.
569 1982 611 2038 Lp,
629 1972 995 2042 iili{hard¹.nT¹.)elc.¹aprimQ¹(.)5¹.L
1008 1975 1111 2035 ltin-:cziia
1125 1984 1159 2035 ¹iri!
1173 1974 1216 2035 ‘¹:3-

329 2047 395 2071 hro:
418 2044 528 2069 ttnindi
549 2052 647 2077 opera.
667 2051 734 2076 quae
754 2047 842 2067 extant
862 2045 952 2068 munia
966 2053 1077 2077 graece,
1097 2054 1158 2070 cum
1174 2044 1215 2070 in-

329 2080 521 2113 t›·rp¹etatione
543 2078 622 2103 latina
643 2082 692 2102 etc.
714 2076 792 2104 Basil.
815 2077 889 2104 1564.

341 2169 382 2200 In
414 2165 613 2200 Hesiodum
638 2161 835 2209 praefatio
864 2163 976 2198 Phil.
1005 2166 1106 2200 Mel.

229 2239 335 2286 (ju-nl
360 2242 393 2273 iu
417 2241 577 2273 Plautina
595 2239 711 2271 sahula
731 2235 856 2270 histrio
876 2239 1066 2282 praefatur,
1090 2239 1214 2271 iustam

230 2309 262 2326 su
292 2307 360 2325 :vui
391 2292 508 2323 xenis«-
536 2298 671 2322 ‹uatum
699 2296 728 2321 et
758 2289 916 2329 smilvin,
956 2290 988 2321 id
1018 2302 1080 2331 ego
1106 2290 1216 2323 multo

232 2346 357 2378 rectius
378 2341 441 2374 huc
462 2343 496 2374 iu
516 2343 593 2374 loru
613 2341 761 2384 praefari
785 2353 943 2383 possunt,
973 2342 1056 2373 dum
1084 2354 1154 2373 non
1180 2348 1214 2374 ut

232 2397 289 2428 ilt.·
322 2395 473 2428 mucidare
508 2392 720 2424 adulterium
755 2391 790 2423 in
814 2402 952 2424 scenam
980 2392 1119 2431 adsero,
1157 2393 1214 2425 sed

232 2446 432 2488 graxissiuia
468 2444 558 2476 xitae
596 2450 796 2486 praerepta,
833 2444 1003 2487 quosdam
1035 2444 1138 2475 etiam
1174 2445 1216 2476 de

232 2505 355 2530 tritura
387 2508 523 2531 rerum,
559 2495 600 2525 ‹le
623 2494 775 2524 sida-rum
801 2501 880 2525 ortu
907 2501 936 2526 et
963 2507 1085 2526 occasu
1113 2495 1216 2529 lucus.

232 2548 378 2582 hom-x·-
402 2547 494 2577 euim
517 2545 659 2577 llesiudi
688 2544 776 2590 ipsa.
801 2544 858 2577 2ch
884 2543 1017 2588 llm'pcoe
1045 2557 1217 2578 enarrare.

234 2600 268 2633 ld
292 2612 352 2638 ''bk‘'
373 2611 492 2639 poema·
514 2597 670 2639 postulo,
699 2603 733 2627 ut
759 2607 892 2627 summa
919 2608 999 2627 rura
1016 2597 1215 2637 diligentia-

233 2664 298 2696 que
318 2649 484 2679 ,stude-„tis
510 2659 729 2685 cognoscere.
786 2648 864 2687 Qua
891 2647 924 2678 iu
953 2660 1005 2684 ιϊ,
1033 2661 1135 2692 quam
1163 2650 1213 2679 ni-

234 2701 279 2733 hil
302 2701 482 2743 iniquum,
511 2707 565 2730 aut
596 2698 778 2737 indignum
800 2698 918 2733 xuhis.
948 2705 1005 2730 aul
1032 2700 1075 2731 ah
1100 2700 1216 2732 otta-10

725 125 886 163 DECL.
922 125 996 163 DE
1035 125 1240 165 PRAEF.
1275 127 1336 163 IN
1374 124 1708 166 HESIODUM.

2164 131 2235 167 112

1248 215 1403 248 alienum
1428 214 1601 257 flagitem,
1637 208 1838 261 quanquam
1863 215 1984 250 videre
2012 227 2075 249 vos
2107 228 2233 259 magna

1249 278 1288 299 ex
1308 272 1405 310 parte
1423 266 1637 306 existimem,
1662 277 1834 310 exponam
1857 273 1975 300 tamen
2001 266 2071 301 mei
2094 267 2236 302 consilii

1249 317 1434 351 rationem.
1485 314 1560 360 Ego
1584 327 1720 360 semper
1742 329 1887 361 operam
1905 318 2003 357 dedi,
2029 325 2068 351 ut
2093 329 2152 352 eos
2173 331 2237 351 au-

1251 375 1345 400 tores
1380 367 1481 399 vobis
1515 377 1770 412 proponerem,
1812 367 1874 413 qui
1910 368 2015 402 simul
2050 375 2086 403 et
2119 381 2237 402 rerum

1250 417 1431 451 scientiam
1457 417 1610 458 alerent,
1636 426 1670 452 et
1695 418 1738 450 ad
1756 419 1948 461 parandam
1973 419 2146 453 sermonis
2173 431 2235 453 co-

1252 469 1343 513 piam
1381 468 1573 512 plurimum
1607 469 1856 504 conducerent.
1923 469 2012 502 Nam
2045 467 2112 502 bae
2145 471 2236 503 duae

1255 526 1367 564 partes
1385 517 1594 559 cohaerent,
1618 526 1651 553 et
1667 519 1757 552 sicut
1774 518 1944 554 Horatius
1965 520 2100 566 inquit,
2127 519 2239 554 amice

1253 570 1485 603 coniurarunt
1497 597 1506 609 ,
1533 577 1571 603 ut
1588 571 1695 603 altera
1713 570 1856 603 alterius
1873 582 1938 615 ope
1954 577 2019 604 stet
2037 584 2075 604 ac
2093 571 2238 604 nitatur.

1251 621 1374 666 Neque
1410 620 1503 654 enim
1538 621 1744 654 benedicere
1775 621 1980 666 quisquam,
2017 621 2084 654 nisi
2120 628 2240 666 pectus

1254 671 1455 715 cognitione
1483 671 1697 716 optimarum
1722 684 1840 705 rerum
1866 672 2078 706 instructum
2102 670 2241 713 habeat,

1257 729 1386 767 potest,
1422 729 1455 755 et
1481 734 1599 756 rerum
1626 721 1768 757 scientia
1798 734 1920 756 manca
1953 729 2021 764 est,
2056 723 2085 756 si
2120 723 2240 757 lumen

1255 772 1429 807 orationis
1447 770 1616 807 adhibere
1631 785 1702 806 non
1720 773 1906 817 possimus.
1960 771 2005 807 Et
2028 780 2068 807 ut
2089 775 2132 807 ad
2150 780 2243 807 certa

1255 825 1369 858 sidera
1390 832 1514 857 nautae
1531 835 1671 857 cursum
1691 836 1831 857 omnem
1851 823 2026 867 dirigunt,
2062 823 2110 858 ita
2130 824 2166 857 in
2186 822 2242 863 his

1258 875 1387 908 nostris
1414 875 1540 907 studiis
1567 872 1636 908 huc
1660 875 1779 908 omnia
1805 875 1987 908 reserenda
2009 881 2110 914 sunt,
2141 881 2182 909 ut
2209 881 2244 909 et

1257 925 1437 959 scientiam
1458 931 1549 958 recte
1565 926 1608 957 de.
1631 925 1810 966 moribus,
1836 926 1950 970 deque
1974 933 2098 960 natura
2122 937 2242 959 rerum

1259 976 1440 1010 iudicandi
1461 982 1494 1009 et
1516 975 1715 1019 explicandi
1738 988 1791 1009 res
1810 976 2005 1019 graviores,
2029 976 2242 1010 mediocrem

1259 1028 1436 1073 quandam
1458 1026 1658 1060 facultatem
1686 1026 1789 1060 nobis
1812 1038 1993 1070 paremus,
2018 1027 2143 1060 utilem
2161 1039 2244 1060 vero

1260 1079 1300 1111 ad
1327 1085 1506 1122 utrunque
1527 1075 1744 1118 Hesiodum,
1771 1089 1974 1123 quanquam
2000 1077 2123 1111 rustici
2143 1083 2246 1111 auto-

1260 1141 1334 1163 rem
1353 1127 1541 1169 carminis,
1568 1126 1815 1171 Quintilianus
1832 1139 1904 1160 esse
1921 1127 2103 1162 iudicavit.
2140 1126 2247 1162 Prior

1260 1180 1376 1225 operis
1394 1190 1473 1223 pars
1491 1185 1560 1212 tota
1579 1185 1630 1212 est
1646 1175 1781 1223 ἠθικὴ,
1809 1178 1993 1212 continens
2008 1178 2102 1212 vitae
2117 1190 2155 1212 ac
2172 1191 2249 1212 mo-

1263 1243 1342 1264 rum
1368 1230 1477 1273 leges,
1512 1229 1714 1274 profuturas
1747 1229 1848 1262 vobis
1880 1230 1922 1262 ad
1957 1228 2249 1263 consuetudinem

1266 1282 1356 1314 vitae
1385 1288 1417 1313 et
1448 1281 1489 1313 ad
1528 1280 1756 1313 iudicandum
1782 1281 1825 1313 de
1849 1280 2097 1313 communibus
2122 1277 2250 1313 huma-

1262 1332 1383 1365 nitatis
1403 1331 1544 1369 ossiciis‚
1573 1343 1652 1363 narn
1673 1331 1716 1363 de
1731 1331 1901 1374 religione
1917 1343 1988 1364 non
2006 1330 2097 1365 dico.
2141 1329 2248 1374 Quod

1263 1383 1290 1415 si
1318 1388 1480 1425 putamus
1503 1379 1840 1414 Iurisconsultorum
1869 1382 2159 1420 commentarios,
2190 1388 2252 1416 aut

1264 1429 1567 1475 Philosophorum
1592 1431 1848 1475 disputationes
1875 1431 2057 1465 discendas
2081 1443 2173 1473 esse,
2209 1438 2250 1467 ut

1265 1484 1301 1515 in
1320 1483 1484 1515 civilibus
1510 1481 1664 1525 negociis
1690 1482 1828 1515 facilius
1846 1482 2043 1526 prospicere
2064 1483 2251 1526 possimus,

1265 1533 1349 1578 quid
1369 1545 1519 1577 aequum
1540 1532 1624 1577 quid
1645 1531 1809 1577 iniquum
1829 1533 1891 1572 sit,
1917 1539 1949 1565 et
1973 1545 2012 1565 ex
2034 1533 2182 1567 istorum
2207 1533 2251 1566 li-

1267 1585 1354 1618 teris³
1367 1583 1562 1624 colligenda
1580 1594 1651 1615 esse,
1667 1579 1879 1616 simulachra
1900 1583 2057 1617 iustitiae
2069 1611 2078 1624 ,
2095 1583 2253 1629 aequita-

1268 1635 1329 1675 tis,
1356 1641 1415 1667 aut
1432 1634 1580 1666 aliarum
1603 1633 1774 1667 virtutum
1793 1644 1992 1675 censemus,
2020 1634 2115 1668 iuvet
2131 1636 2251 1668 eadem

1266 1687 1310 1719 al»
1336 1682 1400 1718 hoc
1421 1684 1529 1718 I’o‘e'ta
1555 1691 1691 1728 petere,
1729 1696 1768 1717 ex
1793 1697 1862 1729 quo
1891 1685 2064 1728 permulta
2097 1686 2248 1719 mutuati

1267 1743 1346 1769 suut
1377 1735 1428 1767 illi
1454 1735 1520 1779 ipsi
1542 1735 1657 1778 legum
1675 1735 1862 1780 scriptores
1883 1742 1915 1769 et
1931 1733 2152 1781 Philosophi.
2204 1734 2252 1771 Et

1269 1793 1319 1821 est
1347 1786 1519 1832 quaedam
1548 1797 1589 1820 ex
1615 1786 1774 1820 sontibus
1800 1785 1881 1827 illa,
1909 1787 1936 1820 si
1965 1787 2076 1831 possis
2102 1785 2256 1828 haurire,

1267 1838 1449 1882 voluptas,

1318 1915 1395 1961 Nm
1420 1926 1593 1956 quanquam
1618 1925 1705 1956 sapor
1739 1922 1800 1952 est,
1835 1910 1891 1957 (ut
1916 1911 1963 1946 :tit
1992 1909 2123 1958 Ovid.)
2158 1917 2256 1946 obt-ia

1681 1967 1776 1996 dulcis
1793 1969 1823 1995 in
1842 1967 1918 1995 nuda
1930 1989 1937 2003 ‚

1372 2016 1492 2047 Gratius
1509 2028 1546 2046 ex
1564 2019 1629 2057 ipso
1646 2017 1728 2047 fonte
1749 2019 1890 2047 bibuntur
1908 2027 2000 2057 aquae
2012 2040 2020 2054 ,

1319 2068 1354 2098 lit
1373 2072 1466 2107 magis
1483 2060 1609 2097 adducto
1628 2079 1751 2108 pomum
1768 2069 1922 2107 decerpere
1940 2079 2020 2097 raum
2032 2091 2039 2104 ‚

1374 2122 1474 2157 Quam
1493 2119 1528 2148 de
1544 2121 1651 2149 caelata
1668 2131 1782 2149 sumere
1801 2123 1881 2149 lance
1897 2122 1987 2149 iuvat.

1270 2191 1357 2224 Nam
1383 2199 1415 2225 et
1440 2191 1566 2236 reliqui
1592 2192 1800 2236 scriptores,
1827 2192 1886 2237 qui
1914 2203 2051 2224 morum
2074 2199 2255 2236 praecepta

1271 2250 1299 2275 et
1319 2243 1408 2283 leges
1428 2243 1622 2281 tradidere,
1652 2251 1795 2287 propter
1820 2242 2004 2276 infantiam
2031 2249 2061 2275 et
2083 2243 2255 2276 sermonis

1273 2294 1425 2337 inopiam
1456 2295 1525 2326 vim
1550 2294 1690 2327 virtutis
1717 2307 1754 2327 ac
1778 2294 1926 2326 sormam
1953 2305 2154 2337 germanam
2183 2306 2254 2327 nou

1272 2352 1460 2389 potin-runt
1486 2345 1587 2377 nohis
1611 2346 1657 2377 oh
1676 2346 1801 2377 oculos
1819 2357 1959 2389 ponere.
2014 2343 2058 2378 At
2081 2343 2256 2378 Hesiodus

1271 2408 1465 2439 expressam
1495 2397 1669 2440 quandam
1704 2396 1890 2438 imaginem
1926 2396 2015 2428 xix-is
2045 2395 2255 2429 illustratam

1271 2448 1467 2485 coloribus,
1495 2459 1556 2479 nec
1580 2447 1754 2480 adscititiu
1775 2448 1931 2481 vitiatam
1957 2448 2054 2484 fuco,
2082 2446 2256 2492 planeque

1272 2498 1393 2535 talem„
1430 2498 1566 2542 qualem
1593 2497 1726 2542 ,Xpellis
1751 2499 1848 2531 color
1881 2499 1915 2531 in
1942 2497 2070 2530 sabulis
2096 2505 2256 2540 spectan-

1272 2551 1350 2580 dam
1371 2547 1521 2581 exhihet.
1576 2548 1686 2581 l’urru
1704 2557 1737 2582 ut
1767 2547 1945 2582 architecti
1973 2555 2090 2582 tenent
2117 2548 2151 2581 in
2179 2549 2256 2581 ani-

1272 2613 1327 2631 mo
1349 2600 1498 2632 inclusas
1519 2607 1628 2632 certas
1648 2602 1776 2633 formas
1795 2600 2051 2635 aedificiorum,
2073 2611 2158 2644 quas
2179 2600 2258 2632 imi-

1273 2658 1392 2683 tentur
1421 2651 1453 2683 iu
1477 2652 1712 2687 :reditu-ando,
1738 2659 1768 2684 et
1790 2659 1825 2683 ut
1854 2652 1979 2682 iusi-let
2007 2651 2041 2683 in
2061 2658 2177 2684 incute
2201 2651 2253 2694 pi-

1273 2704 1378 2734 cturis
1423 2702 1552 2746 species
1598 2701 1872 2746 pulchritudiuis
1914 2703 2038 2734 exituia
2077 2703 2261 2746 quaedam.
