2338 2958
71 110 118 145 41

74 195 152 241 Ipse
174 206 301 238 magno
323 193 434 227 animi
457 193 598 235 dolore,
625 193 716 228 nihil
738 194 833 228 aliud
851 194 953 227 video
971 192 1062 227 Aca-

73 246 206 280 demias
229 257 318 284 esse,
348 257 453 290 quam
480 245 610 289 templa
636 243 796 290 Tophet‚
831 252 863 279 et
887 245 1059 278 funestam

72 297 224 330 filiorum
235 295 367 329 Ennon
387 296 531 328 vallem:
560 308 704 340 nempe,
724 296 944 329 exulantibus
955 293 1060 329 Chri-

70 347 193 381 stianis
218 347 340 382 literis.
399 345 611 381 Habuerunt
628 345 788 381 Athenae
813 359 852 380 ex
870 346 1060 390 Ariopago,

69 396 195 432 habuit
225 397 351 441 Sparta
391 398 650 442 paedonomos,
693 398 754 443 qui
787 397 1058 431 adulescentiam

69 448 212 493 optimis
229 449 428 493 quibusque
446 449 560 482 modis
583 449 799 488 formabant:
826 447 873 482 Et
891 446 926 481 hi
945 460 1059 494 quan—

69 506 104 533 to
131 499 290 532 foelicius
312 496 459 532 Ethnici
489 500 705 533 iuventutem
739 499 918 539 erudiere,
953 511 1057 544 quam

67 557 271 583 nostrorum
295 557 493 593 temporum
513 549 744 583 Academiae?
796 549 895 592 Quin
917 549 1058 593 vosipsi,

67 600 215 634 studiosi
236 600 400 641 iuvenes,
434 613 506 633 rem
524 600 707 644 capessite,
739 601 871 634 favebit
889 601 935 634 ita
953 612 1058 633 cona-

67 652 161 685 tibus
177 651 318 692 vestris,
345 658 383 685 ut
398 651 521 691 aetati,
544 651 701 684 coelestis
717 651 875 695 spiritus:
903 658 936 684 et
952 649 1059 684 Chri-

67 709 157 736 stum
184 714 357 746 nusquam
375 701 572 735 evidentius
596 714 815 745 expressum,
844 714 946 747 quam
964 701 1057 735 Pau-

66 753 149 786 linis
166 753 294 792 literis,
322 753 460 785 assiduo
480 753 782 796 contemplamini.
835 751 964 786 Nullus
981 751 1056 785 Deo

65 804 197 847 gratior
227 803 358 842 cultus,
400 803 538 836 nullum
567 804 676 847 magis
714 804 811 847 pium
845 804 1055 847 exemplum,

66 867 171 900 quam
194 854 230 886 in
255 854 329 896 pias
353 854 469 886 literas
497 854 586 887 velle
612 855 864 889 transformari.
924 853 969 887 Et
1001 866 1055 887 res

65 905 138 949 ipsa
158 905 265 937 semel
286 911 432 944 tentata,
466 906 538 937 suis
564 917 625 938 vos
651 906 825 938 illecebris
855 906 902 938 ita
932 905 1054 948 capiet,

64 963 103 989 ut
119 957 277 988 deserere
297 967 368 988 non
392 955 510 990 libeat.
563 954 652 988 Nam
674 968 752 989 cum
770 969 832 1000 per
851 967 922 990 sese
942 956 1054 988 bona-

64 1018 143 1039 rum
167 1018 285 1039 rerum
313 1007 466 1048 cognitio
492 1007 645 1039 iucunda
672 1007 734 1047 sit,
770 1004 1052 1040 Christianarum

65 1057 167 1089 etiam
186 1056 347 1089 salutaris
364 1063 433 1097 est,
459 1063 497 1090 ut
514 1054 605 1089 nihil
623 1058 779 1090 dubitem
798 1058 917 1091 multis
935 1058 1053 1090 nomi—

63 1107 166 1139 nibus
192 1107 483 1140 iucundissimum
507 1108 581 1140 sore
598 1107 699 1140 Pauli
717 1108 892 1149 studium,
919 1109 981 1141 ubi
999 1121 1051 1141 se-

62 1157 130 1189 mel
149 1157 398 1190 delibus-eritis.
451 1156 557 1190 Fama
582 1164 650 1199 est,
678 1158 886 1204 Aegyptios,
913 1166 1050 1201 gentem

61 1207 136 1240 sine
154 1207 311 1250 exemplu
328 1208 602 1251 superstitiosam
616 1236 625 1249 ,
652 1221 745 1242 novo
764 1211 953 1254 quotannis
971 1222 1051 1242 vere

61 1259 176 1301 legum
195 1271 233 1291 ac
252 1259 433 1291 literarum
452 1270 594 1293 suarum
613 1261 729 1293 autori
744 1260 922 1294 Mercurio
936 1273 1051 1305 quon-

60 1310 140 1342 dam
161 1309 307 1341 solenne
331 1321 468 1342 sacrum
488 1310 629 1349 fecisse,
656 1312 921 1345 multitudinem
942 1312 1049 1344 undi-

60 1371 127 1404 que
144 1360 380 1393 confluentem
398 1361 538 1404 publica
554 1361 755 1404 epulatione
767 1389 776 1402 ,
802 1363 905 1394 melle
928 1362 1051 1394 ficum-

59 1422 126 1455 que
158 1418 352 1453 operatum.
418 1409 515 1443 Sacri
550 1418 758 1444 vetustatem
796 1412 884 1445 ritus
917 1411 1076 1454 arguunt

59 1473 139 1493 nam
159 1468 193 1494 et
218 1473 324 1493 aureo
343 1461 424 1498 illo,
452 1462 545 1505 quod
565 1469 711 1502 vocant,
738 1463 874 1502 seculo,
907 1462 1048 1505 publica

58 1512 130 1544 fere
147 1511 329 1551 convivia,
362 1511 529 1544 sacrificia
553 1512 668 1553 fuere,
696 1519 729 1546 et
747 1513 884 1556 opimae
901 1513 1047 1545 deorum

59 1559 192 1595 hostiae
217 1561 287 1594 mel
311 1574 349 1594 ac
375 1562 478 1602 ficus,
513 1574 663 1606 quorum
688 1575 790 1596 usum
816 1563 944 1595 deinde
962 1562 1048 1595 etin

57 1608 227 1650 nsadrotg
243 1613 410 1645 mansisse
424 1613 580 1648 tradunt.
634 1613 730 1646 lnter
745 1614 960 1657 epulandum
977 1613 1049 1645 lae-

57 1671 112 1697 tae
135 1675 236 1696 voces
261 1662 383 1697 iactari
406 1663 550 1704 solitae,
585 1670 618 1697 et
643 1664 745 1709 quasi
768 1676 878 1709 paean
903 1664 1048 1709 quidam

58 1713 237 1747 Mercurio
252 1714 404 1752 cantari,
430 1714 636 1759 neutiquam
654 1715 875 1748 inconditum
892 1726 1047 1747 carmen:

55 1762 173 1812 γλυκὺ
200 1762 222 1808 ἡ
253 1761 419 1809 ἀλήθεια.
480 1763 558 1807 Qua
586 1777 668 1798 voce
693 1763 786 1799 haud
814 1766 961 1798 obscure
986 1766 1043 1797 de-

56 1815 203 1848 claravit
226 1814 424 1860 Aegyptus,
459 1827 563 1859 quam
588 1823 686 1858 grato
711 1823 850 1860 pectore
876 1814 1046 1849 Mercurii

59 1865 150 1908 leges
165 1871 198 1898 et
214 1865 374 1898 instituta
392 1866 571 1908 complexa
593 1867 707 1900 fuerit.
761 1865 895 1899 Eodem
916 1878 1047 1910 paeane

59 1927 182 1958 magna
209 1913 296 1947 mihi
321 1926 399 1959 spes
425 1923 496 1956 est,
530 1915 630 1949 Pauli
655 1917 851 1950 doctrinam
873 1929 953 1958 vos,
984 1917 1046 1949 ubi

57 1966 343 2009 degustaveritis‚
378 1966 626 2002 celebraturos.
696 1966 763 2001 Cui
793 1968 885 2000 enim
910 1967 1047 2007 iustius,

56 2029 160 2062 quam
178 2016 238 2061 qui
256 2014 476 2058 Christiana,
507 2020 697 2063 eademque
716 2019 845 2061 optime
866 2026 898 2052 et
915 2018 1048 2062 gratio-

56 2067 191 2100 sissime
207 2067 325 2107 docet,
351 2067 529 2101 decantari
548 2075 650 2114 queat
669 2067 726 2102 hic
744 2067 919 2115 hymnus?
955 2071 1046 2116 γλυ-

54 2115 102 2152 κὺ
125 2115 147 2163 ἡ
172 2114 339 2163 ἀλήθεια.
392 2116 487 2154 Dixi.

66 2355 132 2391 No.
151 2355 186 2392 5.
878 2372 925 2391 an.
948 2362 1040 2393 1521.

258 2483 334 2524 De
360 2483 528 2524 studiis
557 2483 834 2542 theoloyicz's.

119 2580 200 2615 Apud
218 2581 290 2607 Crat.
311 2579 381 2614 Myl.
401 2590 426 2612 ρ.
442 2580 500 2612 59.,
526 2579 552 2605 in
574 2579 694 2607 Declam.
712 2580 743 2606 T.
760 2581 778 2606 l.
804 2590 829 2614 p.
844 2581 885 2607 23.
919 2581 949 2606 ln
972 2581 1038 2608 Ser-

155 2621 219 2641 vest.
235 2614 267 2640 Τ.
282 2615 303 2640 l.
322 2624 348 2648 p.
363 2615 420 2643 21..
441 2615 514 2648 apud
540 2614 714 2640 Richardium
730 2615 762 2641 T.
775 2615 821 2641 lll.
838 2626 853 2648 p
882 2618 903 2641 l.
925 2630 952 2634 —
991 2618 1039 2643 10-

154 2659 202 2675 nas
230 2655 255 2674 et
285 2648 341 2675 Tit.
366 2648 490 2674 Pleuner
512 2650 639 2675 doctores
665 2651 746 2676 creati
771 2656 833 2675 suut
856 2650 1037 2686 &Vitebergae

153 2693 196 2710 m.
216 2683 293 2710 1521.

569 106 731 143 DECL.
770 107 844 144 DE
884 105 1133 144 STUDIIS
1175 106 1600 146 THEOLOGICIS.

2057 111 2105 146 42

1115 194 1242 228 Oratio
1278 197 1400 228 Iusti
1440 199 1604 241 lonae,
1653 196 1816 231 doctoris
1861 196 2102 244 Theologiae,

1373 246 1418 279 de
1439 247 1579 283 studiis
1606 247 1838 295 theologicis.

1112 334 1160 375 Si
1178 355 1239 386 ego
1252 351 1310 377 aut
1327 346 1476 389 quadam
1489 347 1675 381 foelicitate
1691 347 1840 390 ingenii,
1866 354 1925 381 aut
1940 348 2100 381 doctrina

1112 400 1215 439 atque
1244 395 1464 440 eloquentia,
1495 398 1551 429 vel
1576 410 1639 430 usu
1667 406 1699 431 et
1722 398 1903 439 exercitio,
1930 405 1990 431 aut
2012 411 2100 442 qua-

1111 456 1249 490 cunque
1274 447 1513 481 mediocritate
1538 449 1689 481 oratoria
1717 461 1823 482 essem
1842 449 1944 493 paulo
1966 449 2100 482 instru-

1111 496 1200 528 ctior
1220 498 1262 529 ad
1289 498 1557 530 declamandum
1582 510 1599 531 e
1625 500 1765 542 publico
1791 507 1970 542 suggestu,
2002 511 2098 532 sum-

1110 546 1176 578 mis
1201 548 1338 580 viribus
1364 546 1419 581 hic
1446 549 1707 590 incumberem,
1734 557 1770 583 ut
1788 548 2002 593 Theologica
2021 558 2098 584 stu-

1109 597 1165 630 dia
1183 596 1241 643 (de
1257 611 1408 643 quorum
1428 600 1596 641 dignitate
1623 598 1678 633 hic
1703 613 1764 644 pro
1792 613 1890 633 more
1908 603 2097 634 dicendum

1109 646 1175 693 est)
1205 650 1368 682 omnibus
1402 651 1581 683 redderem
1611 663 1716 695 quam
1745 651 2098 687 commendatissima.

1108 697 1211 732 Nunc
1234 712 1311 732 cum
1331 701 1428 733 vobis
1445 713 1519 734 mea
1539 702 1688 734 tenuitas
1712 714 1784 734 non
1806 702 1922 744 ignota
1940 702 2000 741 sit,
2028 702 2096 734 ini-

1109 749 1157 782 tio
1185 762 1287 792 rogo,
1324 763 1386 791 ne,
1422 752 1450 784 si
1477 753 1594 785 forsan
1621 753 1798 793 ubertate,
1833 753 1931 795 copia
1955 753 2035 792 illa,
2064 760 2097 786 et

1107 801 1293 844 splendore
1309 803 1494 843 orationis,
1519 803 1573 836 cui
1587 804 1952 836 eruditissimaeaures
1964 810 2096 836 vestrae

1107 859 1261 885 assuetae
1293 860 1394 890 sunt,
1430 866 1533 898 quem
1555 851 1612 887 hic
1638 854 1734 887 locus
1761 854 1907 887 illustris
1937 860 1971 886 et
1991 865 2096 895 argu-

1108 910 1264 935 mentum
1290 904 1532 945 gravissimum
1560 906 1745 948 deposcere
1770 905 1953 944 videntur,
1989 904 2096 937 desti-

1106 961 1202 993 tuar,
1231 953 1521 987 existimationem
1551 956 1585 987 id
1613 956 1849 988 sanctissimae
1867 955 2095 1000 professionis

1107 1002 1360 1047 'l'heologicae,
1386 1018 1490 1050 quam
1508 1007 1663 1038 mirificis
1679 1007 1858 1046 laudibus,
1885 1006 2006 1038 divino
2029 1006 2095 1037 ali-

1105 1067 1174 1099 quo
1191 1067 1269 1095 ore,
1297 1056 1444 1088 alicuius
1464 1069 1542 1089 vere
1561 1057 1698 1096 diserti,
1727 1057 1824 1088 omni
1843 1056 2001 1089 omnium
2024 1056 2095 1088 lin-

1103 1118 1250 1147 guarum
1268 1117 1374 1145 sono,
1403 1107 1438 1139 in
1456 1108 1591 1141 coelum
1617 1108 1690 1140 tolli
1711 1108 1887 1150 oportuit,
1917 1107 2008 1150 apud
2033 1118 2094 1139 vos

1102 1157 1301 1189 imminuat.
1354 1157 1490 1198 Bleam,
1517 1171 1627 1191 meam
1647 1159 1768 1191 scitote
1792 1170 1864 1191 esse
1881 1158 2037 1201 culpam,
2064 1157 2093 1190 si

1103 1219 1176 1239 rem
1203 1208 1343 1241 coelesti
1370 1209 1555 1252 praeconio
1586 1210 1746 1252 dignam,
1779 1209 1906 1252 frigido
1934 1208 2092 1241 encomio

1102 1258 1300 1296 celebraro,
1329 1267 1386 1293 aut
1414 1272 1485 1292 non
1506 1257 1579 1300 his,
1613 1261 1742 1305 quibus
1767 1267 1921 1293 meretur
1937 1271 2093 1292 summa—

1101 1321 1179 1341 rum
1197 1309 1341 1342 laudum
1360 1310 1575 1353 insignibus,
1603 1323 1784 1343 ornavero.
1840 1308 2091 1353 Theologicam

1103 1360 1354 1401 professionem
1375 1361 1483 1393 nostis
1501 1373 1573 1394 esse
1591 1361 1764 1394 eiusmodi
1781 1361 1995 1399 doctrinam,
2023 1371 2091 1404 qua

1102 1409 1138 1440 in
1162 1407 1318 1442 Ecclesia
1343 1411 1488 1443 docetur
1516 1418 1547 1444 et
1576 1412 1722 1444 discitur
1749 1423 1827 1444 vcra
1860 1411 2012 1453 cognitio
2037 1422 2092 1443 sa-

1103 1459 1252 1502 pientiae
1270 1467 1301 1492 et
1319 1461 1510 1493 voluntatis
1521 1460 1598 1493 Dei.
1652 1462 1833 1504 Scriptura
1850 1462 1943 1494 enim
1961 1468 2092 1500 sancta,

1101 1521 1204 1553 quam
1229 1520 1247 1541 a
1276 1509 1504 1550 patriarchis,
1538 1510 1725 1554 Prophetis
1752 1519 1784 1544 et
1800 1511 1978 1555 Apostolis
1995 1524 2091 1544 acce—

1102 1559 1233 1602 pimus,
1262 1572 1366 1604 quam
1384 1572 1454 1593 non
1476 1559 1626 1594 humana
1648 1563 1847 1602 voluntate,
1874 1563 1931 1595 sed
1952 1562 2008 1605 (ut
2025 1561 2091 1594 Pe—

1100 1617 1174 1643 trus
1197 1610 1260 1653 ait)
1291 1610 1426 1653 Spiritu
1456 1621 1575 1646 sancto
1610 1613 1822 1656 inspirante,
1859 1613 2091 1656 prodiderunt

1102 1661 1210 1693 sancti
1227 1659 1293 1693 Dei
1310 1658 1490 1700 homines,
1519 1675 1607 1707 quae
1624 1670 1734 1696 totum
1753 1661 1819 1696 hoc
1836 1664 2015 1696 doctrinae
2031 1675 2090 1706 ge-

1101 1722 1166 1744 nus
1200 1709 1311 1755 (quod
1344 1710 1577 1756 Theologiam
1615 1713 1798 1756 vocamus)
1832 1714 2088 1757 complectitur,

1100 1768 1172 1794 tota
1191 1774 1230 1794 eo
1248 1762 1379 1801 tendit,
1406 1765 1446 1795 ad
1467 1762 1560 1796 hunc
1577 1776 1719 1807 scopum
1736 1765 1866 1798 directa
1884 1772 1953 1805 est,
1977 1771 2016 1798 ut
2035 1765 2090 1797 in-

1099 1810 1452 1855 comprehensibilem
1480 1815 1596 1855 illam,
1631 1823 1662 1848 et
1693 1815 1865 1848 infinitam
1894 1815 2087 1849 bonitatem

1099 1875 1137 1895 ac
1162 1863 1437 1896 misericordiam
1463 1865 1527 1898 Dei
1553 1867 1673 1898 doceat
1702 1878 1766 1898 nos
1791 1878 2015 1908 cognoscere,
2050 1872 2089 1899 ut

1099 1914 1134 1945 in
1162 1911 1226 1946 hac
1259 1914 1328 1947 vita
1355 1916 1507 1958 primum
1540 1916 1576 1948 in
1602 1917 1708 1949 verbo
1737 1924 1769 1950 et
1794 1917 2088 1960 promissionibus

1099 1964 1230 1997 divinis
1248 1965 1314 1997 fide
1327 1964 1629 2009 apprehendamus
1643 1967 1879 2009 cognitionem
1896 1967 2088 2011 sapientiae

1099 2022 1129 2048 et
1150 2015 1342 2049 voluntatis
1359 2015 1436 2051 Dei.
1491 2016 1629 2050 Deinde
1653 2025 1686 2050 ct
1713 2018 1747 2049 in
1768 2018 1933 2050 omnibus
1951 2025 2088 2050 creatu-

1097 2066 1166 2106 ris,
1190 2066 1307 2104 coelo,
1333 2074 1441 2108 terra,
1468 2069 1575 2108 mari,
1601 2075 1632 2101 et
1649 2066 1712 2100 hm:
1731 2075 1799 2101 tota
1814 2069 1936 2101 mundi
1953 2066 2086 2101 machi-

1098 2129 1159 2155 na,
1186 2118 1344 2161 adeoque
1371 2119 1503 2161 proprii
1523 2119 1680 2162 corporis
1699 2119 1807 2151 nostri
1834 2119 1989 2151 mirabili
2008 2119 2083 2161 opi—

1096 2167 1192 2205 ficio,
1228 2168 1402 2201 infinitam
1431 2169 1527 2202 illam
1556 2176 1587 2202 et
1615 2170 1821 2202 immensam
1846 2170 1914 2203 Dei
1945 2169 2086 2202 bonita-

1096 2224 1182 2257 tem,
1214 2218 1421 2262 quotidiana
1451 2220 1637 2259 miracula,
1680 2227 1711 2252 et
1737 2220 1966 2263 praesentiam
1994 2220 2085 2252 divi—

1096 2280 1196 2306 nam,
1223 2281 1439 2314 operumque
1451 2271 1523 2303 eius
1540 2270 1836 2314 magnitudinem,
1862 2278 1912 2311 et,
1940 2270 2085 2304 utPau-

1095 2319 1149 2352 lus
1174 2319 1306 2363 inquit,
1341 2321 1585 2365 multipliciter
1618 2321 1749 2354 variam
1785 2321 1989 2364 sapientiam
2019 2321 2082 2354 Dei

1094 2370 1433 2409 animadvertamus,
1469 2373 1564 2416 quod
1592 2371 1664 2416 ipse
1692 2372 1822 2405 scilicet
1840 2372 1970 2405 nonsit
1988 2371 2084 2404 Deus

1093 2432 1112 2453 a
1137 2421 1258 2463 longe,
1293 2421 1348 2453 cui
1377 2433 1448 2454 non
1469 2422 1540 2456 sint
1566 2435 1667 2455 curae
1685 2435 1737 2455 res
1756 2420 1948 2461 humanae,
1977 2422 2082 2468 (sicut

1094 2470 1313 2504 imbecillitas
1332 2469 1505 2505 humanae
1523 2473 1668 2506 rationis
1686 2480 1824 2516 peccato
1841 2474 1988 2515 originis
2004 2486 2083 2505 cor-

1092 2528 1213 2565 ruptae
1229 2521 1397 2567 somniat)
1409 2525 1705 2568 quemadmodum
1724 2531 1755 2557 et
1771 2524 1946 2557 Homerus
1963 2523 2082 2561 Poeta,

1092 2573 1134 2605 de
1155 2571 1235 2605 love
1253 2574 1345 2616 apud
1362 2571 1555 2618 Aethiopas
1578 2575 1806 2618 convivante,
1835 2587 1908 2608 eam
1935 2573 2080 2608 hebetu-

1091 2623 1210 2655 dinem
1233 2620 1467 2658 humanarum
1489 2626 1660 2659 mentium
1686 2632 1796 2664 taxat,
1830 2627 1888 2658 sed
1906 2625 1999 2658 Deus
2017 2627 2079 2657 ad-

1091 2674 1236 2707 modum
1253 2675 1357 2708 nobis
1373 2687 1555 2720 praesens,
1582 2676 1672 2710 sicut
1693 2675 1888 2709 Hieremias
1905 2673 2079 2719 Propheta
