2338 2958
83 136 156 170 373

83 222 176 255 fame
192 231 270 254 eum
291 226 488 256 necaturus.
543 219 639 264 Quid
658 221 810 255 accidit?
843 220 928 255 Post
945 230 1072 265 paucos

84 272 158 305 dies
173 282 254 315 grex
271 271 386 304 scabie
403 278 437 305 et
454 272 652 316 pestilentia
672 272 835 307 moritur.
874 270 942 305 Hic
958 271 1073 315 coepit

83 328 257 367 pastorem
275 322 439 356 saevitiae
454 335 536 357 suae
549 323 729 367 poenitere
741 348 750 362 ‚
775 335 853 357 cum
871 327 1072 366 agnosceret

83 383 119 406 se
134 372 306 406 divinitus
331 374 462 417 puniri.
517 373 676 409 Rediens
701 374 809 417 igitur
829 375 873 407 ad
898 374 1072 412 arborem,

82 434 222 457 servum
238 423 376 457 invenit
391 423 506 459 adhuc
523 425 656 466 vivum,
682 425 908 463 incolumem,
935 430 969 457 et
981 424 1071 456 bene

82 474 266 509 valentem.
327 475 477 521 Cunque
510 476 759 519 interrogaret,
799 476 894 509 unde
929 474 1071 507 interim

80 524 185 559 alitus
200 532 298 567 esset,
324 528 512 571 respondet
530 539 662 566 servus,
686 525 806 559 Musas
822 526 860 558 in
876 537 950 558 eam
965 525 1072 558 arbo-

81 587 156 609 rem
170 588 316 610 examen
335 589 439 622 apum
459 578 604 618 misisse,
632 589 721 623 quae
737 577 840 610 mella
857 576 909 609 ibi
924 576 1072 609 confice-

81 633 177 668 rent,
206 625 272 662 hoc
289 629 392 662 melle
409 640 443 662 se
461 629 594 663 interea
609 634 840 662 sustentatum
857 639 941 661 esse.
980 626 1072 660 Petit

82 688 163 721 ergo
190 676 296 713 herus
320 680 457 713 veniam
482 680 640 717 sceleris,
669 686 701 713 et
725 678 881 722 agnoscit
900 678 976 722 pios
993 676 1070 710 Deo

81 739 184 762 curae
203 741 292 772 esse,
319 731 437 776 eisque
454 731 483 763 si
507 742 578 763 non
598 741 742 773 magnas
758 741 858 774 opes,
885 736 919 763 at
935 728 1073 761 medio—

81 779 153 813 cria
177 783 362 815 commoda
388 781 615 826 suppeditari.
676 780 752 814 Hac
773 792 838 814 nos
863 792 922 824 spe
943 780 1072 813 confir-

80 842 234 871 memus,
268 840 301 866 et
335 840 426 866 recta
457 844 496 866 ac
532 833 632 866 utilia
666 832 781 865 studia
809 831 1071 875 amplectamur.

81 880 253 916 Fortassis
275 883 380 917 etiam
400 881 557 916 Ecclesia
590 884 656 916 erit
681 883 872 928 aliquando
899 882 1072 927 tranquil-

79 932 168 974 lior,
194 945 272 966 cum
299 935 342 967 ad
361 934 591 968 iudicandum
612 931 879 968 adhibebuntur
895 933 961 966 viri
984 932 1071 965 boni

80 990 113 1016 et
129 984 241 1026 docti,
267 985 328 1030 qui
345 986 602 1019 controversias
621 986 725 1030 plane
743 992 774 1018 et
790 984 998 1028 simpliciter
1014 995 1072 1016 ex-

79 1034 211 1078 plicare
231 1042 417 1080 poterunt,
444 1044 477 1070 et
500 1049 578 1070 cum
606 1036 747 1070 mitiora
769 1036 886 1069 studia
911 1033 1072 1068 homines

80 1085 194 1119 colere
212 1087 402 1132 coeperint.

644 1120 659 1128 a

182 1185 302 1229 Quare
326 1186 477 1220 invitent
496 1186 751 1226 adolescentes,
776 1185 982 1229 magnitudo
1007 1196 1072 1229 pu-

80 1236 193 1270 blicae
227 1237 411 1278 utilitatis,
454 1238 606 1281 dignitas
643 1237 882 1282 eloquentiae,
919 1236 1073 1281 denique

80 1287 186 1320 etiam
203 1294 336 1321 caetera
360 1289 532 1333 praemia,
559 1296 598 1322 ut
615 1300 649 1321 se
667 1289 796 1321 dedant
814 1285 869 1320 his
894 1287 1004 1320 literis
1021 1293 1073 1319 at-

81 1350 150 1383 que
166 1339 321 1380 artibus,
349 1352 437 1384 quae
455 1341 497 1372 ad
517 1339 753 1384 eloquentiam
773 1339 994 1376 conducunt,
1020 1349 1073 1370 se-

81 1401 149 1433 que
173 1389 211 1421 in
234 1387 300 1423 hoc
326 1401 451 1433 genere
476 1397 676 1428 exerceant,
704 1397 737 1423 et
759 1389 802 1422 ad
825 1400 879 1422 res
904 1389 1073 1421 maximas

80 1447 308 1484 praeparent,
332 1442 536 1485 praesertim
557 1453 635 1474 cum
656 1438 713 1473 hic
730 1441 829 1473 labor
855 1437 993 1473 homiui
1019 1439 1074 1471 in-

80 1490 224 1534 genioso
242 1492 439 1536 voluptates
458 1493 561 1526 etiam
583 1491 801 1525 dulcissimas
819 1491 943 1535 pariat.
994 1489 1074 1523 Pri-

80 1553 179 1575 mum
205 1542 299 1575 enim
321 1543 423 1576 lectio
450 1543 737 1586 gravissimorum
758 1548 921 1575 autorum
939 1542 982 1574 de
999 1552 1073 1573 ma—

79 1593 183 1626 ximis
207 1593 244 1626 in
272 1592 410 1638 Repub.
436 1594 592 1627 motibus
615 1592 868 1626 iucundissima
892 1599 942 1626 est
967 1603 1074 1637 quae-

79 1644 240 1678 rentibus
256 1645 411 1689 exempla
430 1645 582 1686 virtutis,
608 1650 641 1677 et
658 1642 803 1677 honesta
818 1643 963 1676 consilia
983 1643 1073 1675 vitae

80 1695 235 1739 privatae
268 1702 327 1729 aut
359 1696 531 1740 publicae.
592 1695 729 1729 Deinde
757 1694 905 1728 delectat
934 1701 968 1727 et
1000 1694 1099 1737 ipsa*

80 1746 252 1780 orationis
275 1744 480 1787 harmonia,
510 1759 572 1780 ceu
599 1746 736 1780 Musica
760 1746 945 1790 quaedam:
975 1745 1072 1777 nulla

80 1804 132 1831 est
154 1798 248 1830 enim
272 1798 445 1832 cantilena
464 1798 620 1838 dulcior,
647 1809 752 1843 quam
778 1797 889 1830 oratio
909 1797 951 1828 de
968 1796 1073 1828 rebus

79 1848 184 1881 bonis
207 1848 380 1882 concinna
406 1855 438 1882 et
457 1850 546 1882 bene
571 1848 773 1892 composita.
828 1846 1009 1880 Postremo
1035 1853 1074 1879 ut

82 1899 242 1940 canenti,
276 1899 325 1932 sic
351 1900 539 1940 scribenti,
574 1897 658 1932 haec
683 1899 756 1942 ipsa
783 1897 983 1931 exercitatio
1009 1910 1072 1930 vo—

80 1950 208 1994 luptati
235 1957 295 1984 est.
352 1949 451 1984 Iuvat
473 1951 566 1983 enim
591 1949 750 1982 invenire
767 1955 797 1982 et
815 1949 912 1994 quasi
931 1948 1073 1991 gignere

81 1998 227 2035 honesta
243 2008 466 2045 argumenta,
494 2014 603 2047 eaque
621 2000 848 2040 distribuere,
876 1999 1073 2043 disponere,

82 2064 228 2093 ornare,
255 2065 334 2086 cum
358 2053 437 2086 aliis
457 2053 636 2092 conferre,
661 2059 694 2086 et
712 2051 893 2096 inquirere
916 2050 1072 2083 meliora.

81 2102 176 2137 Haec
199 2104 408 2137 naturaliter
422 2104 595 2138 delectant
617 2114 699 2136 sana
727 2101 887 2145 ingenia,
914 2108 947 2135 et
965 2114 1071 2146 quae·
1096 2083 1099 2154 l

81 2155 161 2187 ‹lam
189 2155 231 2187 ad
257 2155 424 2188 virtutem
444 2156 498 2188 via
522 2161 589 2195 est,
623 2153 835 2187 assuefacere
853 2152 1010 2186 animum
1028 2153 1070 2185 ad
1095 2159 1099 2204 j

82 2202 144 2238 lias
169 2201 333 2239 honestas
356 2207 554 2250 voluptates
579 2205 824 2248 intelligendas
848 2210 880 2237 et
905 2210 1071 2248 expeteu-
1096 2213 1098 2254 ξ

83 2255 153 2289 das.
206 2253 271 2290 Est
296 2263 329 2290 et
356 2257 416 2290 illa
447 2268 571 2300 magna
597 2255 846 2295 commoditas,
880 2255 975 2300 quod
1006 2252 1071 2288 liae
1095 2255 1098 2281 ἵ

81 2306 311 2350 elegantiores
345 2307 466 2341 literae
493 2309 531 2341 in
559 2308 656 2341 omui
691 2308 834 2340 fortuna
862 2306 941 2338 usui
977 2312 1068 2340 sunt.
1096 2342 1097 2346 ,

80 2355 308 2391 Adminicula
336 2365 417 2392 sunt
439 2359 474 2391 in
500 2359 671 2402 negociis,
699 2358 734 2390 in
755 2357 830 2390 ocio
847 2363 975 2390 ornant
996 2369 1071 2398 nos,
1095 2349 1098 2408 Ξ

82 2414 115 2441 et
130 2415 213 2441 sunt
231 2409 416 2453 voluptati.
470 2408 510 2442 ln
528 2411 632 2444 rebus
656 2409 809 2444 adversis
833 2408 951 2441 levant
974 2420 1070 2442 moe·
1095 2416 1097 2420 “

81 2459 231 2501 suetam,
256 2460 394 2494 leniunt
412 2472 511 2493 curas
527 2472 565 2494 ac
582 2461 735 2494 dolores.
770 2458 951 2493 Adiuvant
966 2459 1070 2492 etiam
1094 2459 1097 2499 j

81 2510 212 2552 bonos,
239 2518 277 2545 ut
300 2511 483 2555 religionis
506 2511 701 2545 doctrinam
725 2510 852 2544 melius
876 2509 1069 2554 intelligere

81 2561 236 2604 possint,
270 2575 358 2608 qnae
384 2563 516 2597 utilitas
548 2574 673 2607 magno
704 2561 892 2596 existimari
927 2573 945 2594 a
968 2561 1096 2595 bonis*y

80 2611 194 2646 debet.
245 2612 340 2650 Dixi.

660 133 817 170 DECL.
851 133 924 169 DE
957 132 1231 168 ENCOMIO
1267 134 1532 171 SUEVIAE.

1096 1725 1100 1762 Ι

1094 2740 1096 2761 ;
1121 2717 1209 2751 affici
1231 2723 1420 2751 merentur.

2040 139 2114 173 374

1899 225 1961 263 (au.
1981 227 2069 257 1538.
2083 229 2114 267 ε’)

1890 272 2114 289 *ὢν

1139 219 1205 253 No.
1221 219 1280 254 51.

1364 325 1636 368 Encominm
1666 327 1874 370 Sueviae.

1195 413 1275 448 Apud
1298 413 1371 440 Crat.
1391 413 1461 448 Myl.
1488 423 1512 448 p.
1527 414 1579 438 559
1591 425 1667 449 sqq.‚
1698 417 1724 440 in
1746 416 1897 444 Declamat.
1916 417 1948 444 T.
1965 417 1983 444 Ι.
2003 428 2027 452 p.
2042 418 2093 444 724
2107 437 2114 450 ,

1228 449 1256 473 in
1272 447 1385 475 Sei-vest.
1405 448 1438 473 'l'-
1455 448 1474 473 l.
1496 458 1521 482 p.
1536 449 1594 476 635.
1612 455 1636 474 et
1651 451 1719 482 apud
1736 450 1861 477 Richard.
1881 452 1914 477 T.
1932 452 1950 478 l.
1967 462 1992 487 p.
2007 453 2064 478 693.
2083 467 2115 472 -

1229 482 1293 516 Quo
1307 490 1379 507 anuo
1395 482 1494 515 scripta
1508 482 1557 513 sit,
1583 483 1694 509 definire
1709 494 1764 510 non
1781 486 1872 519 potui;
1900 491 1973 513 certe
1987 493 2049 513 ante
2063 497 2115 513 en—

1228 517 1349 543 comium
1363 517 1495 542 franciae
1512 517 1610 552 scripta
1626 518 1739 545 videtur.

1124 600 1339 632 Encomium
1358 599 1584 641 Suevorum,
1620 609 1643 632 a
1659 598 1816 644 quodam
1835 604 2116 637 exercitationis

1270 660 1384 683 causa
1406 651 1588 694 scriptum
1615 654 1651 683 et
1670 654 1968 695 pronunciatum.

1123 723 1216 764 Non
1241 730 1386 771 dubito,
1411 730 1499 775 quin
1524 731 1682 776 plerique
1703 732 1896 773 mirentur,
1924 735 2007 779 quid
2027 733 2115 768 mihi

1125 781 1162 813 in
1185 788 1337 814 mentem
1360 782 1515 822 venerit,
1540 795 1603 815 cur
1620 782 1754 817 Suevos
1772 784 2010 828 potissimum,
2034 799 2116 830 pro-

1125 832 1182 864 cul
1204 833 1248 865 ab
1267 832 1409 865 illorum
1428 833 1557 866 finibus
1573 840 1696 875 natm,
1724 835 1867 868 laudare
1885 836 2116 878 instituerim;

1125 883 1254 928 quibus
1284 883 1421 916 tametsi
1449 882 1515 916 hoc
1540 886 1754 928 respondere
1778 893 1957 930 poteram,
1991 900 2056 921 nos
2081 889 2116 921 in

1125 934 1440 967 declamationibus
1459 947 1531 967 non
1550 935 1663 976 anxie,
1680 943 1738 970 aut
1753 937 1994 981 superstitiose
2012 951 2116 982 argu-

1125 991 1241 1018 menta
1274 985 1401 1028 eligere
1432 986 1560 1024 solere,
1596 988 1654 1019 sed
1686 987 1758 1020 fere
1790 1000 1871 1021 casu
1899 989 2027 1023 oblatis
2051 991 2117 1023 uti.

1123 1035 1299 1069 Nonnulli
1323 1036 1426 1068 etiam
1445 1037 1638 1080 paradoxas
1654 1039 1836 1080 materias,
1863 1046 1902 1072 nt
1919 1040 1954 1071 in
1974 1053 2010 1073 re
2025 1042 2118 1074 disfi-

1125 1086 1185 1120 cili
1209 1087 1438 1131 experiantur
1460 1087 1594 1131 ingenii
1620 1089 1731 1130 vires,
1765 1097 1920 1125 sumunt.
1980 1090 2117 1123 Tamen

1125 1149 1186 1181 ego
1212 1145 1306 1171 certo
1331 1139 1483 1182 quodam
1508 1139 1656 1172 consilio
1677 1136 1745 1173 hoc
1768 1148 2013 1184 argumentum
2041 1154 2117 1175 sus-

1125 1189 1199 1233 cepi
1232 1190 1468 1224 tractandum.
1538 1187 1680 1223 Etenim
1717 1203 1795 1224 cum
1826 1204 1933 1236 pravo
1965 1194 2118 1237 quodam

1125 1239 1242 1273 studio
1273 1237 1454 1279 homines,
1499 1247 1531 1274 et
1567 1239 1756 1284 philautia,
1797 1250 1934 1276 nostros
1966 1244 2117 1277 nimium

1125 1302 1299 1331 amemus,
1339 1298 1473 1324 exteros
1506 1298 1792 1334 contemnamus,
1835 1294 2030 1335 cogitabam
2063 1307 2119 1328 me

1126 1340 1270 1374 honeste
1294 1342 1469 1375 facturum
1495 1354 1589 1385 esse,
1616 1344 1643 1375 si
1663 1344 1797 1386 gentis,
1826 1357 1914 1390 quae
1935 1342 2018 1378 hinc
2035 1358 2118 1389 pro-

1125 1393 1181 1426 cul
1203 1393 1317 1428 abest,
1342 1392 1464 1425 laudes
1487 1393 1705 1436 colligerem,
1733 1401 1765 1428 et
1783 1396 2118 1429 commonefacerem

1125 1455 1204 1483 vos,
1228 1443 1379 1476 alienam
1405 1443 1569 1477 virtutem
1594 1457 1667 1477 non
1694 1457 1766 1478 esse
1794 1445 1929 1479 bonore
1954 1459 1992 1479 ac
2017 1459 2117 1491 prae-

1125 1495 1298 1527 dicatione
1329 1494 1576 1530 fraudandam.
1636 1495 1810 1530 Nonnulli
1839 1505 1920 1531 sunt
1944 1497 2118 1541 ingeniosi

1126 1545 1161 1577 in
1189 1545 1313 1577 alienis
1335 1544 1431 1577 vitiis
1450 1545 1681 1587 insectandis3
1708 1548 1850 1592 qnidam
1871 1549 1974 1581 etiam
1992 1561 2030 1582 ex
2049 1550 2118 1582 cri—

1124 1595 1318 1628 minatione
1341 1595 1492 1628 aliorum
1507 1623 1516 1636 ‚
1539 1597 1719 1639 gravitatis
1741 1598 1870 1631 samam
1887 1607 2118 1643 aucupantur.

1123 1646 1200 1690 Ego
1226 1646 1383 1679 liberalis
1410 1647 1542 1689 ingenii
1567 1659 1638 1681 esse
1664 1649 1772 1690 duco,
1808 1650 1937 1693 magis,
1965 1663 2118 1683 comme-

1126 1697 1321 1731 moratione
1345 1697 1515 1731 virtutum
1541 1699 1735 1733 alienarum
1763 1701 1938 1734 delectari.
1993 1701 2118 1744 Quan—

1125 1761 1229 1794 quam
1255 1749 1347 1781 enim
1372 1760 1432 1781 sua
1458 1749 1582 1794 cuique
1608 1751 1702 1793 genti
1726 1751 1808 1784 vitia
1830 1763 1901 1784 esse
1922 1752 2118 1791 videamus.

1124 1807 1239 1833 tamen
1265 1799 1400 1832 nullam
1430 1799 1628 1841 nationem,
1671 1802 1874 1845 praesertim
1903 1803 1938 1835 iu
1967 1802 2116 1836 Germa-

1125 1851 1203 1889 nia,
1232 1850 1391 1883 existimo
1418 1857 1487 1883 tarn
1514 1863 1585 1884 esse
1610 1852 1758 1895 perditis
1780 1853 1958 1893 moribus,
1986 1861 2115 1888 utnon

1124 1902 1232 1935 multa
1263 1898 1580 1945 pulcherrimarum
1606 1903 1776 1936 virtutum
1804 1905 1958 1948 exempla
1987 1905 2035 1937 ibi
2062 1918 2117 1938 re-

1125 1952 1237 1996 perire
1263 1952 1384 1996 possis.
1450 1951 1562 1985 Porro
1589 1961 1626 1987 ut
1655 1954 1690 1986 in
1719 1954 1864 1998 privatis
1886 1956 2049 1989 amicitiis
2072 1959 2113 1989 ad

1123 2010 1280 2037 mutuam
1305 2003 1586 2036 benevolentiam
1610 2005 1770 2038 alendam
1788 2006 1937 2040 multum
1958 2007 2059 2047 sacit,
2088 2008 2114 2040 si

1123 2055 1270 2088 virtutes
1287 2053 1388 2087 amici
1409 2054 1506 2087 noris
1525 2062 1558 2088 et
1582 2056 1784 2096 admireris,
1813 2058 1854 2089 ad
1882 2057 1966 2091 vitia
1989 2059 2116 2091 conni-

1123 2117 1220 2138 veas:
1256 2105 1302 2137 ita
1335 2105 1427 2137 inter
1452 2105 1584 2138 vicinas
1610 2113 1727 2148 gentes
1750 2108 1877 2141 rectius
1901 2110 2116 2150 conveniret,

1122 2157 1149 2189 si
1167 2156 1324 2199 singulae
1345 2155 1493 2189 aliarum
1510 2157 1655 2190 virtutes
1672 2169 1773 2191 nosse
1790 2159 1906 2203 potius
1924 2160 2115 2201 studerent,

1123 2219 1226 2253 quam
1250 2207 1347 2241 vitia.
1414 2205 1491 2240 Hoc
1521 2219 1585 2249 ego
1617 2209 1765 2242 consilio
1792 2211 1834 2242 ad
1859 2207 1951 2243 hanc
1975 2223 2112 2244 causam

1122 2257 1265 2297 accessi,
1294 2269 1331 2290 ex
1355 2269 1421 2302 qua
1440 2270 1522 2290 sane
1541 2270 1613 2291 non
1633 2266 1700 2292 tam
1720 2260 1940 2305 eloquentiae
1960 2262 2112 2301 laudem,

1122 2311 1164 2342 de
1180 2309 1300 2354 quain
1320 2306 1383 2341 hac
1403 2308 1534 2351 ingenii
1554 2309 1772 2349 infirmitate,
1801 2320 1831 2344 et
1849 2313 1998 2356 quadam
2020 2325 2111 2346 mea—

1122 2373 1199 2394 rum
1217 2371 1336 2393 rerum
1354 2359 1570 2401 difficultate,
1595 2360 1663 2393 iam
1681 2361 1764 2394 olim
1784 2363 1976 2407 desperavi,
2006 2376 2109 2408 quam

1121 2411 1225 2445 officii
1265 2417 1297 2443 et
1329 2407 1560 2443 humanitatis
1592 2412 1728 2445 anferre
1760 2413 1874 2457 cupio.
1946 2413 2112 2455 Proinde,

1121 2468 1291 2508 quantum
1309 2468 1448 2494 nostrae
1464 2461 1556 2494 vires
1572 2462 1706 2503 sinent,
1733 2460 1823 2497 hanc
1840 2464 2017 2497 nationem
2034 2466 2110 2498 sine

1120 2514 1268 2547 aliarum
1297 2512 1509 2545 contumelia
1530 2514 1747 2548 ornabimus.
1801 2514 1921 2560 Neque
1941 2516 2033 2548 enim
2052 2523 2107 2549 aut

1120 2565 1227 2599 Suevi
1254 2570 1323 2596 tam
1348 2570 1430 2596 sunt
1450 2563 1573 2607 inopes
1589 2565 1858 2599 domesticarum
1879 2567 2041 2607 laudum,
2071 2573 2107 2599 nt

1120 2628 1192 2649 non
1224 2614 1291 2647 nisi
1321 2625 1360 2647 ex
1391 2614 1541 2647 aliorum
1572 2616 1783 2649 contumelia
1815 2617 2009 2660 colligenda
2039 2617 2106 2649 sint

1120 2666 1326 2711 praeconia,
1352 2672 1411 2699 aut
1435 2665 1523 2698 aliae
1545 2667 1705 2700 nationes
1725 2668 1901 2700 contemni
1923 2680 1959 2700 ac
1978 2668 2106 2710 probro

1474 2716 1590 2750 Nullis
1601 2715 1812 2751 Germaniae
1831 2718 1969 2761 populis
1981 2717 2106 2750 Franci

1502 2766 1575 2802 24*
