2338 2958
96 129 170 164 573

97 215 269 260 quinque,
292 218 324 245 et
342 211 482 256 quidem
501 210 614 244 bonos
638 212 831 255 principes,
860 210 1079 245 Valentinia-

95 277 179 299 num
200 263 377 302 maiorem,
405 260 628 302 Gratianum,
659 262 945 295 Valentinianum
963 262 1080 294 mino-

96 328 185 355 rem,
215 310 454 346 Theodosium
490 319 521 345 et
548 311 762 346 Honorium.
821 311 886 345 His
916 313 1079 345 omnibus

93 377 169 399 cum
187 375 275 407 pene
292 363 474 396 familiaris
491 370 594 403 esset,
615 369 731 396 tamen
750 364 827 397 aula
844 363 925 396 satis
943 363 1079 396 duriter

93 415 268 448 interdum
284 425 363 446 eum
383 412 544 447 exercuit.
598 413 666 447 Sed
685 421 800 447 tamen
824 412 906 446 llaec
925 413 1076 446 amicitia

91 464 269 499 Ambrosii
287 475 365 496 cum
384 461 437 496 his
457 464 674 507 principibus
691 463 865 497 Ecclesiae
881 464 977 497 utilis
992 470 1075 498 erat.

91 513 245 548 Adiutus
270 515 313 547 ab
348 512 402 546 his
438 514 573 547 facilius
599 515 761 558 repressit
791 513 906 547 hostes
934 512 1075 551 Christi,

90 563 280 604 Ethnicos,
314 563 458 597 ludaeos
483 571 517 597 et
542 563 752 597 Haereticos.
805 564 894 598 Nam
920 576 997 597 cum
1024 562 1076 597 bis

89 615 254 649 omnibus
273 615 495 658 belligeratus
511 621 570 648 est.

183 666 252 700 Sed
269 673 308 699 ut
325 672 407 699 sunt
422 663 575 698 humana
591 664 709 698 omnia'
724 665 872 708 fragilia,
890 662 956 698 hae
970 664 1074 698 Prin-

88 717 204 760 cipum
223 717 396 750 amicitiae
412 727 553 758 magnas
571 726 680 755 curaS,
707 727 851 758 magnos
868 716 981 749 luctus
999 717 1074 749 viro

87 768 300 805 attulerunt,
327 773 365 800 ut
389 766 512 798 merito
538 765 715 799 interdum
742 767 931 800 exclamare
951 773 1075 811 potue-

89 819 150 852 rit:
179 829 319 851 saevum
339 816 522 860 praelustri
539 816 672 849 fulmen
690 818 732 850 ab
749 830 826 850 arce
844 817 950 851 venit.
986 816 1074 850 Nam

89 875 122 902 et
145 869 244 902 aulae
265 865 465 900 habuerunt
488 877 567 899 suas
589 874 718 910 pestes,
752 875 790 901 ut
815 869 860 901 ita
885 868 1017 906 dicam,
1043 875 1076 902 et

87 931 166 952 cum
185 916 315 951 ethnici
329 944 337 958 ,
365 917 512 950 extincta
531 917 662 949 familia
683 918 927 959 Constantini,
954 930 1076 951 rursus

86 981 181 1013 spem
201 968 440 1012 concepissent
464 968 602 1010 imperii
620 969 661 1000 ad
679 980 714 1001 se
732 966 931 1002 retrahendi
952 981 989 1002 ac
1012 981 1075 1013 op-

86 1019 263 1064 primendi
286 1030 416 1051 nomen
438 1016 699 1058 Christianum,
734 1020 958 1062 gravissimae
983 1020 1076 1052 sedi-

87 1071 201 1104 tiones
235 1070 401 1102 adversus
435 1069 670 1102 adolescentes
704 1071 793 1103 duos
830 1070 1073 1103 Valentiniani

86 1121 195 1159 filios,
232 1119 444 1153 Gratianum
475 1125 508 1152 et
532 1118 820 1152 Valentinianum
846 1127 960 1153 motae,
983 1128 1074 1154 sunt.

86 1170 136 1205 Ita
162 1178 246 1205 tunc
269 1182 408 1215 quoque
429 1177 570 1212 propter
587 1181 701 1202 veram
724 1171 930 1213 religionem
951 1183 1074 1214 magna

85 1221 239 1266 pericula
258 1221 340 1264 ipsis
357 1220 574 1263 principibus
591 1221 772 1253 subeunda
794 1222 946 1256 fuerunt.

188 1271 393 1305 Laetissima
411 1271 555 1304 fuerunt
578 1271 730 1313 auspicia
750 1272 966 1315 principatus
982 1270 1074 1304 Gra-

87 1323 192 1357 tiani:
221 1334 300 1354 nam
318 1321 462 1353 virtutes
481 1321 517 1352 in
536 1333 588 1361 eo,
606 1328 643 1353 nt
658 1322 702 1354 ita
723 1322 848 1361 dicam,
867 1323 1074 1355 domesticae

87 1380 186 1407 erant
203 1372 360 1413 eximiae,
385 1371 528 1410 iustitia,
556 1372 784 1410 continentia,
813 1372 976 1411 eruditio,
1002 1373 1074 1405 elo-

86 1423 248 1468 quentia,
276 1429 305 1454 et
326 1433 426 1454 verae
442 1421 622 1463 religionis
642 1434 752 1462 amor,
779 1424 822 1455 de
838 1435 904 1467 qua
921 1423 1074 1456 Ambro-

85 1475 176 1508 sium
194 1474 372 1506 doctorem
390 1472 543 1505 studiose
559 1473 734 1505 audiebat.
774 1471 819 1505 Et
837 1479 953 1505 extant
974 1473 1074 1504 volu-

87 1525 182 1557 mina
209 1530 365 1557 accurate
395 1522 521 1565 scripta
547 1523 591 1554 de
617 1523 688 1555 filio
719 1523 782 1556 Dei
810 1530 842 1556 et
867 1524 910 1555 de
939 1523 1073 1565 Spiritu

86 1582 226 1614 sancto,
265 1585 352 1618 quae
381 1573 551 1615 flagitavit
581 1573 624 1605 ab
653 1572 841 1606 Ambrosio
871 1572 1074 1613 Gratianus,

85 1626 145 1671 qui
163 1625 305 1670 quidem
325 1630 415 1656 recte
430 1623 657 1656 confirmatus
667 1621 819 1656 Arianos
828 1625 870 1656 ab
880 1622 1073 1656 Occidente

84 1676 192 1710 arceri
210 1675 320 1707 iussit.
375 1671 430 1706 Ad
457 1670 540 1706 haec
557 1673 680 1706 decora
699 1674 839 1707 accessit
856 1674 960 1707 foelix
978 1680 1071 1719 tyro-

85 1726 235 1765 cinium,
262 1725 355 1770 quod
374 1724 533 1756 invenem
553 1724 738 1757 autoritate
756 1725 913 1767 augebat.
968 1723 1070 1768 Apud

87 1776 318 1820 Argentinam
350 1786 477 1816 magno
511 1775 620 1817 prelio
645 1773 835 1808 Alemanos
866 1775 1073 1817 profligavit.

85 1827 172 1862 Utili
191 1826 294 1859 etiam
309 1832 340 1858 et
359 1825 501 1857 salutari
519 1825 666 1857 consilio
679 1825 845 1867 collegam
864 1825 929 1856 sibi
947 1825 1072 1857 adiun-

85 1879 136 1912 xit
151 1874 394 1910 Theodosium
415 1881 557 1918 propter
573 1875 712 1907 virtutis
728 1875 987 1917 praestantiam,
1012 1876 1070 1920 qui

86 1935 118 1962 et
137 1928 210 1972 ipse
228 1924 382 1960 Gotthos
402 1937 461 1968 per
482 1926 515 1956 id
543 1932 710 1967 tempusa
731 1923 882 1958 Thracia
901 1926 1046 1968 depulit.

186 1976 287 2010 Hanc
321 1983 531 2009 crescentem
560 1974 843 2008 Christianorum
873 1976 1070 2019 principum

87 2029 234 2073 gloriam
252 2040 328 2060 cum
347 2039 446 2069 aegre
464 2027 591 2058 ferrent
611 2022 754 2064 ellinici,
774 2025 966 2058 Maximum
982 2025 1074 2059 Gra-

87 2079 171 2114 tiani
198 2078 329 2112 Ducem
355 2077 588 2121 impulerunt,
622 2082 660 2108 ut
690 2075 850 2108 iuvenem
879 2077 1072 2120 principem

87 2130 307 2163 interficeret.
361 2128 504 2170 Quanto
524 2127 557 2158 in
580 2127 673 2159 luctu
701 2127 827 2169 putatis
847 2127 1071 2160 Ambrosium

87 2181 210 2219 fuisse,
240 2191 310 2211 non
328 2179 441 2211 solum
462 2184 641 2221 propterea
663 2178 755 2221 quod
777 2185 961 2220 patronum
986 2178 1071 2210 ami-

88 2231 202 2263 sisset:
247 2231 302 2261 sed
341 2229 444 2260 etiam
483 2229 576 2272 quod
623 2227 726 2259 uotis
762 2228 925 2260 civilibus
957 2229 1074 2268 armis,

88 2292 248 2323 magnam
265 2279 562 2322 perturbationem
577 2279 672 2310 orbis
689 2285 860 2310 terrarum
878 2286 1071 2311 secuturam

88 2343 159 2364 esse
177 2330 327 2362 videbat.
370 2327 410 2361 Et
429 2336 466 2361 ut
484 2329 517 2360 fn
537 2329 750 2361 turbolt-ntis
769 2329 994 2371 temporibus„
1022 2330 1074 2362 sa-

88 2382 189 2415 cilius
212 2381 314 2414 etiam
341 2380 375 2411 in
399 2378 571 2411 Ecclesias
597 2386 777 2422 penetrant
800 2380 971 2411 malarum
997 2381 1074 2422 opi-—

88 2433 234 2465 nionum
268 2437 423 2467 autores,
465 2437 503 2462 ut
527 2429 672 2462 dicitur:
717 2430 756 2463 ἐν
786 2428 824 2462 «Ῡὲ
859 2427 1074 2475 διχοστασίῃ

88 2480 149 2516 καὶ
179 2479 368 2528 πάγκακος
397 2480 532 2524 ἔμμορε
566 2482 678 2524 τιμῆς.
744 2479 836 2513 llaec
871 2481 958 2513 mala
989 2494 1073 2514 con-

88 2540 283 2566 currerunt.

193 2582 319 2615 Valens
350 2582 385 2614 in
412 2579 560 2614 Oriente
593 2581 750 2613 furenter
782 2581 971 2613 defendens
996 2580 1073 2614 Arii

89 2633 291 2677 pestiferum
311 2634 434 2674 dogma
451 2631 632 2664 saeviciam
654 2638 851 2664 exercuerat
871 2631 904 2663 in
924 2632 1011 2675 pios,
1038 2633 1073 2665 id

91 2683 177 2716 vidit
204 2694 329 2726 magno
354 2695 430 2716 cum
455 2684 475 2714 «Ι
493 2683 578 2715 ›lore
604 2681 830 2721 Ambrosius,
858 2688 890 2714 et
917 2683 1007 2715 cavit
1030 2695 1074 2716 ne

776 124 934 161 DECL.
987 124 1059 161 DE
1095 124 1425 163 AMBROSIO.

2048 125 2120 165 574

1134 222 1171 244 ea
1189 212 1292 255 pestis
1309 212 1345 245 in
1365 210 1593 246 Occidentem
1615 214 1835 258 irrumperet.
1881 214 1947 249 Sed
1968 216 2118 250 extincto

1135 261 1319 302 Gratiano,
1347 262 1478 296 Iustina
1497 271 1606 297 mater
1625 264 1876 304 Valentiniani,
1902 278 1981 299 cum
1996 265 2119 299 Arria-

1134 312 1188 344 nis
1207 313 1376 353 senfiens,
1404 315 1572 357 templum
1597 315 1645 347 eis
1662 315 1859 349 Mediolani
1885 316 1975 350 tradi
1998 323 2117 360 postu-

1132 362 1190 397 lat.
1247 362 1384 406 Ingenti
1401 364 1519 396 animo
1538 362 1619 398 llaec
1639 366 1764 400 iniusta
1789 367 1933 411 imperia
1952 368 2118 400 detrectat

1134 410 1341 445 Ambrosius
1365 426 1403 446 ac
1421 414 1456 446 in
1481 415 1628 447 statione
1646 424 1777 449 manet:
1807 424 1836 450 et
1855 417 2014 462 quamvis
2030 417 2118 450 insi-

1132 463 1198 495 diis
1218 463 1368 496 lustinae
1392 471 1585 507 peteretur,
1614 472 1728 498 tamen
1751 467 1890 500 iuterim
1917 474 1949 500 et
1974 468 2117 501 caeteris

1132 514 1323 557 provinciis
1349 515 1545 554 consuluit,
1579 517 1759 549 contendit
1783 517 1818 549 in
1845 518 2004 550 ultimam
2024 517 2117 550 Pan-

1130 565 1292 605 noniam,
1332 572 1363 598 et
1394 572 1512 597 contra
1548 565 1700 599 lustinae
1731 567 1945 602 voluntatem
1976 567 2116 607 syrmio

1130 615 1227 659 pium
1246 614 1458 659 Episcopum
1478 616 1642 660 praeficit.
2003 608 2011 614 .

1234 682 1322 715 Vide
1338 690 1452 716 autem
1471 683 1628 715 mulieris
1646 683 1945 727 ingratitudinem,
1972 686 2117 719 molitur

1130 733 1273 766 exitium
1287 731 1474 766 Ambrosio
1492 734 1552 766 illo
1572 734 1646 777 ipso
1667 741 1831 778 tempore,
1854 748 1931 768 cum
1950 736 2021 778 ipse
2040 749 2116 778 gra—

1130 784 1290 816 vissimos
1313 785 1448 816 labores
1467 791 1497 816 et
1524 785 1676 827 pericula
1694 786 1765 818 adit
1786 798 1848 829 pro
1868 786 1939 818 filio
1957 785 2116 820 Valenti-

1130 835 1256 872 niano,
1283 847 1385 879 quem
1410 847 1529 867 recens
1554 848 1592 867 ex
1611 835 1727 868 Gallia
1753 843 1922 881 tyrannus
1942 836 2116 870 Maximus

1129 886 1319 928 expulerat.
1375 884 1429 918 Ad
1450 882 1543 918 bunc
1561 886 1653 918 enim
1671 887 1802 928 legatus
1821 888 1863 919 ad
1883 886 2115 920 Trevirorum

1128 937 1251 969 urbem
1277 936 1450 979 profectus
1468 943 1536 978 est,
1563 943 1595 969 et
1619 948 1696 968 cum
1718 949 1758 969 eo
1781 938 1947 970 acerrime
1971 945 2116 970 conten-

1130 987 1201 1024 dit,
1235 998 1278 1018 ne
1313 987 1567 1018 adolescentem
1604 986 1692 1019 iusta
1729 987 1866 1030 imperii
1900 989 2116 1031 possessione

1129 1036 1282 1080 pelleret.
1339 1036 1448 1069 Paulo
1472 1044 1548 1079 post
1566 1043 1702 1070 secutus
1719 1037 1913 1077 Maximus,
1940 1037 2116 1070 Mediola-

1128 1099 1212 1119 num
1240 1087 1348 1121 veuit.
1410 1086 1476 1119 Hic
1509 1087 1663 1129 fugiente
1693 1088 1728 1119 in
1758 1087 2003 1120 Macedoniam
2032 1089 2116 1121 ado-

1127 1138 1277 1170 lescente
1296 1137 1545 1170 Valentiniano
1558 1164 1567 1177 ‚
1594 1150 1672 1170 cum
1689 1137 1867 1171 Maximus
1883 1138 1917 1170 in
1939 1138 2036 1171 ltalia
2053 1140 2118 1171 do—

1129 1189 1335 1225 minaretur,
1361 1187 1497 1221 Romae
1516 1188 1617 1220 etiam
1635 1188 1745 1221 edicta
1763 1189 2010 1232 proposuisset,
2031 1189 2117 1223 Am-

1129 1239 1266 1271 brosius
1290 1250 1416 1280 magno
1445 1238 1562 1270 animo
1587 1239 1617 1270 ei
1653 1238 1831 1272 interdicit
1858 1240 2116 1273 communione.

1127 1287 1288 1332 Cumque
1311 1300 1429 1320 necem
1453 1288 1518 1332 ipsi
1539 1287 1715 1321 Maximus
1740 1289 1950 1329 minaretur,
1980 1290 2117 1323 secessit

1129 1339 1341 1383 Aquileiam.
1384 1338 1458 1371 llos
1474 1346 1589 1371 tantos
1607 1350 1744 1381 agones,
1773 1337 1833 1371 has
1851 1351 2034 1372 aerumnas
2054 1338 2116 1372 ha-

1128 1390 1280 1422 buerunt
1308 1389 1459 1432 auspicia
1492 1387 1723 1433 Episcopatus
1747 1389 1947 1429 Ambrosii,
1984 1391 2116 1423 luctum

1128 1452 1166 1472 ex
1186 1438 1347 1472 Gratiani
1368 1439 1530 1479 interitu,
1559 1440 1714 1472 dolorem
1733 1452 1772 1473 ex
1791 1440 1883 1472 civili
1904 1440 2008 1480 bello,
2036 1441 2116 1473 odia

1127 1496 1161 1522 et
1177 1489 1328 1533 pericula
1345 1501 1363 1521 a
1385 1489 1528 1529 lustina,
1555 1490 1745 1533 legationes
1761 1491 1804 1523 ad
1820 1497 2008 1535 tyrannum
2020 1518 2029 1530 ,
2056 1492 2117 1523 de-

1128 1539 1236 1584 nique
1261 1539 1416 1574 exilium.
1469 1538 1565 1572 Haec
1590 1546 1672 1572 sunt
1707 1552 1787 1573 vera
1817 1539 1982 1585 Episcopi
2013 1553 2118 1574 orna-

1128 1596 1263 1630 menta,
1286 1601 1359 1622 non
1375 1601 1549 1633 purpura,
1576 1597 1635 1623 aut
1651 1590 1735 1633 regii
1754 1591 1953 1634 adparatus.

1230 1656 1390 1689 Tandem
1410 1657 1507 1690 venit
1524 1657 1560 1689 in
1577 1656 1712 1690 Italiam
1724 1655 1960 1698 Theodosius,
1988 1670 2026 1691 ac
2044 1659 2119 1691 hel-

1128 1708 1201 1741 lum
1230 1706 1388 1740 Maximo
1418 1708 1542 1745 infert,
1584 1719 1734 1752 eumque
1769 1715 1907 1751 captum
1946 1709 2120 1742 interficit.

1127 1757 1216 1791 Cum
1240 1764 1409 1802 tyrannus
1434 1769 1563 1801 poenas
1589 1759 1757 1798 dedisset,
1787 1759 1981 1792 restituitur
2001 1759 2119 1792 ltaliae

1128 1808 1382 1852 tranquillitas,
1417 1814 1451 1841 et
1477 1815 1660 1841 revocatus
1689 1807 1934 1841 Mediolanum
1964 1808 2119 1841 Ambro-

1127 1859 1210 1898 sius,
1227 1864 1260 1891 et
1277 1870 1373 1891 suam
1391 1857 1582 1891 Ecclesiam
1600 1866 1632 1892 et
1648 1858 1779 1891 vicinas
1798 1859 1879 1891 belli
1898 1860 2011 1892 civilis
2030 1867 2118 1893 tem—

1129 1921 1213 1953 pore
1233 1909 1430 1951 dissipatas,
1457 1909 1639 1943 instaurat.
1680 1907 1752 1941 'Nec
1769 1909 1936 1942 diuturna
1953 1911 2019 1943 fuit
2034 1908 2119 1942 haec

1129 1959 1385 2004 tranquillitas:
1415 1971 1492 1991 cum
1513 1957 1736 1992 Theodosius
1760 1959 1795 1992 in
1814 1959 1933 1992 Asiam
1951 1961 2120 2000 rediisset,

1130 2017 1163 2043 et
1180 2008 1452 2042 Valentinianus
1469 2007 1698 2042 Occidentem
1716 2017 1861 2053 regeret,
1888 2010 2039 2044 Romani
2059 2023 2118 2054 pe-

1129 2066 1209 2093 tunt
1226 2060 1360 2092 restitui
1376 2072 1468 2092 aram
1481 2059 1659 2092 Victoriae
1676 2066 1707 2093 et
1727 2061 1832 2104 impia
1852 2062 2027 2101 sacrificia,
2048 2062 2119 2094 dis-

1128 2111 1249 2144 suadet
1276 2110 1309 2142 id
1336 2111 1478 2143 concedi
1506 2109 1724 2145 Ambrosius.
1780 2110 1897 2151 Quare
1919 2113 2120 2145 adolescens

1129 2159 1350 2194 ethnicorum
1371 2161 1510 2193 insidiis
1529 2161 1675 2203 petitur,
1702 2168 1732 2193 et
1751 2161 1957 2194 seditionem
1977 2169 2120 2196 movent

1128 2211 1355 2254 Arbogastus‚
1377 2211 1532 2243 Francus
1551 2218 1581 2243 et
1600 2210 1798 2253 Euge-nius:
1830 2213 1931 2253 paulo
1951 2220 2025 2255 post
2044 2225 2119 2245 mo-

1127 2262 1220 2295 ritur
1237 2262 1438 2294 adolescens
1457 2262 1578 2293 fraude
1595 2260 1745 2303 Eugenii
1764 2262 1947 2297 extinctus.

1229 2327 1308 2361 Duo
1327 2328 1511 2360 seditionis
1528 2326 1644 2360 Duces
1660 2325 1749 2359 nihil
1769 2327 1914 2361 Maximi
1944 2330 2036 2363 exitu
2059 2332 2118 2363 de-

1127 2379 1260 2418 territi,
1288 2379 1461 2422 potituros
1479 2390 1513 2410 se.
1533 2377 1680 2421 imperio
1696 2385 1854 2421 sperant,
1882 2378 2016 2413 Rornae
2036 2393 2119 2425 pro-

1128 2436 1266 2474 ponunt
1290 2429 1417 2462 edicta:
1456 2429 1574 2461 iubent
1600 2429 1735 2461 restitui
1762 2426 1982 2462 ethnicorum
2013 2432 2119 2464 sacri-

1127 2481 1221 2520 ficia,
1248 2480 1436 2512 exercitum
1464 2490 1502 2511 ex
1529 2478 1753 2512 ferocissimis
1780 2480 1983 2513 nationibus
2007 2481 2118 2514 Fran-

1127 2543 1246 2565 corum
1283 2537 1314 2563 et
1343 2528 1623 2562 Alemanuorum
1658 2529 1862 2570 collectum,
1910 2531 1944 2563 in
1981 2530 2117 2564 ltaliam

1127 2583 1322 2615 adducunt:
1348 2579 1496 2613 veniunt
1524 2578 1788 2619 Mediolanum,
1815 2581 1875 2613 ubi
1901 2581 2118 2624 Arbogastus

1127 2631 1207 2665 satis
1223 2630 1402 2663 barbarice
1423 2631 1579 2663 minatur
1595 2642 1630 2663 se
1649 2631 1776 2674 templa
1800 2638 2016 2665 mutaturum
2045 2643 2116 2664 esse

1127 2683 1163 2715 in
1181 2693 1349 2727 equorum
1369 2681 1515 2715 stabula.
