2338 2958
97 140 171 177 809

95 228 259 268 monebo,
283 231 322 260 ut
338 224 374 257 in
392 231 487 258 tanta
504 225 733 259 multitudine
749 225 985 259 diversitatem
1000 235 1083 260 usus

839 274 1083 321 Eupatorium,

93 325 264 373 κιχώριον
278 333 374 369 grata
393 334 475 360 sunt
488 327 595 370 epati3
624 325 778 368 Philitis‚
805 327 1002 371 asplenum,
1029 333 1082 360 ta-

95 291 134 312 ac
155 278 283 311 virium
309 275 465 309 iuniores
492 277 786 319 contemplentur.

92 379 220 418 marix,
248 378 438 418 teucrium,
468 377 592 420 spleni.

189 429 342 467 Crocus,
367 428 531 468 santalis,
560 428 738 468 libanotis,
765 428 919 467 cirsium,
946 427 1081 468 coralli,

424 478 631 519 Artemisia,
659 479 816 518 melissa,
843 475 1081 524 parthenium,

89 491 234 517 aurum,
263 479 372 512 cordi.

88 530 268 575 pulegium
280 556 288 570 ‚
312 529 543 574 lymnesium,
569 529 718 562 matrici.

191 577 443 626 Glycyrrhiza,
470 580 548 620 iris,
576 579 750 623 prasium,
778 579 951 623 pulmoni.

188 630 383 677 Hyssopus‚
408 628 598 669 helenium,
625 629 820 671 adiantum,
843 627 1079 671 chamaeleon,

86 682 230 726 pectori.

188 732 325 773 Salvia,
357 742 553 772 amaracus,
584 741 699 771 rosae,
730 728 989 776 helicbrysum,
1021 743 1078 765 ce-

33 795 45 814 -1
85 783 203 818 rebro.

187 832 431 872 foeniculum,
454 828 667 872 chelidonia,
693 829 926 877 euphrosyne,
954 832 1076 866 oculis.

186 883 326 921 Malva,
352 882 568 923 melilotum,
595 881 838 923 chamaeleon,
866 884 994 916 nervis.

183 934 412 968 Scammonea
436 939 468 966 et
490 931 748 968 rhabarharum
771 931 916 968 trahunt
938 933 1074 979 praeci-

81 997 150 1030 pue
166 985 292 1018 ssavam
312 984 432 1017 bilem.

177 1035 378 1079 Agaricum,
405 1033 598 1078 tripolium‚
621 1035 708 1074 alo‘e',
735 1032 882 1069 trahunt
898 1035 1073 1080 phlegma.

180 1086 436 1131 Polypodium,
464 1085 620 1122 colutea,
648 1083 793 1118 trahunt
817 1092 929 1119 atram
953 1087 1071 1121 bilem.

182 1136 250 1170 Sed
271 1135 487 1169 enumeratio
504 1135 643 1178 longior
659 1147 730 1168 non
749 1142 798 1169 est
817 1133 922 1170 huius
943 1137 1020 1170 loci.

181 1186 283 1221 Hanc
305 1193 421 1220 autem
455 1185 741 1219 distributionem
774 1198 863 1230 pene
895 1188 1069 1221 infinitam

79 1238 220 1279 virium,
243 1249 332 1283 quae
348 1244 381 1271 et
400 1237 435 1269 in
455 1236 635 1281 speciebus
652 1244 768 1270 manet
785 1244 964 1282 perpetua,
989 1250 1069 1273 casu

78 1290 247 1329 extitisse,
275 1300 497 1333 nequaquam
517 1294 790 1321 consentaneum
809 1296 870 1323 est.

180 1338 225 1373 Et
252 1351 330 1372 cum
356 1339 579 1372 manifestum
599 1339 661 1379 sit,
685 1339 853 1372 artificem
871 1339 1067 1374 intuentem

77 1388 262 1423 bominum
285 1395 464 1428 naturam,
492 1387 575 1422 haec
594 1389 623 1422 ei
644 1390 857 1423 adminicula
877 1391 1068 1433 addidisse,

76 1441 179 1475 adfici
197 1453 275 1475 eum
294 1452 374 1474 cura
393 1440 530 1483 generis
548 1437 693 1473 humani
713 1452 851 1473 necesse
870 1448 931 1477 est.

179 1490 276 1535 Quid
295 1497 345 1524 est
373 1498 486 1524 autem
509 1488 690 1523 honestius
717 1499 750 1525 et
777 1489 912 1524 homini
938 1503 1065 1525 conve-

74 1543 242 1583 nientius,
259 1553 363 1587 quam
383 1541 419 1574 in
439 1548 563 1575 natura
582 1548 805 1586 quaerentem
819 1543 961 1585 vestigia
973 1543 1066 1575 divi-

73 1594 215 1634 nitatis,
242 1593 448 1626 confirmare
473 1604 590 1624 veram
615 1593 657 1625 de
680 1592 901 1636 providentia
924 1599 1065 1626 senten-

73 1645 176 1685 tiam,
198 1655 384 1687 agnoscere
399 1642 512 1676 Deum
537 1642 716 1685 opificem,
745 1649 779 1676 et
800 1643 979 1676 custodem
1004 1654 1063 1686 ge-
1096 1682 1099 1685 K

71 1695 166 1728 neris
192 1692 355 1732 humani,
383 1700 416 1726 et
439 1693 635 1736 intelligere
658 1693 762 1726 talem
781 1704 852 1726 esse
871 1692 937 1726 Dei
963 1706 1064 1726 men-

71 1752 144 1780 tem
160 1752 194 1779 et
209 1746 424 1778 voluntatem
436 1771 444 1784 ,
472 1745 610 1789 qualem
627 1755 662 1776 se
680 1744 847 1787 expressit
865 1743 901 1776 in
920 1755 958 1777 ea
976 1744 1063 1785 luce,

71 1808 177 1841 quam
195 1796 232 1828 in
247 1807 310 1828 nos
328 1795 528 1833 transfudit,
553 1806 591 1827 ac
609 1794 807 1826 discernere
826 1806 906 1827 eum
923 1805 940 1826 a
961 1794 1063 1827 malis

71 1846 220 1886 naturis,
249 1846 284 1878 in
300 1845 430 1890 quibus
444 1844 579 1877 ordinis
596 1844 755 1877 confusio
773 1850 834 1884 est,
860 1850 894 1877 et
910 1843 1061 1887 dirigere

70 1897 216 1931 consilia
237 1903 270 1930 et
289 1907 402 1929 mores
425 1895 468 1928 ad
489 1895 584 1927 illam
609 1906 767 1927 normam
787 1894 823 1926 in
842 1901 958 1928 mente
976 1906 1061 1928 con-

69 1955 250 1993 gruentem
267 1958 346 1980 cum
367 1957 486 1979 norma
506 1944 638 1979 diviua.

170 1998 266 2032 Haec
281 1996 430 2029 maxime
445 1996 637 2029 secundum
656 2001 817 2028 naturam
833 2006 916 2036 esse,
938 2007 1060 2029 omnes

66 2049 144 2084 sani
169 2048 389 2091 intelligunt:
419 2059 490 2080 non
516 2046 574 2079 illa
593 2044 799 2090 Cyclopica‚
824 2057 914 2091 quae
938 2046 1060 2079 suren-

66 2151 216 2186 conflata
233 2161 325 2189 esse,
352 2149 435 2182 ferri
455 2155 488 2182 et
512 2147 681 2181 confundi
702 2147 819 2179 omnia
842 2147 917 2179 sine
934 2148 1059 2180 ordine

35 2200 37 2207 ⁴
65 2209 99 2236 et
113 2202 188 2235 sine
204 2208 320 2234 mente
337 2199 499 2239 rectriee,
526 2211 565 2231 ac
583 2197 733 2231 subinde
749 2197 836 2231 alios
853 2198 1004 2231 mundos
1023 2206 1058 2232 et

64 2253 151 2286 alias
175 2251 305 2296 species
330 2249 427 2284 oriri.
481 2249 630 2283 Talibus
655 2248 836 2281 furoribus
862 2259 1058 2292 repugnare

65 2315 138 2336 non
164 2302 277 2335 solum
305 2300 496 2344 sapientia,
534 2301 591 2333 sed
618 2299 721 2332 etiam
748 2298 919 2332 excellens
944 2299 1056 2332 virtus

63 2361 133 2394 est,
157 2359 253 2396 grata
270 2351 362 2391 Deo,
390 2357 422 2384 et
448 2363 511 2395 pro
530 2362 597 2395 qua
616 2351 814 2383 redduntur
829 2349 982 2393 praemia
999 2350 1055 2382 di-

62 2404 208 2438 vinitus.
263 2400 311 2436 Ut
334 2409 448 2435 autem
473 2408 506 2435 et
530 2400 729 2434 evidentius
746 2399 890 2433 refutari
910 2401 1054 2442 vanitas,

61 2462 95 2489 et
125 2454 257 2488 maiore
288 2452 397 2485 animi
431 2451 626 2485 constantia
659 2451 772 2483 rabies
795 2449 1051 2494 Epicureorum

60 2505 189 2551 possit,
222 2503 420 2548 aspectione
443 2499 670 2547 pulcherrimi
696 2501 833 2534 ordinis
857 2501 891 2533 in
916 2508 1052 2543 natura,

60 2557 98 2590 in
123 2555 300 2589 mentibus
327 2554 505 2598 persuasio
530 2554 574 2585 de
604 2552 824 2595 providentia
855 2551 1052 2594 diligentis-

59 2607 147 2642 sime
171 2606 409 2640 confirmanda
437 2611 506 2645 est,
533 2615 633 2647 saepe
655 2602 947 2645 contemplandae
968 2609 1051 2636 sunt

58 2665 205 2692 naturae
221 2662 355 2700 partes,
380 2655 621 2688 membrorum
638 2653 838 2693 fabricatio,
865 2653 1050 2696 experien-

531 137 686 177 DECL.
727 138 803 175 DE
829 138 1167 175 DIGNITATE
1201 138 1380 176 ARTIS
1415 138 1693 177 MEDICAE.

2054 149 2127 182 810

1135 224 1183 259 Ut
1201 237 1302 269 saepe
1320 225 1388 258 levi
1405 233 1519 259 errato
1540 226 1731 270 periculum
1755 227 1857 261 letale
1882 226 2043 264 homines
2071 233 2124 265 in-

1135 283 1234 309 caute
1260 276 1327 309 sibi
1353 283 1548 310 accersunt:
1576 277 1622 310 ita
1653 290 1670 310 e
1695 285 1814 311 contra
1842 291 1942 322 sagax
1968 282 2123 316 medicus

1133 338 1234 370 saepe
1252 326 1366 359 letalia
1387 327 1540 370 pericula
1566 329 1730 362 remediis
1754 330 1944 363 admodum
1970 332 2125 374 vulgari-

1132 377 1199 409 bus
1216 377 1369 412 discutit.
1423 375 1475 410 Ac
1500 379 1653 421 exempla
1679 379 1823 413 recitare
1841 381 1949 414 multa
1972 393 2122 424 possem.

1132 426 1201 460 Sed
1218 427 1347 471 opinor
1371 427 1557 472 plerosque
1575 440 1613 460 ex
1631 429 1731 462 vobis
1754 431 1864 464 multa
1888 438 1962 464 tum
1987 433 2123 476 legisse,

1131 483 1206 511 tum
1224 477 1410 511 audivisse.

1231 526 1321 561 Cum
1340 527 1446 570 igitur
1462 539 1518 561 ars
1542 527 1727 562 utilissima
1756 529 1799 562 sit
1816 531 1905 565 vitae
1925 534 1967 565 ad
1987 535 2122 567 valetu-

1131 578 1249 612 dinem
1274 579 1463 618 tuendam,
1497 585 1530 612 et
1556 579 1748 622 plurimum
1773 580 1952 623 dignitatis
1979 594 2120 627 propter

1130 629 1362 662 maximarum
1388 640 1505 662 rerum
1531 629 1711 663 scientiam
1738 627 1881 669 habeat,
1918 640 1948 666 et
1980 634 2119 668 laudata

1129 679 1173 713 sit
1193 679 1390 724 praeconiis
1413 679 1563 720 divinis,
1590 687 1623 714 et
1639 681 1681 713 de
1706 681 1926 724 providentia
1950 693 2120 718 monstret

1128 730 1280 764 illustria
1305 730 1528 771 testimonia,
1559 732 1808 774 expetendam,
1843 737 2118 776 cognoscendam

1128 788 1160 815 et
1177 782 1414 816 venerandam
1434 792 1523 821 esse,
1552 793 1624 814 non
1642 782 1788 815 dubium
1809 789 1870 818 est.

1229 832 1336 875 Quod
1355 843 1434 865 cum
1451 832 1497 865 ita
1513 832 1577 872 sit,
1612 829 1725 865 honos
1744 833 1850 878 etiarn
1869 834 2016 867 debetur
2034 836 2116 867 viris

1126 882 1230 916 bonis
1255 890 1288 917 et
1315 882 1484 923 eruditis,
1524 883 1585 928 qui
1617 890 1649 916 et
1675 884 1911 927 amplissimae
1936 885 2115 918 doctrinae.

1125 935 1286 967 custodes
1308 940 1341 967 et
1366 940 1612 978 propagatores
1628 941 1730 975 sunt,
1757 941 1789 968 et
1809 946 1910 979 saepe
1928 933 2115 969 hominum

1124 984 1216 1018 vitae
1233 984 1465 1028 opitulantur.

1223 1034 1370 1078 Semper
1392 1035 1429 1067 in
1457 1032 1523 1067 hoc
1548 1034 1674 1067 ordine
1700 1036 1868 1079 possessio
1891 1036 1956 1069 suit
1982 1038 2115 1079 praeci-

1122 1096 1271 1128 puarum
1289 1082 1541 1129 Philosophiae
1568 1086 1732 1129 partium.
1783 1085 1830 1120 Et
1852 1087 2006 1120 arbitror
2031 1088 2113 1120 inde

1122 1147 1232 1181 usque
1250 1148 1268 1169 a
1285 1135 1408 1180 primis
1425 1136 1600 1180 patribus,
1625 1137 1669 1169 ab
1688 1136 1822 1177 Adam,
1848 1135 1949 1170 'Noha
1962 1164 1971 1178 ‚
1998 1136 2112 1171 Abra-

1123 1183 1224 1227 ham,
1252 1184 1394 1230 Ioseph,
1422 1193 1647 1230 propagatam
1670 1198 1743 1219 esse
1758 1188 1954 1220 doctrinam
1974 1189 2016 1221 de
2034 1200 2112 1221 coe-

1120 1236 1267 1270 lestibus
1287 1237 1450 1277 motibus,
1478 1243 1511 1270 et
1529 1238 1571 1270 de
1589 1237 1765 1278 remediis,
1791 1238 1828 1270 in
1847 1238 1991 1272 familiis
2010 1251 2128 1283 prae-⁴

1120 1288 1368 1322 stantioribus:
1397 1294 1430 1321 et
1450 1294 1628 1332 utcunque
1646 1288 1774 1320 deinde
1792 1289 1835 1321 ab
1854 1289 1916 1330 iis,
1944 1289 2003 1333 qui
2027 1302 2109 1333 pro-

1118 1338 1270 1372 fessione
1283 1339 1408 1371 medici
1426 1338 1586 1378 suerunt,
1621 1345 1873 1373 conservatam.

1219 1388 1285 1423 Est
1309 1396 1425 1423 autem
1453 1401 1515 1433 per
1537 1400 1610 1422 sese
1633 1401 1799 1432 magnum
1824 1391 1929 1423 decus
1953 1390 2107 1433 cognitio

1119 1447 1187 1473 tam
1204 1440 1393 1474 multarum
1411 1451 1530 1473 rerum
1547 1446 1704 1472 motuum
1721 1440 1933 1481 coelestium,
1957 1441 2107 1474 fabrica-

1118 1491 1226 1524 tionis
1253 1489 1400 1524 humani
1433 1490 1590 1535 corporis
1619 1501 1819 1531 causarum,
1851 1499 1994 1536 propter
2020 1504 2106 1536 quas

1116 1542 1204 1575 fiunt
1228 1541 1453 1575 alterationes
1476 1542 1513 1574 in
1538 1540 1764 1584 corporibus,
1792 1542 1874 1575 item
1899 1543 2105 1575 morborum

1115 1599 1149 1625 et
1167 1593 1417 1626 remediorum.

1214 1641 1282 1676 Sed
1304 1643 1417 1675 multo
1441 1642 1554 1675 maius
1580 1642 1685 1675 decus
1709 1649 1779 1683 est,
1807 1640 1898 1676 hanc
1924 1644 2104 1677 scientiam

1113 1693 1154 1725 ad
1173 1693 1319 1726 salutem
1337 1690 1522 1725 bominum
1541 1693 1741 1727 transferre.
1796 1693 1878 1726 Ideo
1896 1694 1989 1726 enim
2009 1694 2103 1728 Deus

1114 1743 1307 1786 impertivit
1323 1744 1440 1786 generi
1458 1741 1613 1776 humano
1629 1744 1853 1787 sapientiam:
1882 1744 2047 1788 priunum,
2065 1752 2102 1778 nt

1114 1793 1204 1836 ipse,
1232 1793 1292 1838 qui
1310 1800 1360 1826 est
1377 1793 1455 1826 fons
1472 1793 1682 1837 sapientiae,
1711 1802 1934 1837 agnoscatur:
1963 1796 2102 1836 deiude,

1114 1850 1150 1876 ut
1167 1843 1329 1877 salutaris
1344 1843 1388 1876 sit
1407 1844 1689 1888 quamplurimis·
1741 1843 1785 1878 Et
1805 1845 1864 1889 qui
1883 1843 1971 1878 banc
1990 1853 2101 1879 artem

1112 1894 1261 1927 fideliter
1280 1901 1457 1934 exercent,
1485 1895 1520 1926 in
1542 1892 1595 1927 his
1612 1906 1748 1927 necesse
1767 1902 1816 1928 est
1834 1896 2010 1939 copulatas
2029 1908 2101 1929 esse

1110 1945 1238 1977 multas
1256 1945 1423 1982 virtutes,
1450 1945 1698 1985 eruditionem,
1726 1945 1957 1988 diligentiam,
1983 1947 2100 1987 fidem,

1110 1995 1370 2035 assiduitatem,
1398 1995 1639 2038 prudentiam,
1670 1996 1890 2029 tolerantiam
1917 1997 1952 2029 iu
1978 1997 2099 2030 inultis

1108 2046 1266 2079 molestis
1283 2047 1387 2079 rebus
1405 2046 1634 2089 perferendis,
1689 2046 1767 2079 Tali
1795 2047 1929 2079 medico
1949 2047 2099 2081 iustissi-

1109 2108 1203 2129 inum
1223 2103 1273 2130 est
1288 2096 1386 2129 omni
1404 2107 1530 2139 genere
1544 2097 1650 2129 officii
1670 2097 1791 2129 referri
1811 2097 1970 2140 gratiam.

1209 2146 1279 2181 Sed
1297 2159 1370 2180 non
1388 2153 1524 2180 uultum
1543 2147 1638 2189 vulgi
1656 2147 1872 2190 ingratitudo
1892 2148 1928 2180 in
1948 2146 2013 2181 hoc
2038 2160 2097 2191 ge-

1107 2208 1190 2230 nere
1207 2208 1331 2240 magna
1348 2203 1416 2240 est,
1443 2199 1503 2230 sed
1522 2197 1624 2230 etiarn
1643 2205 1837 2241 potentum.
1891 2197 1937 2232 Et
1960 2199 2015 2232 vix
2035 2199 2095 2232 alii

1105 2248 1243 2291 saepius
1267 2249 1497 2292 experiuntur
1520 2259 1641 2281 verum
1670 2259 1741 2281 esse
1757 2249 1890 2282 dictum
1909 2249 2095 2282 usitatum:

1107 2305 1183 2339 post
1207 2310 1337 2331 munus
1361 2298 1458 2331 illico
1485 2298 1631 2331 senescit
1657 2299 1785 2341 gratia,
1821 2312 1924 2343 quam
1955 2300 2095 2335 medici.

1104 2348 1225 2382 Bonae
1251 2356 1385 2382 mentes
1411 2355 1528 2382 tamen
1553 2349 1775 2382 considerent
1799 2349 1974 2392 primum,
2007 2350 2093 2395 quid

1103 2398 1178 2433 Deo
1194 2400 1308 2433 autori
1327 2399 1417 2432 vitae
1433 2406 1466 2432 et
1484 2399 1722 2432 remediorum
1741 2400 1904 2433 debeant.
1956 2399 2094 2434 Deinde

1103 2461 1208 2495 quam
1225 2457 1425 2483 reverenter
1440 2451 1482 2482 de
1498 2449 1657 2482 doctriua
1675 2450 1898 2483 sentiendum
1919 2450 1970 2485 sit.
2024 2450 2091 2483 Po·

1102 2507 1192 2541 stea,
1219 2501 1303 2546 quid
1324 2499 1455 2533 Medici
1473 2500 1675 2541 laboribus,
1701 2501 1801 2539 fidei,
1832 2508 1864 2534 et
1888 2501 2012 2534 officiis
2031 2502 2092 2533 de-

1101 2551 1236 2586 beatur.
1277 2550 1373 2584 Ilaec
1391 2562 1470 2583 cum
1489 2557 1693 2594 reputarent
1710 2551 1880 2594 sapientes
1898 2551 2093 2594 Principes,

1101 2601 1136 2634 in
1161 2613 1288 2645 magno
1313 2598 1449 2634 bonore
1465 2602 1558 2644 apud
1581 2613 1639 2634 eos
1655 2602 1782 2634 medici
1806 2603 1968 2640 suerunt,
1996 2602 2088 2643 apud

1098 2649 1284 2685 Ezechiam
1302 2649 1438 2692 Esaias,
1462 2652 1555 2695 apud
1572 2651 1718 2685 Darium
1737 2651 1962 2690 Democedes,
1986 2662 2088 2694 quem

58 2708 109 2743 tia
123 2708 340 2752 respondens
355 2706 537 2740 doctrinae
555 2705 592 2738 in
610 2716 675 2738 usu
699 2704 1043 2742 medicamentorum,
1072 2722 1076 2739 ι
1098 2702 1232 2737 remisit
1251 2702 1289 2736 in
1314 2702 1461 2748 patriam
1486 2708 1629 2736 onerata
1655 2703 1736 2735 navi
1762 2714 1847 2736 auro
1871 2713 1910 2734 ac
1929 2708 2089 2744 argento:
