2338 2958
185 119 260 156 915

192 207 257 245 sit,
286 210 436 238 moneat.
498 201 613 236 Discis
638 197 806 232 iustitiam
833 195 1080 241 aequalitatem
1106 205 1189 228 esse.
1213 201 1218 260 J

193 256 257 291 Est
279 268 360 300 ergo
388 262 420 288 et
435 253 528 287 Deus
544 249 724 284 verissime
747 247 923 293 aequaliS,
951 246 1190 279 alienissimus
1215 263 1217 294 t

195 322 212 342 a
230 301 544 353 προσωποληψίᾳ,
573 309 605 335 et
622 301 666 333 ab
682 299 849 333 omnibus
869 297 1062 343 tyrannicis
1079 296 1191 330 mori-

195 361 273 394 bus.
309 357 403 391 Haec
421 355 544 397 ingens
559 351 755 386 consolatio
771 356 830 383 est.
857 348 947 382 Nam
964 360 1043 382 cum
1062 359 1191 392 aequa-
1216 350 1217 366 ¹

196 411 240 444 lis
258 410 320 451 sit,
347 405 579 440 certissimum
599 410 648 436 est
666 402 754 434 velle
773 412 852 434 eum
872 412 996 433 omnes
1014 400 1057 432 ad
1077 399 1189 432 filium
1216 395 1217 411 ³

197 459 438 502 confugientes
454 455 618 499 recipere,
637 465 701 486 nec
711 453 800 485 velle
818 450 1005 494 imaginari
1023 457 1190 495 tanquam

198 514 241 544 de
263 518 434 556 tyranno,
467 513 499 540 et
527 506 556 538 si
581 505 669 539 alios
693 503 835 548 recipit,
870 509 903 535 te
929 509 1047 535 tamen
1068 500 1192 534 reiicit.
1218 507 1219 511 ’

198 561 288 595 Cum
314 560 400 603 legis
421 557 604 591 veritatem
630 556 796 589 virtutem
820 566 910 592 esse,
942 565 1011 598 qua
1037 563 1134 585 mens
1159 557 1193 584 et

199 613 311 646 oratio
329 615 547 653 congruunt,
579 614 612 641 et
628 607 719 641 dicta
735 618 773 639 ac
789 613 887 649 pacta
905 610 1106 638 constanter
1120 614 1194 635 ser-
1218 617 1221 644 t

199 670 343 697 vantur:
372 659 541 704 cogitabis
556 658 669 693 Deum
685 668 843 690 veracem
862 667 952 695 esse,
978 667 1042 687 nec
1057 654 1194 686 dissen—

199 715 266 747 tire
282 726 300 747 a
319 725 380 746 sua
397 710 649 756 promissione,
677 719 766 753 quae
780 706 990 741 universalis
1007 712 1068 739 est.
1102 703 1193 737 Cum

201 766 287 809 legis
315 775 445 808 poenas
467 761 655 798 scelerum,
689 771 761 792 non
791 756 876 798 has,
912 755 1058 801 Epicuri
1084 767 1195 795 more,

200 823 337 850 tantum
363 821 505 858 propter
534 810 824 856 tranquillitatem
858 806 1014 841 humano
1045 806 1195 840 consilio

201 867 378 901 institutas
396 876 467 898 esse
488 869 605 907 putes,
634 873 755 895 verum
774 860 924 893 sancitas
941 858 1132 897 divinitus,
1156 863 1196 890 ut

201 919 272 952 sint
290 914 645 950 commonefactiones
661 913 704 945 de
722 912 832 956 ipsius
849 910 998 944 iusticia.
1034 907 1197 953 Denique

202 970 306 1014 plena
324 974 374 1000 est
390 965 476 1000 haec
496 972 567 999 tota
583 964 742 997 doctrina
760 961 962 1006 sapientiae,
991 972 1096 1005 quam
1115 971 1196 1003 pro-

202 1021 281 1065 pius
296 1017 481 1063 aspicietis,
503 1028 582 1049 cum
602 1015 767 1048 accedent
783 1020 887 1051 aetas,
915 1011 1079 1050 eruditio,
1103 1022 1197 1044 usus.

201 1071 306 1105 Nunc
323 1069 475 1102 multum
492 1066 677 1110 profecisse
694 1065 850 1098 iuniores
868 1075 904 1096 se
919 1063 1048 1103 sciant,
1075 1062 1102 1095 si
1120 1062 1197 1094 illas

202 1121 402 1155 barbaricas
419 1118 605 1162 opiniones
629 1128 668 1149 ex
691 1116 817 1149 animis
836 1114 996 1152 eiicient,
1024 1125 1113 1158 quae
1131 1113 1197 1144 fin-

203 1181 291 1217 gunt
308 1173 420 1215 leges,
446 1176 480 1203 et
505 1167 600 1202 hunc
625 1168 787 1201 ordinem
808 1165 1010 1210 politicum,
1038 1163 1198 1209 tyranni-

204 1237 283 1259 cum
309 1232 483 1256 carcerem
511 1231 601 1259 esse,
633 1230 696 1251 nec
720 1216 796 1251 Deo
817 1228 920 1249 curae
939 1227 1022 1249 esse.
1051 1221 1084 1247 et
1109 1214 1198 1246 inci-

204 1276 302 1320 pient
329 1274 364 1306 in
389 1270 454 1305 hac
475 1270 637 1303 miranda
666 1267 932 1302 conservatione
959 1272 1105 1299 naturae
1130 1262 1199 1297 hu-

204 1337 328 1359 manae
345 1331 378 1357 et
396 1321 649 1367 gubernatione
668 1319 900 1365 praesentiam
918 1317 985 1351 Dei
1002 1327 1200 1360 agnoscere,

204 1374 394 1411 abhorrere
410 1386 429 1407 a
446 1371 717 1407 conturbatione
732 1369 886 1404 ordinis:
914 1375 947 1402 et
959 1368 1070 1402 Deum
1088 1379 1199 1405 orare,

203 1435 241 1463 ut
251 1428 304 1461 sui
317 1425 433 1471 operis
444 1425 535 1458 inter
544 1434 610 1457 nos
621 1429 735 1456 custos
746 1428 778 1455 et
788 1427 1014 1455 conservator
1025 1431 1096 1452 esse
1107 1418 1201 1451 velit.

303 1478 488 1511 Postremo
512 1475 616 1509 etiarn
634 1485 762 1507 moneo
786 1472 963 1512 iuniores,
990 1477 1030 1504 ut
1048 1470 1201 1503 insulsos

204 1537 238 1565 et
264 1529 447 1563 seditiosos
472 1527 641 1560 clamores
665 1537 788 1558 eorum
814 1524 1020 1567 explodaut,
1055 1522 1115 1567 qui
1135 1518 1201 1554 hoc

204 1581 451 1616 Romanorum
470 1578 524 1611 ius
540 1577 762 1621 vituperant,
791 1582 824 1609 et
843 1574 1023 1607 somniant
1040 1585 1073 1606 se
1091 1584 1201 1605 novas

204 1633 296 1676 leges
312 1631 463 1664 condere
481 1640 591 1673 posse.
645 1626 782 1660 Horum
807 1625 996 1659 stulticiam
1017 1636 1089 1656 non
1107 1624 1200 1656 refu-

205 1685 288 1718 tabo
310 1683 413 1723 longa
433 1680 613 1718 oratione,
640 1690 718 1711 cum
744 1677 886 1722 quidem
907 1687 1006 1716 vera,
1036 1674 1151 1718 gravis
1170 1680 1202 1707 et

207 1733 391 1779 splendida
417 1730 581 1764 refutatio
607 1728 739 1773 opponi
771 1727 890 1771 possit.
950 1726 1019 1760 Sed
1045 1738 1139 1758 nuuc
1166 1725 1201 1757 in

206 1783 270 1819 hac
286 1783 453 1827 temporis
469 1781 628 1825 angustia
653 1792 728 1812 eam
745 1779 882 1813 omitto.
908 1783 1044 1810 tantum
1065 1776 1202 1820 Apolo—

207 1849 288 1879 gum
308 1835 482 1872 recitabo,
509 1832 568 1877 qui
590 1831 717 1864 illustri
741 1829 894 1873 imagine
916 1828 1087 1865 ostendit,
1116 1840 1202 1872 qua-

210 1889 257 1921 les
283 1887 354 1920 sint
376 1885 429 1918 illi
453 1884 537 1916 novi
556 1879 801 1916 Nomoitietae.
856 1879 966 1913 Simia
991 1891 1080 1924 quae
1104 1885 1201 1922 capta

207 1940 251 1972 ab
269 1936 476 1971 bominibus
489 1962 497 1975 ‚
525 1932 743 1978 aliquamdiu
761 1931 896 1964 viderat
915 1931 1038 1969 urbes,
1066 1931 1202 1969 domos,

208 1988 395 2023 liominum
413 1996 638 2029 congressus,
665 1981 819 2023 theatra,
845 1981 1056 2026 spectacula,
1083 1980 1202 2013 ludos:

207 2048 324 2085 postea
341 2039 453 2083 elapsa
472 2036 574 2070 rediit
592 2036 632 2068 ad
652 2035 782 2073 simias,
810 2045 848 2067 ac
866 2039 985 2065 narrat
1004 2032 1088 2077 quid
1107 2031 1204 2063 vidc-

210 2093 270 2126 rit:
296 2089 459 2124 bortatur
481 2095 518 2122 ut
542 2085 727 2120 lio'minum
751 2084 948 2117 imitatione
966 2084 1119 2116 condant
1140 2084 1204 2115 do-

208 2155 304 2182 mos,
332 2141 460 2187 quibus
485 2145 647 2182 tegantur
672 2144 792 2170 coutra
817 2141 1054 2179 tempestates:
1083 2141 1114 2167 et
1141 2134 1204 2166 ad-

209 2195 293 2227 dant
329 2192 466 2225 moenia
502 2191 668 2223 adversus
702 2188 839 2226 tennes,
875 2187 996 2230 lupos,
1032 2183 1204 2219 hominos.

212 2245 281 2278 Noc
308 2250 442 2276 tantum
463 2239 546 2274 liaec
563 2240 697 2272 utilitas
719 2238 947 2283 proponitur,
973 2237 1031 2269 sed
1051 2248 1203 2269 comme-

210 2302 396 2329 morantur
420 2291 553 2326 tlieatra
581 2299 611 2324 et
636 2290 842 2335 spectacula.
896 2288 1033 2322 Horum
1053 2287 1204 2320 imitatio

211 2358 354 2389 magnas
372 2345 568 2387 voluptates
584 2342 739 2386 paritura
758 2341 952 2374 videbatur.
1002 2338 1118 2372 Placet
1141 2338 1206 2381 igi-

212 2406 269 2432 tur
292 2396 501 2434 consitium,
527 2402 557 2428 et
576 2394 757 2427 dimittunt
779 2392 914 2424 vetulae
942 2390 1064 2424 simiae
1088 2390 1205 2422 iunio-

213 2461 266 2482 res
286 2449 327 2481 ad
352 2446 532 2479 materiam
558 2446 790 2480 caedendam,
819 2451 850 2476 et
867 2455 944 2475 saxa
966 2438 1205 2475 couvelwnda.

214 2501 282 2533 Sed
318 2497 374 2532 bie
410 2495 680 2539 deprehendunt
719 2494 904 2528 stultitiam
934 2506 1032 2526 suam
1070 2492 1203 2526 simiae.

213 2550 364 2584 Deerant
382 2559 537 2584 secures,
565 2555 594 2579 rt
614 2548 700 2579 ratio
721 2547 816 2578 nulla
840 2553 913 2579 crat
931 2545 983 2576 vel
1008 2544 1204 2576 caedendae.

213 2602 397 2638 materiae,
426 2598 478 2631 vel
495 2598 760 2639 coagmentaudi
782 2596 924 2640 lapides.
970 2594 1131 2640 Denique
1150 2606 1205 2627 ars

212 2661 281 2687 tota
301 2650 570 2686 architectonica
590 2650 720 2681 deerat.
775 2647 845 2681 lies
863 2647 969 2689 igitur
986 2646 1077 2690 cogit
1093 2658 1149 2679 eas
1170 2646 1203 2678 id
1230 2661 1231 2670 π

211 2706 304 2750 quod
325 2704 428 2738 stulte
447 2701 690 2739 instituerant,
714 2699 886 2733 omittere.

599 112 760 149 DECL.
795 108 872 145 DE
904 107 1116 145 LEGUM
1150 106 1447 144 FONTIBUS
1480 106 1554 143 ET
1582 105 1810 151 CAUSIS.

2160 106 2235 142 916

1344 193 1482 228 Ilarum
1502 193 1683 226 simiarum
1703 205 1783 226 cum
1801 193 1932 228 similes
1948 194 2018 228 sint
2032 193 2147 234 multi,
2173 192 2236 237 qui

1244 245 1308 280 boc
1325 245 1570 280 Romanorum
1587 244 1641 278 ius
1657 244 1994 288 sapientissimorum
2012 251 2045 278 et
2062 243 2236 289 peritissi-

1215 299 1217 337 J
1242 309 1382 330 morum
1415 293 1604 329 hominum
1635 295 1952 329 deliberationibus
1977 296 2166 339 scriptum,
2202 300 2237 328 et

1243 349 1372 382 deinde
1396 347 1611 381 illustratum
1631 346 1851 390 vituperant,
1878 353 1912 380 et
1934 346 2038 380 stulte
2056 345 2237 380 somniant

1244 411 1278 432 se
1294 398 1475 432 meliorem
1492 397 1653 441 politiam
1681 398 1832 430 condere
1858 409 1977 441 posse,
2006 409 2128 431 eorum
2145 395 2237 430 deli-

1245 456 1402 484 ramenta
1423 449 1642 493 explodenda
1659 455 1758 481 sunt:
1786 460 1938 493 quorum
1957 455 2087 493 quanta
2111 448 2155 481 sit
2175 459 2236 480 va-

1245 502 1356 541 nitas,
1393 499 1528 534 etiamsi
1563 499 1720 532 iuniores
1748 500 1911 533 nondum
1942 499 2084 539 vident,
2118 505 2238 532 tamen

1246 552 1446 586 senioribus
1467 558 1500 584 et
1515 550 1638 595 peritis
1653 551 1810 590 credant,
1836 562 1910 583 non
1928 557 2057 584 temere
2073 549 2165 593 leges
2184 560 2239 582 sa-

1248 604 1407 648 pientum
1444 609 1476 636 et
1510 601 1704 646 peritorum
1739 601 1880 634 iudiciis
1914 601 2021 642 latas,
2067 606 2242 644 receptam,

1247 655 1502 697 comprobatas,
1524 653 1711 686 mutandas
1727 664 1810 686 esse.
1846 651 1921 685 Hac
1938 652 2011 696 ipsa
2029 652 2072 684 de
2087 663 2123 684 re
2140 661 2241 694 saepe

1248 705 1470 749 gravissimas
1491 703 1846 737 comnionesactiones
1862 703 2064 736 audivimus
2080 699 2147 735 hoe
2164 701 2241 745 ipso

1250 757 1286 789 in
1308 757 1385 789 loco
1409 767 1427 788 a
1450 755 1643 788 clarissimo
1671 755 1746 787 viro
1771 753 1816 790 D.
1842 753 2064 799 Hieronymo
2088 749 2242 792 Schurff,

1249 813 1473 852 praeceptore
1501 812 1622 839 nostro
1658 812 1823 850 perpetua
1854 805 2050 838 reverentia
2075 803 2243 837 colendo:

1250 859 1349 892 cuius
1363 857 1551 897 iudicium,
1578 868 1656 889 cum
1677 856 1896 897 eruditione,
1916 863 2047 896 aetate,
2073 866 2161 895 usu,
2188 864 2244 886 sa-

1250 909 1383 953 pientia
1400 908 1555 947 exeellat,
1581 919 1683 952 quem
1701 907 1844 952 quidem
1863 915 1902 941 ut
1916 907 2010 942 Deus
2027 905 2243 939 incolumem

1250 960 1405 1004 Reipub.
1423 959 1484 992 diu
1503 965 1616 991 servet
1631 964 1705 991 toto
1722 965 1861 1002 pectore
1875 965 1970 1003 opto,
1991 958 2095 1001 longe
2110 956 2244 989 antefe-

1251 1023 1370 1044 ramus
1387 1010 1513 1044 stultae
1529 1009 1710 1043 iuniorum
1725 1009 1931 1044 curiositati.
1980 1009 2049 1044 Sed
2066 1009 2109 1041 de
2126 1004 2191 1041 hac
2208 1017 2246 1040 re

1251 1063 1336 1096 alias
1351 1062 1452 1106 plura
1470 1061 1637 1094 dicemus.
2046 1066 2048 1069 ’

1354 1112 1545 1157 Postquam
1572 1119 1686 1144 autem
1711 1123 1789 1151 vos,
1823 1117 1863 1144 ut
1885 1109 1993 1143 officii
2018 1108 2131 1143 nostri
2157 1108 2247 1142 ratio

1253 1164 1422 1209 postulat,
1457 1162 1710 1196 commonefeci
1732 1163 1775 1194 de
1797 1161 1994 1195 reverentia
2020 1160 2164 1205 politico
2188 1171 2247 1193 or-

1254 1215 1331 1248 dini
1347 1214 1480 1254 debita,
1507 1225 1574 1258 qua
1591 1213 1693 1245 etiam
1710 1211 1786 1246 Deo
1803 1212 2055 1256 gratitudinem
2071 1217 2248 1255 praestare

1253 1266 1402 1300 debetis:
1438 1277 1501 1298 oro
1530 1275 1626 1296 nunc
1652 1270 1724 1297 toto
1758 1270 1896 1308 pectore
1920 1261 2033 1296 Deum
2064 1269 2247 1296 aeternum

1255 1324 1388 1362 patrem
1420 1314 1567 1349 Domini
1596 1314 1706 1348 nostri
1733 1313 1810 1348 Iesu
1836 1311 1988 1353 Christi,
2028 1313 2249 1346 conditorem

1255 1369 1342 1402 coeli
1361 1374 1393 1401 et
1407 1374 1537 1405 terrae,
1564 1372 1595 1399 et
1613 1363 1799 1399 hominum
1816 1371 1848 1398 et
1865 1363 2043 1398 Ecclesiae
2059 1375 2152 1404 suae,
2178 1373 2250 1397 una

1255 1432 1334 1454 cum
1351 1419 1424 1452 filio
1442 1430 1505 1451 suo
1517 1416 1672 1451 Domino
1689 1423 1810 1450 nostro
1825 1415 1900 1449 Iesu
1912 1413 2066 1453 Christo,
2082 1414 2249 1448 crucifixo

1256 1483 1319 1515 pro
1338 1470 1442 1503 nobis
1460 1476 1490 1503 et
1515 1468 1737 1509 resuscitato,
1759 1475 1792 1502 et
1811 1467 1948 1511 Spiritu
1966 1472 2105 1504 sancto,
2132 1472 2172 1500 ut
2186 1476 2249 1498 sua

1256 1523 1426 1555 immensa
1445 1519 1686 1554 misericordia
1706 1526 1849 1564 propter
1865 1518 1976 1551 filium
1999 1522 2169 1562 perpetuo
2193 1516 2250 1549 in-

1258 1581 1308 1607 ter
1324 1585 1388 1606 nos
1407 1572 1550 1615 colligat
1568 1577 1745 1604 aeternam
1763 1568 2014 1604 haereditatem
2030 1568 2121 1609 filio,
2148 1573 2181 1601 et
2194 1579 2250 1601 re-

1256 1631 1312 1668 gat
1330 1636 1393 1657 nos
1409 1623 1546 1667 Spiritu
1569 1628 1689 1655 sancto
1714 1633 1796 1661 suo,
1823 1627 1936 1654 servet
1954 1617 2110 1664 liospicia
2128 1616 2251 1653 Eccle-

1257 1675 1345 1716 siae,
1371 1681 1403 1708 et
1420 1686 1498 1707 cum
1516 1673 1696 1706 verissime
1710 1673 1754 1705 sit
1769 1672 1847 1705 fons
1865 1671 2057 1716 sapientiae
2073 1677 2106 1704 et
2123 1670 2252 1713 legum,

1257 1726 1300 1760 sit
1319 1733 1434 1759 custos
1451 1725 1544 1759 inter
1560 1735 1625 1757 nos
1641 1723 1848 1768 disciplinae
1875 1723 1989 1766 legum
2001 1747 2010 1759 ‚
2037 1720 2250 1754 iudiciorum

1257 1784 1291 1811 et
1316 1776 1477 1816 virtutis,
1509 1783 1541 1809 et
1566 1774 1692 1808 efficiat
1718 1781 1757 1808 ut
1782 1785 1920 1817 semper
1940 1773 2032 1806 inter
2057 1783 2121 1805 nos
2139 1771 2252 1805 luceat

1257 1840 1337 1861 vera
1356 1827 1466 1871 ipsius
1482 1826 1626 1869 agnitio,
1653 1832 1692 1859 ut
1710 1837 1789 1859 eum
1806 1825 1842 1857 iu
1858 1824 1956 1857 omni
1974 1823 2180 1857 aeternitate
2197 1833 2253 1856 ce-

1258 1879 1445 1913 lebremus.
1498 1877 1592 1912 Dixi.

1259 2053 1323 2087 No.
1350 2053 1430 2087 117.
2031 2052 2093 2089 (m.
2117 2052 2207 2084 1550.
2219 2051 2252 2090 2²)

2037 2098 2246 2115 Μ

1386 2148 1455 2188 De
1482 2149 1640 2201 legum
1662 2144 1873 2203 sontibus
1897 2149 1941 2185 et
1968 2146 2128 2185 causis.

1330 2237 1358 2261 ln
1376 2236 1465 2261 ‹otc-ct.
1481 2236 1629 2261 tit-etnam.
1640 2235 1672 2260 T.
1684 2234 1728 2259 IV.
1744 2243 1769 2265 p.
1782 2233 1908 2267 tt9sqq.,
1927 2233 2042 2259 Sei-rest.
2056 2232 2144 2260 TJV.
2159 2233 2254 2268 pdoe.

1360 2276 1384 2295 ‹·t
1402 2270 1527 2297 tinebant.
1542 2270 1574 2296 Τ.
1586 2269 1616 2295 ll.
1635 2279 1659 2304 p.
1671 2269 1730 2294 450.

1259 2353 1385 2385 Oratio
1402 2351 1448 2384 de
1466 2353 1561 2385 reris
1578 2351 1704 2396 legum
1722 2346 1891 2393 fontibus
1906 2353 1943 2382 ee
1962 2351 2109 2385 causis:
2132 2348 2254 2393 expli-

1259 2414 1350 2436 ran-v
1370 2403 1484 2436 simul
1512 2407 1547 2435 et
1573 2400 1673 2435 ham
1697 2402 1974 2445 qianesh'onem:
2010 2401 2065 2434 An
2091 2401 2253 2434 Romano

1259 2457 1342 2489 iure
1362 2459 1397 2488 et
1415 2455 1566 2498 scriptis
1581 2464 1725 2494 eoruni,
1755 2454 1818 2497 qui*
1839 2450 1879 2486 id
1894 2453 2137 2496 interpretati
2151 2454 2253 2494 sunt,

1627 2503 1807 2538 utendum
1827 2505 1887 2536 stt.

1282 2557 1340 2599 'atsi
1363 2578 1457 2597 uwae
1476 2564 1688 2597 conlationis
1708 2560 1748 2608 ')
1773 2563 1807 2595 iu
1830 2558 2027 2595 int-boanda
2048 2558 2111 2593 bac
2138 2561 2253 2604 legum

1230 2633 1231 2641 κ
1258 2616 1547 2660 interpretatione
1564 2615 1693 2647 nuiltae
1710 2615 1850 2647 fuerunt
1868 2625 1999 2649 causae,
2018 2619 2133 2645 tame-u
2151 2624 2252 2657 prae-

1291 2707 1322 2736 f)
1343 2706 1470 2732 nithard.
1489 2706 1681 2738 cogitaaeiom's;
1701 2705 1800 2738 inepte.
