2338 2958
208 122 283 160 695

307 207 434 242 Dicent
453 210 558 251 igitur
575 207 700 251 aliqui:
729 207 867 240 Scimus
884 214 915 241 et
933 208 1099 248 fatemur,
1127 219 1191 240 nos

209 260 251 293 ad
277 260 492 302 agnitionem
516 265 548 290 et
575 257 832 290 invocationem
847 256 912 290 Dei
930 258 1090 291 conditos
1109 269 1192 298 esse,

208 316 239 342 et
262 310 420 352 cupimus
444 319 515 340 non
540 308 653 340 solum
679 308 815 350 collegii
839 309 967 346 nostri,
999 309 1058 341 sed
1085 308 1192 342 totius

206 357 380 392 Ecclesiae
405 357 628 390 concordiam
657 358 808 391 retinere
834 359 869 390 in
894 356 957 391 liae
975 358 1135 392 doctrina
1160 365 1193 391 et

207 407 262 441 his
285 407 507 448 ceremoniis,
537 419 622 451 quas
646 408 748 451 longa
768 415 919 441 vetustas
944 408 1012 441 iarn
1032 420 1193 452 compro-

208 458 312 491 bavit.
366 456 471 490 Nulla
496 470 586 490 nova
610 459 789 499 doctrina,
824 459 942 492 nullae
964 471 1075 492 novae
1098 471 1193 492 cere-

210 507 348 540 moniae
367 508 587 551 recipiendae
607 515 702 542 sunt.

308 557 377 589 Hic
404 569 568 600 magnum
593 565 767 591 certamen
794 559 923 599 oritur,
958 560 1051 603 qnod
1077 566 1193 592 tamen

208 620 225 640 a
244 608 330 650 piis,
356 607 416 651 qui
435 606 616 650 Evangelii
638 621 755 642 vocem
775 609 896 642 audire
916 610 1060 649 volunt,
1093 609 1194 641 facile

208 657 394 690 diiudicari
415 665 538 701 potest.

310 706 467 748 Fratres,
503 720 574 740 non
600 708 707 741 assero
735 721 863 741 novam
889 708 1104 749 doctrinam,
1134 709 1193 742 sed

207 770 277 791 una
301 764 350 790 est
378 755 559 799 Evangelii
585 770 668 798 vox,
703 770 791 802 quae
817 770 953 802 semper
977 759 1013 790 in
1038 756 1193 792 Ecclesia

208 806 273 841 Dei
298 807 433 847 sonuit,
459 809 517 840 sed
534 807 682 840 subinde
707 809 892 842 admiscuit
912 808 1093 847 diabolus,
1121 809 1193 852 spi-

209 858 297 891 ritus
322 855 563 900 blasphemus,
598 865 631 891 et
659 855 853 899 homicida,
890 859 1104 903 corruptelas
1128 860 1193 891 ali-

209 919 311 952 quas,
352 919 438 951 quas
463 915 495 940 et
518 907 611 941 Deus
645 908 795 941 subinde
821 909 980 948 sustulit,
1020 909 1192 943 illustrata

208 969 328 990 rursus
345 955 527 1000 Evangelii
547 958 634 993 luce.
673 957 871 993 Audierant
888 958 1064 992 lsrae'litae
1083 960 1192 1003 legem

211 1006 322 1045 Mosi‚
358 1008 416 1039 scd
446 1008 627 1041 doctrinae
660 1009 846 1052 puritatem
880 1017 1127 1052 corruperant,
1161 1017 1193 1043 et

210 1057 303 1090 idola
320 1058 610 1100 excogitaverant.
648 1058 749 1091 Missi
766 1066 847 1092 sunt
865 1059 971 1102 igitur
987 1058 1194 1103 Prophetae,

208 1107 269 1152 qui
283 1107 479 1141 doctrinam
505 1116 733 1152 repurgarent
759 1116 791 1142 et
818 1122 896 1142 vera
915 1110 1028 1142 officia
1055 1110 1192 1153 pietatis

208 1169 329 1190 rursus
362 1164 608 1191 monstrarent.
661 1157 797 1191 Deinde
833 1172 911 1192 cum
946 1157 1124 1193 Pharisaei
1160 1167 1193 1194 et

207 1206 403 1241 Sadducaei
437 1220 524 1251 pene
550 1209 758 1242 delevissent
781 1206 1039 1252 Prophetarum
1061 1211 1194 1243 doctri—

207 1269 308 1297 nam,
341 1257 435 1290 missi
474 1265 555 1291 sunt
582 1258 745 1296 Simeon,
788 1257 992 1299 Zacharias,
1025 1258 1193 1303 Baptista,

207 1305 379 1347 Christus,
406 1307 578 1351 Apostoli.
631 1307 679 1340 Hi
696 1320 816 1341 rursus
831 1311 1066 1343 accenderunt
1081 1311 1191 1343 lucem

206 1369 306 1390 verae
324 1358 522 1398 doctrinae,
548 1371 586 1391 ac
605 1359 789 1402 praecipue
806 1359 842 1392 in
865 1357 930 1392 hac
947 1361 1192 1393 emendatione

207 1408 421 1451 conspicitur
445 1408 613 1442 immensa
631 1407 696 1442 Dei
725 1410 985 1449 misericordia,
1013 1412 1107 1455 quod
1124 1409 1193 1444 Ec—

206 1458 365 1496 clesiam,
398 1466 582 1503 postquam
609 1459 740 1492 diaboli
763 1460 957 1503 praestigiis
982 1467 1014 1493 et
1039 1458 1191 1494 humana

207 1508 426 1549 infirmitate,
460 1510 639 1542 erroribus
665 1510 883 1553 implicatur,
918 1510 1068 1544 subinde
1090 1513 1133 1544 ad
1157 1523 1192 1545 se

205 1555 370 1598 retrahit,
411 1559 499 1592 sicut
524 1560 667 1593 retraxit
690 1572 730 1593 ex
753 1568 892 1594 aeterna
923 1568 1036 1594 morte
1060 1562 1191 1605 primos

205 1616 365 1652 parentes
381 1606 491 1642 Evam
508 1617 541 1643 et
559 1608 685 1649 Adam,
709 1622 786 1643 cum
808 1611 895 1653 lapsi
923 1611 1055 1642 nullam
1071 1610 1191 1643 Evan-

206 1659 287 1701 gelii
304 1670 422 1691 vocem
447 1657 560 1693 adbuc
587 1666 746 1697 nossent,
772 1672 833 1693 nec
852 1667 992 1703 possent
1013 1668 1191 1704 expectare

206 1709 308 1741 aliam
331 1720 349 1740 a
372 1709 463 1742 iusto
487 1710 602 1743 iudice
624 1710 852 1750 sententiam,
879 1710 946 1742 nisi
967 1717 1004 1743 ut
1028 1711 1062 1742 in
1079 1719 1190 1745 aeter-

206 1771 291 1791 num
313 1758 456 1791 exitium
470 1760 716 1793 abiicerentur.
772 1759 816 1793 Ut
835 1759 941 1802 igitur
960 1757 1022 1793 bos
1044 1772 1083 1793 ex
1107 1761 1190 1804 ipsis

207 1809 326 1841 inferis
352 1810 526 1843 revocavit
544 1809 659 1851 Deus,
687 1811 733 1843 ita
756 1810 906 1843 subinde
932 1811 1102 1844 instaurat
1121 1809 1190 1845 Ec-

203 1859 354 1892 clesiam.

304 1909 376 1942 Nec
409 1916 520 1951 potest
544 1910 680 1953 negari,
715 1910 834 1944 multis
858 1911 1003 1944 saeculis
1025 1923 1188 1954 magnam

205 1959 308 1992 fuisse
329 1959 512 2002 caliginem
536 1960 717 1994 doctrinae
744 1967 777 1994 et
813 1961 1011 1996 manifestas
1036 1959 1189 2006 propha-

204 2010 373 2045 nationes.

307 2059 429 2093 vids-ie
454 2061 524 2103 ipsa
555 2062 682 2105 templa
713 2068 746 2095 et
772 2073 866 2100 aras,
903 2061 1060 2107 quotidie
1082 2074 1186 2106 quam

206 2111 304 2143 multi
330 2111 460 2154 polluta
485 2111 715 2149 conscicntia,
752 2112 863 2154 ignari
892 2113 976 2157 quid
1002 2119 1121 2153 agant,
1155 2119 1187 2145 et

205 2167 338 2193 tautum
367 2161 498 2193 ventris
522 2173 641 2201 innisa,
669 2162 722 2195 vel
748 2169 840 2195 certe
863 2175 901 2195 ex
921 2163 1187 2202 consuetudine,

204 2223 261 2242 seu
285 2211 532 2254 superstitione
556 2212 689 2254 potius,
719 2211 841 2245 Missas
861 2214 998 2253 legunt,
1025 2220 1056 2246 ct
1076 2225 1110 2246 se
1133 2213 1186 2246 of-

205 2261 291 2293 ferre
308 2262 428 2295 dicunt
444 2262 553 2295 filium
571 2261 634 2294 Dei
652 2276 714 2306 pro
729 2270 799 2296 tota
818 2262 985 2297 Ecclesia.

310 2310 347 2343 lu
379 2310 438 2344 bac
467 2314 720 2346 cousuetudine
750 2326 839 2346 nova
870 2321 902 2347 et
935 2314 1050 2357 ignota
1078 2314 1183 2347 veteri

204 2359 377 2393 Ecclesiae
410 2361 704 2406 propliauatioues
734 2370 838 2396 tetras
864 2377 935 2397 esse.
963 2365 1182 2397 manifestum

205 2418 270 2448 est,
294 2412 422 2444 offra-li
442 2420 556 2446 autem
577 2412 689 2447 Deum
714 2412 933 2447 horribiliter
957 2413 1011 2448 his
1039 2415 1184 2458 peccatis

205 2468 321 2494 mono-t
347 2461 490 2500 l’aulus.
526 2476 603 2495 cum
626 2466 724 2498 dicit:
762 2464 857 2498 Reos
881 2477 953 2498 esse
978 2467 1132 2509 corporis
1152 2471 1183 2498 et

203 2512 382 2553 sanguinis
400 2511 542 2545 Domini
560 2527 680 2547 omues
696 2517 755 2561 qui
774 2515 916 2557 indigne
931 2523 1085 2555 sumunt,
1110 2528 1183 2548 ma-

204 2562 294 2594 xime
310 2574 390 2594 vero
410 2564 617 2597 sacrificulos
631 2594 638 2602 ,
666 2567 724 2611 qui
745 2566 877 2611 polluta
895 2567 1126 2603 conscicntia,
1151 2573 1182 2599 et

204 2612 311 2652 ignari
330 2613 413 2657 quid
432 2620 530 2652 agant
549 2613 583 2646 in
603 2616 722 2659 Missa,
749 2618 933 2651 conterunt
951 2629 1094 2651 coenam
1108 2616 1180 2651 Do-

201 2663 286 2695 mini
304 2664 338 2695 in
357 2671 549 2707 quaestum.

816 121 971 158 DECL.
1007 121 1080 157 DE
1113 120 1294 158 DICTO
1331 121 1511 158 MOSIS
1538 133 1621 158 Erc-

2155 128 2231 164 696

1347 205 1546 242 Pharisaica
1568 209 1760 252 pertinacia
1779 217 1812 244 et
1832 212 1982 245 duricies
2004 218 2110 252 esset,
2135 213 2231 246 nolle

1245 258 1345 291 fateri
1369 259 1497 292 abusus
1515 257 1704 293 Missarum
1717 286 1726 299 ,
1754 271 1832 293 cum
1850 261 1917 296 sint
1937 263 1974 295 in
1992 269 2191 306 conspectu.

1345 317 1481 351 Deinde
1504 317 1678 350 invocatio
1704 325 1922 352 mortuorum
1942 321 2123 364 occupavit
2143 328 2231 356 tem-

1246 368 1302 412 pla
1320 367 1364 400 ita
1376 392 1386 405 ,
1413 374 1453 401 ut
1469 365 1602 401 Christi
1618 368 1792 401 invocatio
1810 369 1911 401 valde
1928 371 2110 404 obscurata
2127 371 2181 406 sit.

1347 423 1545 458 Domestica
1582 437 1664 458 vero
1699 426 1770 459 vita
1806 427 2042 466 sacerdotum,
2089 437 2231 472 propter

1246 476 1355 519 legem
1375 475 1584 515 coelibatus,
1607 475 1824 509 manifestam
1840 476 1947 510 habet
1962 479 2230 520 turpitudinem.

1334 533 1435 566 Nunc
1452 533 1554 566 etiam
1573 534 1782 566 monasteria
1799 533 1990 580 (quotquot
2006 533 2120 569 adbuc
2132 539 2230 583 sunt)

1246 584 1404 628 aspicite,
1431 584 1468 616 in
1491 584 1620 628 quibus
1645 584 1744 617 nulla
1768 596 1910 628 prorsus
1934 593 2015 619 sunt
2033 587 2147 620 studia
2167 589 2232 621 do-

1247 635 1397 674 ctrinae,
1424 641 1558 667 tantum
1578 635 1785 667 ceremoniis
1800 642 1832 668 et
1850 636 1964 669 ventri
1983 635 2142 669 servitur.
2184 637 2232 672 Et

1247 683 1443 730 hypocrisis
1460 685 1496 716 in
1513 691 1658 729 quaestu
1677 691 1736 720 est.

1348 741 1394 774 Hi
1413 743 1516 775 crassi
1536 743 1666 776 abusus
1684 743 1850 776 oriuntur
1868 755 1907 776 ex
1932 744 2085 777 tenebris
2101 744 2232 777 doctri-

1247 804 1323 827 nae.
1367 791 1458 834 Quia
1479 793 1570 825 enim
1591 793 1648 826 lux
1668 791 1848 836 Evangelii
1866 795 1908 826 de
1926 795 2018 827 veris
2042 794 2106 828 Dei
2129 795 2233 829 culti-

1248 843 1329 883 bus,
1357 844 1399 875 de
1426 843 1658 886 poenitentia,
1686 844 1771 882 fide,
1800 844 2040 882 invocatione,
2067 857 2147 878 vere
2167 845 2232 878 bo-

1248 893 1301 925 nis
1316 892 1495 936 operibus,
1521 894 1563 925 de
1581 892 1781 926 reiiciendis
1798 895 1950 927 cultibus
1965 893 2140 933 humanis,
2167 895 2232 928 ob-

1246 951 1380 976 scurata
1397 943 1474 981 fuit,
1502 951 1637 976 secutae
1651 951 1732 977 sunt
1748 945 2013 988 depravationes
2026 946 2232 979 Sacramen-

1247 1000 1382 1034 torum,
1416 1000 1448 1026 et
1471 994 1651 1037 excogitati
1676 994 1757 1027 novi
1784 995 1897 1027 cultus
1913 995 2042 1028 similes
2059 993 2231 1029 Ethnicis.

1247 1043 1383 1076 Deinde
1411 1055 1489 1077 cum
1524 1050 1720 1078 excaecatae
1751 1052 1864 1078 essent
1895 1052 2028 1079 mentes
2056 1043 2230 1090 Epicureo

1248 1100 1449 1137 contemptu
1467 1093 1553 1134 Dei,
1581 1102 1639 1128 aut
1657 1095 1833 1128 idolorum
1854 1096 1968 1135 cultu,
1993 1107 2107 1128 mores
2126 1095 2230 1129 etiam

1247 1144 1473 1177 contaminati
1491 1151 1594 1185 sunt,
1618 1151 1651 1178 et
1670 1145 1788 1178 relicta
1805 1152 1854 1178 est
1873 1143 2018 1178 honesta
2034 1145 2231 1189 disciplina.

1345 1201 1440 1234 Haec
1456 1210 1538 1236 sunt
1554 1203 1599 1235 ob
1618 1204 1738 1236 oculos
1766 1210 1799 1237 et
1824 1203 1860 1235 in
1886 1211 2086 1247 conspeetu,
2111 1210 2142 1237 et
2162 1204 2231 1237 iam

1248 1263 1388 1295 prorsus
1405 1259 1503 1285 erant
1520 1253 1656 1285 suturae
1672 1251 1829 1286 ethnicae
1845 1255 2024 1295 tenebrae,
2052 1254 2119 1287 nisi
2136 1253 2231 1287 Deus

1247 1309 1409 1335 aeternus
1429 1309 1524 1345 pater
1534 1301 1679 1335 Domini
1697 1304 1805 1336 nostri
1826 1301 1900 1335 lesu
1911 1301 2042 1337 Christi
2060 1304 2230 1337 immensa

1247 1352 1484 1385 misericordia
1518 1364 1638 1385 rursus
1670 1353 1880 1386 accendisset
1910 1353 2021 1386 lucem
2045 1352 2230 1397 Evangelii

1246 1403 1318 1443 sui,
1342 1415 1430 1447 quae
1453 1403 1527 1447 pios
1550 1404 1593 1435 ab
1617 1404 1795 1437 erroribus
1814 1409 1847 1436 et
1864 1416 1881 1436 a
1900 1404 1993 1437 vitiis
2016 1412 2170 1444 revocat,
2198 1411 2230 1438 et

1247 1465 1362 1485 veram
1392 1453 1650 1487 invocationem
1679 1452 1744 1487 Dei
1774 1461 1807 1487 et
1838 1465 1918 1487 vera
1944 1454 2084 1498 pietatis
2116 1454 2230 1488 officia

1246 1509 1427 1537 monstrat.

1346 1552 1427 1586 Non
1461 1554 1567 1596 igitur
1594 1564 1720 1586 novam
1746 1553 1962 1593 doctrinam,
1995 1555 2054 1587 sed
2078 1553 2231 1595 unicam,

1246 1615 1382 1641 veram,
1420 1610 1641 1646 perpetuam,
1676 1615 1799 1646 puram
1828 1602 2003 1637 Ecclesiae
2028 1601 2230 1638 Catholicae

1245 1651 1310 1685 Dei
1327 1654 1534 1687 sententiam
1552 1653 1791 1696 proponimus.
1821 1661 1852 1687 et
1871 1655 2096 1691 illustramus,
2123 1665 2228 1698 quam

1246 1704 1418 1747 praecepit
1444 1703 1559 1736 audiri
1585 1712 1747 1737 aeternus
1770 1702 1888 1742 Pater,
1917 1716 1994 1736 cum
2011 1705 2053 1736 de
2072 1704 2142 1736 filio
2164 1716 2227 1737 suo

1244 1751 1400 1785 Domino
1423 1760 1542 1786 nostro
1566 1753 1642 1786 lesu
1661 1751 1802 1786 Christo
1826 1754 1931 1787 dixit:
1974 1753 2042 1787 Hic
2064 1761 2113 1788 est
2136 1754 2228 1788 filius

1243 1814 1341 1836 meus
1359 1803 1524 1843 dilectus,
1552 1801 1645 1837 hunc
1662 1803 1791 1836 audite.

1344 1852 1382 1887 Si
1396 1851 1628 1896 Evangelium
1648 1853 1844 1886 iudicamus
1860 1865 1932 1886 non
1953 1864 2026 1887 esse
2049 1863 2228 1886 commen-

1243 1903 1359 1936 ticiam
1387 1904 1561 1945 fabulam,
1584 1911 1622 1937 ut
1640 1902 1775 1937 Numae
1796 1910 1855 1937 aut
1874 1901 2068 1937 Mahometi
2086 1902 2228 1947 religio—

1243 1965 1304 1986 nes
1320 1954 1531 1996 excogitatae
1547 1961 1640 1995 sunt,
1665 1961 1702 1988 ut
1719 1960 1829 1988 essent
1846 1954 1984 1987 frenum
2003 1953 2110 1997 vulgi,
2132 1953 2227 1998 quod

1242 2005 1489 2047 superstitione
1520 2005 1657 2038 facilius
1682 2004 1836 2048 capitur,
1876 2017 1980 2050 quam
2002 2004 2036 2037 vi
2063 2010 2096 2037 et
2120 2003 2227 2037 armis

1242 2054 1414 2087 domatur.

1345 2104 1538 2138 Audiamus
1563 2117 1681 2137 vocem
1704 2105 1904 2145 coelestem,
1930 2117 2017 2150 qnae
2039 2103 2226 2148 praecepit,

1240 2161 1275 2187 ut
1308 2156 1503 2189 doctrinam
1528 2153 1659 2188 Christi
1691 2155 1960 2200 amplectamur,
1997 2162 2030 2188 et
2057 2152 2119 2187 bac
2150 2154 2223 2187 sola

1239 2205 1387 2240 affirmat
1411 2206 1598 2239 monstrari
1613 2204 1726 2238 Deum
1748 2212 1781 2238 et
1805 2217 1920 2238 veram
1944 2204 2005 2238 Dei
2031 2204 2224 2237 invocatio-

1239 2268 1339 2294 nem,
1363 2264 1395 2291 et
1418 2254 1507 2289 hauc
1532 2256 1727 2289 doctrinam
1753 2256 1862 2289 solam
1886 2256 1934 2289 ait
1951 2257 2073 2289 ducem
2091 2266 2162 2288 esse
2179 2256 2222 2288 ad

1238 2314 1412 2340 aeternam
1431 2308 1590 2340 salutem.

1338 2357 1407 2391 Nec
1427 2369 1490 2390 uos
1505 2369 1630 2389 novam
1650 2356 1844 2390 doctrinam
1864 2356 2052 2397 afferimus,
2080 2368 2142 2390 nec
2160 2366 2221 2389 vos

1237 2418 1329 2440 novo
1348 2408 1506 2452 exemplo
1521 2405 1751 2449 Evangelium
1771 2407 2019 2450 aspernamini.

1340 2466 1525 2511 l'trunque
1543 2466 1708 2498 usitatum
1725 2473 1771 2498 est
1790 2466 1824 2498 in
1844 2463 1998 2499 Ecclesia
2015 2465 2095 2496 iude
2110 2476 2220 2508 usque

1237 2517 1280 2548 ab
1300 2517 1400 2549 initio
1415 2517 1549 2553 muudi.
1568 2516 1699 2560 primae
1717 2524 1748 2549 et
1767 2516 1890 2549 veteris
1906 2515 2085 2549 doctrinae
2100 2512 2219 2546 Evan-

1236 2567 1314 2606 gelii
1335 2567 1531 2606 renovatio,
1559 2575 1589 2599 et
1610 2567 1828 2599 contumacia
1845 2566 2046 2602 inultorum,
2074 2564 2133 2609 qui
2153 2577 2218 2597 no-

1237 2617 1312 2650 lunt
1340 2618 1471 2651 turbari
1497 2629 1592 2650 suam
1624 2617 1911 2662 tranquillitatem
1936 2615 2127 2649 mutatione
2150 2614 2218 2648 ali-

1235 2680 1302 2710 qua
1330 2676 1361 2702 et
1388 2669 1604 2702 correctione
1624 2667 1856 2711 praesentium
1878 2667 2022 2700 rituum.
