2338 2958
217 133 289 169 ⁷63

217 221 505 254 contemnendae.
556 215 632 259 Ego
649 215 780 249 vindex
796 227 876 256 ero,
902 214 1020 260 inquit
1035 212 1150 255 Deus,
1177 213 1206 247 si

217 272 296 317 quis
325 283 398 304 nou
429 268 579 304 audierit
610 264 843 311 Prophetam‚
877 265 1059 306 videlicet,
1091 264 1205 298 filium

217 321 294 357 Dei.
340 321 416 354 Hoc
431 321 563 353 fulmen
579 329 644 351 nos
659 319 702 351 ad
718 317 935 351 audiendum
951 323 983 350 et
998 316 1206 350 discendum

219 368 451 415 Evangelium
470 370 647 404 exuscitet.

318 422 409 456 Cum
432 428 547 455 autem
570 420 645 454 sine
669 427 729 453 tua
752 431 818 464 ope
835 425 976 452 aeterne
992 416 1087 450 Deus
1103 416 1209 450 Pater

218 473 364 507 Domini
387 472 498 506 nostri
514 470 591 505 lesu
605 468 757 511 Christi,
781 469 944 503 conditor
968 468 1127 501 omnium
1152 479 1210 500 re-

220 536 298 557 rum
323 530 356 557 et
380 521 555 556 Ecclesiae
577 529 676 563 tuae,
703 534 765 554 nec
789 522 847 554 lux
873 519 1053 553 doctrinae
1078 518 1210 552 servari

220 575 346 619 possit,
372 581 405 607 te
428 586 490 607 oro
519 580 660 617 propter
682 573 792 606 filium
814 579 914 605 tuum
931 570 1125 604 Dominum
1144 581 1211 602 no-

220 632 331 659 strum
359 624 472 658 [esum
497 622 697 663 Christum,
731 629 771 656 ut
804 623 839 655 in
866 620 921 655 his
946 621 1150 664 regionibus
1179 626 1212 652 et

220 676 305 709 alibi
328 676 393 709 tibi
417 682 587 719 perpetuo
603 675 745 717 colligas
761 671 971 712 Ecclesiam,
997 679 1029 704 te
1047 672 1083 703 in
1100 677 1212 703 aeter-

221 739 265 760 na
291 727 427 760 laeticia
450 738 528 759 curn
554 726 626 758 filio
651 725 923 763 celebraturam,
946 729 979 756 et
1001 722 1131 755 tuearis
1156 721 1211 754 lu-

220 789 294 811 cem
311 775 513 819 Evangelii,
540 783 573 809 et
590 776 714 809 reddas
732 775 823 818 piam
839 781 871 808 et
885 774 1074 807 salutarem
1093 784 1212 816 pacem

220 826 277 861 bis
301 828 480 872 gentibus,
515 839 554 860 ac
575 827 798 871 disciplinam
825 826 1017 869 gubernes,
1049 830 1082 857 et
1107 823 1212 856 Prin-

221 879 338 922 cipum
356 885 389 911 et
404 877 605 911 docentium
621 885 654 911 et
665 877 788 921 populi
799 883 932 909 mentes
943 875 1078 919 Spiritu
1092 881 1212 908 sancto

221 931 264 963 ad
292 942 409 962 veram
434 928 694 962 invocationem
723 936 756 962 et
780 939 861 961 vera
887 926 1025 972 pietatis
1051 926 1213 960 exercitia

219 981 348 1016 flectas,
403 979 530 1013 Amen.
583 979 676 1014 Dixi.

414 1286 488 1327 De
521 1283 759 1325 Dorothea
796 1281 1024 1335 Principe.

293 1378 323 1403 ln
343 1375 435 1402 select.
457 1373 535 1399 Deci.
554 1371 586 1396 Τ.
601 1371 646 1397 lll-
667 1372 752 1404 p.Qt-t
765 1381 839 1405 sqq..
870 1370 984 1395 Servest.
1006 1371 1039 1394 T.
1056 1369 1102 1394 Ill.
1123 1369 1216 1402 p.205.

327 1417 352 1436 ct
381 1411 407 1435 iu
427 1409 460 1434 Τ.
477 1408 522 1433 lll.
549 1406 659 1432 Ertord.
687 1406 725 1430 lit.
743 1407 768 1437 b,
788 1406 813 1430 2.
850 1405 930 1438 Apud
958 1403 1130 1429 Richardium
1161 1413 1216 1429 non

327 1446 435 1477 legitur,
458 1457 484 1461 —-
525 1443 616 1467 Nemo
636 1450 667 1466 eo
689 1440 855 1469 offendatur,
886 1437 958 1471 quod
980 1437 1080 1471 Georg.
1100 1437 1216 1463 Sabinus

326 1480 396 1505 banc
425 1478 576 1503 orationem
604 1476 651 1501 sibi
678 1474 814 1500 conscribi
840 1483 854 1498 a
882 1472 1078 1503 Melanthoue,
1119 1481 1216 1497 socero

327 1523 392 1546 suo,
418 1511 532 1538 curavit.
569 1510 603 1535 Ex
617 1509 745 1543 Epistolis
765 1508 836 1533 enirn
856 1507 958 1534 vot.V.
979 1508 1069 1541 p‚4ll‚
1084 1512 1108 1531 et
1124 1506 1216 1540 p‚4⁶22‚

328 1547 511 1582 conspicitur,
546 1544 752 1570 Melantbonem
773 1542 874 1567 Sabino
900 1542 1037 1574 scripsisse
1057 1541 1136 1566 etiam
1157 1550 1215 1566 eam

326 1583 478 1641 ⁰‘³¹³.⁰›'25‚¹1'‘
489 1577 757 1639 ¹³03<'}³i¹1¹.;f2‘2³²'ii⁴i²
770 1575 944 1644 ῗῗιῗῖἷῖωέίῗὲί
955 1586 1077 1635 'v.3'1”1⁰='1¹¹
1097 1575 1141 1642 {i'i
1153 1585 1217 1635 {¹53⁶

327 1626 377 1642 nus
467 1625 492 1640 es
544 1625 548 1638 ι
668 1630 674 1637 .
752 1631 758 1637 .
939 1629 944 1635 .
1015 1631 1020 1635 .
1071 1629 1076 1635 .
1117 1628 1122 1634 .
1200 1628 1207 1635 .

226 1709 351 1742 Oratio
375 1703 506 1739 habita
533 1714 555 1735 α
584 1701 776 1745 Georgyio
804 1697 994 1739 Sabino,
1024 1695 1218 1741 insumere

227 1755 518 1795 Dav-othone,
554 1752 722 1796 coniuqqis
754 1750 1001 1783 illustrissimi
1031 1750 1218 1791 Principis

226 1809 367 1845 Alberti
395 1804 627 1842 Mart-hienis
659 1799 890 1843 Brandenb.,
927 1802 1102 1833 Pras-siae
1138 1801 1218 1832 Du-

225 1864 277 1896 ris
293 1864 378 1902 ete„
405 1868 502 1903 quae
517 1854 605 1890 obiit
624 1856 694 1888 ΙΙΙ.
712 1852 799 1886 Idus
811 1852 963 1896 Aprih's,
992 1862 1088 1885 anno
1112 1849 1218 1885 15⁴7.

226 1941 310 1981 Etsi
330 1944 492 1977 societate
509 1937 768 1983 lachrymarum
784 1949 822 1969 ac
841 1936 931 1968 veris
949 1935 1135 1977 gemitibus
1155 1937 1219 1969 do-

227 1999 335 2031 lorem
348 2022 357 2035 ,
384 2001 415 2027 et
430 1992 613 2025 ostendere
631 1989 816 2024 debemus,
845 1993 875 2019 et
892 1986 1086 2027 significare
1100 1987 1218 2031 aliqua

227 2061 266 2081 ex
292 2053 389 2091 parte
414 2053 615 2087 possumus,
643 2047 758 2073 tamen
784 2050 861 2070 curn
886 2044 954 2069 tam
980 2037 1108 2069 inultae
1127 2045 1218 2070 tam-

228 2112 294 2144 que
326 2107 446 2139 graxes
479 2092 622 2125 doleudi
656 2101 777 2123 causae
808 2095 1040 2127 concurrant,
1085 2088 1220 2121 nullius

229 2156 324 2183 tanta
350 2144 550 2190 eloquentia
572 2150 638 2178 est.
669 2148 705 2173 ut
724 2151 897 2183 exponere
917 2136 980 2171 bos
998 2139 1135 2172 dolores
1156 2151 1218 2182 pro

230 2198 492 2240 magnitudine,
522 2201 580 2226 aut
604 2193 718 2225 levare
741 2202 799 2223 eos
818 2189 977 2223 oratioue
996 2191 1220 2224 mediocriter

230 2258 346 2296 queat:
376 2255 511 2282 tantum
538 2246 631 2277 abest
647 2271 655 2282 ,
682 2249 719 2276 ut
743 2254 804 2283 ego
829 2241 887 2286 qui
908 2247 937 2273 et
958 2241 1088 2283 ingenii
1109 2241 1220 2274 imbe-

231 2303 374 2334 cillitate
405 2307 432 2331 et
463 2296 639 2329 moesticia
668 2293 838 2335 singulari
868 2292 1057 2335 impedior,
1092 2305 1220 2325 com-e.

231 2354 385 2386 nientem
403 2348 483 2381 buir
501 2348 577 2380 loco
594 2345 790 2378 orationem
809 2342 937 2376 babere
954 2344 1093 2386 possim.
1150 2342 1220 2377 liu-

231 2410 285 2447 get
311 2402 464 2445 optimus
491 2398 651 2442 princeps
676 2395 916 2428 nubilissimae
941 2401 973 2427 et
997 2393 1220 2427 charissimae

232 2453 390 2494 coniugis
417 2450 617 2490 interitum,
644 2448 678 2479 in
706 2459 772 2491 qua
798 2443 1034 2489 pulcherrima
1061 2446 1220 2478 omnium

232 2506 403 2538 virtutum
420 2500 594 2544 copulatio
612 2499 693 2531 fuit:
722 2497 939 2542 quiquidem
958 2497 1019 2529 etsi
1037 2509 1096 2529 sua
1115 2497 1222 2541 ipsius

235 2554 444 2590 solitudine,

234 2617 308 2645 tur,
336 2613 451 2639 tamen
472 2614 550 2635 cum
570 2601 726 2633 intuetur
744 2599 869 2635 filiam,
897 2610 1002 2642 quam
1023 2597 1125 2632 babet
1143 2599 1222 2632 uui-

235 2671 308 2690 ram
335 2663 365 2689 et
390 2652 649 2689 charissimam,
677 2652 840 2694 videtque
866 2649 1009 2683 intimos
1025 2662 1144 2683 seusus
1163 2663 1224 2695 pe-

755 126 917 165 DECL.
952 125 1026 164 DE
1057 123 1393 174 nono‘rHEA
1425 124 1713 164 PRINCIPE.

2185 131 2258 168 764

1257 224 1347 258 pene
1377 211 1614 247 exanimatur:
1650 218 1684 246 et
1713 224 1916 260 quanquam
1944 214 1982 250 in
2014 227 2055 250 eo
2083 215 2257 252 celsitudo

1257 263 1387 302 animi,
1413 263 1453 296 in
1477 263 1576 296 omni
1599 263 1762 297 fortunae
1785 265 1954 300 varietate
1973 278 2099 310 magna
2119 278 2259 312 semper
2295 303 2298 305 ,
2333 259 2334 262 ¹

1258 314 1343 353 fuit,
1370 321 1488 348 tamen
1509 325 1606 348 nunc
1629 326 1718 359 pene
1737 316 1936 350 succumbit
1951 317 2126 359 moerori,
2149 325 2183 352 et
2201 318 2260 353 vix

1259 364 1362 408 erigit
1389 375 1462 398 sese
1485 364 1569 409 ipse,
1621 364 1758 399 Deinde
1776 373 1905 410 augent
1923 367 2122 409 tristitiam,
2150 366 2257 404 huius

1260 416 1430 460 temporis
1453 415 1542 449 aliae
1563 415 1788 452 calamitates.
1835 415 1925 451 Cum
1949 417 1987 450 in
2007 416 2072 452 hoc
2089 417 2259 454 horribili

1262 466 1476 500 Germaniae
1499 467 1595 500 bello
1617 467 1756 510 magnis
1782 468 1876 502 curis
1900 468 1944 502 de
1965 470 2145 512 republica
2167 471 2259 505 etde
2288 457 2312 510 ἱ,

1261 518 1358 551 omni
1392 518 1592 562 posteritate
1618 525 1855 559 exerceretur,
1890 519 1952 552 etsi
1980 519 2023 551 iis
2047 521 2259 556 consolatjo—
2300 551 2304 554 .

1263 569 1388 609 nibus,
1415 581 1502 613 quas
1518 569 1617 602 Deus
1629 566 1804 602 Ecclesiae
1822 581 1904 603 suae
1921 570 2086 610 tradidit,
2112 583 2150 605 ac
2166 579 2258 607 ratas

1264 632 1335 653 esse
1360 621 1481 660 iussit,
1509 619 1825 665 magnitudineque
1847 620 1956 653 animi
1981 632 2016 653 se
2033 623 2260 662 sustentabat,

1264 677 1382 704 tamen
1410 668 1474 704 has
1504 671 1762 704 sollicitudines
1794 683 1896 713 saepe
1927 671 2030 704 leniit
2054 672 2260 708 dulcissima

1265 723 1482 755 consuetudo
1497 722 1739 755 nobilissimae
1755 729 1787 756 et
1800 722 2076 766 sapientissimae
2088 723 2261 768 coniugis,
2292 709 2296 720 Ι

1265 784 1345 806 cum
1377 784 1444 818 qua
1469 784 1548 806 suas
1571 784 1672 806 curas
1695 773 1795 817 quasi
1818 773 2045 817 partiebatur.
2099 772 2141 807 Id
2167 774 2261 809 sola-

1265 823 1353 857 tium
1380 835 1475 856 nunc
1497 835 1638 868 quoque
1662 823 1776 857 fatalis
1799 821 1857 856 hic
1877 835 1976 857 casus
1993 824 2135 868 eripuit.
2187 823 2261 860 De-
2292 855 2296 859 .

1265 874 1350 908 inde
1365 873 1533 918 Princeps
1552 874 1622 907 filia
1640 873 1740 907 cuius
1757 886 1853 908 nunc
1872 886 1909 907 ea
1930 881 2022 908 aetas
2039 882 2106 916 est,
2131 883 2171 910 ut
2185 888 2261 911 non

1267 926 1382 958 solum
1406 925 1557 958 naturali
1577 927 1736 972 στοργῇ,
1766 926 1826 958 sed
1845 925 1948 959 etiam
1965 926 2096 960 iudicio
2113 934 2263 962 matrem

1267 976 1410 1017 amarit,
1445 982 1476 1009 et
1500 976 1575 1009 eius
1598 976 1744 1009 virtutes
1767 975 1835 1008 iam
1859 976 2091 1018 intellexerit,
2118 985 2152 1012 et
2175 978 2262 1012 imi·
2298 970 2301 974 ⁴

1267 1027 1334 1061 tari
1357 1026 1507 1071 ceperit,
1533 1033 1665 1072 quanto
1683 1026 1720 1059 in
1736 1026 1858 1059 dolore
1875 1027 1951 1060 est?

1269 1128 1393 1173 optimi
1411 1128 1542 1173 quique
1559 1127 1718 1161 omnium
1736 1128 1903 1161 ordinum
1923 1125 2102 1162 homines:
2131 1136 2164 1163 et
2180 1131 2264 1176 quia
2307 1155 2309 1160 .

1268 1180 1386 1212 sciunt
1408 1179 1497 1211 affici
1520 1191 1584 1212 nos
1607 1179 1736 1212 debere
1751 1177 1928 1222 Principis
1944 1180 2069 1223 optimi
2088 1180 2203 1222 luctu,
2229 1188 2264 1217 et
2306 1200 2310 1222 3

1269 1229 1351 1274 quia
1383 1229 1532 1263 virtutes
1566 1236 1599 1262 et
1628 1229 1796 1261 beneficia
1820 1229 1986 1262 dominae
2011 1230 2262 1268 meminerunt.
2306 1227 2309 1239 ⁴

1269 1279 1342 1313 Has
1370 1286 1483 1313 tantas
1507 1291 1627 1313 causas
1651 1278 1818 1319 dolendi,
1854 1279 1952 1313 cuius
1977 1281 2090 1314 oratio
2113 1293 2263 1328 aequare

1269 1331 1408 1374 potest?
1460 1328 1553 1363 Mihi
1574 1330 1716 1375 quidem
1734 1341 1790 1363 eas
1808 1330 1975 1373 cogitanti
1987 1355 1995 1368 ,
2024 1343 2091 1364 vox
2108 1339 2141 1366 et
2157 1333 2264 1377 spiri-

1269 1388 1324 1415 tus
1355 1381 1478 1414 doloro
1508 1381 1769 1414 intercluditur.
1823 1379 1893 1413 Sed
1926 1381 2094 1425 quoniam
2129 1383 2264 1428 aliquid

1269 1432 1416 1465 omniuo
1440 1431 1631 1464 dicendum
1656 1437 1727 1471 est,
1754 1437 1785 1463 et
1809 1430 2018 1474 significatio
2045 1434 2265 1470 ostendenda
2300 1452 2302 1454 ·

1269 1482 1381 1515 nostri
1398 1482 1522 1522 luctus,
1551 1493 1678 1526 quaeso
1694 1487 1733 1515 ut
1749 1478 1836 1514 mihi
1853 1481 1933 1514 veui
1948 1482 2048 1524 detis,
2077 1486 2171 1528 quod
2190 1498 2264 1520 ma·
2303 1486 2308 1522 s

1269 1533 1449 1577 gnitudini
1474 1544 1592 1565 rerum
1618 1544 1838 1577 nequaquam
1865 1544 1928 1576 par
1951 1540 2000 1567 est
2026 1535 2156 1569 oratio:
2184 1549 2265 1571 vos-

1270 1597 1340 1629 que
1364 1596 1426 1628 pro
1449 1590 1562 1616 vestra
1587 1583 1772 1626 prudentia
1792 1583 1950 1626 cogitetis
1970 1584 2055 1628 ipsi,
2083 1599 2188 1632 quam
2209 1589 2265 1622 iu-

1269 1641 1361 1667 stum
1385 1634 1540 1667 officium
1564 1634 1624 1673 sit,
1652 1633 1751 1666 adfici
1778 1633 1873 1667 luctu
1893 1635 2018 1677 optimi
2039 1635 2216 1683 Principis
2233 1646 2266 1674 et

1270 1685 1377 1717 filiae:
1424 1691 1456 1717 et
1490 1691 1657 1728 quantam
1695 1684 1863 1717 iacturam
1901 1686 2098 1728 respublica
2134 1689 2266 1732 fecerit,

1270 1736 1394 1769 amissa
1417 1734 1478 1768 tali
1501 1735 1656 1767 domina.
1709 1734 1846 1768 Deinde
1869 1742 1902 1769 et
1926 1737 2185 1772 consolationes
2209 1742 2265 1774 di-

1271 1786 1404 1818 vinitus
1427 1785 1591 1825 traditas,
1621 1797 1699 1817 cum
1714 1783 1890 1818 Ecclesiae.
1915 1786 2113 1820 doctrinam
2138 1790 2182 1823 de
2201 1804 2264 1824 vo-

1271 1837 1407 1870 luntate
1440 1834 1505 1868 Dei
1540 1843 1571 1869 et
1611 1836 1654 1868 de
1692 1836 1954 1869 immortalitate
1989 1839 2152 1879 teneatis,
2197 1842 2265 1887 ipsi

1272 1888 1371 1921 vobis
1394 1886 1567 1920 subiicite.
1621 1884 1711 1919 Cum
1737 1893 1852 1919 autem
1878 1891 2165 1925 commemoratio
2187 1893 2266 1927 lau—

1272 1940 1355 1972 dum
1390 1945 1422 1971 et
1447 1938 1615 1971 xirtutum
1643 1937 1679 1970 in
1704 1937 1888 1971 funeribus
1913 1939 2051 1982 piorum
2079 1937 2264 1978 hominum

1272 1989 1429 2022 facienda
1459 1988 1520 2026 sit,
1553 1995 1582 2021 et
1615 1995 1653 2021 ut
1679 1988 1836 2031 ipsorum
1862 1989 2030 2022 memoria
2056 1990 2099 2024 sit
2125 1993 2266 2028 diutur-
2300 1997 2305 2025 ζ

1272 2039 1370 2076 nior,
1398 2045 1429 2071 et
1454 2045 1491 2071 ut
1518 2038 1575 2071 alii
1603 2038 1732 2071 talibus
1751 2039 1918 2082 exemplis
1935 2043 2203 2079 commouel'acti
2221 2047 2265 2080 ad

1272 2090 1437 2123 virtutem
1472 2095 1504 2122 et
1540 2089 1582 2121 ad
1618 2088 1877 2122 invocationem
1912 2088 1977 2123 Dei
2014 2094 2265 2138 exuscitentur,
2302 2093 2305 2119 Ῑ
2337 2083 2338 2087 ¹

1272 2153 1333 2182 ego
1359 2152 1500 2185 quoque.
1526 2140 1646 2173 laudes
1673 2139 1930 2173 illustrissimae
1952 2140 2126 2187 Principis
2149 2144 2266 2181 Doro-

1274 2190 1374 2225 tbeae
1405 2191 1574 2224 recitabo:
1611 2191 1670 2223 sed
1703 2198 1739 2224 ut
1772 2197 1914 2234 potero.
1951 2204 2023 2225 nou
2057 2201 2095 2228 ut
2129 2199 2266 2241 magni-
2300 2186 2304 2210 ¹

1273 2244 1358 2276 tudo
1390 2242 1560 2276 virtutum
1592 2242 1702 2286 ipsius
1730 2248 1762 2274 ct
1785 2240 2025 2286 pulcherrima
2050 2245 2175 2281 decora
2202 2262 2267 2294 po-

1274 2294 1462 2327 stulabaut.

1376 2344 1463 2377 Nata
1487 2350 1537 2377 est
1555 2343 1724 2387 Princeps
1742 2342 1921 2378 Dorotbea
1950 2345 1985 2378 iu
2011 2346 2142 2381 familia
2162 2351 2266 2384 nobi—

1275 2396 1403 2428 lissima
1430 2394 1563 2437 Regum
1587 2394 1820 2432 Danu-orum,
1851 2404 1946 2438 patre
1963 2395 2058 2438 Rogo
2077 2398 2265 2439 Friderico,

1275 2455 1304 2479 et
1324 2453 1434 2479 matre.
1453 2445 1574 2484 Anna,
1599 2446 1667 2477 tilia
1687 2444 1905 2479 marchionis
1925 2446 2066 2481 loannis
2085 2447 2267 2491 Elei-toris.

1248 2540 1249 2545 1
1276 2498 1336 2530 filii
1358 2495 1494 2530 Alberti
1515 2495 1754 2533 Man-tunnis,
1783 2497 1841 2541 qui
1867 2506 2007 2541 propter
2024 2501 2266 2537 excellentiam

481 2564 541 2583 suo
575 2550 697 2582 ‹lolnre
727 2556 757 2581 et
795 2561 857 2580 suo
889 2548 1063 2580 desiderio
1089 2548 1222 2581 erucia-
1248 2554 1250 2583 ζ

1247 2587 1250 2608 l

1278 2548 1418 2581 virtutis
1434 2548 1547 2580 dictus
1566 2555 1611 2580 est
1637 2545 1790 2580 ‚Xcliilles
1807 2547 2051 2583 Germanicus.
2105 2551 2267 2599 (Tumque

1277 2599 1408 2632 semina
1433 2599 1622 2636 virtutum,
1647 2605 1676 2631 et
1703 2599 1873 2641 igniculos
1895 2611 1912 2632 a
1931 2601 2153 2643 parentibus¹
2177 2617 2266 2649 quo-

1278 2663 1356 2683 rum
1381 2656 1504 2682 natura
1530 2650 1593 2683 suit
1615 2649 1929 2693 praestantissima,
1957 2653 2148 2695 acceperit,
2174 2656 2268 2689 mul-

237 2709 341 2742 storis
370 2707 497 2751 ipsius,
534 2710 629 2747 pater
656 2702 793 2746 sapin-ns
819 2709 851 2734 et
876 2700 1068 2735 liberorum
1094 2713 1225 2739 amaus,
1250 2727 1254 2744 ,
1279 2708 1353 2735 tum
1378 2708 1493 2746 postea
1518 2701 1553 2733 iu
1578 2707 1703 2734 natura
1726 2701 1879 2745 optima,
1907 2708 1996 2734 recta
2017 2703 2191 2739 institutio
2208 2719 2268 2741 va-

2003 1026 2184 1062 Postremo
2200 1029 2263 1063 lu—
2298 1052 2311 1066 2

1267 1085 1350 1121 gent
1372 1077 1552 1111 dominam
1579 1075 1644 1110 hae
1669 1083 1808 1111 nostrae
1830 1075 2028 1116 Ecclesiae,
2056 1076 2205 1113 Scholae
2229 1087 2264 1115 et
2307 1099 2310 1110 :
