2338 2958
89 121 164 157 305

89 207 126 240 in
152 206 256 240 rebus
280 204 450 239 dissident
475 217 496 238 a
521 205 662 239 nostris.
715 203 852 239 Deinde
876 205 964 238 illud
984 203 1078 237 affir-

90 269 184 290 mare
200 256 329 297 ausim,
357 267 436 289 eum
454 255 515 300 qui
542 255 577 288 in
596 256 720 288 studiis
737 256 876 290 assuefit
893 257 935 288 ad
955 266 1077 288 aman-

90 309 170 340 dam
196 313 229 340 et
253 306 501 352 inquirendam
522 307 722 347 veritatem,
749 318 864 339 amare
887 306 1074 339 candorem

89 369 128 391 ac
142 357 399 401 simplicitatem
419 356 522 390 etiam
543 357 578 389 in
596 358 752 390 moribus
768 363 800 390 ct
818 357 853 389 in
871 357 952 390 vita.
1005 355 1074 389 Sed

88 407 248 441 doctrina
279 405 467 452 sophistica
496 408 663 451 depravat
698 408 914 446 voluntates,
959 413 1075 439 trans-

87 457 199 491 fertur
218 458 310 491 enim
337 458 575 491 calumniandi
603 458 756 492 studium
782 458 824 490 ad
848 468 973 492 moreS.
1027 455 1075 490 [t

88 515 202 542 autem
221 509 380 554 quisquis
398 515 448 542 est
463 509 756 550 studiosissimus,
786 507 832 540 ita
851 507 1000 539 maxime
1019 507 1071 539 in-

87 570 212 592 census
227 566 277 592 est
294 571 412 592 amore
423 559 578 592 veritatis
596 566 628 592 et
638 556 870 602 Sophisticem
886 558 962 590 odit
978 569 1073 590 acer-

86 609 188 645 rime.
240 608 474 643 Dulcissimus
494 616 608 643 autem
626 609 806 642 convictus
827 615 876 641 est
894 620 972 640 cum
993 619 1072 640 eru-

85 659 168 693 ditis
192 667 225 693 et
243 661 425 701 candidis,
450 661 509 705 qni
528 660 748 703 prospiciunt
763 659 847 704 quid
874 660 1012 696 deceat,
1039 665 1072 691 et

83 717 178 744 certa
197 712 348 756 quadam
372 711 508 744 ratione
531 711 761 743 moderantur
778 721 898 742 omnes
918 709 1072 742 actiones

85 767 119 795 et
134 760 245 794 animi
261 762 430 803 impetus,
457 760 556 805 quasi
572 761 673 793 freno
690 767 828 803 regunt.
871 759 993 804 ltaque
1009 771 1072 792 nec

85 811 273 852 dulciores,
297 824 360 845 nec
375 811 545 844 firmiores
561 818 643 844 sunt
659 811 848 848 amicitiae,
871 823 976 855 quam
992 808 1070 854 phi-

86 860 304 906 losophicae,
333 860 398 895 hoc
423 868 490 901 est,
518 862 734 895 eruditorum
760 861 933 894 amicitiae
956 868 989 894 et
1015 872 1071 894 so·

85 912 208 945 cietate
225 913 423 946 studiorum
443 918 648 946 contractae.
701 911 773 945 Iam
794 925 810 945 e
829 912 969 955 regione
987 923 1071 944 con-

84 962 138 995 fer
168 963 210 995 ad
238 960 322 995 haee
350 960 553 996 scholastica
581 963 762 1003 sodalitia,
800 962 1071 996 consuetudines

59 1025 163 1046 *cum
189 1013 382 1054 illiteratis,
416 1014 453 1045 in
481 1013 610 1058 quibus
631 1013 734 1047 etiam
759 1013 787 1046 si
809 1013 870 1058 qui
893 1013 978 1046 boni
1004 1012 1069 1045 viri

85 1069 187 1104 sunt,
220 1070 336 1096 tamen
360 1064 478 1097 minus
504 1064 684 1098 suavitatis
713 1061 843 1097 habent
868 1074 1070 1107 congressus

85 1125 164 1147 curn
182 1114 264 1155 illis,
291 1115 372 1158 quia
387 1116 430 1147 de
446 1115 606 1148 doctrina
625 1114 808 1148 nobiscum
825 1114 979 1159 colloqui
998 1126 1071 1146 non

84 1171 241 1208 possunt.
293 1164 345 1198 Ne
367 1164 458 1198 Lelii
481 1165 623 1210 quidem
653 1172 686 1198 et
712 1165 888 1209 Scipionis
916 1165 1070 1198 amicitia

84 1222 220 1249 tantum
243 1215 424 1249 suavitatis
449 1213 649 1257 habuisset,
678 1216 706 1248 si
730 1211 878 1249 fuissent
902 1214 1071 1259 ἄλιιουσοι.

84 1264 152 1300 Sed
179 1266 339 1308 angustia
363 1266 530 1310 temporis
550 1278 621 1299 non
646 1266 728 1299 sinit
753 1278 816 1299 nos
842 1266 959 1299 omnia
980 1266 1070 1299 vitae

83 1313 309 1350 scholasticae
325 1317 508 1349 commoda
526 1317 689 1360 colligere
704 1324 736 1350 et
754 1317 941 1350 illustrare.
975 1315 1071 1349 Haec

87 1373 202 1400 autem
225 1367 404 1405 recensui,
437 1367 609 1410 primum,
645 1374 685 1400 ut
708 1367 945 1400 adolescentes
966 1367 1072 1399 intel-

85 1417 196 1460 ligant
229 1423 262 1450 et
293 1423 412 1450 ament
439 1417 530 1450 vitae
562 1428 673 1460 genus
706 1417 743 1449 in
772 1429 842 1462 quo
871 1423 1069 1457 versantur3

85 1468 216 1501 deinde
243 1467 414 1509 cogitent,
448 1475 578 1512 quanta
609 1468 759 1500 vicissim
794 1467 995 1512 requiratur
1026 1468 1070 1499 al)

86 1517 169 1562 ipsis
184 1518 386 1561 diligentia,
413 1524 545 1562 quanta
560 1519 595 1550 in
614 1518 711 1551 omni
731 1518 844 1551 officio
863 1518 1070 1555 moderatio,

85 1575 124 1602 ut
155 1566 222 1601 hoc
244 1569 335 1601 vitae
359 1580 468 1611 genus
498 1575 635 1602 ornent.
693 1568 839 1602 Literati
871 1568 907 1600 in
932 1580 1070 1600 summo

83 1619 222 1662 fastigio
239 1631 356 1652 rernm
375 1616 611 1652 humanarum
631 1619 789 1652 collocati
806 1625 897 1653 sunt.
950 1618 1069 1660 Quare

83 1676 123 1703 ut
145 1669 286 1703 muneri
310 1669 470 1702 omnium
494 1670 703 1703 difficillimo
734 1669 930 1703 satisfacere
957 1668 1070 1712 possi-

83 1732 178 1761 muS‚
203 1718 404 1753 adhibenda
422 1727 472 1754 est
489 1721 655 1753 acerrima
673 1720 852 1753 contentio
869 1719 1068 1752 animorum

84 1770 121 1803 in
145 1772 317 1805 docendo,
371 1769 434 1804 Est
458 1778 491 1805 et
514 1771 772 1804 sanctissimum
792 1771 883 1803 vitae
907 1781 1016 1813 genus
1038 1777 1071 1803 et

82 1819 158 1855 Deo
174 1821 427 1865 gratissimum,
454 1833 660 1854 conservare
679 1829 708 1854 et
732 1833 922 1865 propagare
939 1820 1071 1853 doctri-

83 1883 164 1904 nam
181 1873 272 1904 vitae
290 1872 424 1905 utilem.
466 1872 623 1905 Sciamus
642 1872 748 1913 igitur
765 1871 838 1904 Deo
862 1882 990 1915 poenas
1008 1872 1069 1903 da—

83 1928 181 1955 turos
211 1923 309 1963 illos,
336 1922 398 1966 qui
421 1923 579 1955 moribus
602 1923 673 1955 suis
688 1923 900 1955 dedecorant
921 1919 1069 1960 scholas,

84 1973 144 2017 qui
178 1985 250 2005 non
275 1974 461 2007 conferunt
485 1973 621 2018 aliquid
658 1985 784 2017 operae
819 1974 862 2005 ad
889 1973 1069 2005 doctrinae

83 2024 398 2058 conservationem.

114 2108 120 2114 ,
182 2073 364 2106 Postremo
394 2074 646 2107 iucundissima
679 2080 727 2106 est
751 2073 820 2105 vita
852 2070 1068 2108 scholastica.

84 2123 204 2167 Quare
228 2123 325 2167 digni
351 2125 434 2157 odio
457 2132 554 2165 sunt,
590 2124 648 2169 qni
674 2124 767 2156 velut
789 2122 975 2163 Centauri,
1009 2130 1069 2156 aut

83 2172 253 2218 Lapithae
274 2175 536 2208 tumultuantur
555 2175 591 2207 in
613 2172 754 2213 scholis,
781 2181 813 2206 et
831 2174 1069 2218 tranquillita-
1094 2203 1095 2206 ,

85 2231 153 2257 tem
172 2225 325 2257 universi
345 2232 462 2258 coetus
479 2226 738 2264 interturbant,
760 2225 981 2268 disciplinam
999 2226 1069 2257 sol-

85 2282 192 2315 vunt,
218 2287 284 2320 qua
301 2275 431 2313 soluta,
457 2276 619 2320 dissipari
639 2276 837 2309 societatem
855 2287 991 2308 necesse
1008 2283 1068 2311 est.

86 2325 179 2359 Sunt
204 2332 236 2358 et
268 2325 353 2357 boni
379 2323 611 2365 adhortandi,
643 2334 681 2359 ut
712 2324 795 2359 haec
823 2327 1004 2359 commoda
1032 2327 1069 2359 in

85 2383 272 2419 conspectu
298 2373 468 2415 habeant,
495 2388 602 2421 eaque
627 2383 808 2421 opponant
828 2376 1070 2417 incommodis,

85 2439 174 2471 quae
189 2427 318 2460 multos
334 2424 543 2460 abstralmnt
559 2439 577 2459 a
592 2427 720 2460 literis:
748 2428 825 2471 plns
845 2427 956 2461 valeat
976 2429 1067 2471 apud

85 2477 196 2511 bonos
213 2477 364 2521 dignitas
382 2477 559 2510 literarum
579 2485 610 2510 et
628 2478 766 2522 publica
786 2478 938 2518 utilitas,
965 2491 1069 2522 quam

88 2528 207 2573 iniqua
243 2529 337 2570 vulgi
373 2529 521 2569 indicia,
555 2541 658 2573 quam
695 2529 774 2561 odia
804 2528 1070 2573 Tyranriorum,

88 2590 191 2622 quam
209 2586 403 2623 paupertas.

186 2628 244 2662 Sic
271 2629 411 2663 allectos
434 2641 505 2662 esse
530 2630 646 2663 iudico
672 2626 736 2661 hos
762 2629 920 2669 iuvenes,
946 2631 1005 2675 qui
1029 2642 1070 2664 eo

88 2680 234 2722 gradum
260 2681 480 2723 petiverunt,
517 2688 556 2714 ut
580 2693 614 2713 se
639 2679 778 2724 publice
802 2680 1000 2723 obligarent
1027 2683 1069 2715 ad

140 2729 323 2762 BIELAsru.
352 2733 454 2764 Ormi.
482 2733 565 2765 Von.
594 2733 653 2764 XI.

551 121 712 159 DECL.
764 121 837 158 DE
871 120 1204 158 FRIDERICO
1238 122 1649 164 BARBAROSSA.

2046 139 2119 173 306

1131 203 1370 238 defensionem
1390 207 1583 243 literarum.
1629 208 1708 243 lure
1724 210 1831 254 igitur
1847 211 1940 248 hunc
1959 218 2116 252 animum

1130 254 1178 286 eis
1194 255 1430 297 gratulamur,
1459 271 1584 304 eosque
1607 261 1743 294 usitatis
1764 261 1958 299 honoribus
1985 280 2116 302 ornan-

1128 305 1191 337 dos
1209 317 1279 340 esse
1301 307 1514 342 censuimus.
1566 310 1657 344 Dixi.

1144 483 1208 516 No.
1228 483 1288 519 42.
1951 510 1998 531 an.
2019 501 2113 531 1536.

1956 546 2115 557 m

1284 594 1359 636 De
1388 595 1628 638 Friclercco
1659 598 1952 647 Barbarossa.

1194 682 1275 720 Apud
1299 683 1372 708 Crat.
1393 682 1462 716 Myt.
1483 693 1508 717 p.
1523 684 1573 709 363
1588 694 1660 719 sqq.,
1686 686 1711 710 in
1734 687 1880 726 Declamat.
1902 691 1983 719 T.11.
2006 704 2030 728 p.
2045 697 2103 723 538.

1226 726 1252 740 m
1268 717 1382 743 Seru-est.
1399 716 1430 744 T.
1443 718 1478 744 ll.
1496 727 1523 750 p.
1533 719 1591 757 229.
1609 727 1633 744 et
1648 721 1718 754 apud
1732 721 1858 749 Richard.
1874 724 1904 752 T.
1918 727 1951 752 ΙΙ.
1968 738 1991 761 p.
2002 731 2059 756 837.
2085 716 2114 750 -i

1226 750 1286 776 Hoc
1307 760 1378 776 anno
1399 751 1468 778 hanc
1489 757 1641 779 orationem
1669 763 1726 781 esse
1753 757 1880 791 scriptam
1903 760 2064 796 intelligitur
2084 775 2113 791 ex

1228 784 1296 819 Epp.
1311 784 1370 813 Vol.
1384 786 1433 811 ΙΙΙ.
1452 787 1549 819 p.190.

1149 860 1214 897 De
1251 866 1482 909 Imperatore
1518 866 1762 904 Friderz'co
1795 872 2086 912 Barbarossa

1493 914 1750 955 Declamatio.

1123 982 1207 1021 Etsi
1235 988 1391 1022 studium
1415 996 1519 1035 atque
1549 993 1735 1027 consilium
1759 1007 1880 1029 eornm
1903 1010 2115 1045 magnopere

1123 1039 1254 1082 probo,
1281 1040 1341 1083 qui
1359 1037 1427 1073 hnc
1445 1041 1618 1074 clarorum
1638 1044 1814 1086 virorum,
1843 1049 1902 1092 qui
1918 1049 2114 1087 floruerunt

1123 1090 1216 1132 apud
1234 1088 1388 1123 Graecos
1406 1098 1465 1124 aut
1483 1091 1639 1133 Latinos,
1666 1092 1829 1129 historias
1845 1099 2009 1141 afferunt,
2036 1103 2114 1146 plu-

1123 1140 1252 1172 rimum
1279 1141 1372 1173 enim
1399 1142 1505 1175 refert
1527 1155 1589 1175 nos
1613 1157 1717 1189 qnam
1743 1148 1893 1181 maxime
1926 1150 2114 1188 instructos

1124 1202 1196 1223 esse
1219 1191 1421 1233 cognitione
1448 1190 1693 1236 historiarum,
1721 1203 1836 1230 tamen
1865 1206 1902 1233 ut
1930 1200 2017 1235 mihi
2035 1205 2115 1248 qni-

1124 1242 1201 1273 dem
1219 1241 1376 1280 videtur,
1405 1243 1586 1288 aliquanto
1606 1247 1728 1280 utilius
1749 1256 1796 1281 est
1813 1261 1949 1284 sumere
1972 1265 2113 1297 operam

1124 1291 1161 1323 in
1186 1291 1407 1325 illustrandis
1431 1306 1468 1326 ac
1492 1295 1680 1329 recitandis
1705 1299 1904 1333 domesticis
1933 1315 1970 1335 ac
1995 1306 2115 1347 patriis

1123 1343 1245 1382 rebus,
1273 1355 1377 1386 quam
1396 1346 1599 1387 peregrinis.
1653 1347 1812 1381 Primum
1831 1352 1923 1383 enim
1942 1353 2114 1388 efficacius

1123 1399 1268 1425 movent
1284 1393 1419 1426 animos
1437 1395 1623 1428 domestica
1643 1399 1817 1442 exempla,
1846 1402 1927 1445 quia
1954 1406 2114 1448 turpissi-

1124 1454 1219 1498 mum
1238 1449 1307 1482 est,
1333 1444 1520 1486 degeneres
1539 1447 1658 1479 videri.
1711 1447 1849 1483 Deinde
1868 1452 2033 1499 pleraque
2052 1469 2114 1489 ne-

1123 1503 1220 1534 gocia
1246 1501 1440 1536 praesentia
1461 1497 1570 1537 magis
1590 1508 1628 1529 ex
1653 1499 1824 1533 maiorum
1841 1510 2040 1539 nostrorum
2060 1519 2114 1540 re-

1123 1543 1188 1574 bns
1211 1542 1314 1584 gestis
1339 1543 1525 1578 indicanda
1546 1553 1648 1585 sunt,
1677 1561 1780 1593 quam
1801 1562 1839 1584 ex
1861 1552 2017 1588 historiis
2034 1557 2115 1591 illo-

1122 1605 1221 1632 rum,
1249 1593 1308 1637 qui
1327 1594 1363 1626 in
1383 1594 1448 1626 alia
1464 1594 1602 1639 Ropuh.
1624 1597 1660 1630 in
1677 1599 1743 1631 alia
1762 1601 1872 1634 forma
1892 1604 2031 1648 imperii
2050 1599 2124 1641 ilo->

1122 1650 1282 1679 ruerunt.
1337 1643 1456 1686 Quare
1474 1658 1550 1679 cum
1571 1647 1605 1680 in
1626 1645 1689 1681 hac
1704 1650 1815 1684 forma
1835 1651 1987 1698 Reipub.
2006 1657 2040 1689 in
2060 1671 2115 1691 re-

1123 1694 1188 1750 lius
1215 1695 1377 1736 gerendis
1406 1696 1516 1730 multa
1550 1710 1568 1730 a
1600 1700 1721 1742 patriis
1755 1699 1913 1736 historiis
1945 1710 2114 1742 sumenda

1123 1751 1211 1801 sint,
1239 1746 1402 1778 convenit
1419 1758 1482 1779 nos
1499 1760 1569 1780 non
1588 1756 1722 1783 tantum
1743 1752 1779 1784 in
1799 1755 1992 1797 peregrinis
2010 1760 2115 1793 rebus

1123 1807 1278 1828 curiosos
1293 1807 1382 1836 esse,
1408 1805 1457 1837 et,
1481 1804 1520 1831 ut
1535 1799 1684 1843 dicitur,
1713 1802 1797 1835 soris
1817 1814 1955 1847 sapere,
1982 1810 2040 1841 sed
2060 1822 2115 1843 res

1122 1852 1262 1878 nostrae
1288 1846 1521 1891 inquirendae
1542 1856 1646 1894 atque
1669 1856 1932 1894 cognoscendae
1950 1865 2053 1898 sunt,
2082 1867 2114 1894 et

1122 1896 1302 1929 sciendum
1316 1924 1325 1937 ‚
1352 1904 1390 1930 ut
1406 1906 1523 1932 monet
1542 1898 1751 1935 Homericus
1770 1905 1979 1940 versiculus:

1206 1951 1271 1983 ὅττι
1286 1953 1342 1991 μὲν
1360 1954 1391 1984 ἕν
1406 1954 1550 1995 μεγάροις
1566 1955 1722 1996 ἀγαθόν-τε
1737 1958 1863 1990 >ramim
1879 1962 2028 1996 τέτυκται.

1123 2006 1218 2049 Quid
1239 2007 1332 2050 quod
1353 2007 1457 2040 etiam
1475 2009 1585 2052 pietas
1604 2013 1772 2053 quaedam
1791 2020 1852 2053 est,
1878 2025 2014 2050 sumere
2029 2031 2114 2063 ope-

1121 2069 1194 2089 ram
1220 2057 1257 2088 in
1280 2058 1449 2091 ornandis
1470 2066 1573 2105 atque
1600 2060 1820 2095 illustrandis
1841 2066 1974 2107 patriae
2000 2069 2115 2112 rebus,

1105 2114 1162 2141 'ut
1176 2106 1284 2140 Poeta
1304 2108 1438 2153 inquit:

1273 2168 1311 2198 Et
1333 2171 1399 2209 pius
1423 2177 1465 2199 est
1480 2171 1590 2209 patriae
1608 2172 1684 2200 facta
1701 2173 1808 2203 referre
1826 2177 1920 2208 labor.

1094 2225 1096 2274 ζ
1122 2225 1302 2258 Postremo
1328 2227 1370 2257 ad
1394 2223 1483 2258 hanc
1505 2226 1585 2270 styli
1613 2228 1895 2265 exercitationem
1922 2234 1999 2277 plus
2025 2249 2111 2270 con-

1094 2277 1095 2295 ³
1121 2277 1256 2309 ducunt
1283 2273 1347 2308 hae
1374 2276 1556 2315 materiae,
1584 2277 1664 2321 quia
1693 2282 1895 2323 peregrinae
1914 2296 1968 2317 res
1993 2295 2112 2322 extant

1094 2319 1097 2331 ⁸
1121 2327 1165 2358 al)
1185 2326 1479 2370 eloquentissimis
1500 2326 1732 2370 scriptoribus
1748 2337 1922 2374 tractatae,
1950 2347 1967 2368 a
1983 2339 2111 2381 quibus

1094 2412 1097 2422 Ι
1120 2377 1222 2410 facile
1245 2383 1295 2409 est
1317 2389 1389 2409 non
1413 2377 1526 2410 solnm
1543 2389 1679 2419 causas,
1706 2381 1764 2413 sed
1783 2382 1885 2415 etiam
1904 2396 2110 2423 ornamenta

1094 2428 1097 2454 ἕ
1122 2427 1287 2461 mutuari.
1340 2427 1408 2460 Sed
1435 2426 1666 2461 Germanicae
1692 2442 1746 2463 res
1770 2431 1950 2467 literarum
1978 2437 2111 2472 lumine

1094 2455 1097 2499 i
1123 2485 1251 2517 carent,
1269 2484 1302 2511 et
1319 2489 1396 2510 cnm
1415 2478 1572 2522 undique
1591 2491 1629 2511 ex
1646 2480 1752 2514 variis
1767 2485 1950 2518 autoribus
1968 2499 2021 2520 res
2038 2490 2110 2522 col-

1094 2516 1097 2553 i
1122 2529 1282 2571 ligendae
1308 2534 1408 2568 sunt,
1443 2535 1517 2562 tum
1544 2541 1607 2562 nos
1632 2530 1725 2574 ipsos
1751 2534 1880 2568 addere
1905 2547 2108 2572 ornamenta

1124 2585 1278 2623 oportet,
1313 2590 1463 2623 quorum
1489 2587 1667 2625 utrunque
1692 2588 1724 2614 et
1746 2582 1916 2618 iudicium
1950 2587 1983 2619 in
2010 2589 2107 2621 inve-

1124 2630 1255 2662 niendo
1285 2640 1322 2661 ac
1351 2629 1618 2671 distribuendo,
1655 2638 1687 2664 et
1715 2632 1847 2676 ingenii
1876 2636 1945 2668 vim
1973 2638 2006 2669 in
2035 2639 2107 2671 elo-

1095 2706 1100 2723 4
1126 2680 1266 2725 quendo
1291 2680 1384 2712 varie
1407 2687 1553 2713 exercet.
1616 2680 1732 2727 Atque
1762 2696 1801 2716 eo
1826 2693 1977 2719 caeteros
2003 2689 2105 2722 etiam

1524 2731 1572 2765 20
