2338 2958
103 99 152 135 69

838 95 996 134 DECL.
1029 94 1103 131 DE
1138 93 1404 132 LEGIBUS.

2088 106 2135 140 70

103 183 197 218 haud
223 182 329 216 dubie
346 182 389 216 de
413 193 539 226 genere
556 180 647 215 vitae
675 182 889 222 consulturi,
919 190 1092 226 rogarent,
1115 185 1119 225 l
1145 180 1219 214 eius
1244 193 1279 214 se
1303 183 1467 216 mandato
1493 191 1686 229 comparat,
1713 185 1769 219 cui
1797 188 1856 232 qui
1886 191 2075 232 auscultat,
2103 192 2130 225 is

104 235 187 281 quid
208 246 225 267 a
245 246 279 266 se
301 233 375 266 fieri
391 233 513 273 vellet,
541 230 631 265 nibil
650 230 706 266 hic
721 233 849 276 exegit,
880 233 947 267 nisi
965 241 1001 267 ut
1019 235 1091 268 suis
1115 269 1118 280 Ι

1144 244 1216 264 non
1244 233 1348 265 modo
1370 231 1458 265 nihil
1485 243 1620 278 peccat,
1647 239 1726 277 sed,
1755 241 2050 282 quemadmodum
2075 256 2128 276 sa-

101 284 256 320 contenti
271 284 465 328 stipendiis,
493 284 670 317 neminem
687 284 1004 324 calumniarentur,
1030 292 1089 318 aut
1113 308 1117 338 J
1142 294 1220 315 crae
1239 283 1358 316 literae
1376 285 1519 325 docent,
1547 294 1703 321 sanctum
1730 289 1832 322 etiam
1860 291 2011 324 officium
2037 294 2128 330 facit.

99 342 337 370 concuterent.
379 334 490 368 Porro
506 347 584 367 cum
603 334 788 379 stipendiis
805 334 901 368 iubet
918 346 990 368 esse
1004 347 1089 368 con-
1112 345 1115 372 ,ν
1140 332 1315 377 Praecipit
1331 341 1446 367 autem
1462 333 1556 368 Deus
1580 346 1690 371 morte
1709 339 1868 373 mulctari
1888 354 1965 374 eum
1985 345 2044 387 qui
2064 342 2126 377 ho-

97 393 231 427 tentos,
265 385 447 429 publicum
471 397 621 426 munus,
656 386 750 429 quod
786 385 855 418 illis
883 387 1086 419 mandatum
1111 376 1115 439 l
1139 383 1270 416 minem
1290 384 1475 423 occiderit,
1504 398 1592 430 quac
1611 388 1662 421 lex
1679 391 1762 423 citra
1782 394 2053 427 controversiam
2074 403 2125 428 to-

98 443 188 476 erat,
216 436 318 480 plane
344 436 526 480 adprobat.
579 435 669 479 Quis
694 436 803 469 nescit
827 443 941 469 autern
971 436 1085 479 Magi-

97 494 269 522 stratuum
294 499 407 527 arma,
433 486 525 530 leges
549 493 582 520 et
607 486 734 519 iudicia
759 498 849 524 esse,
878 499 966 531 quae
988 488 1084 519 (lomi

96 538 168 570 vim
187 549 225 570 ac
242 537 408 570 iniuriam
435 549 452 570 a
472 537 607 570 civibus
631 534 843 580 prohibent?
874 537 992 579 Quare
1011 550 1083 570 nou

96 588 245 622 dubium
261 595 321 628 est,
344 588 430 633 quin
447 588 532 621 tanti
549 588 640 630 leges
656 587 833 620 faciendae
849 587 931 626 siut,
959 590 1082 633 ‹pianti

94 638 342 682 Magistratum
359 638 513 682 Baptista
530 638 624 671 facit.
660 637 792 670 Paulus
810 637 1080 681 Magistratuum

92 690 316 724 autoritatem
335 689 523 733 praedicat,
543 700 622 721 cum
640 688 746 731 gladii
765 701 866 721 usum
883 690 1078 723 ordinatio-

92 753 173 774 nem
198 740 265 775 Dei
293 746 412 778 vocat,
445 745 478 772 et
502 738 748 782 Magistratum
771 738 838 772 Dei
868 740 1079 776 ministrum.

91 790 125 825 A
143 803 212 836 quo
228 790 370 823 oraculo
391 801 431 823 ex
446 789 619 823 diametro
638 789 806 824 dissident
825 787 880 831 bi,
908 791 968 836 qui
987 791 1080 834 leges

90 841 282 886 impietatis
313 847 492 874 accusant:
535 838 597 873 Est
627 840 720 873 enim
750 841 861 874 hostis
887 840 970 880 Dei,
1006 855 1077 875 non

89 892 269 932 minister,
296 891 454 935 quisquis
474 903 511 924 ea
529 891 695 934 suscipit,
722 904 811 936 quae
829 892 969 925 divinae
986 892 1077 936 leges

89 949 220 978 vetant.
273 940 347 984 Qui
371 941 514 974 alterius
537 942 638 975 uxori
655 942 778 975 vitium
798 943 918 982 offert,
944 943 1003 987 qui
1023 955 1076 976 res

88 993 240 1027 aliorum
257 992 381 1026 fraude
397 992 605 1033 intervertit,
632 992 692 1037 qui
711 993 866 1036 periurio
886 993 989 1034 fallit,
1015 993 1076 1038 qui

87 1044 220 1078 bellum
239 1055 317 1076 cum
334 1042 468 1087 superis
483 1042 590 1086 gerit,
616 1054 689 1075 nou
709 1043 869 1077 minister
886 1050 947 1082 est,
974 1044 1076 1076 deni-

89 1106 158 1139 que
173 1092 282 1127 hostis
304 1100 372 1131 est,
399 1093 637 1137 cuiuscunque
656 1093 791 1127 functio
808 1094 949 1138 proprie
967 1094 1073 1138 impia

88 1151 150 1178 est.
205 1143 325 1186 Quare
346 1155 425 1176 cum
443 1142 574 1176 Paulus
592 1142 856 1188 Magistratum‚
885 1143 949 1178 Dei
968 1145 1075 1178 mini-

87 1201 198 1228 strum
222 1200 342 1234 vocat,
367 1205 440 1227 non
460 1191 612 1234 hostem,
638 1201 742 1237 negat
764 1195 837 1228 eius
857 1196 1072 1238 provinciam

86 1257 166 1279 cum
183 1245 351 1287 religione
370 1256 537 1288 pugnare.
592 1243 742 1286 Contra,
767 1246 829 1291 qui
846 1245 1073 1289 Magistratus

84 1297 274 1335 damnant,
309 1295 417 1328 semel
442 1307 515 1328 uno
543 1296 687 1330 nomine
717 1308 838 1329 omnes
866 1297 1018 1330 latrones
1041 1304 1072 1330 et

82 1345 152 1380 Dei
184 1344 300 1379 hostes
336 1357 408 1378 esse
443 1346 699 1389 pronunciant:
737 1349 829 1391 quod
860 1360 963 1391 quam
999 1360 1071 1379 non

84 1398 234 1441 quadret
251 1398 293 1429 ad
312 1394 496 1428 Paulinam
515 1397 742 1435 sententiam,
770 1398 990 1440 perspicuum
1011 1404 1071 1431 est.

84 1447 182 1490 Quid
199 1447 293 1479 eniin
312 1452 381 1478 tam
399 1446 568 1479 dissimile
581 1446 692 1479 voluit
709 1447 767 1479 ille
786 1459 856 1479 esse
874 1448 1071 1485 latrocinio,

84 1510 188 1543 quam
207 1496 480 1538 Magistratnm?
534 1496 638 1529 Hunc
662 1497 929 1541 tranquillitatis
954 1498 1071 1540 publi-

83 1560 142 1582 cae
162 1549 359 1587 custodem,
384 1554 566 1590 nuncupat
581 1545 731 1587 Paulus,
758 1559 836 1579 cum
855 1559 973 1590 gerere
995 1548 1071 1589 gla—

81 1599 180 1632 dium
196 1597 336 1637 scribit,
362 1603 401 1630 ut
416 1598 528 1630 bonos
544 1595 698 1630 bonores
715 1597 864 1633 adficiat.
917 1597 1022 1640 Quod
1042 1599 1070 1630 si

80 1649 306 1683 latrocinium
329 1646 557 1691 Magistratus
583 1655 650 1688 est,
683 1650 861 1681 custodem
893 1649 1068 1681 bonorum

82 1700 145 1745 qui
167 1701 251 1733 cedo
275 1699 488 1742 adpellabit'?
541 1697 642 1732 Iubet
668 1699 750 1731 item
774 1698 905 1731 Paulus
931 1700 1067 1742 piorum

79 1751 171 1784 votis
193 1749 420 1791 Magistratus
445 1747 519 1782 Deo
544 1750 799 1789 commendari,
830 1756 868 1782 ut
891 1750 978 1782 salvi
1004 1762 1068 1793 pu-

79 1802 207 1834 blicam
224 1799 518 1843 tranquillitatem
534 1807 707 1833 tueantur.
766 1799 933 1844 Idemque
950 1801 1068 1833 exula-

81 1851 170 1885 turis
186 1850 320 1883 ludaeis
336 1849 532 1882 Hieremias
550 1850 726 1893 praecipit.
779 1850 825 1883 At
843 1851 1066 1884 incolumita-

80 1908 150 1935 tem
166 1900 351 1933 latrocinio
368 1900 522 1943 precari,
549 1897 663 1932 nihilo
680 1900 788 1942 magis
805 1901 855 1933 sas
869 1908 934 1940 est,
962 1913 1064 1945 quam

79 1952 170 1985 bene
198 1951 331 1995 precari
360 1950 600 1994 lupanaribus.
663 1949 752 1982 Tam
781 1951 872 1984 clare
899 1952 1065 1985 discernit

79 2015 99 2036 a
122 2001 307 2035 latrocinio
333 2000 579 2044 Magistratum
605 2001 790 2043 scriptura:
826 2002 917 2035 inter
934 2015 1021 2047 quae
1037 2003 1063 2035 si

79 2050 171 2086 nihil
208 2052 367 2092 interest,
407 2052 592 2084 sceleratus
627 2059 700 2085 erat
729 2050 873 2094 loseph,
913 2065 991 2085 cuin
1027 2054 1063 2085 in

79 2103 238 2149 Aegypto
266 2103 471 2146 imperaret,
498 2103 655 2135 scelerati
673 2102 859 2135 Cornelius
883 2110 914 2136 et
943 2111 1064 2137 centu-

78 2155 152 2195 rio,
179 2154 277 2187 cuius
303 2154 405 2185 sidem
431 2151 592 2186 Christus
614 2153 715 2185 unice
740 2154 929 2195 praedicat,
957 2155 1063 2198 pleri-

79 2217 147 2250 que
164 2205 244 2238 item
264 2204 321 2236 alii
340 2204 400 2248 qui
417 2202 648 2247 Respublicas
670 2209 704 2237 et
721 2205 903 2244 gentilium
929 2205 1062 2247 legibus

77 2255 380 2289 administrarunt.
445 2253 498 2288 De
531 2254 678 2287 iudaicis
712 2254 869 2296 Regibus
902 2257 1061 2289 nonduin

77 2306 176 2344 dico,
203 2317 290 2349 quos
315 2311 441 2348 putant
464 2305 580 2338 minus
606 2317 704 2348 posse
723 2306 764 2337 ad
786 2313 901 2338 nostra
922 2319 1062 2350 compa-

77 2357 166 2397 rari,
191 2357 250 2388 sed
271 2353 333 2387 hos
349 2367 435 2399 quos
449 2356 617 2395 recensui,
645 2368 772 2401 quaeso
791 2357 970 2399 patiamini
990 2370 1061 2389 me-

75 2408 176 2441 lioris
193 2413 296 2439 notae
315 2404 534 2439 Christianos
554 2407 678 2445 fuisse,
706 2419 809 2451 quam
837 2404 872 2439 hi
891 2415 991 2447 sunt,
1019 2409 1061 2440 de

77 2470 227 2504 quorum
250 2457 408 2489 moribus
431 2464 652 2501 posteaquam
677 2458 834 2500 publicas
863 2458 953 2500 leges
976 2471 1060 2491 cou—

76 2515 232 2542 temnere
255 2515 465 2551 coeperunt,
499 2509 625 2551 passim
658 2509 746 2540 male
777 2509 874 2541 audit
899 2507 1060 2550 Evange-

77 2559 176 2592 lium.
234 2560 303 2591 Sed
334 2560 428 2590 uude
454 2559 595 2591 tandem
625 2556 814 2592 honorifica
849 2560 1061 2602 appellatio?

76 2608 213 2654 Ecquid
234 2609 407 2652 praecepit
424 2608 518 2642 Deus
537 2610 579 2641 de
602 2610 742 2651 gladio?
778 2609 934 2642 Primum
954 2611 1059 2642 mini-

75 2667 144 2694 ster
159 2659 224 2693 Dei
250 2660 278 2692 is
299 2667 368 2701 est,
396 2660 457 2704 qui
483 2660 555 2693 eius
581 2660 711 2692 iussum
736 2661 833 2701 facit,
866 2661 995 2705 quique
1020 2674 1058 2694 ex

1139 440 1209 467 tam
1229 433 1413 469 πολιτείαν
1437 438 1690 480 complectitur.
1744 439 1886 474 Etenim
1907 450 1945 476 ut
1966 445 2125 486 publicae

1138 486 1406 530 tranquillitatis
1431 498 1530 520 causa
1553 489 1602 521 sas
1627 497 1675 521 est
1692 491 1735 522 de
1755 493 1866 535 capite
1893 491 2046 528 hominis
2069 497 2124 530 iu-

1135 535 1268 576 dicare,
1301 537 1346 570 ita
1373 544 1405 571 et
1434 539 1617 571 adrerum
1652 541 1880 581 divisionem,
1920 546 1961 577 ad
1994 547 2122 581 leviora

1135 587 1271 629 negotia
1299 588 1539 631 transigenda,
1572 593 1713 634 quaudo
1739 592 1841 625 aliter
1864 596 2024 637 publicae
2046 599 2121 641 paci

1134 638 1271 670 consuli
1289 650 1358 671 uon
1379 646 1500 681 potest,
1529 642 1742 675 constituere
1761 643 1886 677 iudicia
1904 646 2012 682 licuit.
2049 645 2120 682 Ex-

1133 693 1181 721 tat
1199 688 1251 721 lex
1267 689 1301 721 in
1321 688 1451 722 Genesi
1467 691 1509 722 ad
1527 690 1622 732 Noe',
1649 693 1813 726 universo
1838 697 2038 730 mortalium
2062 711 2121 742 ge-

1132 739 1206 771 neri
1226 739 1312 780 lata,
1339 747 1457 785 estque
1473 741 1676 776 confirmata
1695 745 1854 778 mosaicis
1871 747 2009 787 edictis,
2031 762 2119 794 quae

1131 790 1268 823 tametsi
1293 791 1377 823 solis
1402 790 1572 825 Hebraeis
1596 795 1774 837 proposita
1799 803 1899 836 sunt,
1927 803 2042 831 tamen
2063 813 2119 833 ar-

1130 848 1240 882 guunt
1260 839 1374 873 Deum
1400 842 1548 885 probare
1566 855 1719 885 morem,
1748 859 1824 879 cum
1850 847 2029 881 iudicandi
2053 863 2117 892 res,

1131 897 1204 924 tum
1222 892 1487 935 plectendorum
1502 894 1668 930 sontium.
1713 895 1802 930 Nota
1821 898 1913 931 enim
1932 898 2032 933 Pauli
2052 914 2117 935 vox

1129 948 1195 974 est:
1230 942 1357 984 Legem
1381 943 1520 976 iniustis
1543 944 1648 978 latam
1673 958 1762 988 esse,
1797 961 1884 994 quae
1909 958 2045 991 monet,
2078 959 2117 985 ut

1129 992 1190 1036 qui
1214 992 1341 1036 spiritu
1365 991 1497 1026 Christi
1521 1007 1592 1028 non
1616 996 1816 1039 frenantur,
1850 1012 1928 1033 cum
1953 1000 2117 1042 Hebraei,

1127 1048 1202 1075 turn
1235 1043 1363 1088 reliqui
1391 1045 1574 1086 mortales,
1615 1047 1751 1090 legibus
1779 1048 2049 1092 coherceantur,
2083 1061 2116 1087 et

1128 1099 1294 1138 tanquam
1312 1106 1447 1127 carcere
1465 1097 1552 1139 septi
1572 1104 1767 1138 teneantur,
1786 1112 1829 1133 ne
1846 1114 1948 1145 quem
1967 1103 2115 1144 laedant,

1127 1155 1171 1176 ne
1206 1144 1305 1177 cuius
1340 1145 1444 1178 rebus
1471 1147 1640 1180 damnum
1665 1150 1758 1184 dent.
1819 1150 1954 1185 Eodem
1986 1154 2111 1197 impios

1126 1206 1247 1228 omnes
1276 1207 1423 1228 numero
1451 1208 1528 1230 cum
1554 1197 1685 1233 Gentes
1719 1208 1793 1234 tum
1821 1201 1968 1236 Iudaeos
1999 1202 2114 1245 habet,

1125 1245 1313 1290 gladioque
1329 1257 1388 1279 seu
1404 1247 1471 1289 legi
1486 1249 1528 1280 ad
1546 1261 1655 1282 nuum
1679 1263 1799 1285 omnes
1822 1255 1950 1287 subdit.
2002 1255 2113 1289 Suum

1124 1303 1240 1329 autem
1258 1297 1435 1341 quoddam
1450 1296 1580 1332 Christi
1605 1312 1750 1344 regnum
1768 1310 1834 1344 est,
1864 1307 1923 1349 qui
1941 1318 2019 1338 cum
2041 1319 2113 1339 non

1125 1346 1163 1378 in
1180 1343 1247 1378 hoc
1264 1358 1299 1379 se
1317 1347 1418 1379 nobis
1435 1351 1639 1388 ostenderit,
1667 1360 1703 1385 ut
1721 1350 1910 1387 humanam
1928 1355 2114 1391 πολιτείαν

1127 1397 1310 1439 conderet,
1339 1398 1464 1429 mundi
1482 1410 1627 1441 regnum
1647 1413 1718 1434 non
1743 1404 1921 1445 labefacit,
1951 1408 2058 1440 immo
2075 1408 2112 1440 in

1124 1445 1160 1477 id
1186 1447 1340 1502 extrudit
1365 1459 1441 1485 e05‚
1469 1461 1556 1492 quos
1579 1463 1597 1483 a
1623 1453 1840 1494 turpitudine
1857 1469 1928 1489 non
1947 1455 2112 1491 dehorta-

1124 1502 1182 1528 tur
1203 1503 1331 1539 pietas‚
1372 1504 1411 1530 ut
1437 1498 1488 1530 vis
1512 1508 1718 1534 remoretur.
1777 1504 1914 1540 Prodiit
1940 1506 2112 1550 Christus,

1123 1552 1162 1578 ut
1177 1547 1385 1579 coelestibus
1401 1549 1626 1591 muneribus,
1647 1559 1683 1585 ut
1702 1553 1960 1591 immortalitate
1980 1571 2110 1601 paucu-

1123 1596 1176 1629 los
1194 1599 1376 1641 quosdam,
1403 1604 1568 1643 tanquam
1587 1602 1623 1634 in
1641 1603 1748 1636 alium
1767 1608 1908 1640 eductos
1926 1612 2111 1651 mundum,

1123 1649 1288 1688 donaret,
1322 1660 1392 1680 non
1419 1656 1457 1681 ut
1479 1651 1636 1685 civitates
1663 1656 1900 1693 constitueret.
1953 1659 2110 1704 Regibus

1123 1695 1214 1730 hanc
1243 1699 1460 1742 provinciam
1487 1701 1648 1747 reliquit,
1687 1710 1873 1741 tenendam
1897 1722 2109 1745 conservan-

1121 1749 1272 1793 damque
1286 1750 1352 1782 ocii
1370 1751 1492 1783 tuendi
1512 1764 1626 1787 causa.
1672 1753 1746 1798 lpse
1762 1758 1797 1791 in
1816 1760 1953 1802 piorum
1971 1770 2107 1805 pectora

1121 1799 1283 1841 spiritum
1300 1812 1402 1833 suum
1418 1802 1650 1845 transfundit,
1678 1814 1714 1840 ut
1733 1808 1951 1844 divinitatem
1970 1825 2047 1846 cum
2067 1814 2108 1847 iis

1120 1851 1366 1884 communicet.
1421 1851 1498 1895 Ipse
1519 1856 1624 1888 verbo
1649 1867 1794 1893 renovat
1815 1863 1952 1904 piorum
1974 1871 2106 1898 mentes

1118 1898 1514 1946 καὶ,ιιετασχηματιζεμ
1541 1903 1641 1938 Nihil
1659 1904 1742 1942 haec
1753 1912 1794 1942 ad
1808 1913 1929 1945 mundi
1949 1926 2105 1957 regnum,

1119 1952 1213 1995 quod
1232 1952 1267 1983 in
1286 1955 1538 1996 componendis
1554 1962 1690 1991 tantum
1712 1962 1879 2003 moribus,
1904 1965 1938 1996 in
1957 1968 2104 2000 arcenda

1119 2002 1287 2035 violentia
1310 2010 1478 2037 versatur.
1545 2006 1584 2039 ld
1609 2011 1702 2053 quod
1736 2024 1807 2045 non
1840 2015 1939 2047 facile
1967 2023 2102 2050 tantum

1118 2053 1183 2085 sert
1199 2051 1379 2094 Christus,
1405 2056 1462 2088 sed
1483 2057 1608 2099 probat
1633 2060 1754 2102 etiam,
1783 2075 1860 2097 cuin
1883 2073 1915 2099 et
1937 2077 2018 2099 suos
2042 2080 2104 2111 pa—

1116 2115 1191 2136 rere
1208 2103 1313 2145 iubet,
1339 2112 1372 2138 et
1389 2105 1622 2140 ministerium
1640 2108 1705 2143 Dei
1722 2124 1793 2145 esse
1810 2115 1947 2149 fatetur.
1984 2116 2102 2152 Ouare

1117 2154 1175 2198 qui
1192 2156 1232 2187 ad
1250 2154 1405 2198 Respub.
1423 2159 1590 2191 accessuri
1608 2168 1706 2202 sunt,
1734 2160 1797 2196 hos
1816 2178 1887 2199 non
1906 2148 2015 2200 modo
2030 2181 2102 2202 non

1116 2202 1262 2238 retrahit
1292 2206 1435 2249 religio,
1468 2209 1524 2241 sed
1555 2219 1674 2245 mouet
1697 2214 1800 2247 etiam
1824 2217 1920 2260 pium
1948 2219 2100 2253 officium

1116 2256 1284 2295 facturos,
1312 2258 1338 2288 si
1359 2258 1498 2300 publica
1520 2272 1664 2294 munera
1682 2271 1771 2297 recte
1789 2269 1974 2309 gesserint,
2001 2270 2027 2302 si
2047 2271 2100 2304 ius

1116 2306 1262 2338 candide
1279 2307 1440 2341 dixerint.
1495 2310 1566 2352 Qui
1581 2323 1676 2345 secus
1693 2315 1835 2356 docent,
1863 2331 1940 2351 cum
1957 2321 1999 2353 de
2014 2333 2099 2364 pro-

1116 2354 1240 2399 phanis
1260 2357 1414 2400 legibus,
1447 2366 1521 2392 tum
1541 2362 1583 2395 de
1601 2360 1733 2398 Christi
1758 2369 1900 2402 nornine
1918 2371 2007 2404 male
2027 2384 2100 2405 me—

1114 2414 1247 2441 rentur.

1216 2457 1263 2491 At
1281 2458 1418 2501 litigare
1437 2467 1527 2494 vetat
1545 2460 1716 2500 Christus.
1770 2467 1859 2510 Quis
1878 2472 2004 2513 negat?
2040 2473 2096 2506 Iu-

1113 2509 1229 2541 dicare
1253 2521 1337 2541 vero
1362 2522 1433 2542 non
1458 2519 1560 2546 vetat.
1614 2514 1794 2557 Quantum
1819 2528 1932 2553 autem
1962 2523 2096 2556 intersit

1115 2560 1205 2592 inter
1225 2559 1378 2593 iudicare
1396 2568 1427 2594 ct
1454 2562 1606 2606 litigare,
1636 2578 1739 2599 nemo
1757 2581 1827 2603 non
1848 2572 1952 2606 videt.
2006 2574 2094 2606 Nun

1113 2618 1152 2643 ut
1170 2611 1336 2643 xiatorem
1354 2613 1492 2655 pulsare
1508 2614 1598 2648 Deus
1617 2625 1716 2658 vetat,
1744 2632 1813 2653 non
1835 2631 1923 2656 vetat
1942 2624 2095 2667 obligare

1115 2661 1262 2702 vulnus,
1290 2662 1430 2707 siquod
1459 2664 1485 2696 is
1503 2666 1592 2699 sorte
1617 2671 1804 2713 acceperit,
1832 2673 1876 2705 ita
1894 2687 2092 2718 quanquam

1410 2711 1466 2746 5.
