2338 2958
100 132 172 167 881

45 254 47 263 Α
95 217 178 263 quia
195 216 232 250 in
249 216 374 257 furnis,
398 228 495 250 more
511 214 637 250 horum
653 224 864 261 temporum,
892 217 980 250 cocti
998 222 1091 250 sunt.

44 268 48 304 Ι
93 266 144 303 Et
159 268 260 302 aiunt
274 267 398 301 furnos
415 267 598 302 inventum
615 267 828 314 Aegyptium
845 279 926 302 esse.

198 331 278 367 Alia
308 333 376 367 suit
399 334 581 379 antiquior
610 335 845 374 consuetudo,
886 333 1088 378 priusquam

45 389 53 427 ji
93 383 191 418 furni
210 390 342 423 essent,
370 396 519 430 coquere
540 396 645 429 panes
669 392 776 418 tectos
795 385 971 417 cineribus
998 383 1089 416 inter
1113 402 1116 422 ἶ

92 435 274 468 carbones.
327 434 375 468 Hi
402 435 635 470 nominantur
659 432 875 483 ἐγκρύψαι,
913 446 1002 480 quae
1026 445 1087 477 ap-

91 486 237 530 pellatio
259 497 357 530 saepe
382 486 418 519 in
438 487 543 519 sacris
560 487 662 520 libris
684 487 829 531 repetita
850 493 916 524 est,
945 484 1027 530 quia
1050 484 1086 516 in

91 536 271 570 sacrificiis
296 535 364 570 hoc
391 538 497 570 modo
526 537 614 570 cocti
646 549 753 581 panes
789 536 1087 581 proponebantur.

92 585 214 630 Quare
233 595 264 621 et
281 594 415 622 veteres
430 587 616 633 scriptores
632 588 668 621 in
686 587 862 628 Ecclesia,
891 587 928 619 in
945 598 1086 618 enarra-

90 637 189 671 tione
216 639 489 679 sacrificiorum,
524 639 646 672 dicunt
670 639 847 672 interdum
864 635 919 670 his
936 637 1087 681 panibus

90 689 280 722 sacrificari
305 690 417 723 filium
442 688 507 723 Dei
535 690 701 722 iacentem
725 690 760 722 in
786 689 981 728 cineribus,
1008 699 1086 720 cum

91 752 156 784 pro
174 741 280 774 nobis
298 741 439 774 victima
461 740 570 773 factus
591 747 657 773 est:
686 741 835 786 ideoque
854 740 890 772 in
909 738 1087 772 sacrificiis

91 788 185 824 hanc
210 791 360 836 speciem
384 789 574 824 exhibitam
600 803 690 834 esse,
726 798 765 825 ut
791 791 982 834 cogitemus
1014 789 1087 833 pri—

90 850 189 875 mum
209 842 251 875 de
267 842 338 875 filio
353 840 417 875 Dei
438 841 486 874 sic
505 841 666 876 involuto
683 842 878 882 cineribus,
907 841 1036 874 deinde
1054 846 1087 873 et

90 893 134 925 de
158 893 288 926 nostris
318 892 507 927 aerumnis,
570 890 722 937 Oportet
748 893 840 926 enim
866 904 930 925 nos
955 891 1086 924 similes

90 1005 197 1038 quam
222 994 401 1027 cineribus
425 995 569 1035 obruta,
597 1007 675 1028 cum
703 995 808 1027 variis
830 993 1086 1027 calamitatibus

90 1044 128 1077 in
142 1042 209 1078 hac
224 1045 293 1078 vita
311 1052 503 1079 exercetur.
558 1045 608 1079 lta
626 1046 797 1079 efficimur
811 1045 848 1077 in
867 1044 1086 1078 confessione

91 1102 125 1129 et
141 1095 368 1129 invocatione
386 1107 492 1140 panes
509 1095 583 1129 Deo
601 1096 803 1130 consecrati.

190 1162 272 1197 Huc
299 1170 333 1197 et
355 1163 443 1196 aliae
460 1163 680 1197 differentiae
701 1164 783 1196 addi
805 1169 960 1207 possunt.
1011 1160 1083 1195 Alii

90 1225 197 1258 panes
224 1220 306 1247 sunt
334 1215 552 1255 fermentati,
588 1215 648 1247 alii
677 1215 751 1248 sine
781 1215 962 1247 fermento.
1016 1212 1083 1246 Sed

89 1265 312 1298 vescentibus
336 1264 459 1298 utilior
480 1266 724 1307 fermentatus,
757 1265 839 1311 quia
867 1277 944 1297 cum
972 1264 1085 1297 rarior

45 1337 48 1347 Δ
90 1315 134 1349 sit
149 1322 182 1349 et
198 1315 321 1356 levior,
349 1315 486 1349 facilius
505 1317 754 1361 concoquitur,
782 1323 814 1349 et
831 1317 903 1359 ipsa
921 1315 1083 1348 fermenti

89 1373 216 1399 natura
235 1367 513 1409 penetrationem
533 1367 686 1401 adiuvat.
735 1367 823 1401 Sunt
842 1373 874 1399 et
894 1367 1083 1409 figurarum

89 1417 329 1458 differentiae,
356 1424 396 1450 ut
411 1415 612 1462 βατίχυλος
629 1418 727 1462 panis
745 1425 804 1458 est,
832 1417 891 1462 qui
911 1417 1002 1461 apud
1021 1428 1085 1449 nos

88 1479 107 1501 a
125 1468 236 1512 figura
252 1466 394 1502 rhombi
411 1467 499 1503 2532oe
515 1481 644 1502 nomen
663 1467 776 1502 habet.

190 1534 288 1569 Haec
311 1536 587 1580 appellationum
613 1536 814 1569 discrimina
833 1533 927 1569 nunc
949 1534 1084 1577 collegi,

90 1587 219 1632 quibus
237 1587 397 1630 cognitis,
425 1587 580 1621 iuniores
596 1588 733 1620 facilius
748 1588 864 1630 legent
879 1586 1006 1629 scripta
1023 1597 1084 1617 ve—

90 1645 215 1672 terum.
272 1636 317 1671 Et
339 1638 473 1671 nescire
498 1638 751 1682 appellationes
775 1649 893 1671 rerum
918 1635 1085 1669 domesti-

90 1701 231 1729 carum,
259 1701 347 1734 quae
371 1689 500 1722 cotidie
516 1689 552 1721 in
575 1696 762 1733 conspectu
782 1696 882 1728 sunt,
911 1694 1012 1731 turpe
1035 1694 1084 1719 est

89 1740 150 1781 iis,
179 1739 241 1785 qui
260 1739 441 1773 doctrinae
455 1740 579 1773 studiis
598 1752 632 1773 se
651 1741 884 1779 dediderunt,
909 1745 942 1772 et
959 1745 996 1770 ut
1013 1748 1083 1769 ser-

89 1790 205 1823 monis
223 1791 351 1823 vetusti
377 1791 626 1834 proprietatem
646 1798 829 1830 tueantur,
857 1796 889 1822 et
906 1795 945 1821 ut
963 1787 1084 1830 cogni-

90 1841 133 1875 tis
152 1841 335 1873 vocabulis
351 1848 494 1874 naturas
512 1853 628 1873 rernm
647 1841 880 1874 considerent.

90 1891 239 1935 adspicis
261 1891 393 1935 positos
409 1891 444 1924 in
463 1904 579 1924 mensa
598 1903 714 1935 panes,
734 1891 845 1935 prima
864 1903 934 1923 esse
952 1891 993 1922 de
1009 1888 1083 1922 Deo

90 1949 123 1976 et
141 1943 184 1975 de
200 1942 424 1986 providentia
442 1942 604 1985 cogitatio
623 1943 784 1982 debebat,
802 1942 895 1987 quod
913 1938 1083 1983 singulari

91 1993 238 2027 consilio
267 1993 330 2027 Dei
356 1993 512 2027 instituta
539 1993 583 2026 sit
608 1993 767 2036 coguatio
790 1991 978 2034 frumenti,
1005 2002 1083 2024 cum

90 2042 249 2077 humano
269 2056 437 2089 corpore,
465 2051 504 2077 ut
523 2044 609 2076 verti
631 2044 666 2076 in
690 2056 849 2083 succum,
877 2042 1083 2086 sanguinem

91 2102 124 2129 et
149 2095 409 2128 nutrimentum
434 2095 552 2139 possit.

92 2146 168 2179 sine
191 2146 289 2186 cibo,
324 2153 355 2179 et
382 2146 457 2179 sine.
483 2146 645 2179 remediis
678 2153 822 2189 poterat.
882 2145 948 2179 Sed
974 2143 1084 2177 voluit

92 2195 183 2230 hanc
198 2196 308 2229 vitam
325 2197 446 2230 multis
465 2197 648 2241 praesidiis
671 2197 845 2240 indigere,
873 2203 910 2230 ut
929 2207 1086 2229 commo-

93 2247 218 2281 nefacti
236 2254 354 2280 nostra
376 2249 578 2281 necessitate
596 2259 860 2291 agnosceremus
883 2254 990 2280 artem
1008 2245 1086 2290 opi-

92 2298 183 2336 ficis,
212 2299 272 2343 qui
291 2299 439 2341 singulis
456 2299 719 2332 necessitatibus
734 2311 794 2331 sua
814 2298 983 2342 praesidia
1001 2309 1085 2330 con-

93 2349 196 2384 didit.

93 2412 161 2445 qua
182 2401 388 2445 praecipuae
411 2408 526 2445 partes
551 2401 711 2435 mirando
735 2401 859 2434 ordine
879 2399 1086 2433 distributae

93 2458 196 2491 sunt,
222 2463 295 2484 non
312 2452 463 2484 extitisse
481 2464 578 2490 casu,
607 2454 663 2485 sed
682 2454 725 2485 ab
742 2459 881 2485 aeterna
898 2457 1014 2484 mente
1031 2463 1086 2483 ar-

94 2500 330 2536 chitectatrice
353 2504 531 2536 conditam
558 2515 639 2538 esse.
692 2503 828 2537 Deinde
853 2511 883 2536 et
911 2500 975 2535 hoc
993 2501 1086 2544 cogi-

96 2554 242 2586 tandum
268 2561 338 2592 est,
373 2566 453 2587 vere
479 2554 578 2595 diligi
610 2565 716 2595 genus
742 2552 934 2587 humanum
961 2566 977 2586 a
1002 2552 1088 2593 Deo,

96 2615 176 2637 cum
191 2605 373 2638 videamus
393 2603 458 2638 hoc
475 2603 662 2649 pulchrum
680 2605 911 2645 domicilium,
941 2605 1087 2643 coelum,

99 2712 202 2744 esset,
231 2713 264 2740 et
293 2707 445 2750 plurima
470 2714 582 2741 terrae
607 2714 810 2740 ornamenta
837 2708 1021 2752 praecipue
1045 2708 1085 2740 ad

151 2756 335 2790 ὒῙειΛςτκ.
365 2760 468 2791 Orza.
498 2761 578 2791 Voc.
610 2760 668 2790 XI.

552 129 714 167 DECL.
750 130 826 165 DE
859 128 1427 166 APPELLATlONlBUS
1463 129 1678 167 PANUM.

89 943 164 976 fieri
183 943 347 987 imaginis
370 943 432 976 filii
451 942 528 978 Dei.
583 943 708 978 Uritur
729 955 810 976 vera
829 941 983 976 Ecclesia
1008 949 1085 976 tan·
1110 929 1113 1005 Ι

1135 2044 1271 2077 ratione
1293 2042 1519 2086 adhibeatur,
1547 2046 1675 2090 depelli
1701 2054 1857 2090 possunt.

606 2094 753 2128 Servare
778 2107 841 2127 nos
865 2093 959 2127 Deus
981 2093 1083 2125 etiam
1111 2097 1113 2110 ³

253 2349 341 2383 Inde
360 2350 473 2393 palam
498 2357 565 2390 est,
593 2348 683 2384 lianc
707 2362 822 2383 rerum
841 2357 1020 2388 naturam,
1049 2348 1084 2380 in
1112 2353 1114 2361 ’

2060 137 2132 171 882

1142 216 1330 250 utilitatem
1348 224 1502 250 nostram
1520 217 1660 251 condita
1677 228 1759 250 esse.
1811 215 1857 251 Et
1874 218 1901 250 si
1918 225 2031 252 autem
2050 234 2132 264 pro-

1114 230 1118 300 l
1141 273 1218 310 pter
1238 267 1477 301 infirmitatem
1502 275 1647 302 naturae
1673 266 1866 307 humanae,
1894 268 2001 303 valde=
2019 273 2131 315 negli-

1140 324 1262 359 genter
1286 315 1370 350 haec
1399 330 1502 362 opera
1530 326 1564 352 et
1587 319 1731 352 consilia
1758 317 1824 352 Dei
1853 320 2131 362 considerantur,

1140 374 1256 400 tamen
1291 370 1558 412 repugnandum
1585 377 1634 402 est
1661 369 1867 403 infirmitati.
1930 370 2011 405 ldeo
2036 371 2132 406 Deus

1114 448 1115 451 ,
1140 418 1247 451 vitam
1271 419 1341 461 regi
1369 420 1443 452 vult
1468 421 1627 453 doctrina
1653 428 1684 453 et
1708 421 1910 464 disciplina,
1941 429 1979 456 ut
2009 431 2130 457 contra

1112 460 1115 511 Ξ
1139 466 1229 501 hanc
1251 469 1456 511 segniciem,
1484 482 1572 514 quae
1595 471 1777 503 nobiscnm
1796 472 1970 513 nascitur,
1998 482 2131 507 mentes

1138 519 1332 552 adsuefiant
1353 521 1690 554 commones-actione
1714 522 1894 555 doctrinae
1919 530 1953 557 et
1973 522 2130 559 honestis

1138 570 1323 614 exemplis,
1350 571 1392 602 ad
1413 571 1522 614 ipsius
1542 572 1756 613 agnitionem
1776 580 1806 605 et
1826 574 2107 608 celebrationem.

1240 620 1377 654 Deinde
1402 628 1435 654 et
1461 613 1673 655 valetudinis
1696 623 1848 656 tuendae
1871 636 1989 665 causa,
2025 634 2061 660 ut
2087 629 2129 660 de

1138 671 1280 705 caeteris
1296 672 1400 710 cibis,
1430 672 1476 705 ita
1494 673 1536 705 de
1552 673 1701 717 panibus
1717 684 1944 717 quaeramus,
1971 676 2029 720 qui
2046 678 2130 711 saci—

1138 722 1206 755 lius
1231 722 1267 755 in
1293 723 1551 756 nutrimentum
1577 723 1665 756 verti
1692 724 1844 766 possint:
1873 726 1932 769 qui
1958 738 2035 759 cum
2060 728 2130 762 sint

1138 772 1223 806 lenti
1250 785 1288 807 ac
1311 774 1428 807 minus
1453 774 1539 814 rari,
1567 775 1758 807 difficulter
1777 782 1958 810 vertantur
1982 777 2017 810 in
2044 776 2130 818 chy-

1138 824 1229 864 lum,
1257 831 1290 858 et
1313 824 1457 868 gignant
1481 825 1685 869 sanguinem
1710 826 1809 870 quasi
1839 826 2072 870 lutulentum,
2089 819 2129 863 'et

1137 875 1394 908 obstructiones
1410 875 1550 916 saciant,
1573 888 1662 921 quae
1678 877 1856 910 interdum
1874 875 2019 912 lethales
2035 893 2130 913 mor-

1138 926 1200 958 bos
1223 926 1400 960 adferunt.
1429 934 1467 960 ut
1491 927 1618 960 accidit
1641 927 1741 960 avide
1761 929 1965 962 vorantibus
1991 931 2129 973 placen-

1137 983 1206 1017 tas,
1230 985 1289 1011 aut
1308 978 1398 1018 itria,
1426 990 1514 1023 quae
1530 985 1609 1011 sunt
1625 990 1665 1011 ex
1682 978 1793 1011 farina
1812 986 1845 1012 et
1861 980 1965 1012 melle
1982 981 2055 1015 cius
2071 994 2129 1025 ge-

1137 1028 1249 1065 neris,
1277 1030 1370 1073 quod
1399 1040 1462 1061 nos
1483 1040 1647 1062 vocamus
1669 1028 1786 1074 Spipt‘n.
1845 1028 1910 1063 Est
1932 1039 2047 1065 autem
2073 1033 2126 1065 in-

1137 1078 1242 1121 digna
1271 1076 1416 1111 homine
1440 1079 1671 1122 negligentia,
1703 1091 1776 1112 non
1801 1077 1930 1113 habere
1956 1082 2128 1117 delectum

1137 1129 1173 1161 in
1211 1129 1313 1162 rebus
1351 1130 1535 1173 praecipue
1571 1131 1775 1163 necessariis
1807 1132 1850 1164 ad
1889 1132 2127 1167 valetudinem

1136 1181 1315 1215 tuendam.
1369 1180 1519 1213 Memini
1545 1181 1719 1225 exempla,
1756 1182 1815 1214 ubi
1840 1194 1917 1215 cum
1940 1185 1977 1217 in
2002 1196 2128 1228 magno

1136 1231 1274 1273 agmine
1298 1229 1505 1265 scholastico
1529 1232 1630 1265 multi
1658 1238 1800 1276 propter
1823 1245 1930 1277 panes
1954 1236 2044 1268 male
2070 1249 2128 1269 co-

1136 1289 1227 1322 ctos,
1262 1282 1468 1325 periculosis
1492 1283 1627 1315 morbis
1655 1283 1958 1317 conflictarentur:
1992 1293 2025 1320 et
2052 1288 2129 1319 ani-

1136 1333 1317 1365 madversa
1345 1344 1445 1366 causa
1462 1340 1616 1366 mutatus
1644 1340 1731 1367 esset
1756 1335 1873 1378 panis,
1901 1336 2027 1369 deinde
2050 1338 2128 1372 talis

1135 1383 1283 1416 offensio
1303 1384 1514 1417 valetudinis
1534 1396 1606 1418 non
1624 1385 1761 1420 accidit.
1807 1384 2033 1432 Tantumque
2051 1401 2129 1422 mo-

1135 1435 1243 1468 menti
1278 1434 1315 1467 in
1351 1446 1441 1478 pane
1469 1442 1529 1473 est,
1564 1442 1602 1469 ut
1630 1448 1707 1468 cum
1740 1447 1814 1468 non
1841 1444 1931 1471 recte
1958 1441 2129 1474 maturuit

1138 1486 1254 1530 olyra,
1283 1497 1322 1518 ex
1344 1498 1411 1531 qua
1437 1493 1554 1529 postea
1580 1486 1616 1519 fit
1641 1487 1757 1530 panis,
1786 1487 1867 1532 quia
1891 1489 2034 1522 materia
2057 1491 2127 1524 sere

1137 1536 1248 1580 putris
1267 1543 1334 1577 cst,
1361 1537 1458 1582 sequi
1479 1537 1571 1570 luem
1598 1538 1634 1570 in
1657 1538 1787 1581 populo
1811 1538 1879 1571 late
1903 1548 2127 1583 grassantem,

1135 1587 1302 1620 usitatum
1319 1588 1373 1622 sit.
1426 1586 1589 1632 Denique
1606 1589 1762 1632 exempla
1780 1590 1986 1633 quotidiana
2010 1599 2127 1626 osten-

1136 1639 1244 1676 dunt,
1273 1639 1473 1682 petulanter
1495 1639 1623 1672 accersi
1649 1639 1805 1672 infinitos
1826 1641 1968 1674 morbos
1987 1650 2129 1687 propter

1136 1689 1383 1732 negligentiam
1401 1689 1436 1722 in
1454 1690 1560 1728 victu,
1580 1690 1639 1735 qui
1657 1690 1822 1723 facillime
1839 1692 1941 1724 vitari
1958 1701 2129 1736 poterant.

1135 1739 1250 1781 Qunn
1267 1740 1369 1772 multi
1387 1752 1481 1773 nunc
1498 1748 1697 1783 aegrotant,
1725 1741 1784 1785 qui
1805 1749 1988 1787 postquam
2007 1745 2042 1777 in
2062 1745 2128 1779 flu—

1110 1822 1111 1836 }
1136 1789 1229 1822 mine
1247 1791 1482 1823 ventriculum
1500 1791 1758 1833 frigesecerunt,
1785 1803 1823 1825 ac
1841 1793 1968 1826 deinde
1986 1803 2128 1839 propter

935 1838 1084 1881 Quoties
1110 1841 1111 1872 Ξ
1135 1847 1266 1873 aestum
1291 1842 1393 1874 avide
1418 1842 1635 1884 ingesserunt
1659 1854 1792 1883 cerasa,
1820 1851 1851 1877 et
1879 1844 2008 1887 largius
2029 1846 2127 1879 bibe-

1110 1930 1111 1934 *
1135 1898 1231 1924 runt.

1110 1946 1111 1975 ἒ
1135 1954 1257 1975 causae
1283 1943 1489 1976 morborum
1517 1951 1599 1977 sunt
1631 1956 1701 1977 non
1728 1944 1898 1980 fallentes.

1286 1891 1378 1925 Hinc
1412 1900 1508 1926 ortae
1543 1893 1748 1932 cruditates,
1786 1900 1817 1927 et
1846 1896 2129 1940 putrefactiones,

1952 1944 1982 1980 E
2006 1955 2126 1982 contra

1135 1993 1236 2026 multi
1255 1994 1346 2026 saevi
1365 1995 1490 2035 morbi,
1518 1995 1545 2027 si
1563 1995 1750 2028 mediocris
1767 1995 1946 2040 diligentia
1963 1997 1998 2030 in
2017 1999 2127 2033 victus

1909 2046 1958 2082 Et
1973 2051 2126 2084 remedia

1136 2095 1209 2127 sine
1228 2093 1292 2129 hac
1309 2093 1540 2140 Philosophia
1557 2110 1636 2130 raro
1655 2104 1736 2131 sunt
1753 2097 1914 2131 efficacia.

1239 2145 1482 2180 Adhortamur
1499 2148 1614 2193 itaque
1635 2161 1712 2188 vos,
1741 2155 1778 2181 ut
1796 2156 1939 2193 propter
1954 2152 2125 2185 valetudi-

1138 2197 1191 2229 nis
1210 2198 1362 2241 pcricula
1382 2198 1457 2231 sitis
1474 2199 1725 2241 diligentiores,
1745 2200 1829 2232 etin
1847 2202 2126 2236 consideratione

1137 2254 1296 2288 naturae,
1321 2256 1352 2281 et
1371 2249 1404 2280 in
1424 2252 1572 2291 regenda
1593 2251 1702 2282 victus
1720 2251 1865 2285 ratione.
1919 2251 2004 2285 Plus
2021 2266 2125 2298 qnam

1136 2301 1269 2332 ferreus
1296 2307 1363 2339 est,
1399 2300 1458 2344 qui
1486 2307 1581 2334 tanta
1605 2312 1704 2333 causa
1733 2313 1803 2333 non
1834 2310 2003 2338 movetur.
2058 2304 2124 2338 Sed

1137 2357 1252 2383 tamen
1279 2351 1495 2383 obtestamur
1511 2364 1571 2385 vos
1595 2352 1697 2385 etiam
1726 2359 1867 2395 propter
1884 2353 2016 2395 Deum,
2042 2368 2126 2388 con-

1113 2445 1114 2448 *
1139 2402 1288 2434 ditorem
1316 2398 1422 2433 huius
1445 2409 1589 2435 naturae
1615 2410 1647 2436 et
1674 2402 1843 2441 indicem,
1869 2405 1928 2449 qui
1951 2407 2126 2449 praecipit,

1113 2451 1114 2454 ¹
1138 2460 1172 2485 ut
1196 2452 1432 2485 valetudinem
1456 2454 1645 2494 tueamini,
1669 2462 1705 2487 ut
1729 2453 1803 2486 sitis
1819 2454 1935 2488 idonei
1956 2457 1997 2488 ad
2016 2457 2125 2488 medi-

96 2661 129 2688 et
154 2655 246 2688 intra
269 2653 365 2689 hunc
396 2657 536 2697 orbem,
569 2663 716 2696 terram,
750 2668 838 2701 quae
866 2657 968 2689 nobis
991 2656 1088 2689 sedes
1114 2665 1116 2674 ¹

1138 2503 1306 2537 tationem
1330 2503 1422 2546 piam
1451 2511 1481 2536 et
1504 2505 1703 2537 communia
1723 2505 1811 2537 vitae
1831 2506 1953 2539 officia.
2009 2506 2126 2539 Tuum

1114 2577 1115 2604 3
1139 2555 1319 2587 cerebrum
1347 2561 1377 2587 et
1401 2567 1461 2587 cor
1488 2562 1568 2588 sunt
1594 2555 1813 2589 domicilium
1833 2557 1983 2600 Spiritus
2007 2557 2127 2594 sancti,

1114 2610 1116 2645 ξ
1141 2617 1247 2650 quare
1269 2612 1303 2638 ut
1331 2603 1415 2638 haec
1442 2607 1596 2639 membra
1620 2608 1690 2639 sint
1718 2606 1842 2639 idonea
1872 2607 2000 2639 divinis
2024 2608 2127 2640 moti-

1141 2658 1215 2695 bus,
1243 2657 1397 2689 studiose
1414 2664 1445 2689 et
1466 2665 1666 2691 reverenter
1684 2657 1865 2691 tueamini.
1910 2658 2013 2697 Quod
2033 2658 2059 2689 si
2078 2658 2128 2690 sa-

1115 2739 1118 2754 ,
1141 2708 1256 2744 cietis,
1285 2707 1444 2739 doctrina
1471 2709 1573 2741 etiam
1593 2706 1737 2753 Physica
1763 2715 1791 2740 et
1815 2715 1956 2740 naturae
1977 2710 2128 2751 cognitio

1426 2758 1474 2792 56
