2338 2958
197 135 273 172 303

198 227 318 256 menta
341 217 442 253 utilia
464 215 508 250 ad
533 211 721 256 religiones
739 217 772 245 et
789 210 882 254 leges
899 208 1194 254 interpretandas,

200 273 292 321 parit
307 270 486 307 Medicos,
518 272 553 299 et
576 262 708 297 iudicia
732 262 927 296 multorum
951 260 1100 301 format,
1132 259 1196 305 qui
1220 276 1223 282 ·

201 327 239 360 in
262 325 340 358 foro
364 328 395 354 et
419 315 572 360 negociis
596 320 793 348 versantur.
857 311 929 346 Aso
955 310 1196 345 Iurisconsul-

202 386 258 413 tus
299 368 508 417 gubernavit
549 377 713 408 magnam
741 364 862 399 ltaliae
903 369 1050 406 partem.
1125 361 1197 395 Nec

202 437 318 463 tamen
347 423 464 455 minus
492 419 535 452 de
559 416 700 461 Repub.
727 423 882 449 meretur
906 413 1093 454 Bartolus,
1136 412 1197 457 qni

202 481 238 512 in
264 473 381 509 schola
411 478 548 505 tantum
573 468 669 501 vixit.
722 465 910 511 Philippus
932 464 1096 498 Medicus
1115 462 1198 497 Ate-

201 526 327 564 xandri
346 522 536 557 exercitum
556 526 693 553 secutus
711 525 778 558 est,
803 530 840 550 ac
859 516 990 560 [legem
1010 517 1124 560 ipsum
1144 515 1199 547 in-
1223 523 1225 564 ζ

203 579 296 623 genti
328 573 483 620 periculo
511 570 686 604 liberarit.
739 568 862 613 Neque
884 575 1000 601 tamen
1019 567 1137 599 minus
1155 567 1198 599 de

202 629 343 674 Repub.
366 630 520 659 meretur
547 621 723 659 Galenus,
756 620 816 671 qni
840 619 981 652 nnllnm
1009 617 1199 650 exercitum

204 687 343 716 secutus
369 683 438 717 est,
471 674 528 708 sed
554 673 590 706 in
617 669 736 705 schola
752 671 899 711 assedit,
929 675 962 702 et
980 667 1119 712 scripsit
1136 669 1201 701 do-

205 732 340 767 ctrinae
359 739 441 762 suae
457 729 699 759 monumenta.

306 779 397 815 Cum
423 777 530 821 igitur
553 787 626 808 non
651 772 747 806 aliud
773 771 865 805 vitae
889 782 1000 815 genus
1017 770 1141 804 utilius
1158 769 1201 802 sit

205 832 323 880 generi
348 829 525 868 humano,
552 833 612 860 aut
637 823 746 867 magis
763 822 1018 862 necessarium,
1045 828 1104 855 aut
1121 832 1202 853 san-

206 886 315 924 ctius,
342 893 448 927 quam
470 878 539 911 vita
557 874 781 914 scholastica,
808 873 891 907 satis
909 873 1060 916 intelligi
1079 878 1202 917 potest,

207 936 303 971 hunc
326 944 398 967 esse
424 927 766 976 praestantissimum
790 925 882 959 vitae
907 925 1067 967 gradum.
1127 922 1202 956 Hac

208 999 289 1021 vera
312 984 417 1018 lande
442 980 575 1015 moveri
600 980 693 1012 bona
718 976 859 1020 ingenia
883 977 1000 1018 decet,
1032 982 1069 1009 nt
1095 973 1204 1017 magis

207 1043 325 1074 ament
340 1035 448 1068 vitam
463 1029 718 1070 scholasticam,
740 1034 771 1061 et
789 1025 982 1061 adhibeant
997 1026 1154 1060 studium
1171 1031 1206 1058 et

207 1086 427 1133 diligentiam
453 1084 596 1127 dignam
621 1087 716 1115 tanta
743 1079 979 1123 professione,
1017 1085 1050 1111 et
1077 1082 1205 1111 ornent

209 1153 284 1176 eam
315 1136 458 1183 optimis
488 1134 657 1167 moribus.
717 1131 814 1173 Quid
847 1138 898 1164 est
931 1130 1026 1163 enim
1057 1129 1205 1173 turpiuS,

209 1203 315 1239 quam
339 1188 434 1235 quod
461 1185 563 1219 multi
588 1185 625 1217 in
648 1180 777 1217 scholis
795 1182 842 1214 ita
860 1182 1012 1224 degunt,
1038 1180 1206 1224 primum,

209 1252 248 1278 nt
270 1253 342 1275 non
369 1237 570 1281 intelligant
588 1247 690 1269 suum
707 1233 879 1274 officiuim
909 1232 1056 1273 deinde,
1085 1238 1123 1265 ut
1140 1228 1205 1264 hoc

210 1295 326 1330 ocium
344 1289 539 1325 literarium
559 1287 731 1321 collocent
749 1285 785 1317 in
806 1284 1028 1329 turpissimas
1042 1283 1206 1327 volupta-

210 1355 279 1386 tes,
313 1350 346 1376 et
377 1346 518 1376 sumant
540 1338 607 1372 sibi
630 1337 808 1370 licentiam
835 1335 996 1369 omnium
1024 1334 1207 1374 scelerum,

211 1395 311 1444 quasi
337 1391 476 1427 scholae
499 1401 572 1423 non
595 1387 752 1422 veritatis
775 1393 808 1420 et
824 1386 1001 1426 iusticiae,
1027 1385 1086 1418 sed
1105 1391 1207 1429 petu-

212 1447 341 1483 lantiae
367 1443 528 1478 officinae
552 1446 676 1474 essent.
732 1438 814 1481 Quo
839 1437 957 1471 animo
977 1433 1140 1469 homines
1158 1435 1206 1480 pii

211 1499 360 1535 veniunt
377 1496 415 1530 in
430 1493 560 1538 templa
577 1492 620 1525 ad
635 1489 795 1524 facienda
810 1501 917 1528 sacra,
947 1488 1069 1521 eodem
1088 1487 1207 1520 animo

212 1563 275 1585 vos
297 1559 438 1594 quoque
453 1545 490 1579 in
506 1542 642 1577 scholas
657 1541 820 1575 accedere
833 1539 1010 1584 oportuit3
1037 1536 1095 1571 hic
1111 1537 1206 1571 enim

213 1614 267 1638 res
284 1599 427 1634 divinae
442 1601 648 1630 tractantur.
701 1589 748 1625 Et
763 1603 889 1634 magna
906 1603 988 1624 cura
1005 1587 1207 1623 adhibenda

213 1661 261 1689 est
275 1681 283 1692 ‚
311 1658 351 1684 ut
375 1655 495 1683 nostra
517 1657 612 1680 sacra
632 1649 723 1677 recte
739 1643 925 1682 faciamus,
953 1653 996 1674 ne
1017 1648 1135 1675 nostra
1153 1640 1208 1672 in-

214 1704 314 1740 scitia
345 1707 405 1734 aut
437 1699 555 1743 aliqua
582 1696 649 1730 alia
678 1694 780 1738 culpa
809 1700 900 1727 artes
924 1698 1209 1736 corrumpantur.

215 1756 294 1791 *Non
311 1753 428 1786 minus
443 1749 622 1796 piaculum
639 1752 701 1787 est,
731 1757 957 1789 corrumpere
974 1751 1075 1784 artes,
1103 1755 1208 1788 quam

215 1803 431 1842 ceremonias
457 1801 493 1834 iu
517 1798 657 1843 templis
680 1796 894 1830 contumelia
916 1795 1063 1828 afficere.
1128 1794 1209 1826 ldeo

215 1856 344 1893 scholis
363 1865 493 1888 nomen
509 1851 661 1885 inditum
681 1855 731 1882 est
748 1848 790 1881 ab
807 1847 883 1881 ocio
897 1874 905 1888 ,
933 1854 970 1879 ut
987 1845 1143 1890 Respub.
1161 1852 1211 1878 te-

215 1917 327 1945 stetur
353 1919 387 1940 se
414 1905 564 1938 liberare
589 1913 653 1934 nos
674 1913 690 1933 a
717 1899 869 1932 sordidis
885 1897 1018 1941 operis,
1046 1904 1083 1930 nt
1100 1895 1208 1929 dediti

215 1973 287 1995 esse
313 1958 418 1992 rebus
433 1955 564 1989 divinis
583 1951 767 1996 possimus.
821 1949 972 1983 Addidit
988 1948 1092 1982 etiam
1113 1959 1208 1992 prae-

215 2013 304 2052 mia,
340 2009 430 2042 sicut
454 2005 640 2039 militibus.
689 2000 765 2035 Etsi
794 2008 910 2034 autem
937 2000 1106 2034 utilitates
1130 2005 1210 2032 suut

217 2063 378 2106 exiguae,
406 2058 469 2092 etsi
495 2055 627 2090 indocti
648 2066 719 2087 non
740 2052 854 2085 solum
873 2057 1124 2088 contemnunt,
1151 2050 1210 2082 sed

217 2115 320 2149 etiam
345 2109 536 2145 crudeliter
552 2108 706 2140 oderunt
724 2105 860 2140 literas,
888 2110 1054 2148 tanquam
1072 2101 1211 2134 vincula

218 2164 453 2210 cupiditatum
483 2171 645 2197 suarum,
696 2163 812 2189 tamen
845 2153 940 2187 Dens
974 2166 1046 2185 non
1081 2152 1213 2197 patitur

218 2215 366 2250 omnino
400 2214 516 2245 det-sse
543 2208 696 2254 praemia
723 2206 933 2239 docentibus
959 2205 1076 2238 literas
1101 2212 1134 2238 et
1159 2203 1213 2236 tli-

220 2267 408 2301 scentibus.
478 2260 522 2296 Et
557 2274 626 2306 quo
661 2259 787 2291 melius
819 2269 977 2303 quat-qne
1000 2255 1212 2300 Respublica

220 2318 407 2353 constituta
439 2322 509 2353 est,
551 2326 590 2345 eo
621 2317 669 2343 est
702 2322 781 2352 erga
810 2308 987 2341 studiosos
1021 2306 1213 2339 liberalior.

221 2369 367 2404 luit-rim
402 2378 464 2399 nos
496 2366 594 2397 decet
623 2358 873 2405 imitosopbico
902 2359 1021 2392 attinio
1054 2360 1215 2391 fortunae

222 2420 444 2465 iniquitatem
465 2418 554 2449 sert-e
571 2421 602 2447 et
619 2413 815 2453 intelligere
831 2422 969 2453 causas,
997 2422 1105 2454 quare
1123 2409 1215 2453 opti-

1147 2461 1215 2495 De-

222 2525 304 2557 inde
325 2519 556 2553 incommodis
573 2516 675 2549 etiam
694 2526 916 2558 opponamus
933 2513 1136 2553 commoda,
1164 2511 1215 2543 xi-

222 2574 365 2611 delicet,
408 2569 614 2611 dignitatem
653 2565 881 2610 professionis
918 2571 949 2597 et
986 2564 1216 2600 sanctitatem„

222 2633 398 2671 postremo
414 2621 518 2654 etiam
534 2618 800 2652 iucunditatem.
837 2614 959 2661 ltaque
974 2613 1095 2648 dehac
1113 2615 1215 2648 etiam

222 2486 297 2505 Ill-ss!
314 2481 471 2514 ΙΙΙΗΙΡἹΙΗἛ
490 2480 542 2500 rt'S
558 2466 707 2498 maxime
723 2461 1092 2507 811111δρΙῚἯιυΥυΙρζυ.

224 2688 331 2721 panca
359 2672 541 2708 adiiciam,
590 2669 771 2707 ridi-licet,
815 2667 954 2701 nullum
989 2667 1079 2699 sitae
1108 2678 1217 2710 genus
1243 2663 1245 2676 ¹

223 2726 413 2761 iucundius
430 2736 518 2763 esse,
546 2732 651 2766 quam
672 2719 778 2754 vitam
798 2716 1051 2752 scholasticam.

683 122 847 160 DECL.
880 120 955 158 DE
985 118 1184 157 LAUDE
1215 119 1401 158 VITAE
1433 118 1758 157 SCHOLAST.

2172 123 2248 160 ³04

1351 205 1490 241 Omnes
1517 207 1630 240 sanae·
1651 213 1788 240 mentes
1808 207 2058 242 incredibilem
2083 207 2248 254 volupta-

1249 266 1320 294 tem
1352 258 1556 303 percipiunt
1586 270 1626 291 ex
1660 257 1819 292 veritatis
1849 259 2051 302 agnitione3
2089 271 2172 293 nam
2202 262 2248 295 ad

1251 309 1342 343 hanc
1371 309 1611 354 aspiciendam
1635 308 1788 342 maxime
1808 309 1943 343 conditi
1965 318 2048 345 sunt
2074 308 2250 348 homines.

1250 362 1352 396 Hanc
1375 361 1594 405 voluptatem
1618 360 1655 392 iu
1671 357 1803 393 scholis
1819 359 1952 393 multae
1969 373 2092 395 causae
2109 367 2250 406 augent·

1222 412 1412 468 hPrimum
1450 412 1547 445 enim
1586 422 1713 455 magna
1755 410 1805 444 ibi
1839 410 1968 445 artium
2000 413 2149 448 varietas
2181 420 2249 448 est:

1222 469 1225 505 ζ
1251 463 1414 497 omnium
1457 462 1726 507 disciplinarum
1773 462 1988 506 professores
2018 475 2092 496 esse
2123 464 2250 505 solent,

1222 507 1225 512 ⁸
1253 515 1314 560 qui
1337 515 1474 548 consuli
1505 520 1652 559 possunt
1677 513 1714 546 in
1739 513 1896 558 qualibet
1920 521 2011 555 arte;
2048 521 2098 548 est
2123 522 2156 549 et
2178 516 2251 549 fre-

1223 567 1227 612 {
1253 567 1395 611 quentia
1421 565 1651 606 discentium,
1688 563 1727 598 in
1751 576 1820 609 qua
1845 576 1969 609 magna
1997 565 2250 601 dissimilitudo

1224 618 1226 630 “
1253 624 1303 651 est
1334 617 1562 659 ingeniorum
1594 622 1627 649 et
1660 615 1886 649 iudiciorum.
1962 615 2082 660 Quare
2112 623 2252 651 nostras

1224 642 1227 685 l
1254 669 1483 712 cogitationes
1497 680 1575 701 cum
1591 667 1713 701 inultis
1728 667 1888 700 conferre
1905 678 2101 711 possumus,
2128 668 2253 703 audire

1255 720 1342 765 quid
1359 720 1420 753 alii
1436 719 1612 760 iudicent,
1639 718 1771 752 imitari
1788 718 1933 751 meliora
1950 719 2120 764 exempla.
2158 717 2254 754 Hinc

1226 786 1228 791 ·
1256 771 1350 804 enim
1383 778 1433 804 est
1462 771 1522 803 illa
1552 770 1645 814 apud
1671 768 1869 803 Hesiodum
1890 769 2034 803 laudata
2059 771 2254 812 contentio,

1257 823 1300 855 de
1323 834 1391 867 qua
1416 822 1520 861 dicit,
1560 821 1719 854 vicinum
1743 833 1762 854 a
1788 821 1906 854 vicino
1931 821 1974 854 ad
2000 821 2143 855 divitias
2169 833 2254 866 pro-

1228 907 1230 915 ,
1258 879 1420 917 perante,
1446 872 1602 907 invitari.
1658 871 1813 917 Ideoque
1829 872 1923 916 apud
1942 870 2153 917 Euripidem
2172 884 2255 908 vere

1228 938 1231 970 ι
1257 924 1390 958 dictum
1408 931 1476 965 est,
1504 923 1828 957 communicatione
1845 923 2058 967 opinionum
2074 925 2110 957 in
2129 935 2256 968 magna
2293 961 2296 964 ,

1229 973 1231 1006 ἱ
1257 975 1454 1021 frequentia
1472 980 1627 1019 repertas
1643 985 1715 1007 esse
1730 980 1831 1008 artes.
1883 972 1931 1008 Et
1946 973 2070 1009 Cicero
2086 975 2152 1016 ait,
2179 987 2254 1009 ma-

1228 1011 1232 1048 l
1257 1038 1362 1070 gnam
1389 1027 1461 1059 vim
1489 1026 1525 1058 in
1551 1025 1719 1059 discendo
1743 1022 1873 1059 habere
1894 1025 2051 1059 studium
2069 1027 2256 1060 conferen-

1259 1079 1313 1119 di,
1341 1079 1435 1123 quod
1458 1073 1658 1123 συζήτησιν
1681 1083 1783 1110 vocat
1799 1076 1884 1121 ipse.
1938 1075 1991 1111 Et
2003 1075 2173 1112 Salomon
2191 1077 2255 1113 ait:

1259 1129 1408 1163 Ferrum
1439 1129 1532 1162 ferro
1563 1127 1720 1168 acuitur,
1762 1127 1809 1161 ita
1838 1127 1894 1161 vir
1922 1128 2094 1162 excitatur
2123 1141 2141 1162 a
2166 1129 2256 1163 viro.

1259 1180 1442 1223 Significat
1471 1179 1565 1213 enim
1595 1186 1672 1213 tum
1696 1179 1880 1212 admoneri
1905 1178 2045 1223 ingenia
2069 1180 2258 1214 collatione

1260 1232 1490 1265 consiliorum
1513 1237 1616 1276 atque
1642 1230 1875 1275 opinionum,
1911 1237 1984 1264 tum
2007 1231 2175 1276 exemplis
2198 1243 2258 1266 ex-

1260 1283 1372 1317 citari.
1392 1313 1411 1335 .
1438 1282 1588 1326 Propter
1618 1279 1681 1314 has
1710 1288 1824 1315 tantas
1847 1281 2016 1316 utilitates
2040 1282 2195 1316 libenter
2218 1283 2257 1316 in

1260 1332 1325 1367 hac
1356 1333 1554 1379 frequentia
1586 1333 1718 1366 versari
1742 1332 1918 1366 studiosos
1942 1333 2119 1367 convenit.
2187 1333 2258 1368 Po-

1260 1392 1389 1419 stremo
1414 1392 1539 1417 natura
1562 1384 1619 1423 fit,
1647 1390 1686 1417 ut
1702 1383 1835 1417 similes
1852 1384 2072 1417 delectentur
2086 1384 2258 1419 similium

1261 1436 1538 1476 consuetudine,
1565 1434 1786 1480 maximeque
1811 1431 1868 1476 hi,
1896 1435 1957 1480 qui
1980 1434 2156 1470 similibus
2173 1436 2260 1470 arti—

1262 1489 1328 1522 bus
1356 1487 1467 1521 dediti
1498 1493 1592 1521 sunt.
1660 1484 1738 1530 Ipsa
1771 1485 1876 1519 etiam
1902 1486 2086 1519 celebritas
2110 1487 2260 1522 delectat

1262 1539 1418 1576 animos,
1440 1538 1539 1571 iuvat
1561 1537 1681 1571 videre
1705 1538 1794 1570 bene
1819 1537 2030 1581 compositos
2049 1535 2176 1572 choros
2194 1540 2260 1572 do-

1262 1590 1416 1623 centium
1442 1595 1474 1623 et
1499 1588 1720 1622 discentium.
1774 1587 1921 1622 Nullum
1944 1600 2105 1622 acroama
2122 1590 2260 1624 dulcius

1263 1648 1330 1681 est,
1358 1653 1464 1686 quam
1490 1640 1613 1673 andire
1638 1641 1681 1672 de
1703 1639 1848 1684 optimis
1873 1640 1996 1680 rebus,
2023 1641 2136 1685 deque
2160 1641 2259 1675 omni

1263 1692 1430 1725 varietate
1445 1698 1609 1731 naturae,
1632 1692 1675 1723 de
1684 1689 1823 1735 Repub.
1839 1692 1882 1723 de
1897 1690 2146 1734 religionibus,
2172 1693 2258 1738 quid

1263 1743 1324 1777 alii
1349 1742 1534 1787 peritiores
1558 1742 1722 1776 sentiant.
1777 1740 1884 1775 Vetus
1903 1750 1952 1775 est
1971 1742 2120 1776 dictum:
2148 1741 2259 1778 Extra

1263 1794 1532 1828 universitatem
1556 1806 1628 1826 non
1653 1799 1703 1826 est
1728 1793 1817 1831 vita,
1846 1805 1916 1838 quo
1940 1793 2186 1836 significabant
2206 1795 2262 1829 iu—

1263 1845 1517 1879 cundissimam
1548 1856 1621 1877 csse
1653 1844 1760 1877 vitam
1791 1843 1828 1876 in
1853 1841 1995 1880 scholis.
2060 1846 2097 1877 ld
2126 1846 2260 1880 dit-tum

1265 1897 1395 1941 opinor
1417 1904 1534 1929 ortum
1555 1907 1627 1929 esse
1641 1895 1685 1928 ab
1703 1895 1849 1928 eruditis
1867 1901 1901 1929 et
1917 1896 2172 1940 prudentibus,
2198 1897 2261 1944 qui

1266 1948 1525 1991 intelligebant,
1541 1953 1574 1981 et
1592 1953 1760 1992 quantam
1775 1943 1859 1979 baec
1873 1948 2104 1989 consuetudo,
2119 1954 2151 1981 et
2166 1960 2263 1982 com·
2308 1943 2322 1978 ὅ»

1266 1998 1460 2032 municatio
1477 1998 1648 2031 sermonis
1666 1997 1736 2030 vim
1757 1995 1894 2038 habeat,
1916 2006 1947 2031 et
1964 2006 2131 2043 quantam
2150 2000 2264 2043 pari-nt
2306 2022 2309 2043 2

1267 2051 1495 2094 voluptatem.
1561 2047 1718 2083 Delectat
1754 2048 1867 2081 bonos
1898 2055 1932 2082 et
1962 2049 2076 2083 virtus
2107 2049 2263 2093 illorum,

1267 2104 1326 2147 qui
1355 2101 1550 2134 liberaliter
1571 2100 1779 2144 impertiunt
1797 2099 1995 2133 doctrinam
2014 2100 2115 2138 aliis,
2142 2101 2204 2147 qui
2222 2114 2263 2136 ex
2304 2120 2309 2147 .'

1267 2153 1385 2186 animo
1410 2151 1593 2185 consulere
1619 2150 1813 2195 posteritati
1839 2159 2025 2186 conantur.
2095 2149 2172 2186 Etsi
2198 2165 2265 2187 au·
2306 2182 2307 2187 ,

1268 2212 1336 2238 tem
1364 2204 1400 2236 in
1426 2211 1521 2237 tanta
1543 2202 1744 2235 infirmitate
1762 2199 1909 2235 hnmani
1925 2202 2063 2246 genet-is
2081 2203 2202 2238 nullus
2214 2213 2264 2240 est

1268 2257 1375 2291 ordo,
1403 2254 1542 2287 nullum
1567 2253 1658 2287 vitae
1681 2264 1790 2296 genus
1816 2265 1959 2297 prorsus
1983 2255 2059 2287 sine
2079 2254 2186 2296 vitio,
2211 2262 2265 2290 ta-

1268 2320 1348 2339 men
1370 2306 1404 2339 iu
1426 2305 1555 2338 scholis
1575 2304 1692 2337 minus
1710 2303 1893 2348 aliquanto
1911 2312 1959 2339 est
1979 2306 2048 2338 fuci
2062 2332 2071 2345 ,
2098 2306 2265 2341 odiorum

1241 2377 1244 2414 1
1269 2366 1301 2391 et
1326 2358 1475 2390 aliarum
1499 2356 1670 2389 malarum
1693 2355 1840 2390 artium.
1868 2368 1973 2401 qnam
1994 2356 2030 2389 in
2048 2357 2126 2390 aliis
2144 2358 2265 2392 multis

1242 2421 1243 2455 t
1271 2410 1361 2443 tila«¹
1384 2408 1582 2451 generibus.
1637 2405 1797 2439 Primum
1816 2407 1911 2439 enim
1929 2407 2090 2442 doctrina
2108 2408 2265 2444 liberalis

1242 2465 1244 2513 ἰ
1271 2461 1373 2493 liet-tit
1407 2459 1596 2492 inediocria
1629 2458 1768 2499 ingenia
1801 2458 1843 2490 ad
1870 2458 2047 2494 virtutem.
2100 2458 2172 2493 Nec
2193 2461 2265 2495 sere

1243 2551 1244 2560 ἵ
1271 2512 1458 2556 qnisquam
1477 2510 1564 2543 adeo
1583 2517 1631 2543 est
1652 2510 1762 2543 ferrea
1781 2516 1905 2543 natura
1918 2536 1927 2550 ,
1955 2516 1993 2544 ut
2010 2509 2122 2543 literis
2139 2518 2172 2545 et
2190 2523 2265 2546 me·
2300 2519 2302 2522 '

1242 2577 1245 2612 1
1270 2563 1382 2596 diorri
1406 2561 1593 2605 disciplina
1618 2573 1690 2594 non
1715 2561 1898 2606 aliquanto
1923 2561 1982 2594 fiat
2004 2561 2135 2595 mitior.
2200 2561 2264 2599 Est

1243 2615 1245 2653 J
1270 2623 1385 2647 autem
1411 2613 1523 2647 multo
1547 2612 1736 2646 iucundior
1759 2613 1978 2645 consuetudo
2002 2624 2080 2644 cnm
2107 2614 2266 2656 eruditis,

1271 2666 1330 2711 qni
1353 2677 1470 2698 causas
1493 2664 1654 2697 omnium
1674 2661 1902 2696 honestorum
1919 2663 2117 2697 officiorum
2135 2664 2266 2699 intelli·
2300 2660 2302 2668 ’

1242 2718 1246 2763 1
1271 2725 1376 2761 gunt,
1405 2728 1510 2762 quam
1534 2728 1612 2749 cnm
1633 2714 1802 2755 indoctis,
1829 2726 1982 2759 quorum
2001 2714 2130 2750 iudicia
2146 2717 2268 2752 multis
