2338 2958
4 418 16 978 *affl*
13 397 17 416 .-

79 125 150 160 801

78 209 214 245 ratione
231 219 353 243 causae
369 210 589 253 quaerendae
608 217 707 251 sunt,
741 211 918 256 quomodo
937 217 970 244 et
987 209 1068 256 qui-

79 262 144 294 bus
158 259 362 293 ductoribus
372 260 414 292 ad
432 257 526 292 hunc
541 260 645 294 finem
660 261 836 305 perveniri
853 261 972 306 possit.
1009 259 1067 293 An

78 312 120 344 ad
138 320 259 342 omnes
277 306 440 342 homines
464 311 633 354 pertineat
653 317 788 345 tantum
806 311 960 345 munus?
999 310 1066 343 Hic

77 359 219 394 initium
242 360 435 393 sententiae
460 361 756 395 considerandum
779 369 839 396 est.
895 361 941 396 Ut
959 361 1067 406 possit

76 421 184 455 genus
207 406 404 444 humanum
428 412 472 444 ad
491 411 598 446 vitam
613 413 795 446 coelestem
812 412 946 452 redire,
971 410 1066 444 Deus

75 462 247 494 immensa
262 461 501 495 misericordia
513 461 780 506 promissionem
794 463 921 503 edidit,
945 462 981 494 in
998 473 1066 506 qua

75 511 197 545 iurans
213 512 382 553 affirmat,
405 523 440 545 se
462 519 606 557 propter
627 513 757 554 filium,
782 513 844 558 qui
861 519 912 546 est
929 511 1066 545 Media-

75 568 150 602 tor,
176 568 209 595 et
236 574 297 606 pro
327 563 431 596 nobis
457 563 598 596 victima
623 563 733 597 factus
752 571 817 604 est,
845 569 1064 606 recepturum

76 623 149 646 esse
173 624 314 653 omnes,
347 613 408 658 qui
439 613 481 646 ad
512 610 606 646 hunc
628 614 739 646 filium
767 614 997 657 confugiunt,
1032 621 1064 647 et

74 663 202 696 fiducia
236 663 299 695 filii
334 665 499 702 credunt,
547 663 773 697 iustissimam
813 664 901 697 iram
932 663 1066 697 aeterni

75 713 189 747 Patris
220 714 391 758 placatam
419 725 501 748 esse.
569 713 644 747 Hac
668 715 901 758 promissione
931 726 1066 758 semper

76 763 159 797 inde
180 775 290 809 usque
313 776 330 797 a
348 764 542 807 primorum
567 772 752 808 parentum
773 766 872 809 lapsu
889 765 1065 798 revocavit

75 815 116 848 ad
135 825 171 848 se
197 826 317 847 omncs
336 812 506 850 homiues.
559 814 649 848 Cum
671 816 763 849 enim
784 815 877 849 Deus
894 816 937 849 sit
957 816 1065 848 veris-

75 865 162 898 sime
191 865 318 905 iustus,
349 865 529 910 aequalem
553 877 640 906 esse,
673 873 706 900 et
729 867 804 900 sine
826 868 1065 912 προσωπολη-

74 913 145 960 ψιά
165 927 237 949 non
260 915 409 949 dubium
432 923 490 949 est.
554 915 663 950 Vocat
687 930 830 958 omnes,
859 925 890 951 et
908 919 1003 963 qnod
1021 918 1063 950 ad

75 966 186 1010 ipsius
211 966 430 1000 voluntatem
455 966 598 1008 attinet,
627 968 701 1001 vult
727 969 893 1002 omuibus
918 969 1064 1001 reddere

74 1016 236 1050 salutem.

176 1066 248 1100 Nec
272 1067 440 1101 audiendi
467 1074 548 1102 sunt
566 1067 691 1108 Stoici,
718 1068 778 1113 qui
797 1069 933 1111 fingunt
949 1067 1062 1102 Deum

76 1118 295 1163 inaequalem
321 1130 411 1159 esse,
442 1125 474 1152 et
500 1130 627 1162 paucos
650 1120 820 1163 quosdam
844 1120 881 1152 iu
899 1119 1064 1153 fatalibus

73 1169 203 1202 tabulis
218 1169 411 1211 scripsisse,
438 1180 526 1214 quos
542 1169 646 1202 ctiam
664 1169 794 1203 invitos
812 1177 845 1204 et
863 1182 1063 1214 repugnan-

74 1225 126 1252 tes
142 1220 184 1252 ad
202 1230 236 1252 se
254 1217 426 1259 attrahat,
454 1226 606 1254 caeteros
628 1232 710 1253 vero
728 1221 825 1254 reiici
837 1248 846 1262 ‚
869 1221 1004 1254 etiamsi
1020 1221 1062 1254 ad

72 1269 186 1303 filium
203 1270 419 1313 confugiant.

176 1319 441 1354 Removeantur
465 1317 530 1353 hae
554 1319 692 1354 Stoicae
713 1321 980 1364 imaginationes
995 1349 1003 1361 ‚
1031 1328 1063 1355 et

73 1370 222 1404 sciamus
239 1369 352 1404 Deum
370 1371 539 1404 immensa
556 1372 797 1405 misericordia
817 1373 981 1406 omnibus
998 1371 1060 1405 lio-

73 1421 232 1455 minibus
255 1421 437 1466 aequalem
461 1433 542 1454 esse.
606 1421 675 1456 Sed
701 1423 794 1467 quod
819 1423 923 1456 multi
947 1435 1064 1468 asper-

73 1479 206 1505 nantur
225 1484 345 1505 vocem
370 1472 548 1513 divinam,
584 1472 619 1506 id
643 1473 679 1507 fit
703 1470 886 1506 hominum
910 1475 1011 1517 culpa
1031 1481 1065 1507 et

73 1523 306 1558 contumacia.
368 1522 503 1556 Interea
537 1529 654 1557 tamen
687 1535 826 1567 semper
858 1524 984 1568 aliquis
1014 1532 1063 1558 est

73 1580 209 1613 coetus,
237 1573 296 1618 qui
323 1585 441 1606 vocem
462 1573 620 1607 divinam
641 1574 755 1614 audit,
783 1581 814 1607 et
832 1575 1064 1618 promissione

73 1624 195 1657 divina
223 1624 468 1664 confirmatus,
509 1624 639 1665 fitium,
680 1623 873 1658 Dominum
901 1632 1062 1658 nostrum

73 1673 188 1708 lesum
214 1671 395 1708 Christum
419 1674 595 1718 agnoscit,
635 1681 668 1708 et
694 1676 736 1708 ad
772 1675 885 1709 Deum
918 1676 1062 1714 accedit,

73 1737 223 1770 eumque
253 1737 331 1758 vere
364 1725 520 1765 invocat,
554 1732 586 1758 et
610 1726 641 1758 ei
662 1726 903 1770 obtemperare
928 1726 1062 1770 incipit.

72 1775 141 1809 Hic
163 1781 280 1809 coetus
304 1782 353 1808 est
376 1773 530 1808 Ecclesia
554 1775 618 1809 Dei
640 1777 798 1820 propria,
826 1783 858 1809 et
874 1783 923 1810 est
937 1774 1063 1809 hortus

74 1826 135 1859 ille
150 1825 328 1866 coelestis,
355 1826 398 1858 de
414 1838 483 1870 quo
501 1826 584 1859 dixi.
648 1826 706 1859 Sic
729 1827 836 1869 igitur
860 1824 942 1859 huic
958 1824 1061 1860 horto

73 1877 216 1921 plantae
241 1876 464 1916 inseruntur,
497 1876 546 1909 sic
576 1876 790 1918 educuntur3
827 1877 875 1909 sic
902 1875 1062 1910 homines

73 1929 116 1961 ad
134 1925 247 1960 Deum
264 1927 433 1963 redeunt,
461 1926 542 1971 quia
559 1926 653 1961 Deus
672 1927 742 1969 ipse
761 1927 957 1967 ministros,
985 1935 1063 1960 tan-

73 1990 178 2024 quam
203 1975 296 2010 horti
327 1977 379 2010 sui
406 1976 580 2017 Colouos‚
615 1977 817 2021 constitnit,
849 1990 936 2023 quos
967 1978 1063 2012 iubet

73 2040 198 2063 sonare
216 2040 335 2060 vocem
354 2026 536 2069 Evangelii
554 2027 618 2062 sui.
672 2026 747 2060 Hac
764 2040 846 2061 voce
863 2029 980 2061 divina
993 2027 1063 2062 Ec-

74 2079 179 2114 clesia
194 2078 382 2121 colligitur.
438 2077 520 2111 Ideo
540 2077 655 2123 inquit
673 2080 764 2121 apud
782 2077 938 2111 Esaiam:
962 2078 1061 2112 Pono

74 2131 182 2164 verba
205 2141 281 2162 mea
310 2129 346 2162 in
378 2141 438 2162 ore
462 2136 534 2163 tuo.
600 2127 789 2170 Colligitur
816 2128 971 2162 Ecclesia
996 2128 1062 2162 Dei

74 2189 234 2221 aeterna,
268 2192 340 2212 non
373 2177 558 2212 hominum
593 2180 783 2223 sapientia,
817 2192 891 2213 non
927 2181 1063 2221 legibus

75 2231 217 2266 Solonis
233 2238 291 2264 aut
308 2229 477 2275 Lycurgi,
505 2243 577 2263 non
595 2230 741 2263 decretis
760 2229 912 2273 Regum,
940 2230 1063 2264 Ponti-

74 2283 200 2321 ficum,
240 2280 466 2324 Principum,
509 2287 568 2314 aut
599 2281 773 2320 ullorum,
817 2281 975 2326 quamvis
1008 2294 1064 2314 sa-

75 2333 254 2377 pientum,
286 2331 409 2363 alicnis
434 2332 477 2364 ab
502 2330 713 2374 Evangelio,
739 2333 827 2364 sicut
853 2330 982 2365 Paulus
1006 2332 1063 2365 in-

75 2383 167 2429 quit:
197 2382 233 2416 Si
258 2382 335 2426 quis
359 2382 452 2414 aliud
472 2380 704 2424 Evangelium
731 2382 847 2422 docet,
880 2380 1062 2415 anathema

75 2435 131 2469 sit.
193 2429 290 2466 Nihil
316 2432 385 2465 dici
410 2433 542 2466 tristius
569 2439 691 2477 potest.

75 2490 248 2518 vocantur
263 2480 424 2516 homines
439 2483 553 2516 reiecti
571 2495 589 2516 a
607 2482 680 2516 Deo
692 2511 700 2523 ‚
728 2483 857 2529 quibus
874 2484 958 2516 adeo
978 2481 1062 2517 lior-

77 2535 228 2569 ribiliter
253 2534 434 2573 irascitur,
464 2541 500 2567 nt
524 2533 591 2566 nisi
611 2534 800 2574 tollantur,
829 2546 938 2577 poena
957 2535 1063 2568 simul
1088 2560 1089 2570 1

77 2593 166 2619 totas
184 2592 319 2627 gentes,
345 2584 505 2627 contagio
525 2584 692 2628 pollutas,
716 2586 853 2617 obruat.

495 121 655 160 DECL.
697 120 772 161 DE
804 122 1003 162 DICTO:
1049 121 1222 160 POSUI
1258 121 1456 161 VERBA
1485 123 1605 163 MEA
1632 137 1714 164 Ere.

752 2432 841 2466 Nam
867 2430 1062 2466 Anathema
1087 2465 1089 2475 ,

2041 141 2113 177 802

1119 209 1162 243 ba
1177 222 1253 243 mea
1274 209 1310 243 in
1328 222 1387 244 ore
1400 218 1472 247 tuo.
1524 211 1684 248 Sciamus
1699 215 1895 252 doctrinam
1911 232 1928 253 a
1946 220 2020 257 Deo
2037 231 2107 258 tra-

1119 260 1246 301 ditam,
1276 261 1355 293 aliis
1393 265 1659 307 proponendam
1696 277 1787 308 esse,
1822 281 1893 302 non
1929 272 2107 316 fingendas

1119 311 1304 354 opiniones
1340 319 1459 345 nostra
1490 314 1709 356 curiositate,
1744 319 1797 351 vel
1828 322 1991 364 audacia,
2032 337 2104 358 non

1119 361 1375 404 amplectendas
1397 374 1469 395 esse
1499 366 1714 409 corruptelas
1739 373 2015 407 accommodatas
2042 389 2105 419 po-

1119 417 1254 444 tentum
1279 411 1550 455 cupiditatibus,
1583 422 1755 450 uteorum
1776 421 1920 462 gratiam
1937 423 2106 468 ineamus,

1120 468 1158 494 ut
1175 472 1276 504 saepe
1294 461 1431 496 accidit.

1219 510 1348 554 Magna
1367 511 1560 546 multitudo
1578 513 1645 548 suit
1663 527 1702 549 ex
1719 519 1838 553 multis
1857 523 2018 564 gentibus
2034 528 2107 560 col-

1119 561 1225 599 lecta,
1263 574 1352 606 qnae
1386 569 1534 596 statuam
1569 565 1660 607 regis
1694 566 1899 613 Babylonici
1935 576 2104 611 adm-avit,

1119 611 1228 645 Multi
1263 611 1383 645 ludaei
1414 611 1647 648 Bacchanalia
1684 616 1915 665 lerosolymae
1949 626 2105 661 celebra-

1118 669 1218 703 runt,
1244 669 1284 696 ut
1302 661 1480 696 Antiocho
1498 671 1633 706 gratum
1653 666 1816 703 facerent.

1221 712 1302 747 Fuit
1324 711 1498 746 Ecebolus
1520 715 1662 759 quidam
1687 726 1825 759 orator,
1855 723 1914 767 qui
1940 736 2105 769 regnante

1117 762 1337 805 Constantio,
1362 771 1399 798 ut
1415 765 1548 807 gratior
1567 774 1653 800 esset
1673 767 1895 813 Imperatori,
1924 777 2031 811 voluit
2050 780 2104 812 iu-

1117 814 1182 847 seri
1206 812 1382 848 Ecclesiae
1406 813 1551 850 Christi.
1612 816 1735 852 Postea
1767 831 1934 865 regnante
1958 826 2092 863 {uliano

1121 864 1340 908 imperatoris
1364 866 1534 909 impietati
1557 868 1747 912 applausit,
1784 880 1816 906 et
1840 886 1960 909 rursus
1990 859 2105 922 palani

1118 913 1227 948 hostis
1250 916 1316 949 suit
1341 913 1647 958 Christianorum,
1674 927 1705 954 et
1732 923 1912 957 saevitiam
1939 929 2105 964 adversus

1116 978 1174 999 eos
1193 966 1339 1000 adiuvit.
1391 966 1533 1000 Tertius
1550 967 1743 1012 Imperator
1766 981 1904 1008 secutus
1924 975 2103 1015 Iovianus:

1117 1013 1212 1049 hunc
1228 1023 1265 1049 ut
1284 1017 1431 1060 placaret
1450 1017 1590 1059 iratum,
1616 1020 1721 1054 rediit
1739 1023 1780 1055 ad
1797 1022 2027 1071 Christianos,
2050 1044 2105 1065 re-

1116 1067 1287 1110 ligionum
1313 1068 1459 1110 speciem
1483 1079 1619 1113 semper
1640 1071 1683 1103 ad
1708 1078 1863 1117 tempora
1886 1083 1918 1110 et
1941 1080 2104 1116 dominos

1115 1118 1394 1151 accommodans.

1217 1167 1296 1201 Non
1323 1175 1485 1212 putemus
1508 1177 1622 1204 autem
1641 1184 1767 1215 paucos
1791 1183 1849 1210 aut
1868 1177 1972 1213 fuisse
1993 1190 2091 1218 antea

1116 1225 1177 1252 aut
1192 1230 1287 1251 nunc
1305 1231 1376 1251 csse
1394 1218 1582 1261 Ecebolos,
1610 1223 1669 1266 qui
1689 1235 1723 1256 se
1739 1226 1781 1257 ad
1807 1237 2021 1269 praesentem
2040 1213 2105 1278 po:

1116 1269 1260 1303 tentiam
1280 1269 1483 1311 inflectunt,
1511 1277 1543 1303 et
1567 1273 1716 1316 speciem
1739 1276 1948 1319 religionum
1968 1291 2105 1320 mutant

1117 1332 1180 1365 pro
1197 1320 1425 1364 temporibus,
1451 1319 1734 1357 utChamaelcou
1753 1327 1903 1362 subinde
1919 1332 2027 1366 alium
2045 1348 2104 1369 co-

1118 1372 1227 1404 lorem
1245 1371 1372 1403 induit.
1422 1370 1614 1416 Praecipue
1629 1381 1745 1408 autem
1765 1377 1844 1410 talis
1869 1380 2103 1420 inconstantia

1117 1422 1152 1454 in
1171 1421 1374 1454 doctorIbus
1389 1422 1583 1465 perniciosa
1600 1431 1670 1466 est,
1697 1432 1736 1460 ut
1755 1438 1854 1472 saepe
1877 1435 2030 1469 ostendit
2047 1450 2106 1470 ex-

1118 1472 1300 1517 perientia.

1219 1522 1338 1565 Quare
1354 1533 1434 1564 vos,
1463 1523 1630 1557 carissimi
1652 1526 1792 1569 fratres,
1820 1539 1964 1576 propter
1987 1535 2103 1572 Deum

1117 1580 1149 1606 et
1175 1580 1317 1617 propter
1337 1573 1483 1606 salutem
1502 1581 1672 1617 vestram,
1698 1585 1729 1611 et
1752 1589 1894 1623 propter
1911 1582 2103 1622 Ecclesfnm

1116 1624 1282 1663 obtestor,
1300 1630 1338 1656 ut
1355 1635 1526 1658 memores
1545 1623 1650 1660 huius
1665 1627 1767 1661 dicti:
1792 1629 1890 1665 Pono
1906 1637 2010 1670 verba
2029 1651 2104 1674 mea

1117 1674 1152 1707 in
1169 1686 1229 1707 ore
1245 1681 1315 1709 tuo.
1348 1672 1519 1708 Custodes
1535 1677 1630 1709 vocis
1646 1678 1786 1713 divinae
1801 1686 1969 1719 maneatis
1986 1688 2104 1724 fideles

1116 1732 1148 1758 et
1175 1725 1286 1762 firmi,
1327 1736 1390 1756 nec
1425 1725 1530 1758 aliam
1560 1728 1755 1762 doctrinam
1784 1742 1996 1775 pugnantem
2024 1752 2103 1774 cum

1115 1773 1329 1817 Evangelio,
1357 1777 1450 1819 quod
1472 1775 1538 1820 ipsi
1557 1774 1724 1812 hactenus
1740 1781 1926 1825 docuistis,
1954 1795 1985 1821 et
2009 1791 2104 1825 senis

1115 1837 1195 1859 vere
1212 1824 1277 1858 Dei
1295 1837 1414 1858 vocem
1434 1837 1516 1866 esse,
1543 1827 1729 1871 recipiatis.
1783 1830 1962 1870 Omnibus
1981 1843 2103 1875 aetati—

1116 1877 1181 1909 bus
1207 1875 1367 1908 diabolus
1393 1875 1581 1911 insidiatur
1602 1876 1778 1915 Ecclesiae
1792 1880 1877 1926 Dei,
1902 1894 1933 1920 et
1958 1891 2104 1927 artificia

1115 1933 1225 1960 tentat
1251 1926 1363 1966 varia,
1396 1933 1435 1960 ut
1464 1928 1658 1971 praestigiis
1683 1931 1808 1966 obruat
1836 1937 2037 1981 veritatem,
2070 1951 2102 1977 et

1114 1976 1228 2010 Deum
1265 1978 1477 2011 contumelia
1512 1979 1656 2021 afficiat,
1702 1989 1735 2016 et
1771 1985 1898 2019 multos
1943 1986 2103 2028 homiues

1115 2039 1133 2060 a
1151 2026 1227 2060 Deo
1243 2028 1380 2061 avellat.
1435 2027 1554 2071 Quare
1571 2042 1641 2063 non
1664 2033 1900 2070 existimemus
1927 2036 1992 2074 hoc
2016 2050 2103 2077 tem-

1115 2090 1198 2122 pore
1216 2076 1308 2110 nihil
1325 2089 1397 2110 esse
1414 2079 1571 2122 periculi,
1602 2083 1661 2114 sed
1681 2095 1745 2116 nos
1762 2085 1854 2128 ipsos
1871 2092 2100 2129 exuscitemus

1115 2129 1157 2162 ad
1184 2129 1350 2162 maiorem
1379 2129 1597 2172 vigilantiam
1628 2132 1664 2165 in
1695 2137 1859 2170 cavendis
1888 2139 2090 2185 imposturis

1115 2186 1147 2212 et
1170 2180 1212 2212 ad
1239 2190 1357 2212 curam
1382 2180 1558 2222 cogitandi
1577 2183 1621 2215 de
1638 2183 1796 2219 sontibus
1813 2189 2002 2226 doctrinae.
2055 2175 2102 2231 Ei

1115 2230 1219 2263 simul
1236 2241 1375 2263 oremus
1396 2229 1506 2264 filium
1522 2230 1607 2273 Dei,
1633 2245 1677 2267 ne
1696 2235 1787 2270 sinat
1810 2239 1965 2283 extingui
1988 2244 2100 2281 lucen,

1116 2280 1296 2313 doctrinae
1319 2291 1398 2312 suae
1422 2280 1457 2313 in
1489 2279 1543 2315 his
1567 2283 1786 2326 regionibus,
1822 2289 1908 2324 sicut
1930 2293 1974 2326 de
1998 2295 2100 2331 Petro

1115 2331 1246 2376 inquit:
1279 2329 1390 2364 Oravi
1405 2343 1469 2374 pro
1492 2339 1524 2365 te
1549 2332 1669 2376 petre,
1696 2347 1740 2370 ne
1766 2337 1848 2372 fides
1872 2347 1929 2374 tua
1955 2345 2100 2382 deficiat.

1115 2381 1203 2414 Nam
1237 2382 1390 2424 profecto
1414 2383 1707 2418 astutissimorum
1740 2395 1772 2421 et
1798 2389 2099 2431 fallacissimorum

1116 2432 1302 2476 spirituum
1327 2431 1474 2465 insidiae
1496 2434 1568 2467 sola
1586 2432 1737 2470 humana
1757 2439 1936 2482 diligentia
1957 2458 2025 2479 nou
2049 2461 2100 2481 sa-

1117 2483 1159 2516 tis
1183 2482 1297 2515 caveri
1324 2490 1479 2526 possunt.
1546 2484 1614 2519 Sed
1641 2487 1788 2523 affirmat
1819 2491 1910 2526 filius
1940 2493 2003 2528 Dei
2030 2510 2100 2533 sose

1117 2533 1219 2566 uobis
1243 2532 1436 2566 affuturum
1465 2546 1556 2575 esse,
1597 2544 1630 2570 et
1662 2539 1936 2581 gubernaturum
1969 2557 2099 2583 ments-s

1087 2575 1090 2643 l
1118 2590 1271 2621 nostras,
1299 2592 1331 2618 vt
1356 2584 1501 2618 consilia
1521 2585 1656 2630 Spiritu
1682 2598 1800 2624 sancto
1820 2605 1858 2624 ex
1878 2605 1940 2626 suo
1965 2607 2100 2639 pum-tore

177 2635 267 2670 Cum
293 2635 400 2679 igitur
415 2634 511 2668 Deus
535 2646 596 2667 vos
622 2636 665 2667 ad
691 2635 925 2668 ministerium
945 2633 1064 2669 Evan-
1087 2649 1090 2675 ς
1118 2636 1153 2667 ἱιι
1171 2645 1234 2666 nos
1250 2634 1379 2674 effuso,
1406 2635 1467 2680 qui
1484 2636 1529 2670 sit
1545 2638 1672 2672 ductor
1692 2641 1735 2674 ad
1752 2653 1889 2675 omnem
1911 2647 2088 2684 veritatem

77 2686 157 2732 getii
173 2687 359 2725 vocaverit,
387 2692 598 2719 mementote
617 2683 841 2720 hocdictum:
870 2684 968 2720 Pono
987 2699 1063 2720 ver·
1087 2677 1092 2730 l
1117 2693 1153 2719 ut
1171 2685 1244 2729 ipse
1263 2685 1388 2730 iuquit.
2092 2679 2101 2693 ’

130 2736 313 2770 Μεωςτκ.
343 2739 446 2770 Orza.
475 2739 556 2769 Vot..
586 2738 645 2769 XI.
1399 2734 1443 2769 51
