2338 2958
41 144 166 181 ’825

32 1368 34 1374 -
31 1202 45 1350 Ῑ-ω--ω
32 1141 37 1180 -νᾼ
32 1050 38 1121 -‘-*--
30 798 47 1027 --—·7-2v.-—ffl⁷-:
32 766 34 769 ·

32 1932 37 1942 v
31 1814 37 1907 *0-
31 1762 39 1790 -e
31 1641 39 1737 *es-⁴

34 2156 35 2160 ¹
77 2161 297 2204 agnoscenda
313 2167 385 2201 est,
414 2167 452 2194 ut
469 2172 503 2194 se
521 2161 556 2193 in
574 2158 728 2194 Ecclesia
745 2160 915 2204 patefecit.

90 227 254 265 hometus
271 225 412 261 dicitur.
466 224 557 269 Quis
581 233 696 261 autem
721 239 794 260 non
818 227 954 268 doleat,
989 232 1086 260 tanto

89 279 231 324 ingenio
257 288 329 310 non
356 277 544 321 contigisse
560 277 666 312 vitam
686 278 902 321 longiorem,
930 288 1086 322 praeser—

89 331 152 365 tim
169 328 328 362 molienti
351 340 405 361 res
421 328 654 362 utilissimas?
707 327 894 363 Extinctus
916 335 965 362 est
981 328 1086 368 enim,

88 393 168 415 cum
195 379 264 412 iam
292 379 470 422 ingressus
500 387 588 413 esset
620 380 773 424 primum
804 387 836 413 et
859 378 1087 425 quadragesi-

86 443 183 465 mum
199 442 343 464 annum.
399 429 505 464 Fama
523 437 591 472 est,
623 443 798 464 venenum
823 431 854 464 ei
872 432 994 463 datum
1014 441 1085 462 esse

85 495 104 516 a
128 480 355 526 Trapezoutii
383 481 483 521 filiis,
514 481 596 526 quia
622 489 654 516 et
678 481 875 515 versionem
892 480 1083 514 Ptolemaei

85 540 281 570 taxaverat,
309 538 342 565 et
365 540 478 565 errata
504 532 541 564 in
564 533 818 566 commentario
843 539 877 566 et
892 529 1084 575 reprehen-

85 584 202 618 siones
219 580 378 616 Theonis
395 583 616 617 refutaverat.
658 582 711 617 Ac
727 583 862 626 genesis
880 594 953 615 non
968 582 1083 615 solum

85 632 266 668 hominem
287 630 524 679 βιοθάνατον
553 634 743 677 significat,
773 635 831 667 sed
856 633 959 667 etiam
985 633 1083 676 inge-

84 697 197 719 nuum
225 691 258 718 et
291 696 494 729 pugnacem.
547 684 668 728 Quare
692 684 849 718 fortassis
876 684 909 717 ei
943 684 1083 728 linguae

85 736 230 770 libertas
254 736 387 771 nocuit.
440 735 507 769 Sed
534 747 676 780 quoquo
698 736 803 769 modo
821 735 995 769 extinctus
1018 741 1081 776 est,

85 799 179 821 mors
197 787 384 820 immatura
409 786 493 827 suit,
519 798 558 819 ac
582 787 776 820 etiamnum
798 787 969 830 lugenda:
997 798 1081 830 pro-

85 845 202 883 pterea
221 838 315 883 quod
332 838 373 870 iis
393 837 578 881 operibus,
600 850 690 883 quae
706 838 776 871 iam
795 835 996 878 inchoarat,
1023 849 1082 870 ca—

84 891 235 922 rendum
252 895 313 924 est.
348 887 428 921 Non
448 890 742 932 praetereundum
761 895 810 922 est
825 895 955 929 autem,
985 889 1079 933 quod

83 940 127 973 ad
152 937 243 972 hanc
268 946 400 972 tantam
433 939 667 973 eruditionem
694 947 727 974 et
756 941 798 973 ad
823 940 909 973 alias
932 939 1081 973 virtutes

83 990 245 1024 adiunxit
263 990 426 1034 pietatem
447 1002 526 1033 erga
542 989 671 1031 Deum,
692 1003 731 1025 ac
748 998 787 1025 ut
804 1003 883 1024 vera
901 990 1081 1034 agnitione

83 1053 164 1075 eum
185 1047 218 1074 et
234 1041 458 1074 invocatione
475 1041 626 1085 coleret,
655 1054 787 1075 novum
809 1040 1079 1075 Testamentum

83 1092 260 1136 integrum
288 1090 422 1125 Graece
444 1104 504 1125 sua
530 1104 638 1125 manu
665 1092 921 1135 elegantissime
948 1092 1078 1125 descri-

83 1143 164 1188 psit,
187 1155 290 1188 quem
302 1141 468 1176 Codicem
486 1140 574 1175 mihi
591 1140 793 1176 Schouerus
811 1143 903 1177 inter
919 1143 986 1176 alia
1005 1143 1079 1176 eius

82 1200 313 1227 monumenta
351 1193 571 1227 monstravit.
624 1192 670 1227 Et
705 1200 980 1227 consentaneum
1017 1201 1078 1234 est,

81 1244 175 1279 tales'
186 1244 291 1282 viros,
310 1244 372 1289 qui
388 1244 522 1289 ubique
536 1244 679 1288 vestigia
698 1245 894 1278 divinitatis
910 1245 1077 1288 impressa

81 1307 200 1330 rerum
217 1301 365 1328 naturae
383 1295 521 1334 vident,
549 1302 581 1328 et
603 1302 747 1340 propter
771 1296 1007 1329 eruditionem
1025 1302 1078 1329 at-

82 1352 178 1380 tente
192 1346 429 1386 considerant,
454 1344 508 1379 his
526 1346 735 1380 testimoniis
750 1347 852 1380 valde
869 1346 1019 1379 moveri:
1045 1353 1078 1380 et

82 1397 194 1430 multo
211 1396 345 1429 firmius
364 1403 539 1438 statuant,
566 1395 662 1430 hunc
678 1399 852 1431 mundum
872 1398 916 1430 ab
935 1404 1076 1430 aeterna

81 1455 199 1481 mente
214 1445 491 1481 architectatrice
506 1448 688 1481 conditum
708 1460 798 1489 esse,
825 1455 858 1482 et
876 1448 1077 1491 gubernari,

81 1510 187 1544 quam
209 1498 297 1531 alios
319 1496 498 1540 homines,
524 1499 659 1532 alienos
676 1500 720 1532 ab
742 1497 808 1532 hoc
826 1499 942 1533 studio
960 1499 1071 1531 consi-

81 1549 231 1584 derandi
255 1556 323 1582 tam
343 1550 451 1583 multa
476 1557 510 1584 et
534 1550 682 1583 illustria
703 1551 845 1593 vestigia
864 1549 929 1583 Dei
954 1550 991 1582 in
1014 1562 1076 1582 na-

80 1608 171 1636 tura.
224 1598 400 1646 Equidem
431 1612 531 1644 saepe
562 1607 636 1634 toto
671 1613 819 1645 corpore
854 1599 1075 1638 cohorresco,

80 1653 175 1698 quod
201 1663 280 1684 cum
306 1658 376 1685 tam
393 1651 514 1685 multis
531 1651 743 1686 testimoniis
759 1652 940 1685 verissime
957 1658 1076 1684 osten—

79 1704 141 1737 dat
155 1703 254 1736 Deus
274 1713 309 1735 se
327 1714 435 1746 prope
457 1703 595 1746 adesse,
623 1709 655 1737 et
672 1709 901 1747 spectatorem
921 1715 959 1735 ac
982 1702 1074 1735 iudi-

79 1766 152 1788 cem
169 1765 242 1787 esse
256 1753 416 1786 omnium
436 1760 638 1787 nostrarum
656 1754 852 1788 actionum:
877 1760 994 1787 tamen
1014 1765 1073 1796 pe-

78 1811 174 1838 ctora
198 1811 318 1837 nostra
342 1804 544 1847 languidius
564 1816 644 1838 eum
669 1811 851 1844 metuunt,
878 1812 909 1838 et
931 1815 1003 1836 non
1019 1815 1074 1836 ar-

80 1857 166 1889 dent
191 1855 317 1887 fiducia
341 1854 426 1888 eius.
477 1854 628 1900 Quaqua
657 1861 690 1888 te
713 1855 820 1888 vertis
847 1855 883 1887 in
910 1852 973 1887 hac
1003 1861 1073 1887 tota

80 1918 196 1939 rerum
215 1912 359 1946 natura,
386 1905 440 1937 vel
459 1905 547 1938 coeli
563 1906 722 1948 figuram,
749 1913 866 1939 motus
882 1912 914 1938 et
930 1902 1074 1938 harmo-

81 1957 176 1990 niam
203 1968 282 1989 cum
313 1956 494 1989 elementis
516 1957 762 1995 considerans,
798 1957 851 1989 vel
877 1956 1072 1989 mirandam

78 2015 188 2042 artem
208 2008 244 2040 in
261 2007 401 2052 opificio
420 2008 529 2040 nostri
547 2007 705 2052 corporis
733 2014 766 2040 et
794 2014 907 2041 terrae
929 2008 1074 2040 foecun-

78 2059 223 2093 ditatem
243 2058 408 2101 intuens,
433 2059 520 2091 ordo
546 2059 581 2091 in
602 2059 770 2091 omnibus
793 2059 898 2092 rebus
921 2058 1072 2091 clamitat

79 2122 152 2144 esse
177 2116 329 2142 mentem
352 2117 529 2144 aeternam
551 2106 875 2145 architectatricem.
927 2107 972 2143 Et
990 2106 1073 2142 haec

965 2159 1070 2203 Quod

78 2224 157 2246 cum
180 2212 301 2245 fecerit
325 2210 648 2255 Regiomontauus‚
675 2223 770 2245 nunc
797 2223 875 2244 eum
896 2210 1073 2245 existime-

77 2274 156 2296 mus
183 2269 215 2295 et
239 2262 275 2295 in
303 2262 379 2306 ipso
401 2261 477 2296 Deo
503 2275 646 2296 cernere
670 2263 785 2296 ideam
810 2262 916 2296 totius
934 2263 1072 2303 mundi,

77 2320 112 2347 et
129 2324 259 2352 causas,
286 2310 354 2346 hoc
370 2314 476 2347 modo
492 2314 612 2347 omnia
629 2313 770 2347 condita
787 2313 875 2347 sint:
904 2320 937 2347 et
955 2325 1069 2347 coram

77 2363 230 2408 aspicere
261 2363 421 2398 coelestia
451 2376 618 2409 corpora,
652 2371 682 2399 et
707 2376 809 2407 saepe
842 2376 921 2398 cum
951 2364 1072 2408 primis

76 2415 235 2460 patribus
261 2415 304 2448 de
329 2415 536 2449 inventione
563 2413 686 2449 harum
712 2416 840 2450 artium
858 2422 892 2449 et
915 2415 1070 2459 ipsorum

76 2465 401 2506 observationibus,
427 2473 596 2512 tanquam
620 2463 917 2513 συμφιλοσόφοις
940 2466 1072 2500 dulcis-

75 2517 163 2551 sime
179 2517 355 2562 colloqui,
378 2523 411 2551 et
429 2516 541 2551 Deum
556 2524 714 2552 autorem
733 2518 919 2553 celebrare.

176 2566 435 2602 Bibliothecam
466 2581 550 2602 vero
581 2567 857 2612 Regiomontani
883 2567 1070 2602 vvalterns

76 2618 138 2651 ille
161 2619 247 2651 civis
263 2619 549 2663 Noribergensis,
577 2621 619 2653 de
637 2632 707 2665 quo
733 2627 834 2653 antea
852 2620 943 2661 dixi,
969 2621 1070 2653 rede-

75 2668 159 2710 mit,
186 2681 256 2715 quo
279 2677 420 2705 mortuo
448 2679 590 2706 senatus
615 2671 792 2704 adservari
818 2671 985 2716 reliquias
1007 2683 1068 2704 cu-

75 2720 183 2755 ravit:
211 2732 251 2754 ex
268 2721 397 2766 quibus
420 2723 475 2756 vir
493 2722 717 2757 doctissimus
734 2719 936 2757 Schonerus
960 2735 1067 2768 quae—

702 139 862 176 DECL.
902 139 978 176 DE
1011 139 1157 175 VITA
1188 137 1549 176 AVICENNAE.

2059 145 2132 181 826

1140 228 1219 260 dam
1238 226 1338 260 utilia
1356 226 1482 271 scripta
1501 225 1622 261 edidit.
1677 225 1746 262 Sed
1764 226 1866 272 plura
1881 227 1949 261 alia
1973 235 2006 262 et
2030 230 2134 275 longe

1139 277 1281 311 utiliora
1301 275 1508 311 haberemus
1519 304 1527 319 ,
1553 277 1622 311 nisi
1638 277 1730 312 tristi
1744 278 1815 313 fato
1832 285 1936 313 autor
1951 286 2032 314 ante
2045 287 2133 315 tem-

1139 339 1204 372 pus
1222 328 1396 362 extinctus
1417 334 1516 364 esset.

1240 378 1417 413 Recensui
1449 379 1604 413 breviter
1628 375 1813 413 historiam
1843 380 2037 415 doctissimi
2064 381 2132 416 viri

1139 428 1433 473 Regiomontani,
1468 441 1573 474 quam
1598 432 1740 474 prodest
1762 438 1881 465 uotam
1905 443 1978 466 esse
1995 430 2133 467 schola-

1137 480 1243 514 sticis,
1287 478 1365 513 Etsi
1385 479 1479 512 enim
1495 481 1705 523 praestantia
1722 489 1868 516 naturae
1888 483 2069 517 transferri
2087 485 2132 518 ad

1136 531 1224 564 alios
1241 542 1314 564 non
1330 537 1462 574 potest,
1488 537 1605 564 tamen
1622 531 1839 566 voluntatem
1859 542 1891 567 et
1907 534 2130 569 sedulitatem

1136 582 1256 627 aliquo
1273 582 1381 615 modo
1399 581 1530 615 imitari
1545 582 1606 615 alii
1627 589 1783 626 possunt.
1837 582 1997 618 Primum
2015 593 2131 620 autem

1136 633 1174 666 in
1191 631 1296 667 huius
1319 630 1486 666 historiae
1511 633 1722 677 cogitatione
1739 632 1815 667 Deo
1835 635 1963 677 gratias
1977 647 2131 679 agamus,

1135 683 1358 718 conservanti
1374 690 1484 725 artes,
1511 690 1544 717 et
1561 684 1725 718 excitanti
1744 684 1862 730 aliqua
1880 685 1972 719 hona
1990 687 2131 730 ingenia

1134 736 1177 768 ad
1202 747 1258 768 eas
1275 735 1460 769 discendas
1487 740 1521 768 et
1544 735 1789 769 illustrandas:
1816 743 1849 769 et
1873 748 1953 770 eum
1976 749 2129 779 oremus,

1134 799 1176 819 ne
1193 798 1287 820 nuuc
1302 786 1458 830 extingui
1477 786 1556 819 talia
1575 787 1691 820 studia
1709 787 1811 823 sinat.
1864 786 2002 821 Deinde
2018 789 2129 833 ipsius

1132 838 1238 871 etiam
1263 836 1539 881 Regiomontani
1564 838 1772 871 memoriam
1796 838 1885 882 grati
1904 839 2129 881 celebremus,

1134 895 1165 922 et
1183 889 1257 921 eius
1272 888 1432 922 doctrina
1456 888 1526 922 frui
1543 890 1756 924 studeamus.
1812 888 1996 923 Imitemur
2011 890 2130 931 etiam,

1132 947 1304 984 quantum
1342 940 1546 983 possumus,
1586 939 1662 973 eius
1694 940 1809 973 studia
1839 947 1870 973 et
1898 941 2130 982 sedulitatem,

1132 991 1285 1036 denique
1301 988 1362 1023 has
1378 991 1470 1034 ipsas
1486 997 1596 1029 artes,
1624 1002 1711 1036 quas
1728 991 1938 1032 illustravit,
1972 1003 2129 1026 amemus

1131 1048 1163 1075 et
1181 1041 1480 1085 magnifaciamus.
1523 1039 1647 1086 Neque
1663 1048 1723 1075 aut
1742 1041 1802 1074 illa
1819 1042 1979 1075 miranda
1997 1049 2129 1087 specta-

1131 1092 1207 1125 cula
1235 1099 1395 1125 motuum
1420 1091 1624 1125 coelestium
1650 1092 1781 1125 frustra
1806 1093 1917 1126 oculis
1942 1090 2129 1127 hominum

1130 1143 1309 1188 proposita
1328 1154 1412 1181 esse,
1441 1150 1500 1177 aut
1519 1142 1717 1176 doctrinam
1736 1143 1899 1177 inutilem
1920 1155 1992 1177 esse
2011 1144 2129 1178 existi-

1130 1206 1284 1227 memus:
1318 1195 1378 1227 sed
1407 1205 1486 1227 vere
1509 1193 1678 1235 sciamus,
1708 1201 1741 1227 et
1767 1195 1930 1227 ordinem
1954 1201 2129 1232 motuum,

1130 1252 1163 1278 et
1191 1245 1389 1279 doctrinam
1419 1244 1549 1288 ipsam,
1593 1245 1950 1279 commonefactiones
1981 1257 2052 1279 esse
2085 1248 2129 1280 de

1129 1294 1223 1337 Deo,
1251 1303 1284 1329 et
1306 1295 1503 1329 doctrinam
1529 1295 1650 1329 multis
1675 1296 1789 1328 modis
1815 1297 1980 1340 prodesse
2008 1294 2128 1330 homi-

1129 1359 1216 1380 uum
1242 1347 1354 1387 vitae,
1392 1347 1486 1391 quod
1518 1346 1556 1379 in
1584 1346 1760 1388 numeris,
1794 1346 1830 1379 in
1856 1347 2054 1388 metiendo,
2090 1348 2127 1381 in

1129 1398 1214 1430 anni
1236 1398 1373 1431 ratione
1401 1404 1433 1431 et
1459 1397 1660 1441 cognitione
1686 1397 1773 1432 situs
1802 1398 1986 1441 regionum
2010 1399 2128 1432 mani-

1129 1449 1214 1482 feste
1231 1455 1386 1493 apparet.
1440 1446 1535 1483 Dixi.

1129 1597 1194 1632 No.
1217 1596 1300 1632 104.

1370 1688 1445 1729 De
1475 1688 1572 1728 vita
1601 1687 1883 1732 Anicennae.

1198 1767 1226 1792 ln
1243 1766 1333 1793 select.
1347 1766 1426 1792 Decl.
1439 1766 1472 1791 T.
1489 1766 1535 1793 ΙΙΙ.
1556 1776 1581 1801 p.
1591 1767 1642 1793 378
1651 1776 1728 1801 sqq.,
1750 1767 1866 1795 Servest.
1890 1769 1922 1794 T.
1939 1768 1986 1794 ΙΙΙ.
2008 1778 2033 1803 p.
2051 1768 2125 1802 359.‚

1231 1801 1258 1827 iu
1278 1801 1310 1826 T.
1325 1801 1371 1827 ΙΙΙ.
1392 1801 1501 1827 Erford.
1523 1801 1562 1827 lit.
1577 1802 1598 1832 l,
1618 1802 1642 1827 5.
1664 1806 1689 1827 et
1709 1802 1780 1836 apud
1800 1803 1928 1830 Richard.
1945 1802 1976 1829 T.
1987 1802 2006 1829 Ι.
2028 1812 2054 1837 ρ.
2065 1803 2124 1831 567.

1127 1884 1255 1917 Oratio
1284 1880 1331 1916 de
1358 1884 1437 1916 vita
1467 1882 1759 1926 Avicennae,
1803 1893 1827 1917 α
1852 1884 1963 1918 Doct.
1991 1881 2123 1918 Iacobo

1440 1932 1611 1967 Milichio
1640 1935 1812 1968 recitata.

1128 2000 1305 2042 Universa
1323 2003 1407 2039 haec
1430 2018 1547 2039 rerum
1568 2013 1693 2040 natura
1719 2007 1922 2041 mirandum
1947 2006 2121 2042 theatrum

1126 2065 1194 2098 est,
1221 2057 1258 2090 in
1278 2070 1348 2103 quo
1365 2068 1400 2090 se
1416 2056 1512 2090 Deus
1528 2058 1702 2102 conspici,
1729 2065 1762 2092 et
1784 2071 1941 2103 expressa
1965 2060 2122 2093 testimo-

1126 2109 1184 2142 nia
1208 2119 1289 2142 suae
1315 2108 1548 2153 praesentiae,
1580 2109 1792 2153 sapientiae,
1821 2110 2010 2151 bonitatis,
2037 2123 2122 2144 con-

1125 2159 1272 2193 siderari
1299 2159 1423 2193 voluit.
1486 2158 1566 2192 ldeo
1592 2166 1723 2194 tantam
1749 2161 1952 2195 varietatem
1977 2162 2061 2195 artis
2083 2161 2119 2195 in

1125 2211 1403 2251 constructione,
1440 2210 1689 2251 collocatione,
1724 2211 1862 2254 figuris,
1896 2213 2051 2246 motibus
2087 2219 2121 2247 et

1125 2262 1279 2305 viribus,
1306 2259 1518 2295 architectus
1534 2261 1724 2295 immensae
1739 2263 1930 2307 sapientiae
1945 2261 2121 2305 adhibuit,

1125 2321 1163 2347 ut
1186 2312 1287 2347 fateri
1316 2318 1524 2356 cogerentur
1549 2309 1725 2346 humanae
1752 2320 1905 2352 mentes,
1943 2311 2009 2348 hoc
2040 2316 2117 2359 pul-

1124 2362 1338 2398 cherrimum
1354 2363 1533 2407 opificium
1550 2375 1621 2396 non
1641 2375 1720 2396 casu
1742 2365 1932 2398 conflatum
1952 2377 2035 2406 esse,
2059 2367 2119 2399 sed

1125 2428 1204 2449 vere
1231 2426 1303 2448 esse
1327 2421 1480 2448 mentem
1507 2411 1836 2449 architectatricem:
1865 2422 1899 2450 et
1920 2416 2117 2450 firmissima

1123 2466 1333 2499 adsensione
1357 2471 1566 2504 statuerent,
1603 2463 1685 2499 huic
1710 2467 1819 2501 menti
1846 2464 2115 2501 architectatrici

1123 2524 1285 2563 oportere
1304 2514 1467 2549 homines
1483 2515 1657 2550 subiectos
1675 2528 1766 2559 esse,
1792 2524 1826 2552 et
1849 2529 1962 2551 mores
1988 2518 2115 2551 nostris

1122 2579 1315 2611 congruere
1343 2574 1504 2611 oportere
1538 2568 1581 2600 ad
1611 2568 1707 2601 illam
1738 2575 1914 2602 aeternam
1944 2580 2115 2606 normam,

1122 2632 1210 2665 quae
1226 2626 1275 2653 est
1293 2619 1328 2651 in
1348 2619 1423 2662 ipso
1440 2618 1635 2659 conditore,
1662 2620 1722 2664 qui
1741 2632 1822 2653 suae
1841 2619 1926 2653 lucis
1945 2619 2060 2651 radios
2078 2619 2114 2651 in

1122 2683 1185 2704 nos
1207 2670 1414 2710 transfudit,
1439 2676 1471 2704 et
1494 2670 1607 2713 ipsum
1635 2671 1854 2705 conditorem
1881 2669 1972 2702 veris
1998 2669 2113 2703 laudi—

1124 2723 1188 2755 bus
1209 2722 1459 2756 celebrandum
1481 2732 1566 2754 esse.
