2338 2958
89 117 163 153 157

89 211 123 238 et
152 215 214 248 ego
238 203 280 236 ad
304 207 337 235 te
362 202 580 236 adolescens:
623 204 708 237 novi
734 210 849 237 autem
877 211 951 238 tum
976 215 1082 247 gene-
1106 207 1109 250 ξ

89 266 186 289 10505
214 259 374 298 parentes
397 259 496 295 tuos,
529 261 561 287 et
584 254 742 287 indolem
768 255 1080 312 educationemque
1106 263 1107 311 3

88 313 194 341 tuam.
261 303 357 338 Haec
382 301 469 337 mihi
494 317 589 349 spem
612 305 766 346 faciunt,
793 306 886 346 fore,
911 312 949 338 111
975 305 1003 338 si
1027 317 1080 337 me
1105 330 1107 343 ,

88 362 226 390 secutus
248 354 379 394 fueris,
410 367 554 399 magnas
578 363 611 390 et
637 354 798 390 1101185135
821 368 875 389 185
900 368 1014 399 geras,
1049 363 1081 389 et

85 419 142 440 me
165 406 280 440 multo
303 405 489 439 clariorem
514 408 606 451 apud
632 405 791 440 homines
815 407 955 443 efficias.
1008 407 1080 440 Nec
1104 358 1107 443 1

86 458 190 501 longa
209 463 243 491 te
260 456 496 502 praefatione,
520 470 609 503 quae
628 459 671 491 ad
689 457 905 502 voluptatem
923 458 1006 501 fingi
1023 470 1080 491 so—
1104 449 1107 491 Ῐ

86 509 146 550 181,
175 509 350 549 morabor,
372 509 430 541 sed
451 508 657 552 simpliciter
673 509 707 541 id
723 510 817 554 quod
831 521 884 542 res
896 515 956 550 est,
980 521 1080 542 vere—

83 572 153 605 que
168 560 332 599 narrabo,
359 560 454 604 quod
472 558 530 592 Dii
548 560 820 594 constituerunt.
874 559 979 593 Nulla
997 571 1078 593 vera
1103 578 1106 591 0

84 611 192 651 bona,
221 611 296 644 sine
309 610 430 643 labore
441 622 593 655 curaque
604 611 813 644 mortalibus
824 609 882 643 Dii
894 611 958 643 ded
965 619 1078 645 erunt.

83 660 154 696 Sed
172 660 347 695 siveDeos
361 661 425 695 tibi
446 661 496 693 vis
513 672 585 693 esse
595 661 783 705 propicios‚
809 661 968 706 placandi
981 668 1077 695 sunt:
1103 675 1105 703 3

83 712 157 746 sive
180 713 224 746 ab
241 712 320 745 aliis
335 711 434 754 diligi
455 712 523 751 vis,
550 712 727 745 beneficiis
745 712 961 756 adiungendi
979 719 1078 746 sunt:

84 764 156 797 sive
181 761 316 796 honore
337 762 437 795 adfici
460 774 478 795 a
499 762 636 795 civibus
654 763 769 807 cupis,
796 764 885 797 bene
901 764 1029 796 mereri
1047 770 1078 796 te

82 815 127 848 de
157 814 268 859 patria
299 819 453 857 oportet:
488 814 560 846 sive
591 813 644 846 vis
675 814 710 846 in
741 815 978 848 admiratione
1007 826 1105 864 esse,

83 866 177 910 apud
209 876 330 898 omnes
355 863 526 904 Graecos,
561 865 752 898 benefactis
783 866 817 898 id
847 873 879 899 te
911 865 1076 910 consequi

83 922 239 961 oportet:
268 916 342 948 sive
359 915 409 947 vis
424 922 461 948 ut
481 922 571 948 terra
590 916 701 959 pariat
718 916 782 949 tibi
799 917 934 960 fruges,
958 916 1077 949 colen-

83 969 127 1001 da
151 974 217 1001 est:
247 966 320 1000 sive
336 978 376 998 ex
392 967 586 1010 pecudibus
603 967 770 1000 ditescere
787 968 858 1007 vis,
885 968 1078 1011 pascendae

83 1026 181 1052 sunt:
210 1017 293 1051 Sive
315 1017 409 1051 bello
432 1029 514 1060 opes
532 1024 607 1050 tuas
625 1029 751 1060 augere
767 1018 949 1059 voles„,ut
966 1018 1078 1050 socios

82 1069 121 1102 in
148 1069 346 1102 libertatem
372 1068 528 1107 adseras,
564 1075 596 1101 et
623 1068 787 1101 inimicos
811 1069 847 1101 in
873 1069 1076 1102 servitutem

82 1120 239 1163 redigas,
266 1119 350 1152 belli
374 1125 463 1151 artes
487 1118 673 1152 discendae
696 1127 778 1152 sunt
800 1120 844 1152 ab
868 1117 923 1152 bis
941 1119 1001 1164 qui
1023 1131 1077 1152 eas

81 1175 235 1210 norunt,
260 1176 295 1214 et
317 1169 548 1207 exercendae,
576 1176 615 1202 ut
636 1171 816 1214 quomodo
841 1170 889 1203 eis
904 1171 1076 1204 utendum

81 1221 146 1262 sit,
173 1220 277 1253 scias:
308 1218 346 1253 Si
364 1220 474 1252 robur
491 1220 649 1264 corporis
665 1221 717 1252 vis
737 1221 964 1261 confirmare,
992 1233 1077 1253 con-

81 1271 345 1308 suefaciendum
368 1276 436 1311 est,
468 1277 506 1303 ut
529 1271 659 1304 rationi
682 1272 840 1310 obediat,
867 1279 1076 1305 8181181880-

79 1324 165 1356 dum
187 1333 314 1364 magno
332 1321 451 1354 labore
465 1333 504 1354 ac
520 1323 659 1356 sudore.
715 1321 820 1364 Quod
838 1335 915 1355 811111
934 1323 1077 1355 dixisset

79 1373 223 1410 Virtus,
250 1372 454 1415 interpellat
474 1383 548 1404 eam
566 1371 728 1414 Ignavia,
759 1373 940 1417 inquiens:
969 1373 1076 1405 Vides

80 1423 269 1460 Hercules,
293 1434 398 1467 quam
421 1433 578 1466 asperam
596 1429 629 1456 et
644 1423 785 1465 longam
803 1424 894 1456 viam
914 1424 955 1456 ad
974 1423 1076 1455 foeli-

80 1475 219 1510 citatem
255 1471 340 1506 hae'c
371 1473 434 1506 tibi
465 1473 594 1505 mulier
615 1475 795 1514 ostendat,
831 1486 901 1518 quo
926 1485 988 1516 ego
1010 1474 1074 1506 tibi

79 1524 380 1569 compendiariam
399 1530 431 1556 et
449 1523 590 1567 planam
609 1524 700 1556 viam
721 1524 925 1558 monstravi.
981 1523 1074 1557 Tum

80 1576 218 1610 Virtus:
253 1572 288 1608 Ο
316 1574 461 1613 11115813,
488 1574 544 1606 dic
569 1574 732 1619 nunquid
758 1572 886 1607 habeas
911 1574 1014 1615 boni,
1043 1581 1073 1607 et

79 1626 243 1672 nunquid
269 1636 374 1658 suave
397 1636 555 1669 unquam
574 1625 798 1668 cognoveris,
828 1637 916 1670 quae
933 1625 1072 1659 nullum

79 1679 236 1713 laborem
259 1676 313 1709 vis
335 1676 480 1709 illorum
496 1677 826 1721 consequendorum
843 1688 943 1710 causa
964 1676 1074 1710 susci-

78 1740 171 1775 pere.
223 1725 270 1761 Et
285 1738 330 1759 ne
345 1726 488 1772 quidem
507 1733 663 1771 expectas
680 1727 840 1772 naturale
859 1728 1072 1760 desiderium

77 1780 240 1815 suavium
255 1790 373 1811 rerum
387 1805 395 1817 ‚
423 1778 482 1811 sed
501 1784 689 1823 antequam
709 1785 833 1811 natura
853 1784 990 1822 expetat
1008 1789 1074 1818 eas,

79 1831 207 1875 imples
237 1835 342 1873 atque
373 1828 495 1861 obruis
523 1835 575 1869 te,
613 1829 686 1862 edis
716 1829 922 1873 priusquam
953 1829 1074 1869 esuris,

79 1880 176 1916 bibis
206 1886 392 1924 antequam
421 1879 516 1919 sitis,
550 1879 777 1913 condimenta
801 1879 897 1913 varia
923 1880 966 1912 ad
993 1880 1073 1912 irri-

81 1932 226 1967 tandam
251 1929 378 1962 famem
404 1929 592 1972 excogitas,
619 1930 701 1962 vina
720 1930 895 1973 preciosa,
921 1937 959 1964 ut
975 1931 1071 1963 invi-

78 1991 132 2018 tes
160 1981 274 2020 sitim,
309 1992 509 2023 comparas,
544 1980 581 2013 in
613 1987 740 2014 aestate
773 1980 889 2013 nivem
925 1982 1073 2026 quaeris.

77 2032 126 2069 Et
146 2039 186 2067 ut
206 2031 363 2065 suaviter
383 2031 555 2072 dormias,
582 2043 655 2064 non
679 2031 785 2064 modo
809 2032 930 2065 mollia
955 2039 1073 2073 strata,

77 2085 138 2120 sed
154 2083 258 2117 etiam
276 2082 383 2116 lectos
397 2082 500 2122 sacis,
527 2094 690 2116 somnum
706 2082 799 2115 enim
815 2083 975 2124 accersis,
999 2096 1071 2116 non

76 2143 118 2171 ut
137 2147 201 2180 per
223 2133 354 2167 laboris
378 2133 564 2166 intervalla
589 2134 760 2178 quiescas,
787 2134 846 2166 sed
870 2133 988 2179 inopia
1008 2146 1070 2167 ne-

80 2185 172 2231 gocii
199 2185 273 2218 sine
305 2184 441 2229 pudore
471 2195 509 2217 ac
537 2184 651 2227 legum
676 2191 771 2218 metu
793 2185 904 2218 amori
928 2197 1069 2229 operam

79 2240 153 2276 das,
181 2242 282 2269 nocte
300 2235 465 2275 abuteris,
494 2242 526 2268 et
539 2235 709 2279 optimam
722 2235 789 2268 diei
804 2243 935 2279 partem
948 2248 1070 2269 somno

79 2287 210 2334 perdis,
262 2283 309 2319 Et
332 2298 410 2319 cum
428 2284 539 2319 Deam
562 2293 595 2320 te
620 2298 692 2319 esse
715 2286 895 2329 glorieris,
921 2299 960 2320 ex
976 2285 1068 2320 Deo-

79 2351 159 2374 rum
183 2349 331 2371 numero
354 2336 459 2370 eiecta
484 2348 540 2377 85,
567 2344 801 2381 aspernantur
825 2344 858 2370 te
883 2344 915 2371 et
932 2336 1068 2371 honesti

78 2389 254 2425 homines.
313 2386 434 2432 Neque
465 2400 623 2433 unquam
647 2388 893 2422 suavissimum
918 2401 1069 2429 carmen,

77 2449 156 2477 tuas
180 2440 301 2473 laudes
323 2438 502 2473 audivisti.
560 2437 608 2472 Et
633 2437 912 2484 pulcherrimum
936 2447 1069 2483 specta-

79 2492 197 2527 culum
227 2501 409 2535 nunquam
441 2489 578 2523 vidisti:
614 2491 753 2524 nullum
786 2491 878 2523 enim
911 2503 1067 2536 unquam

78 2549 171 2577 recte
198 2542 329 2575 factum
354 2547 453 2575 tuum
479 2541 649 2584 spectasti.
704 2540 795 2584 Quis
819 2542 883 2575 tibi
910 2542 1066 2586 improba

79 2592 221 2628 credet?
251 2592 331 2637 quis
363 2591 476 2634 egenti
505 2591 604 2625 dabit
632 2591 792 2636 aliquid?
844 2592 935 2635 Quis
965 2604 1068 2626 sanae

76 2643 205 2679 mentis
228 2642 264 2675 in
287 2649 348 2676 tuo
371 2640 480 2676 choro
504 2654 575 2676 esse
599 2641 708 2676 velit?
747 2643 809 2677 ubi
833 2643 977 2678 iuvenes
1000 2644 1067 2676 im-

77 2695 196 2730 becilli
225 2705 372 2738 corpore
395 2699 497 2733 sunt,
532 2705 630 2727 senes
653 2693 760 2735 fatui,
793 2695 853 2739 qni
878 2707 956 2729 cum
981 2696 1068 2729 ado-
1092 2728 1095 2731 Α

592 115 755 153 DECL.
790 116 864 153 DE
896 116 1174 153 ENCOMIO
1211 117 1629 155 FORMICARUM.

2057 121 2128 157 158

1135 204 1334 236 lescentiam
1360 204 1397 237 in
1421 206 1498 238 ocio
1523 207 1759 250 perdiderint,
1784 214 1998 242 senectutem
2020 208 2128 241 mise-

1134 266 1208 287 ram
1233 261 1266 288 et
1289 255 1525 289 calamitosam
1550 265 1668 301 agunt.
1723 257 1827 292 Tunc
1850 265 1883 292 et
1904 260 2013 303 pudet
2029 266 2126 293 ante-

1134 312 1227 338 actae
1252 305 1363 346 vitae,
1395 313 1427 339 et
1449 307 1541 350 piget
1564 309 1717 352 primum
1743 321 1909 354 quaerere
1933 310 2127 343 necessaria

1133 356 1239 389 aetati
1258 357 1427 391 subsidia.
1482 357 1610 391 Suavia
1637 360 1672 392 in
1694 361 1927 394 adolescentia
1943 367 2022 394 ante
2039 367 2127 393 tem-

1134 419 1198 451 pus
1223 414 1528 451 praecerpserunt,
1556 409 1711 443 laborem
1737 418 1769 444 et
1790 423 1975 445 aerumnas
1995 411 2031 444 in
2050 423 2125 444 eam

1133 465 1278 491 aetatem
1305 458 1530 492 distulerunt.
1583 458 1658 503 Ego
1680 473 1762 494 vero
1783 463 1875 506 apud
1893 461 1986 496 Deos
2006 474 2127 496 versor

1133 515 1166 542 et
1182 510 1274 552 apud
1294 506 1460 542 honestos
1477 507 1648 544 homines.
1702 511 1849 545 Nullum
1867 511 2054 547 honestum
2072 514 2124 546 sa-

1133 560 1234 592 cinus
1259 571 1372 605 neque
1397 560 1455 593 Dii
1481 573 1594 606 neque
1619 559 1780 595 homines
1806 564 1879 596 sine
1902 576 1958 597 me
1981 564 2126 601 faciunt,

1134 611 1282 655 ideoque
1314 623 1369 643 me
1404 618 1435 644 et
1462 609 1521 644 Dii
1548 619 1581 646 et
1605 610 1766 646 homines
1789 611 1924 646 11011018
1947 615 2125 648 adficiunt.

1135 660 1242 694 Grata
1263 673 1339 693 sum
1359 662 1566 706 opitulatrix
1585 664 1777 701 artificum,
1806 665 1873 697 fida
1892 671 2005 698 custos
2023 665 2126 697 fami-

1134 712 1199 745 liae
1216 712 1460 751 dominorum,
1488 714 1657 747 benevola
1674 715 1824 747 adiutrix
1842 727 2021 748 servorum
2034 742 2043 756 ,
2069 716 2126 748 iu—

1133 764 1249 797 cunda
1273 775 1388 796 comes
1408 764 1570 797 laborum
1590 765 1626 797 in
1645 777 1746 808 pace,
1771 766 1869 798 firma
1886 767 2125 810 periculorum

1134 815 1168 847 in
1194 814 1286 847 bello
1310 815 1526 856 auxiliatrix,
1561 816 1694 860 optima
1720 816 1892 849 amicitiae
1915 817 2019 850 socia.
2079 815 2126 850 Et

1133 866 1199 897 mei
1232 865 1335 897 amici
1369 877 1492 898 suaves
1524 867 1722 910 voluptates
1747 867 1823 900 sine
1847 868 1988 900 fastidio
2012 868 2127 911 perci-

1131 916 1236 959 piunt
1264 928 1304 948 ex
1334 915 1413 949 cibo
1446 924 1479 950 et
1508 924 1613 961 potu,
1650 925 1833 962 expectant
1864 919 1957 950 enim
1982 918 2126 951 illorum

1132 967 1291 1000 naturale
1321 967 1548 1002 desiderium.
1602 967 1756 1002 Somnus
1785 969 1889 1001 etiam
1916 969 2057 1002 suavior
2079 969 2127 1000 eis

1131 1024 1181 1051 est
1206 1029 1311 1062 quam
1333 1018 1479 1059 ociosis,
1507 1031 1610 1063 quem
1636 1020 1740 1052 etiam
1759 1032 1836 1052 cum
1855 1031 1942 1063 opus
1959 1026 2026 1060 est,
2053 1019 2126 1052 sine

1133 1069 1290 1102 molestia
1314 1069 1551 1112 abrumpunt,
1579 1081 1642 1103 1188
1660 1077 1803 1114 propter
1821 1068 1915 1103 1111118
1933 1069 2126 1103 necessaria

1132 1119 1382 1154 intermittunt.
1425 1118 1470 1153 Et
1486 1121 1629 1154 iuvenes
1643 1133 1765 1154 senum
1782 1122 1946 1154 laudibus
1962 1122 2127 1165 gaudent,

1131 1177 1163 1203 et
1181 1182 1279 1202 senes
1296 1171 1515 1204 delectantur
1532 1171 1699 1205 iuvenum
1716 1170 1912 1205 honoribus
1924 1199 1932 1212 ,
1961 1179 1993 1205 et
2012 1172 2126 1205 incre-

1131 1222 1233 1253 dibili
1260 1221 1439 1265 voluptate
1458 1234 1575 1255 rerum
1595 1235 1611 1255 a
1632 1235 1666 1256 se
1683 1230 1856 1266 gestarum
1875 1223 2125 1256 meminerunt.

1129 1270 1175 1305 Et
1208 1272 1282 1304 51118
1306 1273 1512 1306 difficultate
1538 1281 1735 1317 praesentes
1759 1275 1896 1307 labores
1923 1274 2126 1314 conficiunt,

1132 1335 1192 1366 per
1223 1335 1276 1355 1118
1303 1321 1380 1355 Ι)115
1412 1321 1531 1364 chari,
1565 1325 1707 1363 amicis,
1743 1322 1838 1357 chari
1867 1325 2010 1368 patriae.
2076 1322 2124 1357 Et

1130 1385 1208 1405 cum
1229 1385 1267 1404 ex
1283 1370 1348 1405 hac
1366 1373 1436 1406 vita
1453 1374 1705 1407 discedendum
1724 1382 1790 1415 est,
1818 1387 1889 1408 non
1907 1375 2048 1408 obscuri
2065 1381 2125 1407 aut

1131 1423 1239 1465 ignoti
1261 1423 1394 1462 iacent,
1424 1425 1482 1457 sed
1505 1425 1625 1458 laudes
1645 1437 1764 1458 eorum
1786 1432 1954 1469 perpetuo
1972 1439 1988 1458 a
2007 1432 2124 1469 poste—

1130 1474 1176 1505 ris
1192 1473 1451 1516 praedicantur.
1505 1473 1600 1508 Haec
1616 1475 1680 1509 tibi
1696 1490 1716 1509 o
1735 1476 1784 1508 fili
1804 1478 1979 1509 bonorum
1996 1488 2124 1520 paren-

1129 1531 1202 1556 tum
1232 1522 1401 1556 Ilercules
1434 1524 1658 1568 contingent,
1691 1534 1723 1559 et
1756 1539 1873 1559 veram
1899 1527 2124 1560 foelicitatem

1129 1574 1360 1618 stabilemque
1387 1574 1433 1607 ita
1460 1577 1703 1621 consequeris,
1732 1577 1759 1609 51
1787 1577 1942 1610 laborem
1967 1590 2040 1610 non
2063 1579 2124 1610 de-

1129 1625 1249 1668 fugies.
1304 1625 1362 1659 Sic
1388 1626 1500 1658 virtus
1526 1627 1618 1670 apud
1638 1625 1911 1671 Xenophontem
1936 1629 2123 1661 conciona-

1128 1683 1202 1716 tur,
1230 1683 1264 1709 et
1284 1677 1324 1709 ad
1346 1676 1483 1710 labores
1501 1677 1759 1721 suscipiendos,
1781 1691 1852 1711 non
1875 1686 2010 1712 tantum
2030 1678 2123 1712 Her-

1128 1727 1260 1767 culem,
1289 1728 1348 1760 sed
1367 1740 1488 1761 omnes
1508 1728 1762 1770 adolescentes,
1790 1729 1970 1763 verissima
1988 1730 2122 1774 gravis—

1128 1778 1284 1822 simaque
1309 1790 1393 1811 voce
1418 1776 1592 1814 bortatur.
1653 1779 1732 1822 Qua
1757 1781 1913 1824 oportuit
1940 1793 2040 1814 aures
2064 1793 2124 1814 ve-

1127 1836 1214 1862 stras
1232 1829 1392 1874 undique
1408 1829 1681 1870 circumsonare,
1706 1838 1738 1864 et
1754 1831 1882 1864 inertes
1892 1831 2030 1864 animos
2042 1838 2121 1865 tan-

1127 1892 1230 1925 quam
1255 1879 1397 1912 classico
1423 1881 1619 1915 exuscitari.
1675 1880 1792 1926 Atque
1811 1879 1902 1914 113118
1920 1882 2029 1926 ipsam
2049 1883 2122 1915 vir-

1127 1931 1210 1964 tutis
1233 1930 1430 1963 orationem
1458 1931 1630 1965 divinitus
1653 1932 1689 1965 in
1705 1933 1859 1965 formicis
1877 1933 2040 1976 scriptam
2055 1945 2121 1977 pu-

1126 1988 1207 2021 tate,
1225 1993 1309 2026 quas
1325 1982 1461 2026 quoties
1476 1982 1652 2023 videbitis,
1675 1983 1792 2016 veniat
1811 1983 1847 2015 in
1861 1990 2013 2017 mentem
2031 1981 2122 2016 lianc

1127 2032 1226 2066 vobis
1250 2032 1461 2075 imaginem,
1488 2045 1577 2077 quae
1601 2046 1662 2067 vos
1687 2035 1728 2066 ad
1755 2034 1910 2066 laborem
1936 2034 2057 2068 incitet
2081 2034 2118 2067 in

1126 2083 1229 2117 terris
1247 2095 1263 2115 a
1280 2082 1354 2117 Deo
1373 2085 1588 2128 propositam
1606 2096 1688 2118 esse.
1743 2082 1789 2117 Et
1805 2085 1893 2117 sicut
1906 2083 2118 2118 Comoediae

1126 2133 1355 2175 exhibentur,
1389 2141 1428 2168 ut
1462 2135 1496 2167 in
1526 2135 1595 2167 illis
1617 2136 1784 2179 exemplis
1808 2136 1999 2176 discamus,
2033 2136 2119 2181 quid

1126 2185 1161 2217 in
1181 2185 1251 2217 vita
1271 2185 1408 2223 deceat,
1435 2185 1482 2219 ita
1498 2184 1593 2218 Dens
1610 2186 1646 2218 in
1666 2184 1728 2219 bac
1744 2198 1860 2219 rernm
1881 2193 2004 2219 natura
2024 2187 2117 2219 varia

1125 2236 1319 2280 spectacula
1339 2236 1417 2269 fecit
1431 2261 1440 2275 ,
1468 2249 1556 2281 quae
1576 2248 1639 2269 1105
1658 2237 1763 2270 officii
1784 2237 1894 2270 nostri
1915 2249 2119 2270 commone-

1124 2288 1288 2321 facerent.
1340 2286 1493 2319 Proinde
1513 2300 1591 2320 cum
1608 2287 1774 2321 formicae
1789 2286 2024 2321 convehentes
2039 2300 2118 2331 gra-

1125 2351 1186 2376 na,
1212 2338 1474 2382 condentesque
1494 2338 1529 2371 in
1550 2351 1736 2371 commune
1755 2339 1972 2382 spectabitis,
2000 2339 2118 2372 existi-

1123 2395 1214 2422 mate
1243 2385 1333 2421 hanc
1359 2395 1524 2433 tanquam
1549 2388 1613 2422 Dei
1640 2401 1758 2423 vocem
1783 2401 1871 2430 esse,
1905 2402 1994 2435 quae
2020 2390 2116 2423 iubet

1123 2440 1259 2479 ocium,
1286 2439 1569 2473 nocentissimam
1585 2447 1715 2484 pestem
1733 2442 1868 2483 sugere,
1893 2447 1923 2473 et
1942 2441 2116 2484 suscipere

1122 2489 1288 2524 honestos
1305 2490 1459 2529 labores,
1486 2491 1614 2536 quibus
1632 2498 1661 2525 et
1680 2492 1783 2524 nobis
1801 2504 1838 2524 ea
1857 2504 1946 2536 quae
1963 2493 1997 2524 in
2016 2491 2112 2523 omni

1122 2542 1192 2576 vita
1215 2541 1405 2574 necessaria
1431 2549 1529 2581 sunt,
1563 2553 1824 2586 comparemus,
1856 2550 1889 2576 et
1914 2543 2110 2575 societatem

1121 2604 1342 2626 communem
1367 2589 1551 2626 hominum
1577 2593 1748 2626 iuvemus.
1802 2593 1906 2635 Quod
1927 2594 1952 2625 si
1970 2593 2113 2630 facietis,

1120 2643 1250 2676 favebit
1267 2643 1389 2676 vestris
1404 2643 1474 2676 illis
1491 2644 1671 2677 laboribus
1681 2643 1787 2685 Deus,
1814 2651 1846 2677 et
1863 2655 2001 2677 omnem
2021 2643 2111 2675 vitae

1120 2705 1260 2729 cursum
1280 2694 1488 2729 fortunabit.
1555 2693 1688 2729 Contra
1711 2706 1770 2728 eos
1795 2695 1854 2739 qui
1877 2694 1966 2737 capti
1993 2705 2092 2726 amor
