<?xml version="1.0" encoding="UTF-8"?>
<!DOCTYPE html PUBLIC "-//W3C//DTD XHTML 1.0 Transitional//EN"
    "http://www.w3.org/TR/xhtml1/DTD/xhtml1-transitional.dtd">
<html xmlns="http://www.w3.org/1999/xhtml" xml:lang="en" lang="en">
 <head>
  <title>
</title>
<meta http-equiv="Content-Type" content="text/html;charset=utf-8" />
  <meta name='ocr-system' content='tesseract 3.04.00' />
  <meta name='ocr-capabilities' content='ocr_page ocr_carea ocr_par ocr_line ocrx_word'/>
</head>
<body>
  <div class='ocr_page' id='page_1' title='image "./operaquaesupersu11melauoft_0121.png"; bbox 0 0 2338 2958; ppageno 0'>
   <div class='ocr_carea' id='block_1_1' title="bbox 51 99 2086 145">
    <p class='ocr_par' dir='ltr' id='par_1_1' title="bbox 51 99 2086 145">
     <span class='ocr_line' id='line_1_1' title="bbox 51 99 2086 145; baseline -0.001 -1"><span class='ocrx_word' id='word_1_1' title='bbox 51 105 127 145; x_wconf 76' lang='lat'>225</span> <span class='ocrx_word' id='word_1_2' title='bbox 634 101 794 140; x_wconf 89' lang='lat' dir='ltr'>DECL.</span> <span class='ocrx_word' id='word_1_3' title='bbox 836 101 909 139; x_wconf 92' lang='lat' dir='ltr'>DE</span> <span class='ocrx_word' id='word_1_4' title='bbox 943 99 1168 138; x_wconf 85' lang='lat' dir='ltr'>IOANNE</span> <span class='ocrx_word' id='word_1_5' title='bbox 1205 100 1357 137; x_wconf 86' lang='lat' dir='ltr'>DUCE</span> <span class='ocrx_word' id='word_1_6' title='bbox 1392 101 1512 140; x_wconf 91' lang='lat' dir='ltr'>SAX.</span> <span class='ocrx_word' id='word_1_7' title='bbox 2011 107 2086 142; x_wconf 76' lang='lat'>226</span> 
     </span>
    </p>
   </div>
   <div class='ocr_carea' id='block_1_2' title="bbox 45 185 2085 2762">
    <p class='ocr_par' dir='ltr' id='par_1_2' title="bbox 45 185 2085 2762">
     <span class='ocr_line' id='line_1_2' title="bbox 52 185 2085 229; baseline -0.001 -2"><span class='ocrx_word' id='word_1_8' title='bbox 52 196 179 228; x_wconf 83' lang='lat' dir='ltr'>essent.</span> <span class='ocrx_word' id='word_1_9' title='bbox 225 188 279 223; x_wconf 89' lang='lat' dir='ltr'>Ac</span> <span class='ocrx_word' id='word_1_10' title='bbox 294 200 377 223; x_wconf 86' lang='lat' dir='ltr'>vero</span> <span class='ocrx_word' id='word_1_11' title='bbox 395 200 469 223; x_wconf 91' lang='lat' dir='ltr'>non</span> <span class='ocrx_word' id='word_1_12' title='bbox 483 189 598 223; x_wconf 90' lang='lat' dir='ltr'>solum</span> <span class='ocrx_word' id='word_1_13' title='bbox 615 188 753 224; x_wconf 87' lang='lat' dir='ltr'>inimici</span> <span class='ocrx_word' id='word_1_14' title='bbox 769 189 843 223; x_wconf 85' lang='lat' dir='ltr'>eius</span> <span class='ocrx_word' id='word_1_15' title='bbox 858 188 1044 222; x_wconf 75' lang='lat' dir='ltr'>autoritate</span> <span class='ocrx_word' id='word_1_16' title='bbox 1097 185 1195 229; x_wconf 85' lang='lat' dir='ltr'>Quid</span> <span class='ocrx_word' id='word_1_17' title='bbox 1215 193 1332 220; x_wconf 88' lang='lat' dir='ltr'>autem</span> <span class='ocrx_word' id='word_1_18' title='bbox 1348 188 1462 222; x_wconf 82' lang='lat' dir='ltr'>dicam</span> <span class='ocrx_word' id='word_1_19' title='bbox 1487 189 1531 222; x_wconf 90' lang='lat' dir='ltr'>de</span> <span class='ocrx_word' id='word_1_20' title='bbox 1553 189 1626 223; x_wconf 90' lang='lat' dir='ltr'>eius</span> <span class='ocrx_word' id='word_1_21' title='bbox 1646 189 1834 224; x_wconf 88' lang='lat' dir='ltr'>domestica</span> <span class='ocrx_word' id='word_1_22' title='bbox 1858 190 2085 226; x_wconf 87' lang='lat' dir='ltr'>administra-</span> 
     </span>
     <span class='ocr_line' id='line_1_3' title="bbox 52 237 2084 287; baseline 0 -11"><span class='ocrx_word' id='word_1_23' title='bbox 52 249 88 278; x_wconf 86' lang='lat' dir='ltr'>et</span> <span class='ocrx_word' id='word_1_24' title='bbox 102 240 293 276; x_wconf 88' lang='lat' dir='ltr'>moderatis</span> <span class='ocrx_word' id='word_1_25' title='bbox 310 240 468 274; x_wconf 88' lang='lat' dir='ltr'>consiliis</span> <span class='ocrx_word' id='word_1_26' title='bbox 486 241 637 285; x_wconf 81' lang='lat' dir='ltr'>repressi</span> <span class='ocrx_word' id='word_1_27' title='bbox 652 247 746 282; x_wconf 87' lang='lat' dir='ltr'>sunt,</span> <span class='ocrx_word' id='word_1_28' title='bbox 763 242 823 274; x_wconf 91' lang='lat' dir='ltr'>sed</span> <span class='ocrx_word' id='word_1_29' title='bbox 838 240 922 273; x_wconf 89' lang='lat' dir='ltr'>socii</span> <span class='ocrx_word' id='word_1_30' title='bbox 939 239 1043 272; x_wconf 90' lang='lat' dir='ltr'>etiam</span> <span class='ocrx_word' id='word_1_31' title='bbox 1095 238 1209 278; x_wconf 87' lang='lat' dir='ltr'>tione,</span> <span class='ocrx_word' id='word_1_32' title='bbox 1252 250 1340 283; x_wconf 91' lang='lat' dir='ltr'>quae</span> <span class='ocrx_word' id='word_1_33' title='bbox 1372 245 1443 273; x_wconf 85' lang='lat' dir='ltr'>tota</span> <span class='ocrx_word' id='word_1_34' title='bbox 1473 240 1678 274; x_wconf 89' lang='lat' dir='ltr'>clementiae</span> <span class='ocrx_word' id='word_1_35' title='bbox 1711 247 1816 287; x_wconf 88' lang='lat' dir='ltr'>atque</span> <span class='ocrx_word' id='word_1_36' title='bbox 1854 237 2084 276; x_wconf 85' lang='lat' dir='ltr'>humanitatis</span> 
     </span>
     <span class='ocr_line' id='line_1_4' title="bbox 52 287 2083 337; baseline 0 -11"><span class='ocrx_word' id='word_1_37' title='bbox 52 291 261 332; x_wconf 78' lang='lat' dir='ltr'>ferociores,</span> <span class='ocrx_word' id='word_1_38' title='bbox 297 302 387 336; x_wconf 90' lang='lat' dir='ltr'>quos</span> <span class='ocrx_word' id='word_1_39' title='bbox 420 291 603 325; x_wconf 88' lang='lat' dir='ltr'>continere</span> <span class='ocrx_word' id='word_1_40' title='bbox 633 298 666 324; x_wconf 91' lang='lat' dir='ltr'>et</span> <span class='ocrx_word' id='word_1_41' title='bbox 692 292 735 324; x_wconf 91' lang='lat' dir='ltr'>ad</span> <span class='ocrx_word' id='word_1_42' title='bbox 764 290 1042 324; x_wconf 83' lang='lat' dir='ltr'>moderationem</span> <span class='ocrx_word' id='word_1_43' title='bbox 1093 288 1198 332; x_wconf 85' lang='lat' dir='ltr'>plena</span> <span class='ocrx_word' id='word_1_44' title='bbox 1222 289 1296 322; x_wconf 81' lang='lat' dir='ltr'>est?</span> <span class='ocrx_word' id='word_1_45' title='bbox 1340 287 1516 323; x_wconf 85' lang='lat' dir='ltr'>Homerus</span> <span class='ocrx_word' id='word_1_46' title='bbox 1546 292 1611 332; x_wconf 88' lang='lat' dir='ltr'>ait,</span> <span class='ocrx_word' id='word_1_47' title='bbox 1646 291 1805 337; x_wconf 79' lang='lat' dir='ltr'>Ulyssem</span> <span class='ocrx_word' id='word_1_48' title='bbox 1831 292 1926 326; x_wconf 89' lang='lat' dir='ltr'>velut</span> <span class='ocrx_word' id='word_1_49' title='bbox 1948 299 2083 337; x_wconf 90' lang='lat' dir='ltr'>patrem</span> 
     </span>
     <span class='ocr_line' id='line_1_5' title="bbox 51 315 2083 389; baseline 0 -12"><span class='ocrx_word' id='word_1_50' title='bbox 51 343 191 377; x_wconf 82' lang='lat' dir='ltr'>flectere</span> <span class='ocrx_word' id='word_1_51' title='bbox 213 342 338 387; x_wconf 87' lang='lat' dir='ltr'>quanti</span> <span class='ocrx_word' id='word_1_52' title='bbox 360 341 429 376; x_wconf 88' lang='lat' dir='ltr'>fuit</span> <span class='ocrx_word' id='word_1_53' title='bbox 453 342 608 385; x_wconf 82' lang='lat' dir='ltr'>negocii,</span> <span class='ocrx_word' id='word_1_54' title='bbox 635 354 710 376; x_wconf 91' lang='lat' dir='ltr'>non</span> <span class='ocrx_word' id='word_1_55' title='bbox 733 348 847 387; x_wconf 87' lang='lat' dir='ltr'>potest</span> <span class='ocrx_word' id='word_1_56' title='bbox 874 339 941 375; x_wconf 93' lang='lat' dir='ltr'>hoc</span> <span class='ocrx_word' id='word_1_57' title='bbox 964 341 1041 375; x_wconf 92' lang='lat' dir='ltr'>loco</span> <span class='ocrx_word' id='word_1_58' title='bbox 1066 315 1069 377; x_wconf 82' lang='lat' dir='ltr'>l</span> <span class='ocrx_word' id='word_1_59' title='bbox 1093 340 1227 372; x_wconf 89' lang='lat' dir='ltr'>bonum</span> <span class='ocrx_word' id='word_1_60' title='bbox 1263 339 1392 373; x_wconf 85' lang='lat' dir='ltr'>rexisse</span> <span class='ocrx_word' id='word_1_61' title='bbox 1420 338 1657 382; x_wconf 84' lang='lat' dir='ltr'>Thracenses,</span> <span class='ocrx_word' id='word_1_62' title='bbox 1698 349 1730 376; x_wconf 87' lang='lat' dir='ltr'>et</span> <span class='ocrx_word' id='word_1_63' title='bbox 1757 340 1977 387; x_wconf 84' lang='lat' dir='ltr'>Xenophon,</span> <span class='ocrx_word' id='word_1_64' title='bbox 2020 343 2083 389; x_wconf 87' lang='lat' dir='ltr'>qui</span> 
     </span>
     <span class='ocr_line' id='line_1_6' title="bbox 52 390 2082 438; baseline -0 -10"><span class='ocrx_word' id='word_1_65' title='bbox 52 393 134 429; x_wconf 86' lang='lat' dir='ltr'>dici.</span> <span class='ocrx_word' id='word_1_66' title='bbox 186 392 354 426; x_wconf 76' lang='lat' dir='ltr'>Vidimus</span> <span class='ocrx_word' id='word_1_67' title='bbox 376 404 472 426; x_wconf 88' lang='lat' dir='ltr'>arma</span> <span class='ocrx_word' id='word_1_68' title='bbox 497 399 653 437; x_wconf 88' lang='lat' dir='ltr'>sumpta,</span> <span class='ocrx_word' id='word_1_69' title='bbox 686 400 720 427; x_wconf 89' lang='lat' dir='ltr'>et</span> <span class='ocrx_word' id='word_1_70' title='bbox 737 393 883 427; x_wconf 86' lang='lat' dir='ltr'>victoria</span> <span class='ocrx_word' id='word_1_71' title='bbox 908 392 1041 426; x_wconf 89' lang='lat' dir='ltr'>eratin</span> <span class='ocrx_word' id='word_1_72' title='bbox 1093 390 1235 434; x_wconf 88' lang='lat' dir='ltr'>quidem</span> <span class='ocrx_word' id='word_1_73' title='bbox 1271 391 1470 424; x_wconf 86' lang='lat' dir='ltr'>absolutum</span> <span class='ocrx_word' id='word_1_74' title='bbox 1506 393 1680 436; x_wconf 80' lang='lat' dir='ltr'>exemplar</span> <span class='ocrx_word' id='word_1_75' title='bbox 1714 394 1800 426; x_wconf 89' lang='lat' dir='ltr'>boni</span> <span class='ocrx_word' id='word_1_76' title='bbox 1835 393 2011 438; x_wconf 89' lang='lat' dir='ltr'>Principis</span> <span class='ocrx_word' id='word_1_77' title='bbox 2043 395 2082 428; x_wconf 91' lang='lat' dir='ltr'>in</span> 
     </span>
     <span class='ocr_line' id='line_1_7' title="bbox 50 439 2083 489; baseline 0 -11"><span class='ocrx_word' id='word_1_78' title='bbox 50 455 178 484; x_wconf 85' lang='lat' dir='ltr'>manu,</span> <span class='ocrx_word' id='word_1_79' title='bbox 203 443 267 477; x_wconf 89' lang='lat' dir='ltr'>ubi</span> <span class='ocrx_word' id='word_1_80' title='bbox 291 450 408 477; x_wconf 89' lang='lat' dir='ltr'>tamen</span> <span class='ocrx_word' id='word_1_81' title='bbox 436 444 609 489; x_wconf 89' lang='lat' dir='ltr'>aequitate</span> <span class='ocrx_word' id='word_1_82' title='bbox 631 442 739 477; x_wconf 91' lang='lat' dir='ltr'>Ducis</span> <span class='ocrx_word' id='word_1_83' title='bbox 764 442 937 477; x_wconf 85' lang='lat' dir='ltr'>Saxoniae</span> <span class='ocrx_word' id='word_1_84' title='bbox 961 454 1042 487; x_wconf 87' lang='lat' dir='ltr'>per·</span> <span class='ocrx_word' id='word_1_85' title='bbox 1066 462 1069 467; x_wconf 90' lang='lat'>-</span> <span class='ocrx_word' id='word_1_86' title='bbox 1094 439 1187 485; x_wconf 87' lang='lat' dir='ltr'>Cyro</span> <span class='ocrx_word' id='word_1_87' title='bbox 1213 442 1412 484; x_wconf 84' lang='lat' dir='ltr'>proposuit,</span> <span class='ocrx_word' id='word_1_88' title='bbox 1438 441 1572 487; x_wconf 87' lang='lat' dir='ltr'>inquit,</span> <span class='ocrx_word' id='word_1_89' title='bbox 1597 444 1731 476; x_wconf 90' lang='lat' dir='ltr'>bonum</span> <span class='ocrx_word' id='word_1_90' title='bbox 1750 443 1950 489; x_wconf 86' lang='lat' dir='ltr'>Principem</span> <span class='ocrx_word' id='word_1_91' title='bbox 1970 445 2083 478; x_wconf 88' lang='lat' dir='ltr'>simil-</span> 
     </span>
     <span class='ocr_line' id='line_1_8' title="bbox 49 469 2082 540; baseline -0 -10"><span class='ocrx_word' id='word_1_92' title='bbox 49 495 179 530; x_wconf 81' lang='lat' dir='ltr'>fectum</span> <span class='ocrx_word' id='word_1_93' title='bbox 203 500 271 533; x_wconf 87' lang='lat' dir='ltr'>est,</span> <span class='ocrx_word' id='word_1_94' title='bbox 302 501 339 528; x_wconf 90' lang='lat' dir='ltr'>ut</span> <span class='ocrx_word' id='word_1_95' title='bbox 368 495 563 539; x_wconf 71' lang='lat' dir='ltr'>quamlibet</span> <span class='ocrx_word' id='word_1_96' title='bbox 586 494 668 528; x_wconf 88' lang='lat' dir='ltr'>irati</span> <span class='ocrx_word' id='word_1_97' title='bbox 693 494 819 528; x_wconf 89' lang='lat' dir='ltr'>caeteri</span> <span class='ocrx_word' id='word_1_98' title='bbox 849 494 1042 527; x_wconf 87' lang='lat' dir='ltr'>abiicerent</span> <span class='ocrx_word' id='word_1_99' title='bbox 1066 469 1069 522; x_wconf 88' lang='lat' dir='ltr'>l</span> <span class='ocrx_word' id='word_1_100' title='bbox 1094 491 1218 525; x_wconf 89' lang='lat' dir='ltr'>limum</span> <span class='ocrx_word' id='word_1_101' title='bbox 1234 503 1305 525; x_wconf 87' lang='lat' dir='ltr'>esse</span> <span class='ocrx_word' id='word_1_102' title='bbox 1325 493 1432 536; x_wconf 89' lang='lat' dir='ltr'>patris</span> <span class='ocrx_word' id='word_1_103' title='bbox 1450 493 1549 526; x_wconf 89' lang='lat' dir='ltr'>boni.</span> <span class='ocrx_word' id='word_1_104' title='bbox 1603 493 1693 536; x_wconf 88' lang='lat' dir='ltr'>Quis</span> <span class='ocrx_word' id='word_1_105' title='bbox 1709 501 1823 527; x_wconf 90' lang='lat' dir='ltr'>autem</span> <span class='ocrx_word' id='word_1_106' title='bbox 1847 507 2004 540; x_wconf 91' lang='lat' dir='ltr'>unquam</span> <span class='ocrx_word' id='word_1_107' title='bbox 2025 495 2082 529; x_wconf 90' lang='lat' dir='ltr'>ul-</span> 
     </span>
     <span class='ocr_line' id='line_1_9' title="bbox 51 543 2082 591; baseline 0 -12"><span class='ocrx_word' id='word_1_108' title='bbox 51 557 167 584; x_wconf 83' lang='lat' dir='ltr'>arma,</span> <span class='ocrx_word' id='word_1_109' title='bbox 194 551 227 578; x_wconf 88' lang='lat' dir='ltr'>et</span> <span class='ocrx_word' id='word_1_110' title='bbox 253 546 418 589; x_wconf 90' lang='lat' dir='ltr'>componi</span> <span class='ocrx_word' id='word_1_111' title='bbox 441 545 517 578; x_wconf 92' lang='lat' dir='ltr'>sine</span> <span class='ocrx_word' id='word_1_112' title='bbox 541 546 643 578; x_wconf 88' lang='lat' dir='ltr'>caede</span> <span class='ocrx_word' id='word_1_113' title='bbox 665 551 882 589; x_wconf 87' lang='lat' dir='ltr'>paterentur:</span> <span class='ocrx_word' id='word_1_114' title='bbox 912 557 979 589; x_wconf 87' lang='lat' dir='ltr'>qua</span> <span class='ocrx_word' id='word_1_115' title='bbox 1002 544 1039 576; x_wconf 89' lang='lat' dir='ltr'>in</span> <span class='ocrx_word' id='word_1_116' title='bbox 1094 543 1167 575; x_wconf 89' lang='lat' dir='ltr'>lum</span> <span class='ocrx_word' id='word_1_117' title='bbox 1190 543 1313 575; x_wconf 88' lang='lat' dir='ltr'>durius</span> <span class='ocrx_word' id='word_1_118' title='bbox 1339 543 1471 576; x_wconf 88' lang='lat' dir='ltr'>dictum</span> <span class='ocrx_word' id='word_1_119' title='bbox 1498 551 1558 577; x_wconf 90' lang='lat' dir='ltr'>aut</span> <span class='ocrx_word' id='word_1_120' title='bbox 1584 544 1741 588; x_wconf 88' lang='lat' dir='ltr'>asperius</span> <span class='ocrx_word' id='word_1_121' title='bbox 1770 546 1881 578; x_wconf 77' lang='lat' dir='ltr'>nostri</span> <span class='ocrx_word' id='word_1_122' title='bbox 1907 545 2082 591; x_wconf 89' lang='lat' dir='ltr'>Principis</span> 
     </span>
     <span class='ocr_line' id='line_1_10' title="bbox 50 592 2082 642; baseline 0 -12"><span class='ocrx_word' id='word_1_123' title='bbox 50 607 88 630; x_wconf 83' lang='lat' dir='ltr'>re</span> <span class='ocrx_word' id='word_1_124' title='bbox 105 595 161 628; x_wconf 93' lang='lat' dir='ltr'>vel</span> <span class='ocrx_word' id='word_1_125' title='bbox 183 595 371 640; x_wconf 82' lang='lat' dir='ltr'>praecipue</span> <span class='ocrx_word' id='word_1_126' title='bbox 391 596 518 629; x_wconf 88' lang='lat' dir='ltr'>enituit</span> <span class='ocrx_word' id='word_1_127' title='bbox 539 596 576 628; x_wconf 89' lang='lat' dir='ltr'>in</span> <span class='ocrx_word' id='word_1_128' title='bbox 593 607 633 628; x_wconf 87' lang='lat' dir='ltr'>eo</span> <span class='ocrx_word' id='word_1_129' title='bbox 651 596 857 638; x_wconf 75' lang='lat' dir='ltr'>magnitudo</span> <span class='ocrx_word' id='word_1_130' title='bbox 874 607 954 628; x_wconf 70' lang='lat' dir='ltr'>vere</span> <span class='ocrx_word' id='word_1_131' title='bbox 980 592 1042 627; x_wconf 86' lang='lat' dir='ltr'>he-</span> <span class='ocrx_word' id='word_1_132' title='bbox 1093 599 1216 626; x_wconf 83' lang='lat' dir='ltr'>notare</span> <span class='ocrx_word' id='word_1_133' title='bbox 1246 593 1385 637; x_wconf 80' lang='lat' dir='ltr'>potuit?</span> <span class='ocrx_word' id='word_1_134' title='bbox 1427 593 1583 628; x_wconf 87' lang='lat' dir='ltr'>Tantum</span> <span class='ocrx_word' id='word_1_135' title='bbox 1607 595 1722 635; x_wconf 90' lang='lat' dir='ltr'>abest,</span> <span class='ocrx_word' id='word_1_136' title='bbox 1755 602 1792 629; x_wconf 88' lang='lat' dir='ltr'>ut</span> <span class='ocrx_word' id='word_1_137' title='bbox 1813 596 2000 642; x_wconf 87' lang='lat' dir='ltr'>quicquam</span> <span class='ocrx_word' id='word_1_138' title='bbox 2023 609 2082 631; x_wconf 89' lang='lat' dir='ltr'>su·-</span> 
     </span>
     <span class='ocr_line' id='line_1_11' title="bbox 50 644 2080 692; baseline 0 -13"><span class='ocrx_word' id='word_1_139' title='bbox 50 646 162 684; x_wconf 82' lang='lat' dir='ltr'>roica,</span> <span class='ocrx_word' id='word_1_140' title='bbox 191 658 269 679; x_wconf 89' lang='lat' dir='ltr'>cum</span> <span class='ocrx_word' id='word_1_141' title='bbox 286 653 442 690; x_wconf 78' lang='lat' dir='ltr'>parceret</span> <span class='ocrx_word' id='word_1_142' title='bbox 458 646 611 679; x_wconf 81' lang='lat' dir='ltr'>inimicis</span> <span class='ocrx_word' id='word_1_143' title='bbox 627 658 667 679; x_wconf 86' lang='lat' dir='ltr'>eo</span> <span class='ocrx_word' id='word_1_144' title='bbox 682 653 838 689; x_wconf 90' lang='lat' dir='ltr'>tempore</span> <span class='ocrx_word' id='word_1_145' title='bbox 849 673 858 687; x_wconf 89' lang='lat'>,</span> <span class='ocrx_word' id='word_1_146' title='bbox 886 658 956 691; x_wconf 91' lang='lat' dir='ltr'>qno</span> <span class='ocrx_word' id='word_1_147' title='bbox 974 658 1040 679; x_wconf 91' lang='lat' dir='ltr'>no-</span> <span class='ocrx_word' id='word_1_148' title='bbox 1065 668 1070 692; x_wconf 56' lang='lat'>,</span> <span class='ocrx_word' id='word_1_149' title='bbox 1094 644 1199 688; x_wconf 83' lang='lat' dir='ltr'>perhe</span> <span class='ocrx_word' id='word_1_150' title='bbox 1215 651 1273 677; x_wconf 86' lang='lat' dir='ltr'>aut</span> <span class='ocrx_word' id='word_1_151' title='bbox 1289 644 1477 677; x_wconf 82' lang='lat' dir='ltr'>crudeliter</span> <span class='ocrx_word' id='word_1_152' title='bbox 1491 657 1647 690; x_wconf 89' lang='lat' dir='ltr'>unquam</span> <span class='ocrx_word' id='word_1_153' title='bbox 1663 645 1792 679; x_wconf 90' lang='lat' dir='ltr'>fecerit.</span> <span class='ocrx_word' id='word_1_154' title='bbox 1828 645 1879 679; x_wconf 85' lang='lat' dir='ltr'>Ac</span> <span class='ocrx_word' id='word_1_155' title='bbox 1895 645 1984 679; x_wconf 82' lang='lat' dir='ltr'>mihi</span> <span class='ocrx_word' id='word_1_156' title='bbox 2000 660 2080 681; x_wconf 78' lang='lat' dir='ltr'>vere</span> 
     </span>
     <span class='ocr_line' id='line_1_12' title="bbox 51 695 2079 764; baseline 0 -34"><span class='ocrx_word' id='word_1_157' title='bbox 51 708 128 730; x_wconf 85' lang='lat' dir='ltr'>cere</span> <span class='ocrx_word' id='word_1_158' title='bbox 144 697 296 730; x_wconf 88' lang='lat' dir='ltr'>facilime</span> <span class='ocrx_word' id='word_1_159' title='bbox 314 704 464 742; x_wconf 87' lang='lat' dir='ltr'>poterat,</span> <span class='ocrx_word' id='word_1_160' title='bbox 486 704 519 731; x_wconf 89' lang='lat' dir='ltr'>et</span> <span class='ocrx_word' id='word_1_161' title='bbox 536 697 678 742; x_wconf 89' lang='lat' dir='ltr'>quidem</span> <span class='ocrx_word' id='word_1_162' title='bbox 702 697 849 738; x_wconf 89' lang='lat' dir='ltr'>talibus,</span> <span class='ocrx_word' id='word_1_163' title='bbox 876 709 893 729; x_wconf 95' lang='lat' dir='ltr'>a</span> <span class='ocrx_word' id='word_1_164' title='bbox 911 697 1041 741; x_wconf 87' lang='lat' dir='ltr'>quibus</span> <span class='ocrx_word' id='word_1_165' title='bbox 1065 697 1068 764; x_wconf 35' lang='lat' dir='ltr'>l</span> <span class='ocrx_word' id='word_1_166' title='bbox 1093 695 1188 727; x_wconf 71' lang='lat' dir='ltr'>visus</span> <span class='ocrx_word' id='word_1_167' title='bbox 1223 702 1273 728; x_wconf 89' lang='lat' dir='ltr'>est</span> <span class='ocrx_word' id='word_1_168' title='bbox 1307 707 1449 739; x_wconf 90' lang='lat' dir='ltr'>prorsus</span> <span class='ocrx_word' id='word_1_169' title='bbox 1484 702 1668 740; x_wconf 87' lang='lat' dir='ltr'>paternum</span> <span class='ocrx_word' id='word_1_170' title='bbox 1697 697 1853 729; x_wconf 88' lang='lat' dir='ltr'>animum</span> <span class='ocrx_word' id='word_1_171' title='bbox 1882 709 1959 740; x_wconf 88' lang='lat' dir='ltr'>erga</span> <span class='ocrx_word' id='word_1_172' title='bbox 1987 699 2079 732; x_wconf 76' lang='lat' dir='ltr'>cives</span> 
     </span>
     <span class='ocr_line' id='line_1_13' title="bbox 51 743 2082 793; baseline 0.001 -13"><span class='ocrx_word' id='word_1_173' title='bbox 51 747 160 781; x_wconf 86' lang='lat' dir='ltr'>variis</span> <span class='ocrx_word' id='word_1_174' title='bbox 180 748 321 781; x_wconf 90' lang='lat' dir='ltr'>iniuriis</span> <span class='ocrx_word' id='word_1_175' title='bbox 343 748 487 781; x_wconf 88' lang='lat' dir='ltr'>affectus</span> <span class='ocrx_word' id='word_1_176' title='bbox 510 754 602 788; x_wconf 89' lang='lat' dir='ltr'>erat,</span> <span class='ocrx_word' id='word_1_177' title='bbox 629 754 663 782; x_wconf 87' lang='lat' dir='ltr'>et</span> <span class='ocrx_word' id='word_1_178' title='bbox 686 759 704 781; x_wconf 90' lang='lat' dir='ltr'>a</span> <span class='ocrx_word' id='word_1_179' title='bbox 722 748 851 793; x_wconf 86' lang='lat' dir='ltr'>quibus</span> <span class='ocrx_word' id='word_1_180' title='bbox 875 748 1040 791; x_wconf 87' lang='lat' dir='ltr'>deinceps</span> <span class='ocrx_word' id='word_1_181' title='bbox 1093 757 1214 778; x_wconf 88' lang='lat' dir='ltr'>omnes</span> <span class='ocrx_word' id='word_1_182' title='bbox 1230 743 1369 782; x_wconf 85' lang='lat' dir='ltr'>habere.</span> <span class='ocrx_word' id='word_1_183' title='bbox 1422 746 1669 780; x_wconf 84' lang='lat' dir='ltr'>Animadverti</span> <span class='ocrx_word' id='word_1_184' title='bbox 1695 747 1788 780; x_wconf 91' lang='lat' dir='ltr'>enim</span> <span class='ocrx_word' id='word_1_185' title='bbox 1813 747 2082 790; x_wconf 81' lang='lat' dir='ltr'>significationes</span> 
     </span>
     <span class='ocr_line' id='line_1_14' title="bbox 50 794 2082 843; baseline 0 -11"><span class='ocrx_word' id='word_1_186' title='bbox 50 798 245 842; x_wconf 86' lang='lat' dir='ltr'>plurimum</span> <span class='ocrx_word' id='word_1_187' title='bbox 267 798 414 843; x_wconf 89' lang='lat' dir='ltr'>periculi</span> <span class='ocrx_word' id='word_1_188' title='bbox 431 804 531 832; x_wconf 87' lang='lat' dir='ltr'>esset.</span> <span class='ocrx_word' id='word_1_189' title='bbox 583 796 642 832; x_wconf 90' lang='lat' dir='ltr'>An</span> <span class='ocrx_word' id='word_1_190' title='bbox 661 810 733 831; x_wconf 91' lang='lat' dir='ltr'>non</span> <span class='ocrx_word' id='word_1_191' title='bbox 752 798 905 832; x_wconf 86' lang='lat' dir='ltr'>ostendit</span> <span class='ocrx_word' id='word_1_192' title='bbox 921 795 986 831; x_wconf 86' lang='lat' dir='ltr'>hac</span> <span class='ocrx_word' id='word_1_193' title='bbox 1003 798 1039 830; x_wconf 90' lang='lat' dir='ltr'>in</span> <span class='ocrx_word' id='word_1_194' title='bbox 1093 807 1174 829; x_wconf 85' lang='lat' dir='ltr'>suae</span> <span class='ocrx_word' id='word_1_195' title='bbox 1199 794 1427 831; x_wconf 84' lang='lat' dir='ltr'>humanitatis</span> <span class='ocrx_word' id='word_1_196' title='bbox 1451 810 1529 831; x_wconf 93' lang='lat' dir='ltr'>cum</span> <span class='ocrx_word' id='word_1_197' title='bbox 1563 798 1601 830; x_wconf 91' lang='lat' dir='ltr'>in</span> <span class='ocrx_word' id='word_1_198' title='bbox 1624 810 1800 839; x_wconf 87' lang='lat' dir='ltr'>sermone,</span> <span class='ocrx_word' id='word_1_199' title='bbox 1834 804 1909 831; x_wconf 85' lang='lat' dir='ltr'>tum</span> <span class='ocrx_word' id='word_1_200' title='bbox 1940 799 1978 831; x_wconf 91' lang='lat' dir='ltr'>in</span> <span class='ocrx_word' id='word_1_201' title='bbox 2004 800 2082 834; x_wconf 92' lang='lat' dir='ltr'>aliis</span> 
     </span>
     <span class='ocr_line' id='line_1_15' title="bbox 49 847 2082 893; baseline 0 -10"><span class='ocrx_word' id='word_1_202' title='bbox 49 860 89 883; x_wconf 80' lang='lat' dir='ltr'>re</span> <span class='ocrx_word' id='word_1_203' title='bbox 107 848 268 882; x_wconf 90' lang='lat' dir='ltr'>animum</span> <span class='ocrx_word' id='word_1_204' title='bbox 290 849 461 882; x_wconf 86' lang='lat' dir='ltr'>invictum</span> <span class='ocrx_word' id='word_1_205' title='bbox 485 850 652 882; x_wconf 81' lang='lat' dir='ltr'>adversus</span> <span class='ocrx_word' id='word_1_206' title='bbox 667 860 788 882; x_wconf 90' lang='lat' dir='ltr'>omnes</span> <span class='ocrx_word' id='word_1_207' title='bbox 811 850 964 893; x_wconf 88' lang='lat' dir='ltr'>privatas</span> <span class='ocrx_word' id='word_1_208' title='bbox 979 861 1041 882; x_wconf 87' lang='lat' dir='ltr'>cu-</span> <span class='ocrx_word' id='word_1_209' title='bbox 1093 847 1212 880; x_wconf 85' lang='lat' dir='ltr'>multis</span> <span class='ocrx_word' id='word_1_210' title='bbox 1229 848 1364 883; x_wconf 80' lang='lat' dir='ltr'>officiis.</span> <span class='ocrx_word' id='word_1_211' title='bbox 1403 847 1485 881; x_wconf 68' lang='lat' dir='ltr'>Vidi</span> <span class='ocrx_word' id='word_1_212' title='bbox 1504 848 1576 893; x_wconf 88' lang='lat' dir='ltr'>ipse</span> <span class='ocrx_word' id='word_1_213' title='bbox 1592 861 1696 892; x_wconf 82' lang='lat' dir='ltr'>quam</span> <span class='ocrx_word' id='word_1_214' title='bbox 1716 861 1795 881; x_wconf 75' lang='lat' dir='ltr'>vere</span> <span class='ocrx_word' id='word_1_215' title='bbox 1810 848 1978 883; x_wconf 87' lang='lat' dir='ltr'>induebat</span> <span class='ocrx_word' id='word_1_216' title='bbox 1994 850 2082 883; x_wconf 88' lang='lat' dir='ltr'>alio-</span> 
     </span>
     <span class='ocr_line' id='line_1_16' title="bbox 50 898 2081 945; baseline 0.001 -13"><span class='ocrx_word' id='word_1_217' title='bbox 50 899 237 945; x_wconf 82' lang='lat' dir='ltr'>piditates‘?</span> <span class='ocrx_word' id='word_1_218' title='bbox 274 898 362 933; x_wconf 90' lang='lat' dir='ltr'>Nam</span> <span class='ocrx_word' id='word_1_219' title='bbox 377 906 562 944; x_wconf 81' lang='lat' dir='ltr'>postquam</span> <span class='ocrx_word' id='word_1_220' title='bbox 579 911 656 944; x_wconf 90' lang='lat' dir='ltr'>spes</span> <span class='ocrx_word' id='word_1_221' title='bbox 673 906 811 934; x_wconf 89' lang='lat' dir='ltr'>ostensa</span> <span class='ocrx_word' id='word_1_222' title='bbox 829 907 879 933; x_wconf 88' lang='lat' dir='ltr'>est</span> <span class='ocrx_word' id='word_1_223' title='bbox 896 912 1040 944; x_wconf 91' lang='lat' dir='ltr'>compo-</span> <span class='ocrx_word' id='word_1_224' title='bbox 1093 910 1171 932; x_wconf 91' lang='lat' dir='ltr'>rum</span> <span class='ocrx_word' id='word_1_225' title='bbox 1189 898 1332 931; x_wconf 84' lang='lat' dir='ltr'>affectus</span> <span class='ocrx_word' id='word_1_226' title='bbox 1344 926 1352 939; x_wconf 92' lang='lat'>‚</span> <span class='ocrx_word' id='word_1_227' title='bbox 1379 899 1406 932; x_wconf 88' lang='lat' dir='ltr'>si</span> <span class='ocrx_word' id='word_1_228' title='bbox 1423 899 1507 943; x_wconf 88' lang='lat' dir='ltr'>quid</span> <span class='ocrx_word' id='word_1_229' title='bbox 1525 900 1597 932; x_wconf 87' lang='lat' dir='ltr'>suis</span> <span class='ocrx_word' id='word_1_230' title='bbox 1616 901 1776 940; x_wconf 80' lang='lat' dir='ltr'>deberet,</span> <span class='ocrx_word' id='word_1_231' title='bbox 1804 906 1837 933; x_wconf 92' lang='lat' dir='ltr'>et</span> <span class='ocrx_word' id='word_1_232' title='bbox 1856 906 1973 933; x_wconf 90' lang='lat' dir='ltr'>tamen</span> <span class='ocrx_word' id='word_1_233' title='bbox 1990 899 2081 935; x_wconf 90' lang='lat' dir='ltr'>hanc</span> 
     </span>
     <span class='ocr_line' id='line_1_17' title="bbox 49 948 2081 995; baseline 0.001 -12"><span class='ocrx_word' id='word_1_234' title='bbox 49 950 186 983; x_wconf 88' lang='lat' dir='ltr'>nendae</span> <span class='ocrx_word' id='word_1_235' title='bbox 211 950 278 991; x_wconf 86' lang='lat' dir='ltr'>rei,</span> <span class='ocrx_word' id='word_1_236' title='bbox 313 962 388 983; x_wconf 92' lang='lat' dir='ltr'>non</span> <span class='ocrx_word' id='word_1_237' title='bbox 413 951 579 994; x_wconf 70' lang='lat' dir='ltr'>expetivit</span> <span class='ocrx_word' id='word_1_238' title='bbox 603 951 805 992; x_wconf 89' lang='lat' dir='ltr'>victoriam,</span> <span class='ocrx_word' id='word_1_239' title='bbox 839 963 912 983; x_wconf 90' lang='lat' dir='ltr'>non</span> <span class='ocrx_word' id='word_1_240' title='bbox 935 951 1039 994; x_wconf 86' lang='lat' dir='ltr'>gessit</span> <span class='ocrx_word' id='word_1_241' title='bbox 1093 949 1272 982; x_wconf 85' lang='lat' dir='ltr'>lenitatem</span> <span class='ocrx_word' id='word_1_242' title='bbox 1302 949 1376 982; x_wconf 89' lang='lat' dir='ltr'>iure</span> <span class='ocrx_word' id='word_1_243' title='bbox 1405 951 1640 993; x_wconf 74' lang='lat' dir='ltr'>temperabat,</span> <span class='ocrx_word' id='word_1_244' title='bbox 1681 948 1866 983; x_wconf 84' lang='lat' dir='ltr'>cohercere</span> <span class='ocrx_word' id='word_1_245' title='bbox 1900 951 2081 995; x_wconf 88' lang='lat' dir='ltr'>improbos</span> 
     </span>
     <span class='ocr_line' id='line_1_18' title="bbox 47 999 2081 1045; baseline 0 -11"><span class='ocrx_word' id='word_1_246' title='bbox 47 1012 183 1034; x_wconf 89' lang='lat' dir='ltr'>morem</span> <span class='ocrx_word' id='word_1_247' title='bbox 206 1001 426 1042; x_wconf 87' lang='lat' dir='ltr'>iracundiae,</span> <span class='ocrx_word' id='word_1_248' title='bbox 459 1003 517 1036; x_wconf 91' lang='lat' dir='ltr'>sed</span> <span class='ocrx_word' id='word_1_249' title='bbox 543 999 596 1034; x_wconf 90' lang='lat' dir='ltr'>his</span> <span class='ocrx_word' id='word_1_250' title='bbox 621 1003 725 1035; x_wconf 92' lang='lat' dir='ltr'>rebus</span> <span class='ocrx_word' id='word_1_251' title='bbox 749 1002 915 1035; x_wconf 86' lang='lat' dir='ltr'>omnibus</span> <span class='ocrx_word' id='word_1_252' title='bbox 938 1013 1039 1045; x_wconf 90' lang='lat' dir='ltr'>prae-</span> <span class='ocrx_word' id='word_1_253' title='bbox 1092 1000 1242 1034; x_wconf 76' lang='lat' dir='ltr'>volebat.</span> <span class='ocrx_word' id='word_1_254' title='bbox 1296 999 1347 1033; x_wconf 88' lang='lat' dir='ltr'>Ac</span> <span class='ocrx_word' id='word_1_255' title='bbox 1366 1000 1394 1033; x_wconf 87' lang='lat' dir='ltr'>si</span> <span class='ocrx_word' id='word_1_256' title='bbox 1409 1001 1564 1034; x_wconf 76' lang='lat' dir='ltr'>fortassis</span> <span class='ocrx_word' id='word_1_257' title='bbox 1582 1001 1616 1033; x_wconf 91' lang='lat' dir='ltr'>in</span> <span class='ocrx_word' id='word_1_258' title='bbox 1635 1013 1673 1034; x_wconf 88' lang='lat' dir='ltr'>ea</span> <span class='ocrx_word' id='word_1_259' title='bbox 1692 1013 1730 1034; x_wconf 90' lang='lat' dir='ltr'>re</span> <span class='ocrx_word' id='word_1_260' title='bbox 1747 1002 1840 1034; x_wconf 89' lang='lat' dir='ltr'>visus</span> <span class='ocrx_word' id='word_1_261' title='bbox 1858 1008 1905 1034; x_wconf 92' lang='lat' dir='ltr'>est</span> <span class='ocrx_word' id='word_1_262' title='bbox 1924 1000 2081 1035; x_wconf 86' lang='lat' dir='ltr'>homini-</span> 
     </span>
     <span class='ocr_line' id='line_1_19' title="bbox 48 1050 2082 1098; baseline 0 -12"><span class='ocrx_word' id='word_1_263' title='bbox 48 1051 133 1086; x_wconf 81' lang='lat' dir='ltr'>tulit</span> <span class='ocrx_word' id='word_1_264' title='bbox 167 1052 459 1097; x_wconf 83' lang='lat' dir='ltr'>tranquillitatem</span> <span class='ocrx_word' id='word_1_265' title='bbox 494 1051 647 1096; x_wconf 88' lang='lat' dir='ltr'>Reipub.</span> <span class='ocrx_word' id='word_1_266' title='bbox 712 1052 806 1086; x_wconf 90' lang='lat' dir='ltr'>Haec</span> <span class='ocrx_word' id='word_1_267' title='bbox 841 1059 892 1086; x_wconf 91' lang='lat' dir='ltr'>est</span> <span class='ocrx_word' id='word_1_268' title='bbox 926 1053 1038 1085; x_wconf 82' lang='lat' dir='ltr'>virtus</span> <span class='ocrx_word' id='word_1_269' title='bbox 1093 1051 1156 1084; x_wconf 93' lang='lat' dir='ltr'>bus</span> <span class='ocrx_word' id='word_1_270' title='bbox 1173 1050 1345 1095; x_wconf 89' lang='lat' dir='ltr'>imperitis</span> <span class='ocrx_word' id='word_1_271' title='bbox 1361 1052 1600 1092; x_wconf 85' lang='lat' dir='ltr'>cunctantior,</span> <span class='ocrx_word' id='word_1_272' title='bbox 1621 1052 1696 1085; x_wconf 90' lang='lat' dir='ltr'>laus</span> <span class='ocrx_word' id='word_1_273' title='bbox 1712 1059 1762 1086; x_wconf 87' lang='lat' dir='ltr'>est</span> <span class='ocrx_word' id='word_1_274' title='bbox 1778 1052 1966 1094; x_wconf 83' lang='lat' dir='ltr'>bonitatis,</span> <span class='ocrx_word' id='word_1_275' title='bbox 1993 1066 2082 1098; x_wconf 89' lang='lat' dir='ltr'>quae</span> 
     </span>
     <span class='ocr_line' id='line_1_20' title="bbox 48 1102 2081 1147; baseline 0.001 -12"><span class='ocrx_word' id='word_1_276' title='bbox 48 1113 176 1146; x_wconf 86' lang='lat' dir='ltr'>magno</span> <span class='ocrx_word' id='word_1_277' title='bbox 200 1103 278 1136; x_wconf 89' lang='lat' dir='ltr'>viro</span> <span class='ocrx_word' id='word_1_278' title='bbox 302 1115 341 1136; x_wconf 89' lang='lat' dir='ltr'>ac</span> <span class='ocrx_word' id='word_1_279' title='bbox 363 1103 511 1146; x_wconf 87' lang='lat' dir='ltr'>sapienti</span> <span class='ocrx_word' id='word_1_280' title='bbox 538 1104 722 1146; x_wconf 81' lang='lat' dir='ltr'>praecipue</span> <span class='ocrx_word' id='word_1_281' title='bbox 745 1104 868 1146; x_wconf 87' lang='lat' dir='ltr'>digna,</span> <span class='ocrx_word' id='word_1_282' title='bbox 895 1103 1038 1136; x_wconf 88' lang='lat' dir='ltr'>iracun—</span> <span class='ocrx_word' id='word_1_283' title='bbox 1092 1108 1183 1134; x_wconf 87' lang='lat' dir='ltr'>certe</span> <span class='ocrx_word' id='word_1_284' title='bbox 1209 1102 1362 1134; x_wconf 89' lang='lat' dir='ltr'>eminere</span> <span class='ocrx_word' id='word_1_285' title='bbox 1389 1103 1490 1136; x_wconf 88' lang='lat' dir='ltr'>debet</span> <span class='ocrx_word' id='word_1_286' title='bbox 1507 1103 1543 1135; x_wconf 91' lang='lat' dir='ltr'>in</span> <span class='ocrx_word' id='word_1_287' title='bbox 1562 1102 1737 1147; x_wconf 87' lang='lat' dir='ltr'>Principe.</span> <span class='ocrx_word' id='word_1_288' title='bbox 1792 1102 1873 1136; x_wconf 63' lang='lat' dir='ltr'>Yita</span> <span class='ocrx_word' id='word_1_289' title='bbox 1894 1103 1967 1137; x_wconf 91' lang='lat' dir='ltr'>eius</span> <span class='ocrx_word' id='word_1_290' title='bbox 1990 1104 2081 1138; x_wconf 90' lang='lat' dir='ltr'>inte-</span> 
     </span>
     <span class='ocr_line' id='line_1_21' title="bbox 49 1153 2081 1197; baseline 0.001 -11"><span class='ocrx_word' id='word_1_291' title='bbox 49 1153 144 1186; x_wconf 90' lang='lat' dir='ltr'>diam</span> <span class='ocrx_word' id='word_1_292' title='bbox 163 1153 318 1194; x_wconf 82' lang='lat' dir='ltr'>vincere,</span> <span class='ocrx_word' id='word_1_293' title='bbox 343 1159 378 1186; x_wconf 90' lang='lat' dir='ltr'>et</span> <span class='ocrx_word' id='word_1_294' title='bbox 403 1153 548 1197; x_wconf 86' lang='lat' dir='ltr'>privatis</span> <span class='ocrx_word' id='word_1_295' title='bbox 572 1153 752 1187; x_wconf 76' lang='lat' dir='ltr'>affectibus</span> <span class='ocrx_word' id='word_1_296' title='bbox 777 1154 951 1187; x_wconf 88' lang='lat' dir='ltr'>anteferre</span> <span class='ocrx_word' id='word_1_297' title='bbox 975 1166 1040 1197; x_wconf 85' lang='lat' dir='ltr'>pu-</span> <span class='ocrx_word' id='word_1_298' title='bbox 1092 1153 1164 1185; x_wconf 88' lang='lat' dir='ltr'>rior</span> <span class='ocrx_word' id='word_1_299' title='bbox 1189 1153 1464 1192; x_wconf 90' lang='lat' dir='ltr'>modestissima,</span> <span class='ocrx_word' id='word_1_300' title='bbox 1501 1153 1622 1187; x_wconf 89' lang='lat' dir='ltr'>nullus</span> <span class='ocrx_word' id='word_1_301' title='bbox 1647 1154 1768 1192; x_wconf 85' lang='lat' dir='ltr'>luxus,</span> <span class='ocrx_word' id='word_1_302' title='bbox 1796 1154 1914 1187; x_wconf 86' lang='lat' dir='ltr'>nullae</span> <span class='ocrx_word' id='word_1_303' title='bbox 1937 1155 2081 1189; x_wconf 85' lang='lat' dir='ltr'>deliciae</span> 
     </span>
     <span class='ocr_line' id='line_1_22' title="bbox 46 1202 2080 1250; baseline 0.001 -14"><span class='ocrx_word' id='word_1_304' title='bbox 46 1203 175 1237; x_wconf 83' lang='lat' dir='ltr'>blicam</span> <span class='ocrx_word' id='word_1_305' title='bbox 194 1203 394 1238; x_wconf 81' lang='lat' dir='ltr'>utilitatem.</span> <span class='ocrx_word' id='word_1_306' title='bbox 447 1203 700 1238; x_wconf 81' lang='lat' dir='ltr'>praedicentur</span> <span class='ocrx_word' id='word_1_307' title='bbox 718 1204 755 1237; x_wconf 91' lang='lat' dir='ltr'>in</span> <span class='ocrx_word' id='word_1_308' title='bbox 779 1204 857 1237; x_wconf 87' lang='lat' dir='ltr'>aliis</span> <span class='ocrx_word' id='word_1_309' title='bbox 873 1216 927 1238; x_wconf 90' lang='lat' dir='ltr'>res</span> <span class='ocrx_word' id='word_1_310' title='bbox 946 1204 1038 1237; x_wconf 87' lang='lat' dir='ltr'>bello</span> <span class='ocrx_word' id='word_1_311' title='bbox 1092 1202 1167 1236; x_wconf 84' lang='lat' dir='ltr'>viro</span> <span class='ocrx_word' id='word_1_312' title='bbox 1197 1202 1384 1246; x_wconf 81' lang='lat' dir='ltr'>indignae,</span> <span class='ocrx_word' id='word_1_313' title='bbox 1417 1204 1536 1237; x_wconf 91' lang='lat' dir='ltr'>nullae</span> <span class='ocrx_word' id='word_1_314' title='bbox 1566 1204 1734 1237; x_wconf 84' lang='lat' dir='ltr'>libidines</span> <span class='ocrx_word' id='word_1_315' title='bbox 1762 1211 1880 1246; x_wconf 88' lang='lat' dir='ltr'>erant,</span> <span class='ocrx_word' id='word_1_316' title='bbox 1911 1206 2080 1250; x_wconf 88' lang='lat' dir='ltr'>quicquid</span> 
     </span>
     <span class='ocr_line' id='line_1_23' title="bbox 48 1252 2080 1299; baseline 0.001 -12"><span class='ocrx_word' id='word_1_317' title='bbox 48 1261 180 1298; x_wconf 82' lang='lat' dir='ltr'>gestae,</span> <span class='ocrx_word' id='word_1_318' title='bbox 208 1252 323 1288; x_wconf 88' lang='lat' dir='ltr'>hostes</span> <span class='ocrx_word' id='word_1_319' title='bbox 340 1254 377 1286; x_wconf 90' lang='lat' dir='ltr'>in</span> <span class='ocrx_word' id='word_1_320' title='bbox 393 1254 464 1287; x_wconf 90' lang='lat' dir='ltr'>acie</span> <span class='ocrx_word' id='word_1_321' title='bbox 480 1254 584 1295; x_wconf 82' lang='lat' dir='ltr'>victi,</span> <span class='ocrx_word' id='word_1_322' title='bbox 612 1261 752 1299; x_wconf 87' lang='lat' dir='ltr'>paratae</span> <span class='ocrx_word' id='word_1_323' title='bbox 769 1255 876 1288; x_wconf 86' lang='lat' dir='ltr'>armis</span> <span class='ocrx_word' id='word_1_324' title='bbox 892 1255 1039 1299; x_wconf 75' lang='lat' dir='ltr'>provin·</span> <span class='ocrx_word' id='word_1_325' title='bbox 1091 1265 1109 1286; x_wconf 87' lang='lat' dir='ltr'>a</span> <span class='ocrx_word' id='word_1_326' title='bbox 1126 1254 1279 1297; x_wconf 83' lang='lat' dir='ltr'>negociis</span> <span class='ocrx_word' id='word_1_327' title='bbox 1296 1254 1396 1287; x_wconf 89' lang='lat' dir='ltr'>vacui</span> <span class='ocrx_word' id='word_1_328' title='bbox 1414 1254 1581 1299; x_wconf 89' lang='lat' dir='ltr'>temporis</span> <span class='ocrx_word' id='word_1_329' title='bbox 1599 1252 1741 1294; x_wconf 86' lang='lat' dir='ltr'>habuit,</span> <span class='ocrx_word' id='word_1_330' title='bbox 1769 1255 1805 1288; x_wconf 88' lang='lat' dir='ltr'>id</span> <span class='ocrx_word' id='word_1_331' title='bbox 1823 1262 1936 1290; x_wconf 90' lang='lat' dir='ltr'>totum</span> <span class='ocrx_word' id='word_1_332' title='bbox 1953 1263 2080 1290; x_wconf 90' lang='lat' dir='ltr'>contu-</span> 
     </span>
     <span class='ocr_line' id='line_1_24' title="bbox 47 1304 2080 1351; baseline 0.001 -13"><span class='ocrx_word' id='word_1_333' title='bbox 47 1305 139 1346; x_wconf 90' lang='lat' dir='ltr'>ciae,</span> <span class='ocrx_word' id='word_1_334' title='bbox 164 1305 226 1338; x_wconf 85' lang='lat' dir='ltr'>illa</span> <span class='ocrx_word' id='word_1_335' title='bbox 247 1305 343 1338; x_wconf 86' lang='lat' dir='ltr'>enim</span> <span class='ocrx_word' id='word_1_336' title='bbox 366 1312 449 1338; x_wconf 89' lang='lat' dir='ltr'>sunt</span> <span class='ocrx_word' id='word_1_337' title='bbox 471 1317 613 1348; x_wconf 84' lang='lat' dir='ltr'>magna,</span> <span class='ocrx_word' id='word_1_338' title='bbox 646 1313 679 1338; x_wconf 89' lang='lat' dir='ltr'>et</span> <span class='ocrx_word' id='word_1_339' title='bbox 705 1317 805 1350; x_wconf 82' lang='lat' dir='ltr'>saepe</span> <span class='ocrx_word' id='word_1_340' title='bbox 828 1306 1039 1347; x_wconf 86' lang='lat' dir='ltr'>necessaria;</span> <span class='ocrx_word' id='word_1_341' title='bbox 1092 1304 1132 1337; x_wconf 89' lang='lat' dir='ltr'>lit</span> <span class='ocrx_word' id='word_1_342' title='bbox 1165 1305 1205 1338; x_wconf 86' lang='lat' dir='ltr'>in</span> <span class='ocrx_word' id='word_1_343' title='bbox 1233 1305 1417 1338; x_wconf 82' lang='lat' dir='ltr'>lectionem</span> <span class='ocrx_word' id='word_1_344' title='bbox 1452 1318 1629 1338; x_wconf 91' lang='lat' dir='ltr'>sacrarum</span> <span class='ocrx_word' id='word_1_345' title='bbox 1661 1306 1861 1347; x_wconf 87' lang='lat' dir='ltr'>literarum,</span> <span class='ocrx_word' id='word_1_346' title='bbox 1895 1314 2080 1351; x_wconf 87' lang='lat' dir='ltr'>propterea</span> 
     </span>
     <span class='ocr_line' id='line_1_25' title="bbox 47 1353 2079 1400; baseline 0.001 -12"><span class='ocrx_word' id='word_1_347' title='bbox 47 1356 109 1389; x_wconf 85' lang='lat' dir='ltr'>sed</span> <span class='ocrx_word' id='word_1_348' title='bbox 126 1367 200 1388; x_wconf 92' lang='lat' dir='ltr'>non</span> <span class='ocrx_word' id='word_1_349' title='bbox 223 1357 362 1389; x_wconf 87' lang='lat' dir='ltr'>minora</span> <span class='ocrx_word' id='word_1_350' title='bbox 382 1363 464 1390; x_wconf 88' lang='lat' dir='ltr'>sunt</span> <span class='ocrx_word' id='word_1_351' title='bbox 483 1353 587 1394; x_wconf 87' lang='lat' dir='ltr'>haec,</span> <span class='ocrx_word' id='word_1_352' title='bbox 614 1356 753 1390; x_wconf 88' lang='lat' dir='ltr'>ratione</span> <span class='ocrx_word' id='word_1_353' title='bbox 776 1363 808 1390; x_wconf 89' lang='lat' dir='ltr'>et</span> <span class='ocrx_word' id='word_1_354' title='bbox 832 1357 940 1389; x_wconf 90' lang='lat' dir='ltr'>animi</span> <span class='ocrx_word' id='word_1_355' title='bbox 961 1369 1040 1389; x_wconf 88' lang='lat' dir='ltr'>mo-</span> <span class='ocrx_word' id='word_1_356' title='bbox 1091 1356 1185 1400; x_wconf 92' lang='lat' dir='ltr'>quod</span> <span class='ocrx_word' id='word_1_357' title='bbox 1202 1355 1384 1398; x_wconf 87' lang='lat' dir='ltr'>religionis</span> <span class='ocrx_word' id='word_1_358' title='bbox 1397 1353 1620 1389; x_wconf 84' lang='lat' dir='ltr'>Christianae</span> <span class='ocrx_word' id='word_1_359' title='bbox 1636 1357 1896 1389; x_wconf 89' lang='lat' dir='ltr'>amantissimus</span> <span class='ocrx_word' id='word_1_360' title='bbox 1913 1364 1996 1390; x_wconf 86' lang='lat' dir='ltr'>erat.</span> <span class='ocrx_word' id='word_1_361' title='bbox 2038 1357 2079 1391; x_wconf 91' lang='lat' dir='ltr'>In</span> 
     </span>
     <span class='ocr_line' id='line_1_26' title="bbox 48 1403 2079 1450; baseline 0.001 -11"><span class='ocrx_word' id='word_1_362' title='bbox 48 1405 231 1440; x_wconf 87' lang='lat' dir='ltr'>deratione</span> <span class='ocrx_word' id='word_1_363' title='bbox 249 1406 413 1440; x_wconf 79' lang='lat' dir='ltr'>excitatos</span> <span class='ocrx_word' id='word_1_364' title='bbox 431 1413 546 1439; x_wconf 90' lang='lat' dir='ltr'>motus</span> <span class='ocrx_word' id='word_1_365' title='bbox 564 1407 684 1440; x_wconf 89' lang='lat' dir='ltr'>sedare</span> <span class='ocrx_word' id='word_1_366' title='bbox 700 1419 740 1440; x_wconf 90' lang='lat' dir='ltr'>ac</span> <span class='ocrx_word' id='word_1_367' title='bbox 758 1406 928 1450; x_wconf 87' lang='lat' dir='ltr'>mitigare,</span> <span class='ocrx_word' id='word_1_368' title='bbox 955 1419 1039 1440; x_wconf 85' lang='lat' dir='ltr'>con·</span> <span class='ocrx_word' id='word_1_369' title='bbox 1092 1403 1158 1438; x_wconf 88' lang='lat' dir='ltr'>hoc</span> <span class='ocrx_word' id='word_1_370' title='bbox 1182 1405 1286 1439; x_wconf 89' lang='lat' dir='ltr'>etiam</span> <span class='ocrx_word' id='word_1_371' title='bbox 1312 1413 1487 1449; x_wconf 86' lang='lat' dir='ltr'>postremo</span> <span class='ocrx_word' id='word_1_372' title='bbox 1506 1413 1663 1450; x_wconf 86' lang='lat' dir='ltr'>tempore</span> <span class='ocrx_word' id='word_1_373' title='bbox 1681 1407 1790 1440; x_wconf 90' lang='lat' dir='ltr'>multa</span> <span class='ocrx_word' id='word_1_374' title='bbox 1809 1407 1910 1450; x_wconf 86' lang='lat' dir='ltr'>legit,</span> <span class='ocrx_word' id='word_1_375' title='bbox 1936 1415 1968 1442; x_wconf 93' lang='lat' dir='ltr'>et</span> <span class='ocrx_word' id='word_1_376' title='bbox 1984 1414 2023 1442; x_wconf 89' lang='lat' dir='ltr'>ut</span> <span class='ocrx_word' id='word_1_377' title='bbox 2040 1421 2079 1442; x_wconf 88' lang='lat' dir='ltr'>ex</span> 
     </span>
     <span class='ocr_line' id='line_1_27' title="bbox 47 1453 2080 1503; baseline 0.001 -14"><span class='ocrx_word' id='word_1_378' title='bbox 47 1456 128 1490; x_wconf 87' lang='lat' dir='ltr'>silio</span> <span class='ocrx_word' id='word_1_379' title='bbox 145 1453 344 1500; x_wconf 85' lang='lat' dir='ltr'>prohibere,</span> <span class='ocrx_word' id='word_1_380' title='bbox 371 1468 416 1489; x_wconf 90' lang='lat' dir='ltr'>ne</span> <span class='ocrx_word' id='word_1_381' title='bbox 433 1468 487 1490; x_wconf 85' lang='lat' dir='ltr'>res</span> <span class='ocrx_word' id='word_1_382' title='bbox 503 1458 546 1490; x_wconf 91' lang='lat' dir='ltr'>ad</span> <span class='ocrx_word' id='word_1_383' title='bbox 563 1469 660 1491; x_wconf 89' lang='lat' dir='ltr'>arma</span> <span class='ocrx_word' id='word_1_384' title='bbox 676 1458 880 1492; x_wconf 88' lang='lat' dir='ltr'>deducatur.</span> <span class='ocrx_word' id='word_1_385' title='bbox 918 1456 1040 1502; x_wconf 89' lang='lat' dir='ltr'>Itaque</span> <span class='ocrx_word' id='word_1_386' title='bbox 1091 1455 1294 1489; x_wconf 84' lang='lat' dir='ltr'>certissimis</span> <span class='ocrx_word' id='word_1_387' title='bbox 1324 1457 1472 1490; x_wconf 85' lang='lat' dir='ltr'>testibus</span> <span class='ocrx_word' id='word_1_388' title='bbox 1498 1457 1665 1500; x_wconf 85' lang='lat' dir='ltr'>cognovi,</span> <span class='ocrx_word' id='word_1_389' title='bbox 1693 1469 1793 1502; x_wconf 88' lang='lat' dir='ltr'>saepe</span> <span class='ocrx_word' id='word_1_390' title='bbox 1821 1466 1930 1493; x_wconf 90' lang='lat' dir='ltr'>certas</span> <span class='ocrx_word' id='word_1_391' title='bbox 1961 1470 2080 1503; x_wconf 91' lang='lat' dir='ltr'>preces</span> 
     </span>
     <span class='ocr_line' id='line_1_28' title="bbox 48 1506 2080 1554; baseline 0.002 -14"><span class='ocrx_word' id='word_1_392' title='bbox 48 1513 142 1541; x_wconf 84' lang='lat' dir='ltr'>recte</span> <span class='ocrx_word' id='word_1_393' title='bbox 158 1507 260 1541; x_wconf 87' lang='lat' dir='ltr'>liceat</span> <span class='ocrx_word' id='word_1_394' title='bbox 277 1519 447 1552; x_wconf 90' lang='lat' dir='ltr'>usurpare</span> <span class='ocrx_word' id='word_1_395' title='bbox 465 1508 571 1541; x_wconf 89' lang='lat' dir='ltr'>illud:</span> <span class='ocrx_word' id='word_1_396' title='bbox 1090 1506 1246 1540; x_wconf 89' lang='lat' dir='ltr'>interdiu</span> <span class='ocrx_word' id='word_1_397' title='bbox 1268 1507 1449 1551; x_wconf 85' lang='lat' dir='ltr'>repetivit:</span> <span class='ocrx_word' id='word_1_398' title='bbox 1483 1519 1572 1552; x_wconf 86' lang='lat' dir='ltr'>quae</span> <span class='ocrx_word' id='word_1_399' title='bbox 1597 1508 1751 1551; x_wconf 89' lang='lat' dir='ltr'>pericula</span> <span class='ocrx_word' id='word_1_400' title='bbox 1779 1521 1884 1553; x_wconf 89' lang='lat' dir='ltr'>quam</span> <span class='ocrx_word' id='word_1_401' title='bbox 1906 1510 2080 1554; x_wconf 84' lang='lat' dir='ltr'>patienter</span> 
     </span>
     <span class='ocr_line' id='line_1_29' title="bbox 1092 1556 2079 1603; baseline 0.004 -13"><span class='ocrx_word' id='word_1_402' title='bbox 1092 1564 1233 1601; x_wconf 89' lang='lat' dir='ltr'>propter</span> <span class='ocrx_word' id='word_1_403' title='bbox 1254 1558 1410 1591; x_wconf 80' lang='lat' dir='ltr'>studium</span> <span class='ocrx_word' id='word_1_404' title='bbox 1428 1556 1615 1601; x_wconf 86' lang='lat' dir='ltr'>Evangelii</span> <span class='ocrx_word' id='word_1_405' title='bbox 1639 1559 1776 1600; x_wconf 85' lang='lat' dir='ltr'>tulerit,</span> <span class='ocrx_word' id='word_1_406' title='bbox 1802 1571 1906 1593; x_wconf 89' lang='lat' dir='ltr'>nemo</span> <span class='ocrx_word' id='word_1_407' title='bbox 1930 1560 2079 1603; x_wconf 86' lang='lat' dir='ltr'>ignorat.</span> 
     </span>
     <span class='ocr_line' id='line_1_30' title="bbox 1090 1606 2079 1649; baseline 0.003 -7"><span class='ocrx_word' id='word_1_408' title='bbox 1090 1606 1136 1642; x_wconf 87' lang='lat' dir='ltr'>Et</span> <span class='ocrx_word' id='word_1_409' title='bbox 1161 1608 1248 1641; x_wconf 86' lang='lat' dir='ltr'>favit</span> <span class='ocrx_word' id='word_1_410' title='bbox 1275 1607 1370 1641; x_wconf 90' lang='lat' dir='ltr'>Deus</span> <span class='ocrx_word' id='word_1_411' title='bbox 1397 1606 1452 1642; x_wconf 84' lang='lat' dir='ltr'>his</span> <span class='ocrx_word' id='word_1_412' title='bbox 1474 1609 1684 1649; x_wconf 76' lang='lat' dir='ltr'>virtutibus,</span> <span class='ocrx_word' id='word_1_413' title='bbox 1717 1616 1768 1644; x_wconf 84' lang='lat' dir='ltr'>tot</span> <span class='ocrx_word' id='word_1_414' title='bbox 1798 1611 1900 1644; x_wconf 89' lang='lat' dir='ltr'>annis</span> <span class='ocrx_word' id='word_1_415' title='bbox 1922 1611 2079 1646; x_wconf 84' lang='lat' dir='ltr'>defendit</span> 
     </span>
     <span class='ocr_line' id='line_1_31' title="bbox 47 1656 2078 1706; baseline 0.001 -13"><span class='ocrx_word' id='word_1_416' title='bbox 47 1659 252 1706; x_wconf 86' lang='lat' dir='ltr'>praesertim</span> <span class='ocrx_word' id='word_1_417' title='bbox 269 1658 298 1691; x_wconf 88' lang='lat' dir='ltr'>si</span> <span class='ocrx_word' id='word_1_418' title='bbox 313 1658 392 1704; x_wconf 90' lang='lat' dir='ltr'>quis</span> <span class='ocrx_word' id='word_1_419' title='bbox 407 1657 512 1692; x_wconf 87' lang='lat' dir='ltr'>etiam</span> <span class='ocrx_word' id='word_1_420' title='bbox 529 1658 739 1697; x_wconf 84' lang='lat' dir='ltr'>consideret,</span> <span class='ocrx_word' id='word_1_421' title='bbox 767 1665 937 1704; x_wconf 87' lang='lat' dir='ltr'>quantum</span> <span class='ocrx_word' id='word_1_422' title='bbox 954 1656 1038 1691; x_wconf 90' lang='lat' dir='ltr'>haec</span> <span class='ocrx_word' id='word_1_423' title='bbox 1091 1671 1189 1699; x_wconf 89' lang='lat' dir='ltr'>eum,</span> <span class='ocrx_word' id='word_1_424' title='bbox 1228 1665 1261 1692; x_wconf 90' lang='lat' dir='ltr'>et</span> <span class='ocrx_word' id='word_1_425' title='bbox 1289 1660 1384 1692; x_wconf 86' lang='lat' dir='ltr'>varia</span> <span class='ocrx_word' id='word_1_426' title='bbox 1409 1659 1562 1704; x_wconf 89' lang='lat' dir='ltr'>pericula</span> <span class='ocrx_word' id='word_1_427' title='bbox 1589 1660 1770 1702; x_wconf 89' lang='lat' dir='ltr'>discussit,</span> <span class='ocrx_word' id='word_1_428' title='bbox 1805 1673 1844 1694; x_wconf 92' lang='lat' dir='ltr'>ac</span> <span class='ocrx_word' id='word_1_429' title='bbox 1873 1673 1974 1706; x_wconf 91' lang='lat' dir='ltr'>saepe</span> <span class='ocrx_word' id='word_1_430' title='bbox 1998 1674 2078 1696; x_wconf 89' lang='lat' dir='ltr'>eum</span> 
     </span>
     <span class='ocr_line' id='line_1_32' title="bbox 46 1707 2079 1756; baseline 0.001 -12"><span class='ocrx_word' id='word_1_431' title='bbox 46 1710 243 1744; x_wconf 87' lang='lat' dir='ltr'>moderatio</span> <span class='ocrx_word' id='word_1_432' title='bbox 261 1709 347 1743; x_wconf 88' lang='lat' dir='ltr'>boni</span> <span class='ocrx_word' id='word_1_433' title='bbox 364 1709 520 1743; x_wconf 88' lang='lat' dir='ltr'>attulerit</span> <span class='ocrx_word' id='word_1_434' title='bbox 537 1709 720 1743; x_wconf 87' lang='lat' dir='ltr'>universae</span> <span class='ocrx_word' id='word_1_435' title='bbox 735 1707 912 1743; x_wconf 86' lang='lat' dir='ltr'>Ecclesiae</span> <span class='ocrx_word' id='word_1_436' title='bbox 931 1707 1040 1743; x_wconf 87' lang='lat' dir='ltr'>Chri·</span> <span class='ocrx_word' id='word_1_437' title='bbox 1090 1710 1347 1754; x_wconf 86' lang='lat' dir='ltr'>propemodum</span> <span class='ocrx_word' id='word_1_438' title='bbox 1365 1722 1438 1743; x_wconf 93' lang='lat' dir='ltr'>non</span> <span class='ocrx_word' id='word_1_439' title='bbox 1458 1722 1555 1744; x_wconf 88' lang='lat' dir='ltr'>secus</span> <span class='ocrx_word' id='word_1_440' title='bbox 1573 1718 1676 1756; x_wconf 88' lang='lat' dir='ltr'>atque</span> <span class='ocrx_word' id='word_1_441' title='bbox 1693 1709 1880 1745; x_wconf 84' lang='lat' dir='ltr'>Ezechiam</span> <span class='ocrx_word' id='word_1_442' title='bbox 1893 1713 2079 1747; x_wconf 88' lang='lat' dir='ltr'>obsidione</span> 
     </span>
     <span class='ocr_line' id='line_1_33' title="bbox 48 1759 2078 1809; baseline 0.001 -13"><span class='ocrx_word' id='word_1_443' title='bbox 48 1762 192 1796; x_wconf 82' lang='lat' dir='ltr'>stianae.</span> <span class='ocrx_word' id='word_1_444' title='bbox 247 1759 344 1803; x_wconf 90' lang='lat' dir='ltr'>Quid</span> <span class='ocrx_word' id='word_1_445' title='bbox 371 1760 467 1793; x_wconf 91' lang='lat' dir='ltr'>enim</span> <span class='ocrx_word' id='word_1_446' title='bbox 491 1760 652 1794; x_wconf 83' lang='lat' dir='ltr'>futurum</span> <span class='ocrx_word' id='word_1_447' title='bbox 670 1767 776 1799; x_wconf 90' lang='lat' dir='ltr'>esset,</span> <span class='ocrx_word' id='word_1_448' title='bbox 804 1761 917 1806; x_wconf 89' lang='lat' dir='ltr'>qualis</span> <span class='ocrx_word' id='word_1_449' title='bbox 935 1761 1039 1794; x_wconf 91' lang='lat' dir='ltr'>dissi-</span> <span class='ocrx_word' id='word_1_450' title='bbox 1090 1761 1242 1794; x_wconf 91' lang='lat' dir='ltr'>cinctum</span> <span class='ocrx_word' id='word_1_451' title='bbox 1266 1761 1440 1795; x_wconf 80' lang='lat' dir='ltr'>liberavit.</span> <span class='ocrx_word' id='word_1_452' title='bbox 1492 1760 1595 1795; x_wconf 86' lang='lat' dir='ltr'>Nunc</span> <span class='ocrx_word' id='word_1_453' title='bbox 1613 1769 1733 1796; x_wconf 91' lang='lat' dir='ltr'>nostra</span> <span class='ocrx_word' id='word_1_454' title='bbox 1748 1760 1864 1796; x_wconf 88' lang='lat' dir='ltr'>adhuc</span> <span class='ocrx_word' id='word_1_455' title='bbox 1886 1764 2078 1809; x_wconf 84' lang='lat' dir='ltr'>tranquilla</span> 
     </span>
     <span class='ocr_line' id='line_1_34' title="bbox 45 1810 2078 1858; baseline 0.001 -12"><span class='ocrx_word' id='word_1_456' title='bbox 45 1812 141 1858; x_wconf 87' lang='lat' dir='ltr'>patio</span> <span class='ocrx_word' id='word_1_457' title='bbox 167 1810 404 1845; x_wconf 88' lang='lat' dir='ltr'>Ecclesiarum</span> <span class='ocrx_word' id='word_1_458' title='bbox 434 1823 473 1844; x_wconf 88' lang='lat' dir='ltr'>ac</span> <span class='ocrx_word' id='word_1_459' title='bbox 499 1811 711 1854; x_wconf 85' lang='lat' dir='ltr'>religionum</span> <span class='ocrx_word' id='word_1_460' title='bbox 734 1819 915 1851; x_wconf 87' lang='lat' dir='ltr'>secutura,</span> <span class='ocrx_word' id='word_1_461' title='bbox 950 1823 1038 1855; x_wconf 84' lang='lat' dir='ltr'>quae</span> <span class='ocrx_word' id='word_1_462' title='bbox 1090 1811 1212 1856; x_wconf 88' lang='lat' dir='ltr'>patria,</span> <span class='ocrx_word' id='word_1_463' title='bbox 1237 1824 1317 1845; x_wconf 89' lang='lat' dir='ltr'>eum</span> <span class='ocrx_word' id='word_1_464' title='bbox 1333 1824 1373 1845; x_wconf 84' lang='lat' dir='ltr'>ex</span> <span class='ocrx_word' id='word_1_465' title='bbox 1391 1810 1455 1845; x_wconf 93' lang='lat' dir='ltr'>hac</span> <span class='ocrx_word' id='word_1_466' title='bbox 1470 1812 1542 1845; x_wconf 83' lang='lat' dir='ltr'>vita</span> <span class='ocrx_word' id='word_1_467' title='bbox 1558 1813 1714 1847; x_wconf 89' lang='lat' dir='ltr'>evocavit</span> <span class='ocrx_word' id='word_1_468' title='bbox 1727 1813 1816 1847; x_wconf 90' lang='lat' dir='ltr'>bene</span> <span class='ocrx_word' id='word_1_469' title='bbox 1832 1821 2078 1858; x_wconf 89' lang='lat' dir='ltr'>praeparatum</span> 
     </span>
     <span class='ocr_line' id='line_1_35' title="bbox 46 1862 2077 1907; baseline 0.001 -10"><span class='ocrx_word' id='word_1_470' title='bbox 46 1864 267 1898; x_wconf 84' lang='lat' dir='ltr'>sacerdotum</span> <span class='ocrx_word' id='word_1_471' title='bbox 283 1862 319 1894; x_wconf 90' lang='lat' dir='ltr'>in</span> <span class='ocrx_word' id='word_1_472' title='bbox 339 1869 487 1907; x_wconf 90' lang='lat' dir='ltr'>utraque</span> <span class='ocrx_word' id='word_1_473' title='bbox 504 1869 601 1905; x_wconf 87' lang='lat' dir='ltr'>parte</span> <span class='ocrx_word' id='word_1_474' title='bbox 618 1863 750 1900; x_wconf 90' lang='lat' dir='ltr'>caedes,</span> <span class='ocrx_word' id='word_1_475' title='bbox 774 1867 801 1895; x_wconf 89' lang='lat' dir='ltr'>si</span> <span class='ocrx_word' id='word_1_476' title='bbox 819 1863 949 1895; x_wconf 88' lang='lat' dir='ltr'>bellum</span> <span class='ocrx_word' id='word_1_477' title='bbox 967 1862 1037 1895; x_wconf 88' lang='lat' dir='ltr'>ori·</span> <span class='ocrx_word' id='word_1_478' title='bbox 1089 1863 1132 1896; x_wconf 92' lang='lat' dir='ltr'>ad</span> <span class='ocrx_word' id='word_1_479' title='bbox 1155 1869 1324 1903; x_wconf 88' lang='lat' dir='ltr'>mortem,</span> <span class='ocrx_word' id='word_1_480' title='bbox 1352 1869 1426 1896; x_wconf 92' lang='lat' dir='ltr'>tum</span> <span class='ocrx_word' id='word_1_481' title='bbox 1453 1863 1531 1896; x_wconf 89' lang='lat' dir='ltr'>aliis</span> <span class='ocrx_word' id='word_1_482' title='bbox 1554 1864 1708 1905; x_wconf 88' lang='lat' dir='ltr'>casibus,</span> <span class='ocrx_word' id='word_1_483' title='bbox 1741 1871 1815 1899; x_wconf 91' lang='lat' dir='ltr'>tum</span> <span class='ocrx_word' id='word_1_484' title='bbox 1839 1865 1943 1898; x_wconf 90' lang='lat' dir='ltr'>etiam</span> <span class='ocrx_word' id='word_1_485' title='bbox 1960 1865 2077 1900; x_wconf 83' lang='lat' dir='ltr'>morbi</span> 
     </span>
     <span class='ocr_line' id='line_1_36' title="bbox 47 1912 2075 1958; baseline 0 -10"><span class='ocrx_word' id='word_1_486' title='bbox 47 1913 169 1948; x_wconf 83' lang='lat' dir='ltr'>retur?</span> <span class='ocrx_word' id='word_1_487' title='bbox 204 1920 238 1946; x_wconf 91' lang='lat' dir='ltr'>et</span> <span class='ocrx_word' id='word_1_488' title='bbox 258 1925 338 1946; x_wconf 88' lang='lat' dir='ltr'>cum</span> <span class='ocrx_word' id='word_1_489' title='bbox 365 1912 457 1945; x_wconf 92' lang='lat' dir='ltr'>inter</span> <span class='ocrx_word' id='word_1_490' title='bbox 486 1924 582 1945; x_wconf 89' lang='lat' dir='ltr'>arma</span> <span class='ocrx_word' id='word_1_491' title='bbox 612 1913 739 1946; x_wconf 90' lang='lat' dir='ltr'>sileant</span> <span class='ocrx_word' id='word_1_492' title='bbox 764 1913 870 1955; x_wconf 80' lang='lat' dir='ltr'>leges,</span> <span class='ocrx_word' id='word_1_493' title='bbox 906 1921 1037 1958; x_wconf 87' lang='lat' dir='ltr'>quanto</span> <span class='ocrx_word' id='word_1_494' title='bbox 1089 1913 1243 1949; x_wconf 78' lang='lat' dir='ltr'>saevitia.</span> <span class='ocrx_word' id='word_1_495' title='bbox 1298 1912 1378 1946; x_wconf 84' lang='lat' dir='ltr'>Iure</span> <span class='ocrx_word' id='word_1_496' title='bbox 1407 1914 1515 1957; x_wconf 86' lang='lat' dir='ltr'>igitur</span> <span class='ocrx_word' id='word_1_497' title='bbox 1539 1915 1717 1953; x_wconf 86' lang='lat' dir='ltr'>dolemus,</span> <span class='ocrx_word' id='word_1_498' title='bbox 1750 1915 1865 1949; x_wconf 86' lang='lat' dir='ltr'>orbati</span> <span class='ocrx_word' id='word_1_499' title='bbox 1887 1916 1948 1950; x_wconf 91' lang='lat' dir='ltr'>tali</span> <span class='ocrx_word' id='word_1_500' title='bbox 1970 1915 2075 1950; x_wconf 85' lang='lat' dir='ltr'>Prin-</span> 
     </span>
     <span class='ocr_line' id='line_1_37' title="bbox 47 1963 2078 2011; baseline 0.001 -13"><span class='ocrx_word' id='word_1_501' title='bbox 47 1965 159 2007; x_wconf 86' lang='lat' dir='ltr'>magis</span> <span class='ocrx_word' id='word_1_502' title='bbox 196 1963 383 2007; x_wconf 86' lang='lat' dir='ltr'>disciplina</span> <span class='ocrx_word' id='word_1_503' title='bbox 422 1963 651 1997; x_wconf 90' lang='lat' dir='ltr'>ecclesiastica</span> <span class='ocrx_word' id='word_1_504' title='bbox 686 1970 720 1997; x_wconf 90' lang='lat' dir='ltr'>et</span> <span class='ocrx_word' id='word_1_505' title='bbox 755 1964 936 2007; x_wconf 88' lang='lat' dir='ltr'>religionis</span> <span class='ocrx_word' id='word_1_506' title='bbox 974 1965 1039 1997; x_wconf 78' lang='lat' dir='ltr'>do·</span> <span class='ocrx_word' id='word_1_507' title='bbox 1089 1965 1182 2009; x_wconf 87' lang='lat' dir='ltr'>cipe,</span> <span class='ocrx_word' id='word_1_508' title='bbox 1216 1970 1268 1998; x_wconf 93' lang='lat' dir='ltr'>tot</span> <span class='ocrx_word' id='word_1_509' title='bbox 1291 1965 1448 2008; x_wconf 87' lang='lat' dir='ltr'>praedito</span> <span class='ocrx_word' id='word_1_510' title='bbox 1471 1965 1678 2007; x_wconf 75' lang='lat' dir='ltr'>virtutibus,</span> <span class='ocrx_word' id='word_1_511' title='bbox 1710 1973 1808 2000; x_wconf 92' lang='lat' dir='ltr'>tanto</span> <span class='ocrx_word' id='word_1_512' title='bbox 1834 1966 1927 2011; x_wconf 87' lang='lat' dir='ltr'>pacis</span> <span class='ocrx_word' id='word_1_513' title='bbox 1949 1968 2078 2008; x_wconf 89' lang='lat' dir='ltr'>studio,</span> 
     </span>
     <span class='ocr_line' id='line_1_38' title="bbox 49 2014 2078 2062; baseline 0 -12"><span class='ocrx_word' id='word_1_514' title='bbox 49 2016 162 2050; x_wconf 85' lang='lat' dir='ltr'>ctrina</span> <span class='ocrx_word' id='word_1_515' title='bbox 183 2014 443 2058; x_wconf 90' lang='lat' dir='ltr'>consilesceret,</span> <span class='ocrx_word' id='word_1_516' title='bbox 471 2022 545 2048; x_wconf 90' lang='lat' dir='ltr'>tum</span> <span class='ocrx_word' id='word_1_517' title='bbox 564 2014 670 2047; x_wconf 91' lang='lat' dir='ltr'>armis</span> <span class='ocrx_word' id='word_1_518' title='bbox 684 2026 868 2059; x_wconf 89' lang='lat' dir='ltr'>oppressa,</span> <span class='ocrx_word' id='word_1_519' title='bbox 895 2021 971 2049; x_wconf 86' lang='lat' dir='ltr'>tum</span> <span class='ocrx_word' id='word_1_520' title='bbox 985 2016 1039 2049; x_wconf 86' lang='lat' dir='ltr'>fa-</span> <span class='ocrx_word' id='word_1_521' title='bbox 1090 2022 1184 2049; x_wconf 89' lang='lat' dir='ltr'>tanta</span> <span class='ocrx_word' id='word_1_522' title='bbox 1199 2015 1358 2049; x_wconf 87' lang='lat' dir='ltr'>bonitate</span> <span class='ocrx_word' id='word_1_523' title='bbox 1376 2027 1456 2059; x_wconf 86' lang='lat' dir='ltr'>erga</span> <span class='ocrx_word' id='word_1_524' title='bbox 1470 2027 1567 2057; x_wconf 92' lang='lat' dir='ltr'>suos,</span> <span class='ocrx_word' id='word_1_525' title='bbox 1593 2023 1630 2049; x_wconf 88' lang='lat' dir='ltr'>ut</span> <span class='ocrx_word' id='word_1_526' title='bbox 1648 2028 1718 2049; x_wconf 90' lang='lat' dir='ltr'>non</span> <span class='ocrx_word' id='word_1_527' title='bbox 1735 2017 1854 2050; x_wconf 88' lang='lat' dir='ltr'>minus</span> <span class='ocrx_word' id='word_1_528' title='bbox 1869 2029 1950 2050; x_wconf 77' lang='lat' dir='ltr'>vere</span> <span class='ocrx_word' id='word_1_529' title='bbox 1966 2025 2078 2062; x_wconf 88' lang='lat' dir='ltr'>pater,</span> 
     </span>
     <span class='ocr_line' id='line_1_39' title="bbox 48 2065 2077 2113; baseline 0.001 -13"><span class='ocrx_word' id='word_1_530' title='bbox 48 2065 174 2100; x_wconf 87' lang='lat' dir='ltr'>naticis</span> <span class='ocrx_word' id='word_1_531' title='bbox 207 2065 431 2106; x_wconf 90' lang='lat' dir='ltr'>doctoribus,</span> <span class='ocrx_word' id='word_1_532' title='bbox 468 2065 598 2110; x_wconf 90' lang='lat' dir='ltr'>quibus</span> <span class='ocrx_word' id='word_1_533' title='bbox 634 2065 774 2099; x_wconf 91' lang='lat' dir='ltr'>licentia</span> <span class='ocrx_word' id='word_1_534' title='bbox 808 2066 893 2099; x_wconf 89' lang='lat' dir='ltr'>belli</span> <span class='ocrx_word' id='word_1_535' title='bbox 921 2066 1035 2099; x_wconf 89' lang='lat' dir='ltr'>locum</span> <span class='ocrx_word' id='word_1_536' title='bbox 1089 2078 1192 2112; x_wconf 87' lang='lat' dir='ltr'>quam</span> <span class='ocrx_word' id='word_1_537' title='bbox 1215 2065 1382 2110; x_wconf 88' lang='lat' dir='ltr'>Princeps</span> <span class='ocrx_word' id='word_1_538' title='bbox 1399 2067 1469 2100; x_wconf 90' lang='lat' dir='ltr'>dici</span> <span class='ocrx_word' id='word_1_539' title='bbox 1493 2067 1611 2111; x_wconf 90' lang='lat' dir='ltr'>possit.</span> <span class='ocrx_word' id='word_1_540' title='bbox 1664 2066 1768 2100; x_wconf 72' lang='lat' dir='ltr'>Nunc</span> <span class='ocrx_word' id='word_1_541' title='bbox 1785 2068 1914 2113; x_wconf 88' lang='lat' dir='ltr'>quibus</span> <span class='ocrx_word' id='word_1_542' title='bbox 1929 2068 1966 2101; x_wconf 94' lang='lat' dir='ltr'>in</span> <span class='ocrx_word' id='word_1_543' title='bbox 1983 2069 2077 2113; x_wconf 89' lang='lat' dir='ltr'>peri-</span> 
     </span>
     <span class='ocr_line' id='line_1_40' title="bbox 47 2116 2078 2163; baseline 0.001 -12"><span class='ocrx_word' id='word_1_544' title='bbox 47 2117 249 2163; x_wconf 82' lang='lat' dir='ltr'>praebitnra</span> <span class='ocrx_word' id='word_1_545' title='bbox 273 2122 371 2152; x_wconf 89' lang='lat' dir='ltr'>esset.</span> <span class='ocrx_word' id='word_1_546' title='bbox 430 2116 553 2161; x_wconf 88' lang='lat' dir='ltr'>Itaque</span> <span class='ocrx_word' id='word_1_547' title='bbox 579 2116 719 2161; x_wconf 91' lang='lat' dir='ltr'>quidvis</span> <span class='ocrx_word' id='word_1_548' title='bbox 749 2127 885 2161; x_wconf 89' lang='lat' dir='ltr'>semper</span> <span class='ocrx_word' id='word_1_549' title='bbox 914 2117 1039 2150; x_wconf 89' lang='lat' dir='ltr'>maluit</span> <span class='ocrx_word' id='word_1_550' title='bbox 1089 2117 1194 2157; x_wconf 85' lang='lat' dir='ltr'>culis,</span> <span class='ocrx_word' id='word_1_551' title='bbox 1222 2117 1257 2150; x_wconf 90' lang='lat' dir='ltr'>in</span> <span class='ocrx_word' id='word_1_552' title='bbox 1274 2124 1405 2162; x_wconf 89' lang='lat' dir='ltr'>quanto</span> <span class='ocrx_word' id='word_1_553' title='bbox 1424 2117 1626 2151; x_wconf 89' lang='lat' dir='ltr'>discrimine</span> <span class='ocrx_word' id='word_1_554' title='bbox 1642 2130 1840 2160; x_wconf 84' lang='lat' dir='ltr'>versamur,</span> <span class='ocrx_word' id='word_1_555' title='bbox 1865 2131 1938 2152; x_wconf 90' lang='lat' dir='ltr'>non</span> <span class='ocrx_word' id='word_1_556' title='bbox 1953 2119 2078 2160; x_wconf 88' lang='lat' dir='ltr'>dicam,</span> 
     </span>
     <span class='ocr_line' id='line_1_41' title="bbox 47 2165 2076 2213; baseline 0 -11"><span class='ocrx_word' id='word_1_557' title='bbox 47 2167 129 2202; x_wconf 91' lang='lat' dir='ltr'>Dux</span> <span class='ocrx_word' id='word_1_558' title='bbox 145 2167 339 2208; x_wconf 88' lang='lat' dir='ltr'>Saxoniae‚</span> <span class='ocrx_word' id='word_1_559' title='bbox 365 2179 470 2213; x_wconf 90' lang='lat' dir='ltr'>quam</span> <span class='ocrx_word' id='word_1_560' title='bbox 495 2165 556 2200; x_wconf 92' lang='lat' dir='ltr'>has</span> <span class='ocrx_word' id='word_1_561' title='bbox 579 2167 761 2210; x_wconf 86' lang='lat' dir='ltr'>religionis</span> <span class='ocrx_word' id='word_1_562' title='bbox 785 2168 1038 2201; x_wconf 87' lang='lat' dir='ltr'>controversias</span> <span class='ocrx_word' id='word_1_563' title='bbox 1089 2180 1132 2201; x_wconf 88' lang='lat' dir='ltr'>ne</span> <span class='ocrx_word' id='word_1_564' title='bbox 1150 2168 1241 2201; x_wconf 88' lang='lat' dir='ltr'>male</span> <span class='ocrx_word' id='word_1_565' title='bbox 1256 2168 1408 2201; x_wconf 90' lang='lat' dir='ltr'>ominari</span> <span class='ocrx_word' id='word_1_566' title='bbox 1425 2168 1526 2201; x_wconf 78' lang='lat' dir='ltr'>vobis</span> <span class='ocrx_word' id='word_1_567' title='bbox 1544 2169 1675 2202; x_wconf 80' lang='lat' dir='ltr'>videar.</span> <span class='ocrx_word' id='word_1_568' title='bbox 1710 2167 1803 2202; x_wconf 86' lang='lat' dir='ltr'>Illud</span> <span class='ocrx_word' id='word_1_569' title='bbox 1822 2181 1946 2213; x_wconf 87' lang='lat' dir='ltr'>precor</span> <span class='ocrx_word' id='word_1_570' title='bbox 1961 2168 2076 2204; x_wconf 90' lang='lat' dir='ltr'>Deum</span> 
     </span>
     <span class='ocr_line' id='line_1_42' title="bbox 49 2217 2078 2265; baseline 0.001 -13"><span class='ocrx_word' id='word_1_571' title='bbox 49 2218 158 2252; x_wconf 85' lang='lat' dir='ltr'>armis</span> <span class='ocrx_word' id='word_1_572' title='bbox 182 2218 390 2257; x_wconf 86' lang='lat' dir='ltr'>diiudicari,</span> <span class='ocrx_word' id='word_1_573' title='bbox 416 2219 512 2264; x_wconf 87' lang='lat' dir='ltr'>quod</span> <span class='ocrx_word' id='word_1_574' title='bbox 539 2217 614 2251; x_wconf 90' lang='lat' dir='ltr'>eius</span> <span class='ocrx_word' id='word_1_575' title='bbox 640 2218 811 2252; x_wconf 91' lang='lat' dir='ltr'>iudicium</span> <span class='ocrx_word' id='word_1_576' title='bbox 837 2219 960 2264; x_wconf 89' lang='lat' dir='ltr'>quanti</span> <span class='ocrx_word' id='word_1_577' title='bbox 986 2219 1040 2252; x_wconf 83' lang='lat' dir='ltr'>fa-</span> <span class='ocrx_word' id='word_1_578' title='bbox 1089 2217 1173 2263; x_wconf 68' lang='lat' dir='ltr'>Opi.</span> <span class='ocrx_word' id='word_1_579' title='bbox 1197 2217 1294 2253; x_wconf 85' lang='lat' dir='ltr'>Max.</span> <span class='ocrx_word' id='word_1_580' title='bbox 1317 2225 1356 2253; x_wconf 88' lang='lat' dir='ltr'>ut</span> <span class='ocrx_word' id='word_1_581' title='bbox 1378 2219 1548 2252; x_wconf 82' lang='lat' dir='ltr'>foeliciter</span> <span class='ocrx_word' id='word_1_582' title='bbox 1572 2219 1794 2265; x_wconf 83' lang='lat' dir='ltr'>conquiescat</span> <span class='ocrx_word' id='word_1_583' title='bbox 1816 2219 1896 2254; x_wconf 82' lang='lat' dir='ltr'>Dux</span> <span class='ocrx_word' id='word_1_584' title='bbox 1917 2219 2078 2261; x_wconf 88' lang='lat' dir='ltr'>Ioannes,</span> 
     </span>
     <span class='ocr_line' id='line_1_43' title="bbox 49 2268 2077 2315; baseline 0 -12"><span class='ocrx_word' id='word_1_585' title='bbox 49 2270 214 2304; x_wconf 90' lang='lat' dir='ltr'>ciendum</span> <span class='ocrx_word' id='word_1_586' title='bbox 233 2269 294 2309; x_wconf 85' lang='lat' dir='ltr'>sit,</span> <span class='ocrx_word' id='word_1_587' title='bbox 320 2269 376 2302; x_wconf 89' lang='lat' dir='ltr'>vel</span> <span class='ocrx_word' id='word_1_588' title='bbox 391 2281 431 2302; x_wconf 85' lang='lat' dir='ltr'>ex</span> <span class='ocrx_word' id='word_1_589' title='bbox 449 2281 489 2301; x_wconf 87' lang='lat' dir='ltr'>eo</span> <span class='ocrx_word' id='word_1_590' title='bbox 513 2268 705 2303; x_wconf 84' lang='lat' dir='ltr'>existimari</span> <span class='ocrx_word' id='word_1_591' title='bbox 727 2276 856 2313; x_wconf 86' lang='lat' dir='ltr'>potest,</span> <span class='ocrx_word' id='word_1_592' title='bbox 881 2270 975 2315; x_wconf 91' lang='lat' dir='ltr'>quod</span> <span class='ocrx_word' id='word_1_593' title='bbox 1001 2270 1037 2302; x_wconf 92' lang='lat' dir='ltr'>in</span> <span class='ocrx_word' id='word_1_594' title='bbox 1089 2277 1121 2304; x_wconf 92' lang='lat' dir='ltr'>et</span> <span class='ocrx_word' id='word_1_595' title='bbox 1145 2276 1184 2303; x_wconf 92' lang='lat' dir='ltr'>ut</span> <span class='ocrx_word' id='word_1_596' title='bbox 1202 2269 1372 2303; x_wconf 87' lang='lat' dir='ltr'>familiam</span> <span class='ocrx_word' id='word_1_597' title='bbox 1397 2276 1554 2310; x_wconf 89' lang='lat' dir='ltr'>tueatur,</span> <span class='ocrx_word' id='word_1_598' title='bbox 1578 2277 1609 2303; x_wconf 90' lang='lat' dir='ltr'>et</span> <span class='ocrx_word' id='word_1_599' title='bbox 1628 2271 1700 2303; x_wconf 91' lang='lat' dir='ltr'>filio</span> <span class='ocrx_word' id='word_1_600' title='bbox 1718 2283 1796 2304; x_wconf 86' lang='lat' dir='ltr'>vere</span> <span class='ocrx_word' id='word_1_601' title='bbox 1815 2283 2016 2306; x_wconf 89' lang='lat' dir='ltr'>successuro</span> <span class='ocrx_word' id='word_1_602' title='bbox 2038 2271 2077 2304; x_wconf 92' lang='lat' dir='ltr'>in</span> 
     </span>
     <span class='ocr_line' id='line_1_44' title="bbox 49 2317 2078 2367; baseline 0.001 -13"><span class='ocrx_word' id='word_1_603' title='bbox 49 2321 169 2354; x_wconf 86' lang='lat' dir='ltr'>eadem</span> <span class='ocrx_word' id='word_1_604' title='bbox 187 2319 366 2354; x_wconf 90' lang='lat' dir='ltr'>voluntate</span> <span class='ocrx_word' id='word_1_605' title='bbox 380 2317 496 2353; x_wconf 87' lang='lat' dir='ltr'>adhuc</span> <span class='ocrx_word' id='word_1_606' title='bbox 514 2320 657 2365; x_wconf 88' lang='lat' dir='ltr'>quidem</span> <span class='ocrx_word' id='word_1_607' title='bbox 676 2320 804 2353; x_wconf 87' lang='lat' dir='ltr'>videtis</span> <span class='ocrx_word' id='word_1_608' title='bbox 819 2320 924 2353; x_wconf 82' lang='lat' dir='ltr'>fuisse</span> <span class='ocrx_word' id='word_1_609' title='bbox 946 2321 1039 2364; x_wconf 92' lang='lat' dir='ltr'>opti—</span> <span class='ocrx_word' id='word_1_610' title='bbox 1090 2321 1235 2365; x_wconf 91' lang='lat' dir='ltr'>patriam</span> <span class='ocrx_word' id='word_1_611' title='bbox 1252 2320 1592 2354; x_wconf 90' lang='lat' dir='ltr'>administrationem</span> <span class='ocrx_word' id='word_1_612' title='bbox 1609 2321 1734 2362; x_wconf 87' lang='lat' dir='ltr'>faveat,</span> <span class='ocrx_word' id='word_1_613' title='bbox 1760 2333 1910 2367; x_wconf 86' lang='lat' dir='ltr'>eumque</span> <span class='ocrx_word' id='word_1_614' title='bbox 1927 2328 2078 2364; x_wconf 86' lang='lat' dir='ltr'>tueatur,</span> 
     </span>
     <span class='ocr_line' id='line_1_45' title="bbox 49 2369 2077 2417; baseline 0.001 -13"><span class='ocrx_word' id='word_1_615' title='bbox 49 2383 148 2405; x_wconf 88' lang='lat' dir='ltr'>mum</span> <span class='ocrx_word' id='word_1_616' title='bbox 179 2369 381 2414; x_wconf 89' lang='lat' dir='ltr'>Principem</span> <span class='ocrx_word' id='word_1_617' title='bbox 414 2369 582 2404; x_wconf 89' lang='lat' dir='ltr'>Carolum</span> <span class='ocrx_word' id='word_1_618' title='bbox 612 2369 796 2405; x_wconf 84' lang='lat' dir='ltr'>Caesarem</span> <span class='ocrx_word' id='word_1_619' title='bbox 829 2369 1038 2415; x_wconf 82' lang='lat' dir='ltr'>Augustum,</span> <span class='ocrx_word' id='word_1_620' title='bbox 1089 2384 1127 2405; x_wconf 88' lang='lat' dir='ltr'>ac</span> <span class='ocrx_word' id='word_1_621' title='bbox 1144 2372 1328 2412; x_wconf 85' lang='lat' dir='ltr'>defendat,</span> <span class='ocrx_word' id='word_1_622' title='bbox 1355 2371 1448 2404; x_wconf 88' lang='lat' dir='ltr'>inter</span> <span class='ocrx_word' id='word_1_623' title='bbox 1470 2369 1554 2405; x_wconf 90' lang='lat' dir='ltr'>haec</span> <span class='ocrx_word' id='word_1_624' title='bbox 1575 2371 1728 2415; x_wconf 90' lang='lat' dir='ltr'>pericula</span> <span class='ocrx_word' id='word_1_625' title='bbox 1747 2384 1836 2417; x_wconf 89' lang='lat' dir='ltr'>quae</span> <span class='ocrx_word' id='word_1_626' title='bbox 1860 2373 2077 2417; x_wconf 88' lang='lat' dir='ltr'>impendent,</span> 
     </span>
     <span class='ocr_line' id='line_1_46' title="bbox 49 2421 2078 2468; baseline 0 -12"><span class='ocrx_word' id='word_1_627' title='bbox 49 2428 90 2456; x_wconf 83' lang='lat' dir='ltr'>ut</span> <span class='ocrx_word' id='word_1_628' title='bbox 104 2421 172 2456; x_wconf 86' lang='lat' dir='ltr'>alia</span> <span class='ocrx_word' id='word_1_629' title='bbox 187 2421 329 2455; x_wconf 91' lang='lat' dir='ltr'>mitiora</span> <span class='ocrx_word' id='word_1_630' title='bbox 346 2421 498 2454; x_wconf 88' lang='lat' dir='ltr'>remedia</span> <span class='ocrx_word' id='word_1_631' title='bbox 515 2421 632 2465; x_wconf 88' lang='lat' dir='ltr'>potius</span> <span class='ocrx_word' id='word_1_632' title='bbox 648 2428 814 2463; x_wconf 89' lang='lat' dir='ltr'>tentaret,</span> <span class='ocrx_word' id='word_1_633' title='bbox 841 2434 945 2467; x_wconf 87' lang='lat' dir='ltr'>quam</span> <span class='ocrx_word' id='word_1_634' title='bbox 963 2423 1038 2456; x_wconf 85' lang='lat' dir='ltr'>bel·</span> <span class='ocrx_word' id='word_1_635' title='bbox 1089 2429 1122 2456; x_wconf 90' lang='lat' dir='ltr'>et</span> <span class='ocrx_word' id='word_1_636' title='bbox 1139 2429 1177 2456; x_wconf 88' lang='lat' dir='ltr'>ut</span> <span class='ocrx_word' id='word_1_637' title='bbox 1193 2422 1259 2466; x_wconf 85' lang='lat' dir='ltr'>ipsi</span> <span class='ocrx_word' id='word_1_638' title='bbox 1279 2434 1317 2455; x_wconf 89' lang='lat' dir='ltr'>ac</span> <span class='ocrx_word' id='word_1_639' title='bbox 1333 2421 1484 2466; x_wconf 86' lang='lat' dir='ltr'>Reipub.</span> <span class='ocrx_word' id='word_1_640' title='bbox 1505 2434 1623 2465; x_wconf 89' lang='lat' dir='ltr'>pacem</span> <span class='ocrx_word' id='word_1_641' title='bbox 1645 2435 1684 2456; x_wconf 89' lang='lat' dir='ltr'>ac</span> <span class='ocrx_word' id='word_1_642' title='bbox 1703 2423 1996 2468; x_wconf 83' lang='lat' dir='ltr'>tranquillitatem</span> <span class='ocrx_word' id='word_1_643' title='bbox 2013 2424 2078 2457; x_wconf 92' lang='lat' dir='ltr'>do-</span> 
     </span>
     <span class='ocr_line' id='line_1_47' title="bbox 50 2470 2077 2517; baseline 0 -11"><span class='ocrx_word' id='word_1_644' title='bbox 50 2471 124 2507; x_wconf 89' lang='lat' dir='ltr'>lum</span> <span class='ocrx_word' id='word_1_645' title='bbox 149 2479 315 2506; x_wconf 82' lang='lat' dir='ltr'>moveret.</span> <span class='ocrx_word' id='word_1_646' title='bbox 375 2470 464 2507; x_wconf 91' lang='lat' dir='ltr'>Cum</span> <span class='ocrx_word' id='word_1_647' title='bbox 491 2472 598 2516; x_wconf 90' lang='lat' dir='ltr'>igitur</span> <span class='ocrx_word' id='word_1_648' title='bbox 622 2471 798 2517; x_wconf 83' lang='lat' dir='ltr'>Principis</span> <span class='ocrx_word' id='word_1_649' title='bbox 828 2473 939 2506; x_wconf 86' lang='lat' dir='ltr'>nostri</span> <span class='ocrx_word' id='word_1_650' title='bbox 962 2480 1036 2507; x_wconf 89' lang='lat' dir='ltr'>tum</span> <span class='ocrx_word' id='word_1_651' title='bbox 1089 2480 1168 2513; x_wconf 90' lang='lat' dir='ltr'>net,</span> <span class='ocrx_word' id='word_1_652' title='bbox 1201 2474 1245 2506; x_wconf 90' lang='lat' dir='ltr'>ad</span> <span class='ocrx_word' id='word_1_653' title='bbox 1274 2473 1460 2506; x_wconf 89' lang='lat' dir='ltr'>utilitatem</span> <span class='ocrx_word' id='word_1_654' title='bbox 1488 2471 1664 2507; x_wconf 86' lang='lat' dir='ltr'>Ecclesiae</span> <span class='ocrx_word' id='word_1_655' title='bbox 1699 2481 1731 2508; x_wconf 91' lang='lat' dir='ltr'>et</span> <span class='ocrx_word' id='word_1_656' title='bbox 1755 2474 1896 2508; x_wconf 88' lang='lat' dir='ltr'>laudem</span> <span class='ocrx_word' id='word_1_657' title='bbox 1922 2474 2077 2508; x_wconf 88' lang='lat' dir='ltr'>nominis</span> 
     </span>
     <span class='ocr_line' id='line_1_48' title="bbox 51 2522 2076 2569; baseline 0.001 -13"><span class='ocrx_word' id='word_1_658' title='bbox 51 2523 238 2564; x_wconf 77' lang='lat' dir='ltr'>foelicitas‚</span> <span class='ocrx_word' id='word_1_659' title='bbox 278 2530 354 2557; x_wconf 90' lang='lat' dir='ltr'>tum</span> <span class='ocrx_word' id='word_1_660' title='bbox 386 2523 573 2563; x_wconf 85' lang='lat' dir='ltr'>autoritas,</span> <span class='ocrx_word' id='word_1_661' title='bbox 607 2529 682 2557; x_wconf 89' lang='lat' dir='ltr'>tum</span> <span class='ocrx_word' id='word_1_662' title='bbox 710 2524 813 2558; x_wconf 90' lang='lat' dir='ltr'>etiam</span> <span class='ocrx_word' id='word_1_663' title='bbox 842 2524 1038 2558; x_wconf 89' lang='lat' dir='ltr'>moderatio</span> <span class='ocrx_word' id='word_1_664' title='bbox 1089 2522 1239 2563; x_wconf 85' lang='lat' dir='ltr'>Christi3</span> <span class='ocrx_word' id='word_1_665' title='bbox 1266 2523 1300 2556; x_wconf 92' lang='lat' dir='ltr'>id</span> <span class='ocrx_word' id='word_1_666' title='bbox 1320 2523 1412 2557; x_wconf 88' lang='lat' dir='ltr'>enim</span> <span class='ocrx_word' id='word_1_667' title='bbox 1430 2524 1650 2567; x_wconf 90' lang='lat' dir='ltr'>agnoscimus</span> <span class='ocrx_word' id='word_1_668' title='bbox 1669 2531 1701 2558; x_wconf 90' lang='lat' dir='ltr'>et</span> <span class='ocrx_word' id='word_1_669' title='bbox 1718 2525 1978 2569; x_wconf 87' lang='lat' dir='ltr'>praedicamus,</span> <span class='ocrx_word' id='word_1_670' title='bbox 2003 2537 2076 2558; x_wconf 91' lang='lat' dir='ltr'>non</span> 
     </span>
     <span class='ocr_line' id='line_1_49' title="bbox 52 2571 2076 2620; baseline 0.001 -14"><span class='ocrx_word' id='word_1_671' title='bbox 52 2573 163 2607; x_wconf 84' lang='lat' dir='ltr'>animi</span> <span class='ocrx_word' id='word_1_672' title='bbox 182 2574 373 2619; x_wconf 86' lang='lat' dir='ltr'>plurimum</span> <span class='ocrx_word' id='word_1_673' title='bbox 390 2574 542 2607; x_wconf 90' lang='lat' dir='ltr'>valuerit</span> <span class='ocrx_word' id='word_1_674' title='bbox 562 2571 731 2608; x_wconf 87' lang='lat' dir='ltr'>hactenus</span> <span class='ocrx_word' id='word_1_675' title='bbox 748 2575 792 2608; x_wconf 93' lang='lat' dir='ltr'>ad</span> <span class='ocrx_word' id='word_1_676' title='bbox 817 2574 1038 2608; x_wconf 89' lang='lat' dir='ltr'>retinendam</span> <span class='ocrx_word' id='word_1_677' title='bbox 1090 2586 1188 2620; x_wconf 89' lang='lat' dir='ltr'>posse</span> <span class='ocrx_word' id='word_1_678' title='bbox 1203 2574 1361 2618; x_wconf 83' lang='lat' dir='ltr'>Respub.</span> <span class='ocrx_word' id='word_1_679' title='bbox 1379 2575 1484 2615; x_wconf 90' lang='lat' dir='ltr'>tueri,</span> <span class='ocrx_word' id='word_1_680' title='bbox 1506 2575 1574 2608; x_wconf 87' lang='lat' dir='ltr'>nisi</span> <span class='ocrx_word' id='word_1_681' title='bbox 1592 2575 1665 2609; x_wconf 89' lang='lat' dir='ltr'>Deo</span> <span class='ocrx_word' id='word_1_682' title='bbox 1682 2582 1922 2609; x_wconf 86' lang='lat' dir='ltr'>conservante.</span> <span class='ocrx_word' id='word_1_683' title='bbox 1957 2574 2076 2618; x_wconf 88' lang='lat' dir='ltr'>Quare</span> 
     </span>
     <span class='ocr_line' id='line_1_50' title="bbox 52 2625 2076 2671; baseline 0 -14"><span class='ocrx_word' id='word_1_684' title='bbox 52 2635 184 2668; x_wconf 83' lang='lat' dir='ltr'>pacem,</span> <span class='ocrx_word' id='word_1_685' title='bbox 204 2632 375 2670; x_wconf 83' lang='lat' dir='ltr'>quantum</span> <span class='ocrx_word' id='word_1_686' title='bbox 393 2625 423 2658; x_wconf 90' lang='lat' dir='ltr'>ei</span> <span class='ocrx_word' id='word_1_687' title='bbox 440 2625 593 2659; x_wconf 86' lang='lat' dir='ltr'>debeant</span> <span class='ocrx_word' id='word_1_688' title='bbox 609 2637 731 2659; x_wconf 91' lang='lat' dir='ltr'>omnes</span> <span class='ocrx_word' id='word_1_689' title='bbox 747 2626 918 2664; x_wconf 91' lang='lat' dir='ltr'>nationes,</span> <span class='ocrx_word' id='word_1_690' title='bbox 937 2637 1039 2670; x_wconf 84' lang='lat' dir='ltr'>prae-</span> <span class='ocrx_word' id='word_1_691' title='bbox 1090 2627 1134 2659; x_wconf 92' lang='lat' dir='ltr'>ab</span> <span class='ocrx_word' id='word_1_692' title='bbox 1156 2626 1230 2670; x_wconf 87' lang='lat' dir='ltr'>ipso</span> <span class='ocrx_word' id='word_1_693' title='bbox 1248 2637 1349 2669; x_wconf 90' lang='lat' dir='ltr'>opem</span> <span class='ocrx_word' id='word_1_694' title='bbox 1375 2625 1624 2670; x_wconf 87' lang='lat' dir='ltr'>imploramus,</span> <span class='ocrx_word' id='word_1_695' title='bbox 1649 2627 1691 2659; x_wconf 91' lang='lat' dir='ltr'>ad</span> <span class='ocrx_word' id='word_1_696' title='bbox 1712 2627 1825 2671; x_wconf 90' lang='lat' dir='ltr'>ipsum</span> <span class='ocrx_word' id='word_1_697' title='bbox 1843 2626 2076 2669; x_wconf 84' lang='lat' dir='ltr'>confugimus,</span> 
     </span>
     <span class='ocr_line' id='line_1_51' title="bbox 51 2673 2076 2722; baseline 0 -14"><span class='ocrx_word' id='word_1_698' title='bbox 51 2674 152 2719; x_wconf 81' lang='lat' dir='ltr'>cipue</span> <span class='ocrx_word' id='word_1_699' title='bbox 183 2687 265 2709; x_wconf 89' lang='lat' dir='ltr'>vero</span> <span class='ocrx_word' id='word_1_700' title='bbox 301 2673 367 2709; x_wconf 89' lang='lat' dir='ltr'>hae</span> <span class='ocrx_word' id='word_1_701' title='bbox 406 2676 588 2719; x_wconf 78' lang='lat' dir='ltr'>regiones,</span> <span class='ocrx_word' id='word_1_702' title='bbox 636 2687 710 2710; x_wconf 92' lang='lat' dir='ltr'>non</span> <span class='ocrx_word' id='word_1_703' title='bbox 751 2683 802 2710; x_wconf 90' lang='lat' dir='ltr'>est</span> <span class='ocrx_word' id='word_1_704' title='bbox 836 2677 1037 2711; x_wconf 81' lang='lat' dir='ltr'>obscurum.</span> <span class='ocrx_word' id='word_1_705' title='bbox 1091 2677 1151 2722; x_wconf 90' lang='lat' dir='ltr'>qui</span> <span class='ocrx_word' id='word_1_706' title='bbox 1183 2676 1324 2722; x_wconf 87' lang='lat' dir='ltr'>quidem</span> <span class='ocrx_word' id='word_1_707' title='bbox 1360 2683 1525 2718; x_wconf 89' lang='lat' dir='ltr'>testatur,</span> <span class='ocrx_word' id='word_1_708' title='bbox 1560 2687 1595 2710; x_wconf 89' lang='lat' dir='ltr'>se</span> <span class='ocrx_word' id='word_1_709' title='bbox 1629 2677 1832 2712; x_wconf 89' lang='lat' dir='ltr'>auditurum</span> <span class='ocrx_word' id='word_1_710' title='bbox 1860 2688 1931 2710; x_wconf 88' lang='lat' dir='ltr'>esse</span> <span class='ocrx_word' id='word_1_711' title='bbox 1957 2687 2076 2721; x_wconf 88' lang='lat' dir='ltr'>preces</span> 
     </span>
     <span class='ocr_line' id='line_1_52' title="bbox 100 2725 1434 2762; baseline 0.001 -3"><span class='ocrx_word' id='word_1_712' title='bbox 100 2727 278 2761; x_wconf 67' lang='lat' dir='ltr'>Mnus-ra.</span> <span class='ocrx_word' id='word_1_713' title='bbox 297 2728 398 2760; x_wconf 69' lang='lat' dir='ltr'>Onu.</span> <span class='ocrx_word' id='word_1_714' title='bbox 427 2729 508 2759; x_wconf 79' lang='lat' dir='ltr'>Vm..</span> <span class='ocrx_word' id='word_1_715' title='bbox 527 2729 590 2762; x_wconf 81' lang='lat' dir='ltr'>XI.</span> <span class='ocrx_word' id='word_1_716' title='bbox 1389 2725 1434 2760; x_wconf 88' lang='grc'>15</span> 
     </span>
    </p>
   </div>
   <div class='ocr_carea' id='block_1_3' title="bbox 1065 187 1070 314">
    <p class='ocr_par' dir='ltr' id='par_1_3' title="bbox 1065 187 1070 314">
     <span class='ocr_line' id='line_1_53' title="bbox 1065 187 1070 314; baseline 0 2644"><span class='ocrx_word' id='word_1_717' title='bbox 1065 187 1070 314; x_wconf 95' lang='lat' dir='ltr'> </span> 
     </span>
    </p>
   </div>
   <div class='ocr_carea' id='block_1_4' title="bbox 153 1584 912 1626">
    <p class='ocr_par' dir='ltr' id='par_1_4' title="bbox 153 1584 912 1626">
     <span class='ocr_line' id='line_1_54' title="bbox 153 1584 912 1626; baseline 0 -10"><span class='ocrx_word' id='word_1_718' title='bbox 153 1584 267 1617; x_wconf 83' lang='lat' dir='ltr'>Cedant</span> <span class='ocrx_word' id='word_1_719' title='bbox 283 1596 364 1615; x_wconf 86' lang='lat' dir='ltr'>arma</span> <span class='ocrx_word' id='word_1_720' title='bbox 378 1591 464 1625; x_wconf 75' lang='lat' dir='ltr'>togae</span> <span class='ocrx_word' id='word_1_721' title='bbox 474 1609 482 1623; x_wconf 94' lang='lat'>,</span> <span class='ocrx_word' id='word_1_722' title='bbox 509 1585 651 1615; x_wconf 79' lang='lat' dir='ltr'>concedat</span> <span class='ocrx_word' id='word_1_723' title='bbox 667 1587 765 1615; x_wconf 82' lang='lat' dir='ltr'>laurea</span> <span class='ocrx_word' id='word_1_724' title='bbox 783 1587 912 1626; x_wconf 81' lang='lat' dir='ltr'>linguae.</span> 
     </span>
    </p>
   </div>
  </div>
 </body>
</html>
