2338 2958
75 131 151 169 637

77 269 122 302 ad
146 265 335 308 imaginem
356 261 423 296 Dei
447 263 588 296 condita
615 269 677 297 est.
731 262 801 297 Sed
825 263 984 296 doctrina
1000 260 1069 295 Ec-

77 317 200 353 clesiae
241 313 386 358 exponit
426 314 529 348 nobis
565 325 685 347 causas
720 311 847 347 horum
881 314 1067 347 malorum.

77 368 267 412 Postquam
291 376 311 398 a
330 365 408 398 Deo
430 365 543 398 aversi
560 371 641 398 sunt
658 362 819 397 homines
831 389 840 403 ,
868 376 999 408 poenae
1014 375 1068 396 se-

75 424 174 452 cutae
187 422 280 453 sunt,
302 415 485 459 multiplex
502 416 602 448 furor
618 416 655 448 in
672 413 857 448 hominum
873 414 1014 458 animis,
1034 420 1066 447 et

75 466 170 502 hunc
193 466 353 500 accendit
375 467 548 502 diabolus.
602 465 696 500 Hinc
714 466 993 510 perturbationes
1011 476 1066 498 re·

75 530 154 553 rum
178 515 416 550 humanarum
442 517 601 551 infinitae
626 516 802 550 oriuntur.
855 516 924 550 Sed
949 522 1065 549 tamen

74 581 120 602 ne
142 579 252 612 genus
275 565 469 601 humanum
494 568 654 601 funditus
675 573 812 611 pereat,
839 567 896 599 sed
924 573 964 600 ut
981 577 1066 599 con-

74 619 203 659 nubia,
234 619 452 662 procreatio,
485 617 861 658 educatio‚·natorum
892 616 1065 651 institutio

74 671 118 704 ad
150 669 366 712 agnitionem
394 669 478 707 Dei,
513 675 546 702 et
575 667 762 701 seminaria
785 665 962 700 Ecclesiae
991 679 1066 700 ma-

74 727 200 760 neant,
228 720 388 753 concedit
405 718 500 752 Deus
525 719 710 752 intervalla
737 719 927 762 quaedam,
955 718 1066 751 sancit

73 771 255 805 interdum
288 770 449 804 inducias
480 769 749 814 aliquantisper:
784 780 888 814 quarn
915 769 960 802 ob
984 781 1064 802 cau-

74 821 174 856 sam?
201 833 286 854 num
301 828 340 855 ut
356 819 516 853 homines
530 820 714 853 obscoenis
729 820 970 864 voluptatibus
987 832 1065 863 per-

73 872 258 906 fruamur?
305 870 547 916 Nequaquam.
601 870 671 905 Sed
691 878 730 904 ut
745 870 886 904 interim
903 871 1063 904 doctrina

73 924 117 957 (le
140 923 321 955 voluntate
345 921 486 961 divina,
514 922 627 966 deque
651 922 816 955 omnibus
840 922 944 955 rebus
961 921 1064 954 bonis

71 972 278 1018 propagari,
305 979 340 1005 et
361 972 549 1016 disciplina
576 972 712 1006 restitui
737 972 857 1016 possit.
913 971 1018 1015 Quod
1035 972 1064 1005 si

71 1035 155 1069 pace
182 1023 232 1056 sic
257 1029 418 1063 utemur,
452 1030 491 1057 ut
516 1024 712 1056 doctrinam
738 1023 927 1056 salutarem
951 1023 1064 1055 disca—

71 1086 169 1114 mus,
203 1080 236 1107 et
267 1073 489 1118 disciplinam
522 1081 700 1114 tueamur,
732 1073 797 1106 erit
824 1073 918 1107 Deus
948 1080 1064 1107 custos

72 1124 342 1170 tranquillitatis
367 1124 510 1158 diutius.
573 1123 643 1158 Sed
668 1125 695 1157 si
720 1124 972 1167 cupiditatibus
997 1136 1063 1157 no—

71 1176 152 1210 stris
175 1174 251 1208 sine
268 1175 374 1208 modo
392 1174 675 1217 indulgebimus,
701 1175 829 1208 frustra
847 1187 966 1218 pacem
985 1187 1063 1219 spe-

71 1237 200 1260 ramus.

71 1277 246 1320 exempla,
281 1288 433 1321 quorum
463 1276 673 1319 cogitatione
696 1288 760 1309 nos
787 1277 831 1308 ad
856 1275 1062 1310 modestiam

70 1337 286 1361 revocemus,
337 1325 432 1359 Haec
449 1327 624 1370 praefatus
639 1338 727 1365 sum,
754 1333 793 1359 ut
809 1326 845 1359 in
860 1334 957 1360 tanta
975 1334 1063 1359 tem-

72 1389 198 1423 porum
222 1377 399 1410 moesticia
423 1377 588 1410 iuventus
611 1378 654 1409 de
679 1377 750 1409 suis
774 1378 940 1421 periculis
957 1378 1060 1410 etiam

72 1429 218 1472 cogitet,
252 1434 285 1461 et
315 1426 412 1460 omni
435 1427 549 1460 officio
576 1427 686 1461 lenire
709 1428 797 1460 iram
822 1427 890 1461 Dei
915 1429 1062 1462 studeat.

70 1479 161 1513 Nam
184 1490 262 1511 cum
283 1475 348 1511 hos
365 1489 569 1521 congressus
585 1478 780 1518 intuemur,
808 1479 846 1511 in
863 1479 991 1522 quibus
1008 1478 1063 1511 di-

71 1529 191 1564 scendi
216 1540 317 1562 causa
343 1529 592 1566 convenimus,
621 1535 653 1561 et
671 1529 799 1573 quibus
817 1527 908 1561 nihil
926 1529 1062 1569 melius,

71 1578 164 1613 nihil
185 1580 342 1619 dulcius,
366 1577 458 1612 nihil
483 1577 665 1613 honestius
683 1577 836 1612 humana
853 1586 978 1613 natura
995 1577 1062 1611 ha-
1087 1585 1089 1612 ⁴]

70 1632 147 1670 bet,
175 1642 257 1664 cura
280 1630 438 1663 animum
463 1630 581 1662 subire
606 1630 729 1669 dehet,
758 1630 801 1663 de
825 1630 1006 1663 doctrinae
1031 1636 1062 1663 et

69 1681 276 1725 disciplinae
306 1680 591 1719 conservatione,
626 1692 715 1725 quae
747 1680 784 1712 in
815 1680 919 1714 bellis
948 1680 1061 1723 negli—

70 1739 203 1777 guntur
220 1738 253 1765 et
271 1731 534 1773 extinguuntur.
588 1729 688 1764 Nihil
706 1737 820 1764 autem
840 1731 950 1774 magis
965 1732 1061 1763 decet

68 1785 108 1816 in
128 1782 191 1816 tali
211 1782 428 1827 frequentia,
455 1793 560 1826 quam
585 1782 701 1814 dicere
725 1788 757 1815 et
780 1781 901 1815 audire
926 1782 1061 1825 aliquid

69 1835 114 1867 de
136 1833 242 1866 rebus
265 1832 376 1865 bonis.
431 1830 532 1871 Ideo,
559 1844 637 1864 cum
654 1829 743 1865 mihi
760 1844 854 1865 nunc
871 1832 926 1864 vir
941 1832 1062 1864 claris-

70 1885 179 1918 simus
204 1881 247 1917 D.
273 1881 434 1916 Decanus
467 1882 577 1914 nostri
610 1882 766 1925 collegii,
802 1889 835 1916 et
860 1890 1062 1926 praeceptor
1086 1909 1089 1929 ί

69 1945 186 1972 meuS,
222 1945 326 1978 quem
360 1939 525 1977 perpetua
559 1932 779 1965 observantia
806 1939 972 1977 tanquam
1002 1944 1062 1977 pa-

70 1993 159 2020 trem
176 1984 364 2018 colendum
382 1981 471 2015 mihi
489 1995 559 2016 esse
577 1984 685 2023 duco,
712 1980 773 2015 has
790 1990 903 2026 partes
921 1983 1061 2016 dicendi

70 2035 226 2073 dederit,
259 2034 439 2068 autoritati
461 2034 535 2067 eius
558 2034 825 2077 obtemperabo:
861 2041 895 2067 et
919 2046 936 2067 a
962 2035 1061 2067 vobis

71 2093 170 2131 peto,
202 2092 241 2118 ut
270 2083 360 2118 hanc
392 2097 503 2117 meam
527 2084 722 2117 orationem
750 2085 834 2117 boni
860 2085 1061 2118 consulatis.

71 2137 182 2180 Saepe
207 2137 249 2169 de
271 2137 386 2179 legum
410 2135 581 2179 dignitate
600 2135 746 2173 dicitur,
775 2142 807 2168 et
824 2135 911 2169 utile
929 2142 978 2169 est
993 2136 1060 2169 im-

70 2188 212 2222 becilles
247 2187 384 2220 animos
421 2198 521 2230 saepe
559 2185 841 2225 commonefieri‚
886 2193 1058 2231 quantum

69 2239 156 2272 boni
172 2238 215 2271 sit
232 2237 394 2281 politicus
409 2238 515 2277 ordo,
543 2243 575 2270 et
592 2234 628 2269 hi
646 2237 745 2269 nervi
765 2237 897 2281 politici
914 2237 1060 2278 ordinis,

69 2289 182 2332 leges,
216 2288 364 2327 iudicia,
399 2288 604 2332 disciplina,
639 2299 781 2331 poenae.

70 2340 154 2373 vitia
180 2339 217 2371 in
239 2336 302 2371 hac
326 2336 511 2371 hominum
531 2339 773 2381 corruptione,
802 2350 890 2382 quae
909 2351 986 2371 cum
1004 2336 1058 2371 his

69 2390 213 2435 optimis
234 2390 338 2422 rebus
363 2396 531 2433 pugnant.
583 2388 656 2422 Alii
681 2401 777 2422 more
795 2388 987 2434 Cyclopum
1008 2390 1058 2422 se-

69 2441 215 2475 recitate
238 2441 388 2485 quadam
414 2439 594 2472 excutiunt
613 2439 720 2483 leges,
749 2440 830 2484 quia
849 2440 979 2472 frenari
998 2452 1057 2473 cu-

69 2491 232 2536 piditates
247 2503 326 2524 suas
341 2491 479 2523 nolunt.
534 2488 607 2523 Alii
621 2491 820 2523 curiositate
836 2491 1057 2531 conturbant,

70 2549 104 2575 et
125 2543 264 2575 fraudes
283 2549 315 2576 et
331 2539 543 2584 sophismata
561 2541 757 2583 excogitant
774 2543 940 2574 adversus
956 2541 1056 2583 leges,

69 2599 108 2626 ut
130 2593 289 2627 auferant
311 2593 449 2626 laudem
474 2591 676 2635 sapientiae.
736 2591 836 2625 Hanc
859 2604 1055 2636 perversam

68 2643 296 2687 sapientiam,
322 2643 451 2677 vindex
475 2655 616 2676 suarum
641 2643 773 2685 legum,
800 2654 899 2686 saepe
921 2643 1055 2687 magnis

670 123 828 164 DECL.
860 124 933 161 DE
968 122 1108 161 IURE
1143 123 1512 163 POSSIDENDI.

79 224 113 251 et
129 223 168 251 ut
187 215 234 249 ita
249 213 382 253 dicam,
409 217 554 255 cognata
564 209 640 245 Deo
657 223 729 246 esse
746 211 903 253 ducitur,
930 218 964 246 et
979 218 1070 244 certe
1094 211 1099 259 Ι
1122 211 1324 253 gravissime
1347 212 1524 246 dixerunt.

252 1224 364 1258 Notae
384 1232 466 1259 sunt
481 1226 622 1258 divinae
640 1226 952 1266 comminationes,
979 1233 1061 1258 nota
1088 1239 1090 1243 ’

834 2286 948 2321 Multa
978 2295 1059 2322 sunt
1084 2290 1087 2304 ·’

1082 2538 1085 2545 ’
1110 2554 1200 2574 unus
1225 2549 1376 2585 praetor.

1082 2584 1083 2615 ἶ
1110 2599 1242 2632 teneat,
1272 2604 1335 2625 nec
1362 2593 1532 2636 spolietur
1557 2606 1632 2629 suo.

2036 129 2110 164 638

1576 209 1652 256 Ego
1673 212 1814 246 brevem
1832 212 2108 257 disputationem

1121 262 1258 295 adferre
1273 262 1439 295 constitui
1454 263 1497 295 de
1513 263 1605 298 dicto
1617 265 1769 308 quodam
1783 264 1820 297 in
1832 264 1989 303 decretis,
2012 265 2107 309 quod

1121 324 1160 345 ex
1173 310 1372 355 Augustino
1387 312 1529 346 citatur:
1558 313 1662 348 Unde
1677 315 1825 361 quisque
1841 315 1995 359 possidet
2010 316 2107 360 quod

1121 363 1299 406 possidet?
1332 375 1451 395 nonne
1482 363 1557 396 iure
1590 362 1768 399 humano?
1819 365 1886 399 Hic
1911 366 2105 404 disseritur,

1120 410 1165 445 an
1181 413 1360 446 distinctio
1376 413 1616 447 dominiorum
1633 422 1769 449 tantum
1785 417 1830 451 sit
1843 417 1930 450 iuris
1944 414 2105 454 humani,

1120 471 1152 497 et
1175 464 1259 508 quid
1284 463 1554 507 intelligendum
1581 465 1642 504 sit,
1674 479 1752 499 curn
1776 468 1821 501 ita
1839 468 1981 502 dicitur:
2009 467 2105 501 Num

1119 514 1148 547 si
1172 521 1222 547 est
1245 520 1383 548 tantum
1402 515 1489 547 iuris
1506 513 1653 549 humani
1665 543 1674 557 ,
1701 529 1774 550 non
1792 525 1890 552 curat
1907 531 1981 552 eam
1998 517 2106 558 Deus,

1120 577 1193 598 non
1223 565 1327 609 punit
1358 565 1437 598 illos
1463 566 1524 610 qui
1550 578 1625 599 eam
1650 569 1882 607 conturbant,
1916 581 2001 602 num
2025 569 2107 602 licet

1119 616 1351 649 validioribus
1376 628 1498 660 rapere
1523 628 1578 650 res
1603 618 1836 651 inferiorum?
1888 618 1968 652 Non
1993 619 2106 653 inuti-

1119 668 1161 700 lis
1185 673 1235 700 est
1259 665 1345 699 haec
1370 667 1580 711 disputatio,
1608 681 1689 701 nam
1717 675 1749 702 et
1772 670 1814 702 de
1838 670 1996 703 fontibus
2020 669 2107 703 iuris

1119 718 1276 761 disserit,
1311 725 1344 752 et
1373 718 1435 752 alit
1462 719 1692 752 reverentiam
1723 720 1858 763 legum,
1891 732 1969 753 cum
1993 721 2106 753 fontes

1120 775 1302 802 monstrat.
1366 768 1436 802 Nec
1466 769 1611 813 litigabo
1643 770 1763 804 odiose
1791 783 1870 805 cum
1895 769 2106 814 Augustino.

1119 818 1165 853 Et
1189 821 1231 852 de
1252 831 1319 864 qua
1336 832 1437 852 causa
1454 821 1598 864 proprie
1613 821 1751 855 locutus
1769 822 1830 863 sit,
1855 822 1938 856 satis
1954 827 2107 866 apparet.

1120 869 1170 903 Ac
1195 870 1349 914 primum
1374 871 1487 904 facilis
1510 872 1666 905 defensio
1691 879 1741 906 est
1763 871 1972 916 Augustini,
1999 873 2027 905 si
2052 872 2108 905 di-

1119 933 1252 961 camus,
1280 922 1374 966 quod
1393 928 1484 955 certe
1501 923 1578 955 vult
1596 923 1649 955 ius
1665 920 1859 957 humanum
1878 935 1968 964 esse,
1994 923 2107 966 magi-

1119 979 1288 1006 stratuum
1314 972 1574 1005 ordinationem
1597 985 1675 1006 cum
1694 975 1828 1008 ratione
1847 981 2108 1018 congruentem,

1118 1029 1229 1055 ortam
1247 1035 1264 1055 a
1281 1021 1366 1062 Deo,
1394 1023 1454 1067 qui
1470 1024 1691 1066 magistratus
1706 1025 1870 1067 instituit,
1894 1033 1927 1059 et
1942 1026 1992 1058 eis
2005 1033 2109 1060 auto-

1117 1073 1254 1106 ritatem
1285 1073 1465 1112 attribuit,
1499 1081 1632 1108 mentes
1664 1087 1785 1109 eorurn
1810 1077 1850 1109 ad
1874 1077 2049 1110 iusticiam
2075 1085 2109 1112 et

1118 1123 1341 1167 disciplinam
1360 1125 1583 1158 sanciendam
1601 1127 1787 1168 exuscssat,
1816 1134 1848 1161 et
1864 1128 2108 1172 praesentibus

1117 1187 1156 1207 ac
1179 1175 1331 1207 aeternis
1354 1175 1477 1218 poenis
1495 1188 1616 1209 eorum
1632 1184 1870 1222 contemptum
1888 1179 2000 1222 punit.
2056 1179 2108 1213 Ac

1117 1237 1253 1268 semper
1277 1237 1399 1258 verum
1423 1233 1493 1266 est,
1525 1234 1765 1261 contractuum
1788 1235 1820 1262 et
1846 1229 2107 1273 possessionum

1118 1276 1240 1308 modos
1278 1276 1419 1320 proprie
1453 1277 1528 1310 iure
1562 1275 1716 1312 humano
1747 1280 1925 1313 constitui.
1995 1279 2107 1323 Quic-

1117 1326 1201 1370 quid
1227 1326 1334 1369 igitur
1359 1327 1507 1372 quisque
1531 1328 1702 1372 possidet,
1728 1330 1814 1363 iuris
1838 1328 1986 1363 humani
2005 1338 2107 1365 auto-

1118 1378 1220 1409 ritate
1246 1384 1279 1411 et
1303 1378 1478 1421 praesidio
1501 1379 1664 1422 possidet.
1719 1379 1790 1414 Nec
1806 1381 1884 1414 ideo
1901 1382 2105 1424 fingendum

1118 1434 1184 1468 est,
1213 1439 1286 1460 non
1308 1440 1379 1461 esse
1399 1441 1500 1461 curae
1517 1427 1592 1462 Deo
1612 1427 1718 1463 huius
1737 1431 1872 1465 ordinis
1890 1433 2107 1466 observatio-

1117 1490 1196 1510 nem
1223 1490 1261 1510 ac
1284 1479 1523 1513 violationem.
1579 1479 1653 1513 Imo
1673 1482 1850 1515 diversum
1868 1490 1959 1516 recte
1976 1491 2010 1518 et
2025 1495 2106 1517 vere

1117 1528 1290 1572 sequitur:
1320 1528 1412 1571 Quia
1438 1528 1494 1563 hic
1515 1531 1601 1563 ordo
1627 1544 1709 1565 voce
1724 1533 1944 1576 magistratus
1962 1535 2107 1568 institu-

1118 1586 1172 1612 tus
1189 1586 1257 1619 est,
1286 1580 1366 1612 ideo
1384 1580 1527 1614 violatio
1544 1582 1714 1615 divinitus
1730 1584 1907 1625 punietur.
1960 1584 2106 1618 Necesse

1117 1636 1167 1662 est
1197 1630 1290 1661 enim
1325 1630 1486 1671 obedire,
1520 1638 1559 1665 ut
1581 1632 1697 1676 inquit
1717 1632 1866 1675 Paulus,
1899 1647 1973 1668 non
1997 1637 2104 1669 modo

1117 1687 1259 1722 propter
1289 1680 1398 1721 iram,
1438 1683 1496 1714 sed
1531 1683 1635 1715 etiam
1672 1692 1815 1728 propter
1845 1686 2106 1721 conscientiam.

1117 1728 1312 1763 Observate
1346 1744 1473 1776 quaeso
1504 1734 1692 1766 verborum
1728 1736 1895 1778 pondera.
1946 1736 2106 1771 Primum

1117 1781 1276 1814 nominat
1294 1782 1549 1816 necessitatem:
1577 1784 1705 1817 deinde
1722 1786 1839 1827 addit,
1864 1794 2007 1830 propter
2023 1800 2107 1821 con-

1116 1831 1310 1866 scientiam.
1365 1831 1403 1865 Id
1430 1840 1496 1874 est,
1523 1834 1669 1868 violatio
1693 1836 1821 1879 polluit
1843 1838 2104 1881 conscientiam,

1116 1888 1150 1915 et
1172 1882 1305 1925 polluta
1331 1884 1543 1917 conscientia
1571 1885 1703 1919 abiecta
1729 1893 1777 1919 est
1803 1899 1819 1919 a
1843 1885 1929 1923 Deo.
1990 1887 2105 1922 Sentit

1117 1932 1240 1975 igitur,
1273 1931 1386 1966 Deum
1419 1934 1521 1967 irasci
1553 1935 1770 1970 violantibus
1793 1938 1909 1981 legum
1933 1940 2104 1973 autorita-

1117 1990 1197 2016 tem.
1249 1981 1348 2017 Nihil
1370 1985 1484 2018 maius
1500 1992 1560 2018 aut
1577 1987 1728 2021 atrocius
1747 1988 1817 2021 dici
1834 1997 1978 2033 poterat.
2033 1989 2103 2024 Nec

1114 2034 1245 2066 muniri
1278 2035 1447 2068 autoritas
1479 2037 1742 2079 magistratuum
1770 2045 1801 2072 et
1828 2040 1943 2082 legum
1970 2041 2103 2074 firmius

1115 2091 1246 2128 potest,
1273 2098 1377 2130 quam
1400 2084 1465 2119 hac
1490 2087 1562 2130 ipsa
1589 2089 1708 2121 divina
1735 2091 1905 2124 sententia
1931 2092 2101 2125 munitur.

1115 2134 1231 2180 Atque
1255 2133 1339 2169 haec
1361 2138 1403 2168 de
1422 2136 1610 2180 Augustini
1636 2141 1856 2174 excusatione
1875 2143 2026 2185 primum
2045 2143 2103 2175 di-

1114 2198 1190 2219 cere
1215 2187 1323 2222 volui.
1383 2186 1486 2221 Nunc
1510 2189 1537 2220 si
1565 2202 1635 2222 nou
1663 2191 1705 2223 de
1730 2189 1919 2234 Augustini
1948 2194 2103 2236 negocio,

1114 2237 1171 2269 sed
1197 2238 1238 2269 de
1263 2249 1298 2270 re
1324 2237 1400 2280 ipsa
1426 2238 1626 2283 quaeritur,
1654 2253 1733 2273 vere
1758 2249 1790 2275 et
1810 2250 1901 2276 recte
1921 2245 1962 2276 de
1977 2257 2102 2286 genere

1114 2287 1259 2327 dicitur,
1292 2295 1331 2321 ut
1361 2289 1404 2320 de
1431 2291 1574 2322 caeteris
1600 2291 1733 2334 politici
1761 2293 1896 2326 ordinis
1925 2296 2102 2332 membris,

1113 2338 1373 2371 distinctionem
1392 2339 1631 2374 dominiorum
1650 2354 1721 2375 esse
1739 2343 1824 2376 iuris
1841 2345 1964 2379 divini.
1998 2345 2100 2379 Clare

1113 2389 1205 2422 enim
1233 2389 1346 2433 iuquit
1372 2402 1436 2422 vox
1456 2391 1593 2423 diviua:
1622 2392 1700 2425 Non
1718 2394 1849 2426 furtum
1869 2395 1981 2430 facies.
2036 2395 2100 2429 Di-

1112 2440 1185 2472 x-ini
1204 2440 1289 2472 iuris
1304 2446 1352 2472 est
1368 2451 1494 2481 geum,
1522 2448 1559 2474 ut
1574 2443 1642 2475 sint
1659 2445 1890 2485 magistratus.
1943 2446 2099 2480 Humani

1112 2491 1197 2523 iuris
1224 2498 1272 2524 est
1296 2491 1443 2534 species,
1471 2499 1508 2524 ut
1529 2493 1597 2525 siut
1617 2493 1700 2527 alibi
1721 2497 1880 2529 consules
1899 2498 1989 2535 duo,
2017 2498 2099 2530 alilii

1431 2540 1553 2575 Divini
1579 2543 1666 2577 iuris
1685 2552 1751 2585 est,
1778 2554 1815 2579 ut
1833 2559 1934 2581 suum
1954 2549 2099 2592 quisque

1687 2595 1843 2630 Humani
1864 2599 1948 2631 iuris
1967 2606 2034 2637 cst,
2061 2606 2099 2631 ut

1109 2656 1148 2676 ex
1173 2649 1378 2676 testamento
1407 2643 1560 2686 legitime
1582 2646 1670 2680 facto
1691 2654 1816 2681 teneat.
1871 2648 1992 2681 Divini
2013 2649 2098 2681 iuris

70 2693 230 2728 cladibus
251 2694 363 2738 punit.
415 2694 483 2728 Sed
507 2695 548 2727 de
573 2691 638 2727 hoc
655 2700 860 2735 argumento
878 2694 1054 2738 aliisaepe
1079 2686 1082 2723 l
1109 2701 1177 2735 est,
1210 2701 1248 2727 ut
1274 2705 1327 2727 res
1354 2706 1416 2737 per
1440 2702 1638 2731 contractus
1663 2699 1985 2737 communicentur,
2026 2711 2098 2732 ser-
