2338 2958
104 125 175 163 501

103 221 188 246 usus
199 208 276 249 fuit,
303 206 377 252 ipse
390 217 429 241 ea
446 206 522 241 loca
537 207 633 242 unde
650 207 797 250 eruitur,
820 207 918 250 adiit,
944 215 983 242 ut
1000 214 1092 242 certe

103 261 297 306 exploraret
312 259 490 303 quomodo
506 266 744 303 appararetur,
771 259 1011 304 comperitque
1028 271 1093 292 na-

102 319 215 346 turam
248 319 322 342 esse
354 309 589 353 metallicam,
624 310 700 345 siue
729 311 882 345 mixtura
909 309 1090 353 sanguinis

100 359 241 395 hircini.
293 357 359 394 Est
373 367 488 394 autem
508 357 615 394 hodie
630 361 667 394 in
687 368 785 395 tanto
810 373 896 402 usu,
922 367 1088 406 tantaque

98 409 332 446 admiratione
357 412 451 456 apud
471 408 626 445 Thraces
650 418 682 445 et
699 410 871 453 Graecos,
906 418 944 445 ut
959 411 1087 445 Turci-

97 472 158 496 cus
174 467 347 507 tyrannus
362 459 501 506 Legatis
520 469 648 495 terram
663 461 848 495 Lemniam
873 463 965 495 inter
982 474 1087 506 pecu-

96 511 198 546 liaria
215 512 308 545 dona
326 512 411 546 dare
425 513 549 553 soleat;
577 512 730 546 vidimus
747 513 840 546 enim
867 525 961 546 anuo
983 524 1085 556 supe-

95 563 190 597 riore
222 562 358 608 aliquot
387 560 598 611 σφραγίὸας
631 563 718 596 tales
743 565 890 597 donatas
917 562 1084 597 Cornelio

94 612 160 648 See
187 625 258 647 ero.

162 625 264 698 pSed
289 675 362 698 non
385 662 497 696 multo
513 669 590 707 post
605 662 757 696 reditum
776 663 811 695 in
831 664 1000 706 patriam,
1027 677 1083 697 re.-

765 119 923 159 DECL.
957 119 1028 158 DE
1064 119 1205 157 VITA
1241 120 1475 161 GALENI.

2065 134 2139 172 502

1143 213 1319 241 amantem
1357 215 1391 242 et
1430 209 1576 244 iuvandi
1610 213 1747 255 generis
1787 211 1933 250 humani
1964 221 2130 264 cupidum

1143 268 1215 290 non
1231 265 1397 302 perpetua
1417 260 1518 293 laude
1538 262 1684 304 dignum
1704 276 1774 298 esse
1791 266 1946 301 iudicet?
1978 269 2060 306 Post
2077 274 2131 307 in-

1142 308 1285 341 teritum
1310 307 1486 343 Antonini
1511 310 1738 358 Philosophi,
1765 317 1824 362 qui
1849 318 1886 350 iu
1910 323 2130 364 expeditione

1141 358 1202 390 illa
1237 366 1397 392 mortuus
1425 368 1492 401 est,
1526 374 1675 408 cumque
1705 368 1906 402 adolescens
1936 369 2130 416 lmperator

1140 407 1357 442 Commodus
1383 412 1492 454 magis
1522 413 1751 450 delectaretur
1782 419 2015 461 gladiatorum
2043 436 2128 457 con-

1139 460 1325 493 suetudine
1351 473 1454 506 quam
1488 460 1806 510 Philosophorum,
1841 471 1945 505 rediit
1969 471 2126 510 Galenus

1139 510 1176 542 in
1197 509 1318 543 Asiam
1339 518 1372 546 et
1395 512 1432 545 in
1455 514 1567 557 patria
1590 522 1736 549 aetatem
1761 523 1978 565 consumpsit
2003 525 2039 557 in
2063 527 2128 560 do-

1138 562 1267 601 cendo,
1303 562 1340 594 in
1363 565 1553 597 exercenda
1571 572 1645 598 arte
1665 574 1697 600 et
1722 567 1757 600 in
1781 572 1986 617 scribendo,
2022 587 2126 621 seque

1136 611 1317 654 diligentia
1343 615 1548 656 produxisse
1566 617 1670 649 vitam
1701 618 1748 651 ait
1772 631 1881 665 usque
1898 625 1941 656 ad
1964 626 2125 660 ultimam

1136 670 1322 698 senectam.
1376 663 1556 699 Praeclare
1592 668 1698 710 igitur
1726 681 1797 702 nou
1833 673 1946 706 solum
1973 677 2016 708 de
2044 689 2124 711 suae

93 721 237 748 vocatus
261 721 312 748 est
334 715 373 747 in
389 712 525 747 Italiam
544 713 655 746 literis
673 712 930 757 Imperatorum
950 714 1032 748 Veri
1050 724 1083 749 et
1108 727 1110 733 ⁸
1135 713 1256 746 aetatis
1280 711 1504 754 hominibus,
1533 719 1590 750 sed
1612 719 1654 750 de
1673 720 1769 752 omni
1794 724 1993 764 posteritate
2018 729 2124 760 meri-

92 764 208 799 Marci
224 763 418 802 Antonini,
443 775 522 796 cum
540 764 670 809 quibus
690 764 720 797 ei
742 775 868 807 magna
887 766 954 800 fuit
977 766 1082 799 fami·
1107 757 1110 789 Ῐ
1134 770 1190 796 tus
1218 771 1288 804 est,
1321 771 1355 797 et
1383 767 1587 801 erudiendis
1615 769 1692 802 aliis
1721 778 1753 804 et
1781 773 1988 816 scribendo,
2016 784 2124 812 totam

92 816 243 856 liaritas,
275 822 314 848 ut
333 827 374 848 ex
397 814 532 858 aliquot
553 814 664 858 ipsius
687 815 951 849 narrationibus
975 829 1082 861 appa-

91 873 155 901 ret.
206 864 254 899 Et
284 864 454 899 iudicium
483 863 709 908 imperatoris
735 867 778 897 de
812 877 852 898 eo
885 864 949 900 hac
977 868 1013 900 in
1043 880 1080 900 re

1134 814 1228 846 enim
1253 815 1454 858 complexus
1478 825 1606 856 artem,
1643 819 1766 863 iugens
1793 823 1883 857 vitae
1910 828 2125 868 praesidium

1132 865 1282 909 posteris
1315 866 1471 911 reliquit.
1523 867 1599 902 Etsi
1630 871 1723 903 enim
1760 880 1877 915 postea
1906 874 2123 912 Medicinam

89 916 241 949 maxime
254 922 414 960 apparet,
442 916 536 959 quod
561 916 623 948 fiffi
639 915 828 950 Commodi
844 915 1002 950 Caesaris
1020 931 1079 951 va-
1105 935 1107 959 2
1132 927 1258 957 magna
1273 928 1351 949 cum
1369 918 1471 952 laude
1488 928 1716 955 exercuerunt
1738 930 1770 956 et
1792 922 1927 960 Arabes
1944 934 1976 961 et
1995 928 2123 963 Graeci

89 966 282 1000 letudinem
314 965 500 1010 praecipue
524 965 661 1000 Galeno
686 968 963 1009 commendavit,
997 981 1080 1013 pro-

87 1017 244 1050 ficiscens
268 1017 305 1049 in
332 1015 560 1050 Germaniam
588 1018 632 1050 ad
656 1017 788 1050 bellum
813 1017 1078 1052 Marcomanni-

87 1079 178 1101 cum.

232 1066 310 1100 Hoc
336 1073 493 1111 tempore
519 1067 637 1112 inquit
667 1079 703 1100 se
735 1069 913 1112 scripsisse
937 1069 1079 1103 divinos
1103 1060 1106 1101 l
1131 1068 1319 1110 dogmatici
1336 1071 1492 1112 generis,
1520 1079 1553 1105 et
1576 1074 1825 1108 remediorum,

1105 962 1107 966 '
1132 967 1317 1005 nonnulli,
1345 974 1460 1001 tamen
1483 970 1597 1004 fontes
1622 983 1693 1004 esse
1717 975 1809 1015 apud
1837 975 2014 1010 Galenum
2038 992 2123 1013 con-

1132 1023 1197 1050 stat
1227 1017 1412 1063 utriusque
1443 1021 1597 1063 generis,
1635 1023 1915 1066 disputationum
1948 1029 2032 1062 artis
2063 1042 2122 1064 seu

1878 1077 1930 1111 Ac
1950 1086 1988 1112 ut
2012 1081 2121 1115 multa

86 1117 167 1151 illos
197 1117 308 1151 libros
339 1117 555 1150 anatomicos
584 1115 647 1160 qui
676 1123 811 1155 extant,
844 1119 905 1162 qui
933 1121 1076 1162 quidem
1102 1105 1106 1154 l
1131 1118 1309 1159 omittam,
1337 1127 1508 1164 quantum
1533 1122 1619 1155 illud
1640 1124 1847 1159 beneficium
1867 1136 1935 1170 est,
1964 1132 2056 1174 quod
2084 1144 2121 1165 ea

85 1179 161 1202 non
178 1168 292 1201 solum
312 1166 513 1200 Medicinae
529 1166 705 1207 studiosis,
730 1168 791 1199 sed
807 1168 973 1201 omuibus
991 1167 1078 1201 Phi-
1129 1167 1287 1200 doctrina
1299 1194 1308 1208 ,
1326 1180 1414 1212 quae
1427 1178 1571 1204 vocatur
1580 1171 1745 1218 Physica,
1767 1188 1939 1222 nusquam
1957 1187 2047 1214 extat
2063 1189 2121 1216 aut

85 1216 267 1263 losophiae
282 1218 482 1251 amantibus
500 1217 538 1250 in
554 1217 717 1250 manibus
735 1229 806 1250 esse
822 1219 967 1259 debent3
993 1231 1077 1263 pro-
1101 1214 1104 1273 ι
1129 1217 1304 1250 eruditius
1329 1226 1388 1252 aut
1413 1221 1556 1254 uberius
1583 1224 1726 1271 tradita,
1754 1238 1860 1270 quam
1884 1229 1921 1262 in
1946 1231 2121 1277 plerisque

84 1271 174 1303 fecto
199 1269 293 1302 enim
319 1268 505 1311 praecipua
531 1279 611 1311 pars
636 1275 686 1301 est
714 1265 982 1313 Philosophiae,
1012 1271 1076 1302 do-

85 1320 197 1354 ctrina
216 1320 259 1351 de
274 1319 434 1362 partibus
450 1316 599 1351 humani
623 1319 780 1362 corporis
807 1326 839 1352 et
860 1331 979 1353 earum
997 1321 1076 1353 ossi-

84 1370 158 1404 ciiS.
210 1368 370 1414 Cumque
387 1368 431 1401 sit
450 1368 552 1413 plena
574 1369 776 1409 suavitatis,
799 1369 957 1412 ingentes
971 1371 1075 1403 etiam

84 1420 254 1455 utilitates
279 1420 411 1457 adfert,
439 1430 649 1464 magnopere
675 1420 842 1453 conducit
865 1420 1013 1463 singulis
1030 1421 1073 1454 ad

83 1471 251 1505 tuendam
277 1470 532 1503 valetudinem:
573 1481 688 1503 mores
717 1470 820 1503 etiam
852 1473 958 1513 regit,
993 1483 1071 1504 cum

82 1528 203 1555 monet
220 1521 304 1566 quid
325 1520 494 1565 cuiusque
510 1521 619 1564 partis
637 1527 761 1553 natura
781 1522 944 1564 postulet.
999 1522 1073 1555 De-

82 1572 189 1618 nique
210 1583 289 1605 cum
313 1568 403 1604 hanc
427 1571 670 1604 admirandam
694 1577 866 1605 texturam
896 1569 1073 1604 humano-

81 1635 160 1657 rum
188 1623 429 1655 membrorum
453 1621 639 1666 proponit,
668 1621 768 1654 docet
792 1618 883 1655 hanc
910 1629 1071 1655 naturam

80 1685 153 1707 non
174 1683 254 1706 casu
277 1671 446 1712 extitisse,
472 1672 532 1705 sed
550 1672 594 1705 ab
615 1678 755 1705 aeterua
778 1673 930 1717 quadam
955 1680 1071 1707 mente

80 1723 259 1758 conditam
286 1734 376 1763 esse,
409 1733 498 1767 quae
519 1734 593 1755 non
612 1722 742 1756 frustra
758 1723 871 1757 voluit
894 1735 966 1756 esse
983 1725 1069 1757 adeo

81 1780 248 1818 occupata
282 1773 319 1806 in
354 1772 542 1806 formando
571 1770 739 1814 homine,
777 1775 837 1806 sed
865 1774 1071 1817 significare,

78 1824 146 1859 sibi
162 1835 270 1868 genus
284 1821 481 1857 humanum
494 1835 596 1857 curae
614 1834 695 1856 esse.
748 1822 870 1868 Itaque
885 1825 1070 1868 sapientis-

79 1876 165 1910 sime
183 1873 340 1907 Galenus
359 1873 494 1918 inquit,
522 1874 719 1907 doctrinam
743 1875 974 1908 anatomicam
998 1875 1069 1908 ini-

79 1927 168 1960 tium
196 1937 268 1958 esse
291 1922 527 1968 Theologiae‚
561 1931 594 1958 et
617 1924 751 1958 aditum
781 1926 822 1957 ad
849 1925 1066 1968 agnitionem

77 1975 162 2015 Dei,
190 1981 342 2020 suntque
363 1987 403 2008 eo
431 1975 542 2019 magis
566 1975 708 2008 amandi
733 1972 769 2008 hi
794 1975 876 2008 libri
901 1977 1067 2010 studiosis

77 2023 348 2071 Philosophiae,
375 2026 458 2071 quia
483 2037 522 2060 ea
546 2037 634 2071 quae
656 2026 901 2059 desiderantur
925 2027 961 2059 in
984 2026 1067 2061 Ari-

78 2078 234 2112 stotelica
276 2076 472 2119 anatomia,
513 2077 640 2110 adiecit
677 2075 852 2117 Galenus,
895 2080 1066 2122 quaedam

78 2129 181 2163 etiam
202 2127 337 2162 erudite
360 2128 529 2167 correxit,
555 2127 677 2162 multis
699 2128 804 2161 etiam
827 2128 912 2161 locis
927 2128 1066 2162 Aristo-

78 2179 156 2213 telis
171 2180 289 2211 lumen
306 2179 454 2213 addidit.
506 2177 597 2212 Cum
613 2185 728 2211 autem
747 2179 783 2211 in
800 2179 895 2212 bono
912 2177 1065 2213 Doctore

79 2241 151 2263 non
169 2229 286 2262 minus
307 2229 392 2262 fides
406 2240 512 2274 quam
531 2229 684 2262 eruditio
698 2236 801 2274 atque
818 2229 990 2263 industria
1009 2242 1065 2263 re-

77 2280 255 2325 quiratur,
280 2291 491 2324 magnopere
513 2281 686 2313 amandus
708 2288 758 2313 est
782 2278 958 2319 Galenus,
991 2282 1065 2326 qui,

77 2338 118 2365 ut
133 2341 187 2364 res
201 2330 375 2371 ostendit,
401 2342 475 2364 non
487 2331 602 2364 solum
618 2330 793 2364 industria
809 2337 842 2364 et
859 2331 1064 2366 dexteritate

77 2381 257 2420 excelluit,
284 2381 341 2414 sed
360 2380 464 2415 etiam
482 2381 559 2416 fide.
601 2380 692 2424 Quis
709 2388 759 2415 est
777 2382 870 2414 enim
888 2394 928 2415 eo
946 2382 983 2415 in
1000 2383 1065 2416 do-

77 2433 188 2465 cendo
206 2431 410 2475 diligentior
433 2442 473 2465 ac
493 2431 658 2465 uberior?
693 2431 745 2466 Ac
761 2433 803 2465 de
828 2433 895 2465 fide
913 2444 974 2466 sua
992 2433 1065 2478 ipse

75 2483 195 2528 inquit
211 2483 247 2516 in
259 2483 361 2516 tertio
372 2483 414 2516 de
425 2482 511 2515 locis
523 2482 668 2516 affectis.
700 2482 813 2517 Deum
827 2483 934 2526 igitur
943 2491 1064 2518 testem

77 2532 180 2573 facio,
207 2546 261 2566 me
276 2534 453 2567 dicturum
472 2544 561 2572 esse,
585 2535 678 2578 quod
695 2541 771 2578 post
790 2534 929 2577 longam
946 2535 1065 2580 inqui-

78 2583 240 2617 sitionem
259 2584 295 2616 in
312 2585 386 2629 ipso
405 2584 489 2617 artis
516 2584 681 2618 exercitio
709 2591 740 2617 et
759 2585 793 2617 in
815 2586 1065 2629 disputationi-

78 2634 144 2667 bus
165 2645 244 2667 cum
268 2635 479 2669 doctissimis
501 2634 584 2667 viris
606 2635 759 2678 comperi
789 2643 821 2669 et
844 2637 1064 2669 verissimum

78 2695 150 2717 esse
175 2691 298 2720 statuo.
352 2686 441 2729 Quis
465 2685 569 2719 talem
596 2686 752 2719 animum
776 2693 844 2719 tam
862 2694 895 2720 et
909 2687 1064 2721 veritatis

1129 1265 1258 1300 Galeni
1278 1268 1389 1310 libris,
1416 1277 1448 1304 et
1467 1278 1584 1305 tamen
1601 1275 1741 1318 scripsit
1756 1278 1867 1311 multo
1886 1281 2004 1324 plura,
2033 1296 2120 1328 quae

1128 1319 1254 1361 partim
1272 1327 1415 1363 propter
1432 1322 1630 1356 barbariem
1649 1338 1738 1370 quae
1763 1327 1799 1360 in
1821 1330 1941 1364 Asiam
1958 1340 1990 1367 et
2007 1331 2119 1368 Grac-

1127 1369 1216 1401 ciam
1241 1371 1411 1412 pervasit,
1441 1373 1568 1415 partim
1596 1383 1739 1419 propter
1761 1378 1847 1412 alias
1867 1394 1986 1416 causas
2009 1384 2118 1419 inter-

1126 1419 1299 1453 ciderunt.
1350 1419 1550 1456 Recitarem
1578 1426 1680 1459 etiam
1704 1431 1870 1472 quasdam
1894 1434 2004 1476 ipsius
2026 1437 2118 1469 divi-

1125 1470 1304 1511 nationes,
1339 1478 1371 1504 et
1396 1474 1594 1508 curationes
1617 1478 1859 1519 admirandas,
1896 1484 1923 1516 si
1951 1488 2117 1530 temporis

1125 1520 1278 1553 brevitas
1302 1521 1338 1554 id
1363 1530 1550 1566 pateretur.
1613 1526 1730 1561 Laesis
1763 1533 1880 1566 nervis
1909 1535 1945 1568 in
1969 1549 2116 1580 corpore

1124 1568 1280 1603 humano
1316 1578 1348 1605 et
1381 1580 1496 1607 motus
1531 1576 1704 1610 amittitur
1740 1586 1771 1612 et
1801 1586 1957 1619 membra
1995 1596 2114 1622 couta-

1124 1621 1286 1654 bescuut:
1315 1623 1449 1666 primus
1472 1632 1587 1658 autem
1604 1626 1761 1662 Galenus
1785 1633 1956 1668 rationem
1980 1637 2113 1673 invenit

1123 1671 1258 1704 saucios
1273 1684 1401 1706 nervos
1417 1677 1576 1711 curandi.
1629 1677 1744 1721 Quam
1763 1693 1864 1725 sagax
1882 1686 1987 1720 suerit
2005 1688 2040 1721 in
2059 1690 2115 1722 in-

1122 1722 1307 1756 veniendis
1325 1726 1504 1766 remediis,
1531 1728 1725 1763 observatis
1751 1744 1867 1767 rerum
1885 1738 2114 1782 qualitatibus

1121 1773 1205 1806 inde
1230 1774 1405 1807 aestimari
1433 1784 1561 1819 potest,
1596 1791 1673 1812 cum
1698 1781 1733 1813 in
1753 1781 1966 1822 Alexandria
1994 1790 2029 1823 in
2051 1804 2112 1835 pa-

1121 1823 1223 1856 triam
1243 1824 1389 1868 rediret,
1418 1827 1561 1862 divertit
1587 1829 1622 1861 in
1647 1831 1771 1865 itinere
1796 1835 1831 1868 in
1854 1840 2031 1882 quoddam
2051 1853 2112 1875 ru—

1121 1874 1244 1907 sticum
1262 1876 1462 1918 praedium,
1488 1879 1550 1912 ubi
1567 1880 1655 1914 forte
1671 1887 1870 1926 aegrotabat
1891 1890 2056 1924 dominus
2073 1905 2110 1926 ac

1119 1936 1209 1968 pene
1243 1925 1481 1960 suffocabatur
1515 1931 1643 1964 uvulae
1679 1940 1710 1966 et
1746 1935 1927 1977 glandium
1964 1948 2109 1976 tumore.

1118 1974 1208 2009 Cum
1236 1982 1353 2009 autem
1381 1978 1536 2013 deessent
1562 1981 1628 2014 alia
1655 1987 1825 2026 remedia,
1862 1997 1891 2023 et
1911 1991 1977 2024 iam
1997 2000 2109 2027 matu-

1119 2033 1294 2060 rescerent
1312 2039 1436 2069 nuces,
1460 2032 1677 2066 considerata
1703 2038 1870 2071 corticum
1897 2049 2020 2076 natura
2037 2046 2108 2078 acri

1118 2083 1151 2110 et
1166 2077 1399 2121 astringente,
1423 2092 1462 2113 ex
1482 2081 1550 2115 illis
1567 2084 1754 2119 corticibus
1773 2092 1937 2132 expressit
1955 2105 2108 2136 succum,

1118 2128 1173 2161 cui
1211 2129 1279 2161 mel
1307 2130 1462 2171 addidit,
1503 2129 1568 2166 hoc
1602 2136 1757 2170 remedio
1791 2141 1907 2175 subito
1944 2144 2107 2180 liberavit

1117 2185 1316 2236 aegrotum,
1344 2193 1414 2225 quo
1439 2182 1580 2226 quidem
1609 2192 1725 2228 postea
1745 2200 1780 2222 se
1795 2201 1931 2236 semper
1955 2195 2106 2230 foelicis-

1117 2241 1202 2262 sune
1218 2241 1319 2263 usum
1338 2243 1409 2264 esse
1427 2241 1560 2271 narrat,
1583 2235 1630 2268 ita
1650 2237 1685 2269 iu
1704 2249 1740 2271 re
1767 2241 1828 2273 vili
1857 2255 2017 2287 magnam
2036 2247 2106 2280 uti-

1117 2281 1248 2313 litatem
1266 2281 1407 2325 reperit.
1461 2283 1502 2316 ln
1520 2287 1714 2328 praesentia
1733 2301 1805 2324 non
1822 2293 1984 2328 adiiciam
2004 2297 2103 2341 plura

1116 2331 1284 2374 exempla.

1217 2381 1329 2415 Porro
1348 2395 1426 2415 cum
1444 2385 1486 2417 de
1507 2386 1577 2419 vita
1600 2384 1785 2424 homiuum
1811 2395 1942 2438 optime
1960 2397 2104 2432 meritus

1116 2433 1159 2466 sit
1176 2430 1233 2466 hic
1247 2432 1414 2477 scriptor,
1442 2447 1522 2468 cum
1540 2449 1657 2471 rerum
1681 2448 1842 2476 naturam
1868 2447 2103 2491 copiosissime

1115 2483 1356 2528 descripserit,
1377 2496 1455 2518 cum
1475 2489 1638 2523 remediis
1657 2491 1819 2534 plurimis
1840 2507 1904 2530 nos
1929 2498 2103 2532 instruxe-

1115 2535 1177 2575 rit,
1204 2546 1283 2568 cum
1303 2542 1458 2569 veterum
1475 2540 1693 2574 medicorum
1715 2543 1857 2579 inventa
1876 2549 2051 2591 collegerit
2071 2557 2101 2582 et

1116 2597 1206 2618 nova
1226 2585 1410 2628 adiecerit,
1438 2588 1546 2623 sciant
1567 2593 1714 2626 studiosi
1735 2596 1933 2630 universam
1954 2600 2099 2642 posteri-

1116 2644 1220 2670 tatem
1239 2636 1430 2695 plurimum
1447 2639 1477 2671 ei
1497 2641 1634 2678 debere.
1686 2642 1849 2691 Eumque
1866 2649 1912 2681 sic
1930 2655 2043 2681 ament
2063 2657 2100 2683 ut

1116 2698 1324 2731 cognoscere
1344 2695 1447 2722 etiarn
1465 2691 1622 2735 cupiant,
1650 2694 1698 2727 sic
1716 2697 1808 2729 enim
1835 2699 1945 2731 sentio
1966 2711 2023 2732 eos
2040 2701 2098 2744 qui

1407 2738 1490 2775 32*
