2338 2958
217 128 261 163 19

214 211 393 252 lecticam,
427 211 486 244 alii
521 207 748 245 Rhetoricam
785 213 926 240 vocant:
979 206 1196 242 Nominibus

215 263 308 296 enim
327 263 465 296 variant
481 261 667 299 authores,
692 270 801 304 quum
821 269 877 291 ars
892 259 1012 292 eadem
1033 258 1087 292 sit.
1129 257 1195 292 At-

215 325 283 360 que
306 311 363 346 hic
387 312 536 346 docendi
562 312 648 344 ordo
663 309 843 354 quondam
862 309 945 349 fuit,
973 321 1082 354 quum
1099 309 1195 350 vige-

215 371 295 398 rent
318 361 432 397 adhuc
466 363 604 401 literae,
641 361 755 393 donec
780 359 818 393 in
842 360 997 394 bullatos
1024 361 1195 404 quosdam

218 415 404 457 Magistros
428 413 636 449 incidimus,
670 411 732 456 qui
755 411 851 444 scitis
875 423 943 456 qua
972 411 1064 443 mole
1098 421 1195 443 com-

215 465 466 499 mentariorum
491 461 728 495 Grammatica
756 462 909 506 primum
936 466 1195 505 oppresserant.

215 516 282 550 Sed
303 515 444 560 quando
469 525 506 546 ea
535 513 756 552 revixerunt,
783 513 825 544 de
849 511 1049 545 Dialecticis
1075 511 1196 544 videa-

214 578 311 604 mus,
340 567 430 608 quae'
450 561 565 597 adhuc
581 576 620 597 ex
638 563 853 601 Tartareus,
879 562 1017 600 Bricot,
1045 561 1194 595 Perver-

213 629 308 654 sore,
333 613 470 656 Eckiis‚
496 613 681 659 Copulatis
695 614 820 646 bursae
838 613 986 653 montis,
1009 611 1196 646 Exercitiis

213 666 363 701 taurinis
381 673 413 700 et
429 665 584 705 caninis,
613 672 645 698 et
664 664 742 697 aliis
760 661 866 696 huius
884 663 1017 696 farinae
1035 664 1195 707 petimus.

214 717 311 751 Licet
335 714 399 750 hac
424 724 519 761 parte
545 713 632 748 mihi
661 715 807 747 liberius
824 726 943 757 agere,
968 726 1050 746 nam
1076 721 1111 748 et
1135 714 1195 746 iis-

213 770 292 801 dem
322 779 384 810 ego
408 779 520 800 annos
546 767 614 798 iam
640 777 697 798 sex
722 772 908 809 perpetuos
935 777 1022 809 pene
1048 765 1196 798 detritus

213 830 304 852 snm.
357 817 403 851 Et
426 830 533 862 quum
560 829 632 849 rem
657 817 765 860 probe
800 816 1002 850 meditatam
1036 813 1196 855 habeam,

211 882 285 903 non
304 869 369 902 erit
387 868 529 901 difficile
550 865 636 899 mihi
663 867 735 899 suis
750 879 824 899 eam
845 867 1022 900 coloribus
1042 868 1197 911 pingere,

212 932 250 953 ac
281 920 481 960 declarare,
522 930 593 951 non
630 929 702 951 esse
737 915 968 958 διαλεκτικὰ,
1013 929 1103 962 quae
1140 917 1194 950 isti

213 970 367 1009 amussi,
399 969 557 1002 inscitiae
574 968 738 1011 Magistri
761 969 982 1012 profitentur.
1035 967 1194 1001 Primum

211 1020 412 1060 Dialectica,
429 1027 465 1053 ut
477 1020 561 1059 dixi,
577 1017 764 1052 methodus
777 1020 947 1063 quaedam
967 1025 1017 1052 est
1035 1019 1195 1051 omnium

211 1072 456 1116 quaestionum
477 1070 740 1114 compendiaria
753 1096 762 1109 ‚
779 1066 1017 1114 διωκητικήτε
1033 1067 1095 1103 καὶ
1113 1067 1196 1103 δια-

211 1119 367 1167 antimi:
407 1134 474 1166 qua
499 1127 634 1154 constat
657 1122 745 1154 ordo
776 1128 809 1154 et
832 1120 1002 1153 iudicium
1026 1121 1196 1165 cuiusque

212 1174 262 1206 rei
287 1173 508 1210 tractandae,
550 1179 589 1206 ut
619 1172 657 1204 in
682 1183 823 1216 quoque
857 1171 1058 1211 videamus,
1097 1171 1196 1215 quid,

212 1231 403 1268 quantum,
433 1223 554 1268 quale,
583 1234 692 1268 quur,
724 1222 922 1266 quomodo:
976 1221 1015 1255 Si
1051 1221 1196 1265 simplex

212 1275 272 1314 sit,
298 1275 353 1307 sin
377 1274 618 1318 complexum,
645 1285 767 1306 verum
786 1284 830 1305 ne
847 1285 891 1305 an
913 1273 1051 1306 falsum.
1103 1272 1197 1307 Sim-

212 1324 357 1369 plicium
400 1325 622 1364 discrimina,
667 1324 899 1368 notionesque
933 1324 991 1357 isti
1026 1335 1089 1368 per
1123 1324 1196 1357 loca

212 1382 308 1409 senta
326 1376 395 1408 situ
414 1382 562 1418 cogunt,
583 1382 791 1419 noctemque
811 1375 1037 1417 profundam.
1089 1372 1196 1407 Com-

213 1427 395 1471 plexorum
432 1426 633 1464 doctrinae,
680 1436 766 1470 quas
803 1425 967 1457 tenebras
1001 1436 1075 1457 non
1105 1424 1197 1457 offu-

212 1479 340 1510 derunt
364 1476 535 1519 argutiis?
587 1475 719 1518 Quales
755 1481 853 1507 sunt:
894 1473 1018 1507 Genus
1046 1481 1097 1508 est
1120 1485 1197 1517 spe-

212 1529 302 1566 cies,
349 1526 478 1560 Nullus
518 1533 551 1559 et
586 1537 691 1559 nemo
729 1526 893 1558 mordent
934 1536 968 1557 se
1010 1525 1046 1557 in
1083 1537 1199 1565 sacro,

211 1577 355 1611 Parisiis
379 1584 411 1611 et
435 1576 571 1611 Romae
597 1576 765 1609 venditur
791 1575 899 1619 piper.
961 1574 1094 1609 Arcent
1121 1575 1197 1608 foro

214 1641 275 1662 suo
313 1640 401 1673 quae
438 1640 511 1660 nou
546 1634 791 1672 assequuntur.
855 1625 1004 1659 Librum
1039 1639 1198 1673 κατηγοο

214 1677 305 1724 ρι’ων
323 1680 422 1712 aiunt
440 1677 651 1712 Dialecticae
670 1677 800 1711 tabulis
819 1689 890 1710 non
914 1677 1065 1716 censeri,
1089 1690 1196 1722 quum

215 1731 296 1763 inde
315 1742 419 1763 omne
436 1730 620 1762 artificium
640 1728 858 1767 inveniendi,
875 1740 936 1760 ceu
953 1740 970 1759 e
988 1729 1083 1760 sonte
1101 1728 1196 1767 fluat,

215 1789 245 1814 et
263 1777 477 1827 κατηγορίαι
496 1793 566 1813 non
585 1779 655 1812 sint
676 1779 740 1811 nisi
753 1776 916 1822 μέθοδος
927 1779 1097 1823 quaedam
1115 1779 1197 1811 sim-

216 1833 370 1876 plicium.
433 1830 479 1864 Et
503 1828 558 1863 bic
590 1837 813 1871 argutantur:
849 1828 941 1862 Num
965 1829 1103 1871 singula
1141 1841 1198 1872 ge-

216 1895 296 1915 nera
317 1881 515 1925 generaliss.
535 1879 739 1926 realiter(ut
758 1881 1120 1925 vocant)discrepent,
1146 1886 1197 1913 at·

216 1947 281 1978 que
299 1935 340 1965 de
362 1945 401 1965 eo
423 1933 582 1965 nondum
610 1932 702 1964 inter
719 1932 887 1965 Scotistas
911 1931 1002 1974 ipsos
1022 1931 1198 1969 convenit,

216 1985 326 2017 multo
352 1983 468 2016 minus
495 1995 574 2016 cum
597 1983 758 2016 factionis
789 1982 947 2015 diversae.
980 1982 1198 2015 nominibus.

219 2034 400 2079 Analytica
427 2035 638 2077 posteriora,
666 2046 745 2066 cnm
765 2033 832 2066 sint
853 2033 1064 2077 disponendi
1083 2033 1199 2071 series,

218 2098 254 2117 ac
272 2085 522 2128 utSimplicius
534 2084 785 2129 Peripateticus
803 2084 869 2122 ait,
898 2096 1011 2116 canon
1031 2096 1067 2116 ac
1082 2095 1197 2116 arnus-

219 2136 263 2168 sis
281 2135 485 2168 artificiosae
502 2135 752 2179 disputationis
771 2135 862 2168 inter
875 2131 1114 2179 Metapliysiea
1135 2147 1199 2167 no-

219 2186 278 2219 stri
304 2186 515 2226 retulerunt,
554 2199 678 2230 nempe
707 2199 776 2231 quo
801 2198 872 2219 rem
900 2198 961 2230 per
982 2197 1016 2217 se
1041 2198 1111 2218 non
1138 2187 1198 2218 ad-

218 2238 361 2269 modum
380 2237 575 2274 difficilem,
604 2250 641 2269 ac
659 2237 746 2270 mire
764 2238 886 2271 utilem
905 2237 1030 2269 studiis
1057 2233 1199 2269 lioneste

219 2287 426 2326 tractandis,
470 2295 500 2320 et
538 2288 716 2320 difficilem
745 2295 777 2322 et
812 2288 971 2321 inutilem
1003 2288 1200 2322 redderent.

220 2338 375 2371 lloccine
403 2345 451 2370 est
487 2338 572 2370 illud
601 2339 724 2371 docere
750 2340 844 2384 quod
882 2339 1034 2371 iactant?
1087 2337 1199 2371 llaec-

217 2390 294 2422 cine¹
319 2396 400 2421 sunt
426 2389 499 2421 sine
527 2389 655 2433 quibus
681 2402 826 2432 pensum
854 2390 919 2423 arti
945 2389 1070 2434 ruique
1098 2401 1199 2422 suum

221 2440 319 2473 reddi
339 2440 487 2483 nequit?
520 2438 693 2472 Haeccine
711 2448 810 2479 sunt,
837 2453 924 2485 quae
949 2447 1018 2473 tam
1043 2440 1202 2484 splendi-

217 2491 271 2525 dis
291 2488 539 2533 Philosophiae
560 2491 670 2523 titulis
690 2491 962 2524 auctionantur?
1007 2490 1048 2523 A:
1069 2499 1201 2535 ‹pi-‘into

218 2541 367 2575 minoris
386 2542 591 2574 dnlirissent
615 2549 704 2574 reete
733 2555 869 2584 sapere,
898 2555 1002 2587 quain
1029 2542 1197 2585 desipere.

218 2594 284 2625 Sed
311 2589 459 2625 coliibeo
485 2592 661 2632 animum,
690 2605 732 2624 ne
750 2605 852 2637 quem
874 2594 924 2625 vot
946 2594 1120 2626 bonorum
1146 2595 1200 2626 ni-

218 2644 286 2677 mia
305 2643 447 2675 libertas
463 2643 626 2677 offendat.
684 2643 752 2676 Vos
771 2656 787 2676 a
808 2657 862 2675 ine
881 2644 1119 2677 adulescentes
1136 2642 1200 2677 lioc

218 2706 326 2727 unum
346 2693 401 2737 agi
420 2693 564 2738 putetis,
591 2694 714 2728 utilius
732 2707 836 2740 quam
855 2696 948 2740 qnod
972 2695 1057 2729 olim
1075 2703 1200 2729 tracta-

615 122 776 159 DECL.
809 120 886 156 DE
920 119 1338 157 CORRIGENDIS
1374 119 1548 156 ADOL.
1583 119 1837 157 STUDIIS.

2178 123 2230 158 20

1249 207 1353 247 bant,
1390 205 1546 239 studium
1588 205 1700 238 videri
1738 205 1996 240 renascentium
2033 206 2230 244 literarum.

1249 255 1425 302 Equidem
1450 256 1586 300 aliquot
1612 256 1698 288 novi
1718 256 1804 289 recti
1820 256 1943 290 iudicii
1959 257 2076 299 viros,
2100 258 2231 303 quibus

1249 320 1328 340 cum
1344 318 1445 351 saepe
1466 317 1540 339 rem
1564 307 1709 339 eandem
1726 307 1881 346 contuli,
1908 319 2071 351 prorsum
2092 316 2230 342 nostrae

1247 357 1456 397 sententiae,
1484 357 1650 390 omnibus
1668 357 1810 390 calculis
1826 358 2089 402 adstipulante&
2130 359 2231 392 Ami-

1249 420 1309 441 cus
1325 406 1412 440 mihi
1432 407 1606 452 quispiam
1629 414 1680 441 est
1695 419 1768 440 non
1787 408 1958 451 vulgaris,
1984 409 2050 442 sub
2066 421 2136 454 quo
2157 410 2232 453 pri-

1251 471 1345 493 mum
1364 470 1452 503 puer
1469 465 1693 502 praeceptore
1717 458 1753 490 in
1770 457 1897 492 Suevis
1912 457 2119 503 Tubingae,
2144 458 2232 494 Dia-

1250 509 1382 543 lecticis
1403 509 1514 542 merui
1533 521 1665 542 annum
1683 520 1794 543 unum
1813 516 1873 543 aut
1887 509 2048 549 alterum,
2062 507 2232 544 haetenus

1249 567 1287 594 ut
1303 561 1408 593 fratre
1423 571 1561 603 semper
1578 559 1789 594 familiariss.
1799 571 1894 601 usus,
1905 557 2133 595 Franclscus
2143 559 2232 594 Sla—

1250 609 1405 651 dianus,
1431 611 1629 644 eruditione
1647 622 1686 643 ac
1706 610 1796 644 vitae
1815 622 1941 654 genere
1965 611 2045 652 tali,
2070 618 2109 646 ut
2128 624 2145 644 a
2165 613 2232 646 bo—

1250 663 1305 695 nis
1321 674 1360 695 ac
1376 662 1488 695 doctis
1504 661 1671 694 omnibus
1691 662 1849 695 certatim
1862 661 1963 705 diligi
1978 669 2169 696 mereatur:
2200 661 2233 696 Is

1250 711 1434 758 Analytica
1466 711 1659 756 posteriora
1675 711 1844 745 Suevicae
1863 713 2039 746 iuventuti
2062 725 2156 747 anno
2174 725 2234 747 su-

1251 763 1387 807 periore
1416 764 1674 807 praelecturus,
1701 775 1718 795 a
1746 763 1851 796 nobis
1868 760 2056 797 Themistii
2082 764 2234 803 libellos,

1250 826 1338 860 quos
1357 814 1482 848 Latine
1502 814 1657 847 reddidit
1673 812 1904 854 Hermolaus,
1920 815 2063 859 accepit.
2095 813 2234 848 Addidi

1251 866 1422 911 quaedam
1450 877 1468 897 e
1502 862 1702 908 Philopono
1732 864 1960 908 transcripta,
1994 877 2108 910 neque
2138 863 2240 899 enim*

1251 916 1386 950 Graeca
1410 915 1530 949 omnia
1555 915 1637 948 satis
1658 912 1749 947 mihi
1780 916 1987 959 probantur.
2048 915 2234 950 Admonui

1252 967 1395 1010 iusuper
1413 966 1486 1000 illic
1503 966 1547 999 ab
1564 964 1753 999 Aristotele
1773 964 1964 1000 Rhetorica
1980 967 2112 1002 doceri.
2164 966 2234 1000 Le-

1251 1019 1320 1061 git,
1348 1017 1560 1062 relegitque,
1588 1023 1621 1050 et
1649 1029 1720 1061 quo
1744 1022 1795 1050 est
1822 1017 1973 1057 iudicio,
1999 1018 2164 1062 protinus
2190 1018 2235 1050 ad

1250 1080 1393 1112 scopum
1413 1067 1567 1100 advortit
1584 1067 1762 1107 animum,
1789 1067 1838 1100 ibi
1863 1079 1900 1100 re
1921 1069 2062 1111 penitus
2084 1067 2237 1112 cognita,

1252 1127 1285 1153 et
1311 1131 1374 1163 pro
1400 1118 1589 1151 foelicitate
1614 1118 1746 1160 ingenii
1772 1118 1826 1151 sui
1855 1125 1954 1152 aucta
1980 1119 2236 1164 illustrataque,

1253 1177 1303 1204 tot
1317 1169 1555 1209 notabilibus,
1569 1168 1851 1212 acceptionibus,
1868 1169 2158 1204 distinctionibus
2177 1181 2235 1202 ex-

1253 1220 1444 1254 auctoratis
1457 1247 1466 1260 ,
1483 1231 1620 1253 causam
1636 1219 1826 1263 integram,
1843 1219 1952 1253 veluti
1969 1219 2234 1265 recuperatorio

1252 1271 1382 1305 iudicio
1409 1270 1583 1309 restituit,
1619 1267 1757 1303 scholae
1789 1270 1996 1314 simpliciter
2021 1283 2060 1305 ac
2085 1270 2236 1305 candide

1251 1334 1422 1355 summam
1438 1321 1489 1354 rei
1506 1319 1547 1355 τὸ
1562 1319 1664 1366 ἄλφα
1683 1319 1745 1354 καὶ
1763 1333 1792 1354 ω
1810 1322 2018 1355 traditurus.
2071 1321 2128 1355 Ad
2151 1319 2238 1355 baec

1250 1373 1341 1406 male
1357 1379 1516 1415 precatus
1533 1372 1653 1414 nugis,
1673 1372 1803 1405 obnixe
1818 1383 1836 1404 a
1851 1383 1906 1404 me
1923 1373 2124 1413 contendit,
2153 1371 2236 1405 Ari-

1251 1423 1367 1458 stoteli
1397 1423 1580 1466 purgando
1596 1422 1707 1454 socias
1723 1433 1850 1454 manus
1871 1422 2078 1456 adiicerem:
2115 1422 2236 1457 Cona-

1253 1482 1369 1507 turum
1400 1473 1519 1505 omnia
1543 1484 1616 1505 sese
1639 1484 1702 1516 pro
1729 1473 1884 1512 viribus,
1924 1473 1976 1507 uti
2008 1474 2137 1507 artium
2165 1474 2236 1506 ele-

1253 1531 1367 1557 menta
1385 1523 1539 1555 vindicta
1559 1522 1797 1555 Barbarorum
1823 1522 2071 1559 liberarentur.
2124 1523 2236 1558 Primi

1252 1574 1407 1609 nominis
1422 1574 1536 1607 studia
1549 1600 1556 1614 ,
1584 1585 1601 1606 a
1621 1574 1784 1606 sordibus
1803 1574 1909 1618 recipi
1930 1587 2001 1608 non
2019 1586 2138 1619 posse,
2166 1574 2236 1608 nisi

1254 1625 1408 1671 purgatis
1426 1624 1684 1658 adulescentiae
1701 1624 1924 1659 rudimentis.
1980 1624 2017 1658 ld
2034 1626 2106 1659 fere
2124 1637 2236 1670 quen—

1252 1689 1318 1722 que
1337 1677 1373 1709 in
1389 1675 1534 1708 summis
1553 1687 1673 1718 posse,
1702 1675 1798 1721 quod
1825 1674 1862 1707 in
1882 1675 2014 1709 infimis
2033 1676 2235 1710 assueverit.

1256 1728 1293 1759 ln
1311 1737 1465 1765 summa,
1493 1727 1611 1759 omnia
1637 1726 1704 1759 sibi
1729 1727 1772 1759 de
1792 1727 2044 1771 grandioribus
2066 1727 2237 1771 polliceri,

1251 1778 1278 1810 si
1298 1776 1509 1810 exercendae
1529 1776 1692 1809 inventae
1709 1777 1798 1808 ratio
1816 1777 1942 1808 melior
1962 1777 2123 1813 iniretur.
2154 1777 2236 1811 Pla-

1253 1828 1324 1861 cuit
1341 1826 1444 1860 amici
1461 1827 1669 1866 consilium,
1695 1833 1728 1860 et
1748 1826 1932 1868 negocium
1952 1839 2020 1860 una
2040 1827 2235 1861 literarium

1252 1877 1485 1922 suscepimus,
1513 1876 1571 1910 Dii
1591 1877 1723 1922 reliqua
1744 1877 1949 1912 secundent.
1989 1877 2090 1911 Nunc
2107 1889 2236 1923 quaeso

1254 1942 1313 1962 vos
1339 1928 1461 1973 quanti
1496 1929 1608 1961 facitis
1636 1925 1742 1961 liuius
1766 1927 1832 1961 viri
1859 1927 2050 1967 iudicium,
2085 1940 2164 1961 cum
2200 1928 2236 1961 in

1253 1981 1330 2013 aliis
1350 1979 1548 2023 disciplinis
1564 1977 1607 2013 οὐ
1627 1977 1837 2026 παρέργως,
1867 1985 1940 2011 tum
1966 1979 2002 2012 in
2029 1976 2092 2011 boc
2110 1990 2237 2021 genere

1252 2043 1388 2064 summa
1410 2043 1488 2063 cum
1515 2031 1617 2063 laude
1647 2042 1760 2063 annos
1782 2029 1911 2073 opinor
1939 2030 2058 2062 decem
2085 2029 2238 2062 versati?

1254 2082 1329 2115 lloc
1352 2094 1452 2123 egero
1478 2082 1657 2115 vobiscum
1684 2087 1786 2121 teste,
1811 2087 1916 2125 atque
1940 2092 1979 2113 eo
2003 2092 2085 2113 sane
2112 2080 2238 2120 iurato,

1255 2146 1325 2166 non
1347 2144 1418 2165 esse
1444 2133 1479 2164 in
1502 2130 1557 2165 liis
1575 2131 1724 2174 vulgatis
1747 2131 1945 2167 stromatis.
1974 2133 2068 2176 quod
2092 2130 2235 2174 probari

1253 2184 1416 2228 cuiquam
1442 2190 1579 2227 praeter
1597 2189 1799 2225 personatos
1819 2183 1988 2227 quosdam
2014 2182 2237 2226 professores.

1253 2232 1410 2282 γηλλοιἺς
1424 2236 1566 2278 μᾶλλον
1583 2232 1602 2278 'i'
1617 2230 1861 2278 (φιλοσόφους,
1891 2240 2005 2278 queat.
2048 2231 2155 2266 lratas
2173 2229 2237 2265 lia-

1255 2288 1352 2319 beam
1368 2285 1506 2325 Musas,
1534 2286 1568 2318 ni
1586 2283 1669 2318 haee
1689 2285 1732 2317 ita
1750 2286 1912 2317 damnem
1926 2311 1934 2322 ,
1962 2291 1999 2318 nt
2017 2296 2080 2328 pro
2097 2283 2146 2317 eis
2164 2295 2238 2316 nie-

1255 2338 1341 2369 liora
1363 2336 1612 2381 foelicioraqne
1632 2347 1691 2368 vos
1710 2335 1873 2379 amplecti
1894 2335 2010 2370 velim.
2071 2334 2153 2368 Alio
2176 2333 2238 2379 qui

1255 2389 1404 2421 liberum
1430 2400 1490 2430 pei·
1516 2400 1570 2419 me
1594 2387 1719 2431 ruique.
1737 2386 1859 2422 suerit.
1888 2398 2057 2431 quorsum
2075 2385 2129 2418 vel
2154 2396 2238 2418 usus

1255 2446 1373 2476 vot-at,
1401 2439 1452 2471 w!
1474 2438 1655 2480 ingenium
1672 2435 1779 2470 trabit
1805 2437 1915 2482 sequi.
1969 2437 2030 2471 Sat
2059 2436 2129 2469 scio
2155 2435 2238 2468 nul-

1256 2491 1326 2523 lum
1346 2490 1450 2522 fuisse.
1468 2490 1643 2526 seculum.
1670 2501 1783 2533 neque
1803 2488 2021 2521 Graecorum
2039 2499 2152 2531 neque
2170 2485 2237 2520 La-

1255 2542 1429 2578 tinorum,
1456 2541 1548 2586 qnod
1573 2552 1643 2572 non
1664 2542 1705 2572 sit
1725 2539 1858 2581 egregie
1885 2545 2053 2580 nugatum
2079 2535 2237 2581 philoso-

1255 2590 1416 2635 phando,
1456 2598 1586 2624 veteres
1616 2591 1796 2635 aliquanto
1826 2601 1930 2635 quain
1956 2589 2037 2621 novi
2065 2588 2238 2622 foelicius·

1255 2645 1374 2685 Quare
1407 2643 1531 2675 afferas
1566 2643 1607 2674 ad
1643 2654 1680 2674 ea
1717 2641 1848 2679 studia,
1882 2646 2018 2684 oportet
2033 2666 2042 2678 ,
2079 2639 2237 2672 animum

1254 2707 1368 2729 acrem
1388 2700 1421 2727 et
1439 2705 1575 2730 curam.
1599 2693 1726 2726 deinde
1746 2691 1953 2735 Magistrum
1969 2688 2136 2724 adhibeas
2153 2688 2237 2723 boni
