2338 2958
164 136 238 173 447

166 231 285 259 torum
313 217 514 256 Ecclesiae?
566 215 666 258 Quae
697 225 778 248 cum
810 214 1004 248 ostendunt
1035 212 1153 258 qualia

166 274 298 308 fuerint
313 272 491 306 doctrinae
510 265 719 306 certamina,
744 265 898 298 formant
914 263 1153 297 studiosorum

169 325 317 361 iudicia,
351 330 483 364 nosque
505 319 547 351 de
567 315 743 350 Ecclesiae
768 315 933 360 periculis
950 315 1154 354 admonent,

168 382 203 409 et
219 372 374 408 discendi
397 381 517 403 curam
542 367 746 401 exuscitant.
808 364 861 399 Ac
880 365 1063 410 praecipue
1079 362 1156 398 Au-

169 424 297 469 gustini
316 420 558 455 contentiones
573 417 730 462 exemplo
749 428 820 450 esse
836 422 1000 461 possunt,
1027 422 1157 461 quanta

169 474 348 510 doctrinae
358 471 525 504 varietate
540 475 574 503 et
589 468 706 512 copia,
729 474 858 513 quanta
869 467 1052 510 vigilantia
1069 476 1158 510 opus

169 526 212 559 sit
239 524 300 565 iis,
336 521 395 567 qui
419 522 455 553 in
479 518 546 554 hoc
569 530 713 552 munere
730 530 802 552 uno
820 518 979 551 omnium
1003 516 1040 549 in
1057 515 1158 550 terris

168 574 320 608 maximo
337 571 532 605 difficilimo
552 576 755 609 versantur,
781 568 945 601 videlicet
969 568 1005 600 in
1026 566 1160 600 diiudi-

170 625 306 659 catione
338 629 372 657 et
397 621 654 665 gubernatione
686 619 867 652 doctrinae
897 617 1158 651 ecclesiasticae.

170 676 307 710 Lucent
329 674 367 707 in
391 673 461 706 illis
478 671 729 705 certaminibus
746 669 902 712 exempla
921 665 1047 701 harum
1065 678 1160 700 com-

171 726 335 760 munium
369 723 516 763 artium,
565 732 653 765 quae
687 719 863 753 iuventuti
900 723 1162 762 proponuntur,

171 789 278 822 quare
299 786 372 808 non
398 780 448 807 est
467 770 751 815 intempestivum
765 797 775 810 ‚
801 781 881 803 cum
901 770 943 802 de
962 768 1091 802 nostris
1106 779 1162 801 ar-

171 827 267 862 tibus
283 825 353 859 dici
369 824 476 863 solet,
501 823 686 865 decerpere
701 820 835 865 aliquid
860 832 899 853 ex
924 818 1164 852 ecclesiasticis

171 877 346 917 materiis,
393 872 598 918 praesertim
628 883 707 905 cum
743 870 862 904 omnia
895 870 1010 903 studia
1043 875 1164 902 nostra

172 928 358 973 praecipue
374 925 525 958 debeant
547 935 587 956 eo
603 929 757 967 spectare
768 948 777 962 ‚
802 928 842 955 ut
858 932 923 954 nos
938 920 1165 960 instruamus,

171 986 212 1013 ut
234 976 410 1012 Ecclesiae
442 975 522 1008 usui
547 985 618 1007 esse
642 972 826 1017 possimus.
885 971 954 1004 Hic
976 971 1074 1011 finis,
1106 967 1164 1002 hic

174 1041 300 1073 scopus
329 1026 496 1061 omnibus
523 1024 626 1058 bonis
653 1023 830 1057 mentibus
860 1022 1060 1066 propositus
1093 1032 1164 1053 esse

174 1081 288 1114 debet.
342 1077 461 1120 Quare
476 1087 576 1120 spero
595 1086 659 1108 vos
673 1086 746 1107 non
762 1073 962 1117 improbare
974 1071 1040 1105 hoc
1057 1081 1165 1114 genus

174 1135 475 1174 argumentorum.
518 1126 732 1170 Quanquam
746 1131 862 1158 autem
879 1123 981 1156 video
997 1122 1164 1166 prolixio-

175 1193 248 1215 rem
275 1191 346 1213 esse
367 1177 558 1220 Augustini
579 1174 782 1213 historiam,
817 1186 922 1219 quam
942 1181 982 1207 ut
1000 1170 1057 1205 hic
1077 1171 1168 1205 reci-

175 1231 241 1266 tari
269 1237 341 1264 tota
363 1228 491 1273 possit,
517 1225 652 1260 etiamsi
668 1224 774 1258 velim
799 1237 874 1257 eam
890 1224 1023 1257 nudam
1041 1229 1075 1256 et
1092 1222 1167 1255 sine

174 1282 258 1316 ullis
274 1279 490 1315 ornamentis
508 1287 717 1321 proponere.
769 1273 905 1308 Verum
921 1274 958 1307 in
975 1270 1041 1306 hac
1057 1279 1168 1306 mate-

175 1333 228 1367 ria
245 1342 387 1377 quoquo
401 1329 508 1362 modo
526 1328 706 1360 elaborare
722 1326 821 1370 pium
846 1336 917 1358 esse
937 1326 1044 1358 duco:
1072 1323 1168 1368 quod

176 1384 205 1417 si
223 1394 285 1416 vos
303 1391 444 1426 quoque
460 1378 617 1418 sentitis,
643 1383 683 1410 ut
699 1376 873 1417 arbitror,
899 1381 979 1419 peto
998 1371 1087 1407 mihi
1109 1385 1169 1406 ve-

177 1434 272 1468 niam
296 1431 391 1469 dari,
424 1430 519 1475 quod
544 1427 713 1461 orationis
736 1438 861 1460 sonum
884 1438 923 1459 ac
944 1425 1167 1469 splendorem

178 1497 251 1519 non
277 1482 446 1521 adhibeo,
480 1491 584 1525 quem
614 1478 761 1512 varietas
784 1476 983 1520 argumenti
1006 1475 1170 1519 postulat.

177 1535 258 1570 Non
274 1534 388 1567 solum
413 1529 670 1576 pulcherrimae
694 1528 840 1561 virtutes
858 1527 944 1560 boni
960 1526 1122 1560 Doctoris
1136 1531 1171 1558 et

179 1582 423 1631 gubernatoris
446 1579 623 1614 Ecclesiae
646 1577 703 1612 hic
720 1578 969 1612 monstrandae
988 1583 1107 1617 erant,
1137 1582 1171 1609 et

180 1636 338 1671 oratione
356 1631 608 1671 illustrandae,
633 1630 694 1663 sed
711 1628 814 1662 etiam
831 1639 958 1671 magno
976 1633 1075 1660 motu
1092 1625 1171 1659 ani-

180 1687 230 1721 mi
248 1683 464 1729 deploranda
487 1679 664 1715 Ecclesiae
683 1679 880 1719 calamitas,
906 1679 1000 1723 quod
1020 1677 1082 1710 diu
1101 1677 1169 1709 iam

181 1749 245 1782 pro
271 1733 479 1778 Augustiuis
504 1737 651 1774 regnant
682 1729 884 1770 Pontifices,
926 1727 1106 1771 Caligulae
1138 1733 1172 1760 et

179 1788 356 1825 Nerones,
379 1791 411 1817 et
427 1783 575 1816 extincta
592 1780 699 1814 veteri
712 1780 871 1814 doctrina
883 1806 892 1819 ,
913 1791 951 1812 ac
966 1776 1172 1811 luceEvan—

181 1838 283 1881 gelii,
305 1834 503 1869 horrendae
521 1832 683 1866 tenebrae
700 1829 892 1863 Ecclesiam
913 1835 1172 1873 oppresserunt.

181 1887 350 1923 Doctrina
368 1886 409 1918 de
435 1884 500 1917 ftde
518 1889 549 1916 et
568 1894 647 1915 vcra
665 1880 887 1914 invocatione
905 1878 1038 1913 Christi
1059 1879 1172 1911 deleta

182 1947 252 1979 est,
286 1935 448 1970 idolatria
474 1933 656 1966 manifesta
681 1937 836 1975 recepta,
869 1937 900 1964 et
925 1930 960 1962 in
985 1927 1121 1963 scholas
1141 1935 1173 1962 et

183 1989 371 2024 conciones
387 1987 542 2019 invectae
558 1990 638 2016 sunt
655 1982 783 2026 impiae
807 1980 1047 2025 persuasiones
1062 1979 1174 2023 pluri-

183 2053 259 2074 mae
295 2046 328 2072 et
362 2035 611 2079 nugacissimae
644 2033 749 2065 rixae.
812 2031 888 2064 Hae
919 2031 1080 2076 querelae
1111 2031 1174 2063 ad-

185 2091 319 2125 dendae
337 2094 437 2121 eraut
451 2084 505 2119 his
521 2083 785 2117 narrationibus
796 2083 838 2115 de
849 2080 1060 2124 Augustino,
1085 2092 1174 2125 quae

185 2154 263 2175 cum
283 2146 424 2184 propter
450 2135 615 2179 temporis
631 2133 837 2167 brevitatem
863 2133 1078 2165 omittendae
1093 2131 1175 2170 sint,

187 2191 288 2225 initio
307 2188 476 2222 orationis
493 2186 647 2219 breviter
668 2183 836 2217 admonui
856 2183 1108 2221 adolescentes,
1136 2188 1175 2215 ut
1200 2199 1201 2211 κ

186 2255 264 2276 cuin
290 2240 433 2273 audient
457 2235 658 2275 historiam,
695 2234 760 2278 ipsi
780 2234 961 2267 conserant
977 2233 1174 2277 exemplum

186 2293 277 2337 apud
308 2302 380 2324 sese
412 2290 453 2321 ad
487 2288 553 2320 alia
581 2293 749 2330 tempora.
811 2282 929 2317 Audio
958 2291 1038 2317 ante
1063 2294 1175 2316 annos

186 2344 274 2377 duos
299 2348 329 2374 et
354 2339 478 2383 viginti
506 2336 660 2371 habitam
684 2347 756 2369 esse
773 2335 968 2368 orationem
994 2335 1037 2367 de
1053 2335 1176 2377 Augu-
1200 2330 1202 2338 ’

187 2394 298 2432 stim),
325 2404 342 2424 a
368 2390 559 2424 reverendo
584 2387 626 2422 D.
651 2385 802 2420 Doctore
829 2385 987 2419 Martino
1008 2383 1177 2424 Luthero,

188 2445 418 2477 instauratore
449 2439 602 2484 purioris
633 2437 814 2470 doctrinae
839 2434 1044 2477 Evangelii,
1077 2447 1176 2479 prae-

769 126 930 165 DECL.
960 123 1035 163 DE
1068 124 1213 161 VITA
1245 122 1586 162 AUGUSTINI.

2115 126 2188 163 448

1202 219 1315 247 ctores
1344 215 1552 255 propugnat.
1611 205 1702 243 Eam
1730 210 1927 246 orationem
1959 225 2033 247 non
2066 210 2192 248 dubito

1203 262 1420 306 complexam
1435 272 1507 294 esse
1525 267 1559 294 et
1575 257 1767 303 Augustini
1783 262 1901 297 laudes
1912 290 1922 305 ‚
1943 270 1976 298 et
1990 263 2192 298 universam

1204 312 1381 348 Ecclesiae
1399 322 1556 352 causam,
1583 323 1672 355 quae
1688 312 1717 344 si
1734 318 1884 353 extaret,
1908 313 1984 348 iure
2001 314 2194 359 vituperari

1205 375 1360 409 possem,
1385 362 1414 395 si
1426 362 1518 395 idem
1530 369 1775 405 argumentum
1790 369 1942 396 retexere
1957 376 2060 398 ausus
2075 376 2195 398 essem.

1207 415 1276 449 Sed
1300 413 1384 459 quia
1407 412 1646 451 desideratur,
1679 424 1780 457 spero
1813 424 1877 445 vos
1901 411 1990 447 mihi
2013 415 2197 460 aequiores

1207 466 1294 500 sore.
1345 461 1438 497 Amo
1454 463 1570 497 studia
1585 474 1761 497 sacrarum
1778 463 1960 497 literarum
1971 488 1980 502 ,
2007 471 2040 499 et
2057 473 2199 510 propter

1208 514 1293 548 haec
1315 511 1555 557 Augustinum
1580 514 1748 547 admiror.
1801 512 1920 556 Quare
1939 515 1982 547 de
2000 526 2040 548 eo
2058 515 2199 559 potissi-

1208 578 1305 599 mum
1324 565 1430 598 libuit
1447 564 1582 603 dicere,
1610 576 1689 598 cum
1706 565 1780 598 dies
1797 564 1829 597 ei
1849 564 1985 598 dicatus
2002 576 2058 598 me
2075 577 2200 609 nuper,

1209 623 1248 650 ut
1263 617 1307 649 de
1331 616 1405 648 eius
1428 616 1498 649 vita
1518 622 1551 649 et
1570 615 1821 648 certaminibus
1838 615 2027 658 cogitarem
2050 615 2200 660 diligen-

1211 667 1296 707 tius,
1324 666 1574 699 admonuisset.
1629 665 1743 699 Venio
1762 666 1869 709 igitur
1885 666 1928 699 ad
1946 663 2144 700 historiam.

1312 715 1423 749 Natus
1447 723 1498 750 est
1521 714 1741 759 Augustinus
1769 714 1917 750 honesto
1934 716 2012 750 loco
2029 716 2067 749 in
2083 715 2203 751 muni-

1212 766 1304 811 cipio
1328 765 1515 807 Africano,
1545 767 1641 811 quod
1665 768 1738 812 ipse
1760 766 1946 810 Tagastam
1972 773 2089 808 vocat;
2123 767 2203 812 opi-

1213 829 1280 850 nor
1303 823 1420 850 autem
1445 814 1658 850 Thebestam
1685 829 1704 851 a
1729 816 1932 851 Ptolemaeo
1960 817 2098 859 vocari,
2130 829 2204 852 non

1214 867 1337 912 procul
1362 867 1551 901 distantem
1581 879 1601 900 a
1627 866 1814 901 Madauro.
1875 867 2042 902 Parentes
2062 868 2205 903 fuerunt

1215 917 1388 952 Patricius
1404 924 1437 951 et
1453 916 1617 958 Monica,
1643 915 1865 952 Christianae
1881 919 2046 961 religioni
2063 918 2208 961 addicti,

1215 969 1278 1002 etsi
1295 975 1393 1013 pater
1408 980 1486 1001 sero
1500 968 1622 1002 matris
1638 969 1765 1013 pietate
1780 970 1824 1002 ad
1840 966 1973 1003 Christi
1989 969 2206 1013 agnitionem

1215 1025 1409 1064 pertractus
1436 1025 1504 1057 est,
1538 1019 1593 1052 vir
1612 1019 1746 1064 alioqui
1770 1019 1901 1062 gravis,
1933 1018 2100 1054 honestus
2120 1020 2206 1054 etin

1215 1069 1340 1115 primis
1362 1069 1517 1103 liberalis
1538 1069 1576 1102 in
1598 1069 1758 1103 fovendis
1778 1070 1842 1102 filii
1858 1070 2003 1110 studiis,
2027 1077 2067 1104 ut
2083 1069 2207 1114 Augu-

1216 1121 1329 1154 stinus
1354 1120 1426 1163 ipse
1451 1119 1640 1163 praedicat.
1694 1119 1822 1153 Matris
1842 1132 1923 1154 vero
1942 1132 2066 1164 magna
2098 1122 2207 1165 pietas

1217 1178 1250 1204 et
1274 1170 1445 1203 excellens
1472 1169 1510 1202 in
1535 1170 1632 1203 omni
1656 1176 1838 1203 matronae
1866 1171 1981 1204 officio
1998 1171 2110 1205 virtus
2130 1171 2211 1205 suit.

1217 1219 1357 1255 Omitto
1377 1217 1454 1261 hic,
1481 1232 1571 1265 quae
1588 1221 1631 1253 de
1649 1232 1730 1254 suae
1747 1221 1923 1265 puericiae
1943 1222 2101 1255 moribus
2119 1221 2210 1255 reci-

1217 1277 1267 1305 tat
1290 1271 1380 1315 ipse,
1407 1282 1495 1315 quae
1518 1277 1602 1304 sunt
1619 1271 1818 1304 communia
1835 1272 2002 1305 omnibus
2023 1273 2126 1306 etiam
2144 1273 2210 1306 bo-

1218 1322 1274 1355 nis
1299 1321 1470 1364 ingeniis,
1505 1321 1569 1354 etsi
1592 1322 1705 1355 voluit
1721 1319 1776 1354 his
1799 1322 1967 1366 exemplis
1986 1323 2210 1357 imbecillita-

1219 1379 1288 1406 tem
1311 1369 1457 1405 humani
1481 1371 1619 1414 generis
1645 1372 1851 1416 depingere3
1887 1373 1945 1405 sed
1978 1370 2125 1406 humani
2150 1384 2210 1416 ge-

1220 1422 1315 1456 neris
1331 1422 1510 1465 corruptio
1528 1419 1632 1455 habet
1647 1423 1735 1456 alios
1750 1423 1900 1456 maiores
1917 1424 2076 1465 morbos,
2103 1435 2211 1469 quam

1220 1474 1270 1506 ibi
1289 1479 1525 1508 recensentur.
1576 1472 1700 1507 Dicam
1724 1473 1850 1517 igitur,
1874 1480 1913 1507 ut
1931 1474 2047 1518 coepi,
2075 1475 2118 1508 de
2137 1475 2211 1508 eius

1221 1524 1360 1558 studiis.

1319 1573 1511 1618 Postquam
1530 1573 1627 1606 domi
1645 1573 1800 1617 percepit
1817 1572 2100 1617 Grammaticen,
2127 1577 2213 1610 mis-

1221 1636 1279 1658 sus
1296 1631 1346 1657 est
1359 1624 1403 1656 ad
1423 1621 1633 1657 Rhetorices
1652 1624 1864 1666 professores
1884 1625 1920 1658 in
1939 1627 2110 1670 oppidum
2130 1626 2212 1660 Ma-

1221 1676 1391 1713 daurum,
1425 1675 1520 1718 quod
1547 1686 1565 1707 a
1592 1672 1768 1707 Thebesta
1793 1674 1894 1708 distat
1924 1677 2121 1710 miliaribus
2146 1689 2213 1711 no-

1222 1718 1301 1759 stris
1324 1725 1453 1768 opinor
1478 1732 1619 1768 septem.
1679 1723 1871 1768 Praecipua
1898 1732 1981 1759 tunc
2012 1727 2047 1760 in
2082 1725 2213 1762 scholis

1223 1788 1305 1809 cura
1334 1782 1407 1808 erat
1431 1776 1651 1808 adsuefacere
1683 1775 1921 1809 adolescentes
1944 1778 1985 1810 ad
2013 1778 2214 1812 declaman-

1223 1828 1308 1859 dum
1336 1833 1368 1858 et
1391 1826 1433 1858 ad
1459 1825 1728 1869 extemporalem
1754 1826 1966 1861 facundiam.
2022 1827 2062 1861 ln
2085 1841 2125 1862 eo
2155 1841 2214 1873 ge-

1223 1889 1306 1910 nere
1332 1888 1411 1909 cum
1439 1876 1647 1920 aliquandiu
1672 1876 1878 1910 exercitatus
1904 1884 1990 1911 esset
2018 1886 2052 1912 et
2079 1879 2215 1914 foelici-

1224 1935 1277 1961 ter
1303 1927 1552 1970 promovisset,
1594 1925 1844 1969 Carthaginem
1874 1928 2046 1970 mittitur,
2080 1942 2169 1975 quae
2195 1942 2215 1964 a

1225 1978 1400 2012 Bladauro
1418 1978 1512 2011 abest
1530 1977 1667 2010 circiter
1685 1978 1802 2009 decent
1821 1985 1937 2011 nostra
1956 1979 2118 2015 miliaria.
2163 1980 2218 2015 lbi

1226 2041 1304 2062 cum
1331 2036 1364 2061 et
1388 2028 1608 2072 eloquentiae
1626 2034 1659 2061 et
1681 2025 1931 2071 Philosophiae
1952 2042 2092 2073 operam
2110 2031 2219 2074 daret,

1226 2091 1391 2122 magnae,
1417 2079 1623 2122 opulentae,
1647 2085 1679 2111 et
1696 2079 1832 2111 ociosae
1847 2080 1944 2112 urbis
1963 2080 2152 2123 illecebris,
2178 2095 2217 2118 ac

1228 2130 1366 2163 licentia
1394 2136 1531 2164 narrat.
1567 2136 1598 2162 et
1621 2140 1702 2162 suos
1723 2141 1836 2161 mores
1859 2138 2042 2174 corruptos
2060 2144 2150 2170 esse,
2178 2146 2218 2168 ac

1228 2181 1437 2213 nominatim
1463 2180 1623 2224 queritur
1645 2179 1711 2212 sibi
1744 2181 1938 2223 spectacula
1968 2189 2000 2215 et
2028 2195 2133 2227 prava
2160 2195 2218 2218 so-

1228 2231 1354 2264 dalicia
1371 2232 1547 2269 nocuisse,
1575 2242 1661 2275 quae
1680 2237 1758 2263 suut
1778 2242 1981 2265 communes
2001 2235 2220 2278 corruptelae

1229 2282 1435 2315 iuventutis:
1466 2282 1623 2314 nondum
1643 2281 1737 2313 enim
1759 2281 1932 2325 baptismo
1960 2283 2118 2318 initiatus
2133 2293 2219 2328 erat,

1229 2333 1290 2365 etsi
1307 2331 1545 2366 Christianam
1571 2331 1776 2373 religionem
1803 2333 1982 2377 amplexus
1996 2341 2080 2369 erat.
2135 2335 2219 2371 Fuit

1200 2393 1203 2421 ξ
1229 2383 1321 2416 enim
1344 2383 1470 2417 vitiosa
1501 2383 1718 2415 consuetudo
1750 2383 1811 2421 iis,
1845 2384 1906 2429 qui
1932 2385 2077 2420 liberius
2099 2387 2218 2421 vivere

1229 2435 1435 2478 cupiebant,
1477 2433 1619 2466 differre.
1652 2433 1865 2477 baptismum
1897 2447 2006 2481 usque
2040 2437 2083 2470 ad
2118 2449 2219 2471 sene-

187 2501 325 2538 ceptore
343 2498 461 2525 nostro
474 2501 606 2523 summa
626 2489 752 2532 pietate
769 2494 799 2520 et
816 2487 1037 2520 observantia
1058 2487 1176 2519 colen-
1201 2503 1203 2544 Ι
1229 2492 1339 2523 ctam,
1374 2493 1411 2518 ut
1438 2491 1555 2528 postea
1581 2484 1686 2517 semel
1721 2485 1850 2518 deleret
1880 2485 2073 2530 baptismus
2096 2500 2220 2523 omnes

188 2546 252 2583 do,
281 2545 315 2576 in
337 2555 403 2585 qua
427 2539 608 2574 historiam
634 2537 823 2579 Augustini
850 2538 999 2571 contulit
1018 2538 1058 2570 ad
1081 2537 1177 2570 Psal-
1202 2574 1203 2579 ¹
1230 2536 1363 2579 priores
1379 2536 1505 2582 lapsus.

1561 2535 1775 2580 Quanquam
1803 2542 1917 2569 autem
1939 2535 2105 2571 nonnihil
2125 2539 2220 2574 laxa-

189 2607 302 2630 mum:
338 2592 466 2626 Beatus
482 2592 535 2623 vir
560 2590 618 2634 qui
638 2602 709 2621 non
729 2589 813 2622 abiit
834 2589 868 2621 in
888 2589 1035 2621 consilio
1052 2588 1178 2632 impio-
1202 2583 1205 2632 ἱ
1229 2587 1277 2619 vit
1296 2588 1433 2620 frenum
1451 2586 1720 2629 cupiditatibus.
1747 2592 1862 2619 tamen
1886 2599 2000 2620 mores
2025 2597 2124 2624 erant
2143 2591 2220 2635 pla-

189 2659 266 2680 rum
285 2652 346 2678 etc.

404 2642 441 2675 lu
467 2654 535 2685 quo
553 2640 690 2672 Psalmo
710 2639 788 2683 pius
809 2637 938 2672 Ductor
955 2639 1179 2678 describitur,
1204 2638 1205 2680 ἢ
1230 2637 1317 2676 ridi,
1344 2645 1377 2671 et
1393 2649 1464 2670 non
1482 2637 1682 2681 pugnabant
1698 2648 1776 2669 cum
1798 2636 1932 2678 legibus
1958 2639 2130 2681 civitatis,
2156 2653 2220 2675 nee

189 2698 249 2742 qui
277 2706 375 2729 verae
391 2691 567 2727 Ecclesiae
592 2691 799 2724 sententiam
825 2698 946 2723 contra
964 2690 1089 2734 impios
1106 2687 1180 2723 Do—
1203 2712 1207 2733 ,
1230 2700 1373 2732 prorsus
1399 2689 1571 2722 abductus
1593 2694 1643 2722 est
1666 2687 1803 2720 animus
1828 2699 1847 2721 a
1872 2689 2008 2725 studiis.
2063 2689 2114 2725 lbi
2142 2703 2220 2726 cum

2322 134 2324 140 r
2321 0 2332 124 -„-.--.=
