2338 2958
157 140 231 177 627

161 239 234 261 cem

162 278 212 312 ris
239 252 406 315 immani,
440 273 534 305 unde
564 269 748 304 horribilis
773 268 934 302 confusio
957 267 1068 308 vitae,
1101 273 1155 301 tot

164 327 319 373 gentium
336 333 437 369 atque
455 322 646 366 impiorum
668 321 877 361 eversiones,
904 325 937 353 et
952 319 1014 363 qui
1032 325 1155 363 portus

165 379 340 414 Ecclesiae
366 376 409 407 sit
438 374 531 406 iuter
555 379 652 406 tanta
679 371 846 416 pericula.
905 368 1066 415 Cumque
1088 367 1154 403 hu-

166 442 268 463 mana
285 425 467 469 diligentia
488 423 621 458 servari
639 421 796 457 Ecclesia
820 434 894 456 non
917 421 1045 466 possit,
1079 432 1158 454 ore-

167 491 244 513 mus
261 477 377 511 Deum
394 475 486 508 veris
509 474 709 508 animorum
735 474 909 512 motibus,
945 478 985 506 ut.
1006 483 1068 505 sua
1090 471 1158 504 im-

169 540 288 564 mensa
306 527 461 562 bonitate
479 532 624 570 propter
645 525 757 558 filium
779 531 892 558 servet
909 521 1086 557 Ecclesiae
1104 533 1160 555 re-

169 580 315 626 liquias,
344 585 377 611 et
399 579 460 611 det
483 577 531 610 eis
556 576 749 621 tranquilla
774 573 949 619 hospicia,
976 574 1013 606 in
1032 572 1162 618 aliqui-

168 633 234 666 bus
255 629 422 674 imperiis‚
449 628 613 661 defendat
628 633 662 661 et
678 627 773 660 iuvet
789 626 915 666 studia,
943 625 1072 670 quibus
1089 625 1162 667 ipse.

170 694 251 715 vere
270 681 478 718 celebratur,
497 691 562 712 nec
579 679 671 711 sinat
689 676 846 720 extingui
865 676 1030 710 noticiam
1041 673 1163 708 Evan-

171 733 253 777 gelii
269 732 322 766 sui
340 732 432 764 inter
449 728 622 770 homines,
649 740 712 761 nec
729 728 822 761 sinat
840 734 953 761 totum
970 737 1080 770 genus
1096 723 1165 758 hu-

170 796 315 817 manum
334 794 434 815 ruere
451 782 486 813 iu
506 787 688 813 aeternum
707 779 865 812 exitium.

276 833 366 876 Quis
386 839 436 865 est
453 838 523 864 tam
541 831 653 864 ferreo
681 836 836 874 pectore,
862 834 922 862 aut
941 834 1038 862 tanta
1062 833 1167 859 natu-

173 898 231 919 rae
265 883 501 923 immanitate,
535 888 574 914 ut
603 881 776 925 cogitans,
818 886 950 925 quanta
978 877 1165 912 hominum

173 935 364 969 multitudo
392 933 576 966 manifesto
598 933 720 966 furore
746 937 949 964 contemnat
971 929 1107 969 Deum,
1136 934 1170 960 et

174 987 240 1021 sibi
259 993 440 1020 aeternum
458 984 603 1017 exitium
621 989 789 1022 accersat,
817 993 889 1014 non
912 980 1073 1025 deploret
1099 977 1167 1012 hu—

176 1049 314 1071 manam
347 1035 549 1069 miseriam?
600 1033 695 1077 Ergo
727 1045 771 1066 ne
803 1039 875 1066 tota
904 1038 1029 1072 natura
1054 1028 1169 1064 homi-

175 1101 260 1122 num
277 1099 420 1132 prorsus
439 1092 573 1131 pereat,
602 1084 740 1129 excerpi
764 1083 952 1129 reliquias,
978 1094 1016 1115 ac
1037 1080 1170 1115 servari

175 1151 327 1174 oremus,

278 1189 417 1223 Deinde
442 1189 485 1221 de
503 1199 575 1220 sese
595 1187 744 1232 quisque
763 1185 912 1228 cogitet,
940 1183 1096 1227 exempla
1119 1181 1173 1214 vi-

178 1243 257 1275 deat
277 1240 438 1274 omnium
456 1245 610 1272 actatum
628 1244 662 1271 et
677 1237 895 1276 consideret,
923 1245 1074 1279 quorum
1093 1245 1173 1266 cur-

178 1305 235 1326 sus
254 1290 416 1324 salutaris
438 1289 558 1331 generi
579 1286 736 1321 humano
760 1286 884 1327 suerit,
911 1292 944 1319 et
966 1283 1095 1318 horum
1119 1295 1174 1316 se-

179 1349 307 1388 quatur
326 1341 481 1383 vestigia.
523 1337 678 1373 Econtra
696 1349 778 1371 vero
797 1343 935 1377 caveat,
966 1347 1011 1369 ne
1029 1334 1174 1368 abiicia—

180 1402 236 1427 tur
255 1394 346 1426 iuter
365 1399 475 1435 pestes
491 1390 628 1434 generis
643 1387 790 1422 humani
803 1415 812 1428 ,
839 1388 959 1432 quales
977 1386 1081 1419 multi
1098 1386 1174 1418 sue-

180 1451 282 1485 runt,
309 1452 347 1477 ut
368 1442 478 1482 Cain,
505 1440 663 1481 Pharao,
692 1439 815 1480 Iudas,
842 1437 1026 1478 Marcion,
1054 1435 1176 1470 Mani-

181 1494 308 1530 cbaeus
324 1504 357 1528 ct
372 1494 444 1527 alii.

284 1545 389 1589 Quod
410 1546 445 1577 in
463 1556 565 1577 scena
581 1543 714 1576 dictum
732 1547 798 1574 est:
825 1540 941 1574 Vitam
959 1539 1047 1581 regit
1062 1539 1176 1571 sortu-

182 1610 246 1637 na,
275 1609 348 1630 uon
365 1596 554 1640 sapientia,
581 1593 790 1637 explodatur
806 1603 847 1624 ex
864 1590 1036 1624 Ecclesia.
1086 1589 1176 1632 Regi

183 1650 290 1683 vitam
316 1647 486 1691 sapientia
505 1657 576 1678 non
594 1642 770 1683 humana,
797 1643 855 1674 sed
873 1641 994 1673 divina
1015 1639 1176 1677 sciamus,

184 1712 270 1745 quae
289 1700 376 1732 duas
399 1709 452 1730 res
470 1695 726 1740 complectitur.
780 1691 881 1726 lubet
897 1699 929 1726 te
947 1691 1009 1725 Dei
1030 1691 1177 1723 manda-

186 1753 229 1784 tis
248 1762 384 1790 parere,
415 1756 447 1781 et
464 1748 507 1780 ab
535 1747 609 1790 ipso
632 1744 924 1787 gubernationem
950 1748 1077 1786 petere.
1131 1739 1178 1775 Ut

186 1802 343 1835 l's‘ilmus
368 1794 498 1844 iuquit:
532 1796 704 1831 Subditus
727 1801 799 1827 esto
824 1793 917 1833 Deo,
953 1799 985 1826 et
1008 1804 1105 1836 spera
1134 1792 1178 1824 ab

186 1854 260 1897 ipso
279 1851 459 1885 auxilium.
503 1847 604 1881 Hanc
623 1845 842 1891 sapientiam,
869 1845 895 1877 si
915 1845 1038 1877 (lucem
1056 1854 1179 1887 seque—

186 1916 282 1943 mur,
311 1909 413 1935 eruut
433 1900 568 1933 foelicia
585 1895 846 1940 πολιτεύματα.

288 1955 404 1997 Quam
432 1952 556 1993 longus
576 1956 625 1983 est
643 1949 820 1991 catalogus
844 1958 986 1985 eorum,
1014 1944 1074 1989 qui
1100 1944 1179 1977 frcti

188 2018 247 2039 sua
264 2003 453 2048 sapientia,
478 2002 634 2044 neglecto
653 1998 746 2039 Deo,
776 2005 806 2032 et
831 2009 865 2030 se
889 2003 922 2030 et
949 1995 1180 2039 Respublicas

190 2062 401 2089 everterunt.
455 2053 532 2086 Nou
554 2052 667 2084 dicam
689 2052 731 2082 ‹le
749 2049 936 2084 veteribus.
964 2048 1006 2079 (le
1023 2043 1181 2079 Pharao-

191 2120 253 2146 ne,
282 2109 323 2138 de
345 2103 487 2141 Achab,
516 2105 558 2136 ‹le
582 2099 770 2139 Sedecliia,
799 2101 840 2132 (le
860 2097 1059 2137 Alcibiade,
1083 2103 1114 2129 et
1134 2096 1181 2129 si-

191 2159 345 2191 milibus.
384 2156 508 2188 Nostra
526 2162 683 2197 tempora
701 2153 830 2191 videte,
855 2149 1064 2182 meministis
1081 2159 1181 2180 exor-

192 2210 248 2241 dia
275 2208 445 2241 tumultus
467 2203 773 2242 Mouasteriensis,
800 2214 878 2234 cum
904 2198 1065 2233 homiues
1084 2200 1182 2232 saua-

193 2260 251 2293 tici
271 2261 435 2291 audacter
451 2257 552 2289 salsas
569 2255 756 2300 opiniones
773 2259 938 2290 sererent,
965 2259 996 2284 et
1014 2249 1182 2294 paulatim

194 2312 291 2344 furor
307 2315 491 2347 cresceret,
515 2315 552 2341 ut
570 2306 720 2339 :tinentia
741 2310 980 2347 contemptum
1000 2302 1066 2335 Dei
1085 2301 1181 2346 sequi

194 2362 298 2398 solet„
326 2361 435 2393 exitus
457 2371 560 2403 quam
580 2357 699 2398 tragici
719 2363 750 2389 et
770 2353 938 2387 horrendi
956 2353 1123 2386 suerunt?

298 2412 365 2444 Noc
389 2418 524 2443 tantum
552 2407 617 2442 linc
641 2407 898 2452 deplorandum
925 2411 992 2441 est,
1020 2405 1112 2448 quod
1134 2410 1183 2436 tot
1208 2410 1225 2445 l,

196 2462 356 2496 homin-*³
384 2461 497 2492 mim-i
518 2461 568 2492 wl
597 2461 703 2496 sanie,
731 2459 782 2489 vel
803 2458 913 2491 serm,
944 2455 995 2486 xvl
1016 2455 1094 2487 aliis
1114 2455 1182 2486 cla·
1208 2459 1211 2489 ξ

581 2512 648 2542 snt
682 2510 793 2541 multu
819 2507 952 2541 tristius
982 2513 1050 2545 est,
1089 2506 1181 2551 quod
1209 2499 1211 2525 i

195 2515 267 2546 ‹liln
287 2527 299 2543 s
334 2512 521 2555 perierunt.

198 2564 287 2598 Deus
311 2563 520 2595 ‹nutum-dia
547 2563 699 2593 adn-ruis
719 2567 788 2598 est,
820 2560 912 2603 quod
941 2558 1067 2590 multos
1087 2568 1185 2589 error

1092 2658 1184 2691 llaec

199 2718 388 2753 mutand..
411 2718 607 2748 iutueamur
623 2714 806 2751 auitnis,ut
827 2710 1184 2757 quaeramussapien-

199 2665 518 2708 tii==¹1.;“1111.10·=,;it,
548 2671 592 2695 tot
616 2663 750 2694 miss-ms
768 2674 784 2694 a
808 2661 879 2694 Deo
896 2659 1037 2692 avulsis.

743 130 903 169 DECL.
933 127 1008 166 DE
1041 127 1239 165 PAULO
1275 127 1610 167 APOSTOLO.

2119 126 2197 163 628

280 235 368 271 quos
386 221 518 257 hostes:
546 220 642 253 unde
666 218 711 252 sit
735 215 821 251 haec
843 216 1030 250 iufirmitas
1047 227 1152 260 gene·
1175 216 1179 234 ¹
1202 216 1302 257 tiam,
1323 226 1412 261 quae
1430 221 1565 249 mentes
1580 215 1627 249 ita
1643 220 1752 258 regat,
1768 227 1813 249 ne
1830 216 1869 250 in
1885 215 1973 250 tales
1989 224 2090 249 casus
2105 213 2199 248 caeci

1204 266 1488 313 praecipitemur.

1305 316 1459 351 Econtra
1484 316 1639 350 conferte
1658 314 1825 350 leremiae
1848 316 2027 360 politiam,
2053 315 2200 362 quaein

1207 368 1356 413 speciem
1379 368 1506 401 misera
1531 373 1600 408 est,
1631 379 1710 401 cum
1734 366 1779 400 sit
1801 364 1964 400 salutaris
1987 368 2138 413 populo,
2168 372 2203 400 et

1208 432 1289 453 vere
1315 419 1485 463 gloriosa,
1518 430 1630 452 annos
1656 418 1808 462 amplius
1831 418 2082 462 quadraginta,
2115 429 2202 452 con-

1210 472 1372 504 cionatur
1388 471 1430 503 de
1444 469 1579 502 excidio
1597 469 1761 508 civitatis,
1788 469 1832 501 de
1847 468 2076 512 dissipatione
2088 468 2202 513 gentis

1211 530 1243 557 et
1260 521 1376 556 reditu
1392 520 1622 565 reliquiarum
1633 547 1643 562 ,
1669 521 1772 554 toties
1787 519 1953 553 abiicitur
1967 519 2006 552 in
2020 531 2206 560 carcerem,

1211 585 1313 618 saepe
1348 572 1486 616 rapitur
1516 572 1560 604 ad
1592 570 1784 615 supplicia,
1817 571 1960 604 tandem
1986 570 2207 611 interficitur,

1213 625 1268 658 vel
1287 636 1304 657 a
1320 623 1409 663 suis,
1437 623 1493 655 vel
1515 635 1533 655 a
1551 622 1802 666 superbissimo
1829 632 1908 665 rege
1928 619 2123 664 Aphricae,
2149 619 2207 654 cui

1214 675 1319 709 etiam
1336 674 1544 708 vaticinatus
1568 680 1641 706 erat
1658 673 1815 708 exitium.
1868 671 1917 706 At
1934 669 1991 705 hic
2004 681 2208 718 quanquam

1215 732 1394 759 exercetur
1425 725 1560 768 magnis
1594 723 1870 765 calamitatibus,
1905 729 2024 756 tamen
2051 728 2210 756 servator

1216 783 1267 810 est
1285 787 1367 808 suae
1382 774 1486 819 Reip.
1540 774 1630 808 Nam
1650 772 1757 808 huius
1776 774 1925 808 consilio
1950 773 2016 807 flos
2031 771 2209 807 Ecclesiae

1222 826 1378 860 leconias
1398 833 1431 859 et
1454 826 1589 871 aliquot
1607 825 1720 863 millia
1735 826 1864 859 civium
1886 825 2103 858 deditionem
2119 824 2212 857 fece·

1219 885 1314 913 runt.
1383 875 1459 910 Hae
1492 877 1663 921 reliquiae
1696 877 1840 910 fuerunt
1875 875 2084 917 seminaria,
2122 884 2213 920 quae

1221 930 1463 963 instaurarunt
1488 934 1605 972 postea
1626 926 1753 971 Remp.
1804 926 1908 960 Nunc
1932 927 2061 971 cogites
2093 925 2214 960 animo

1220 991 1371 1026 quorum
1396 978 1592 1012 similitudo
1618 978 1727 1021 magis
1746 978 1900 1022 optanda
1923 977 1988 1018 sit,
2019 976 2212 1012 Samuelis-

1222 1043 1285 1071 ne,
1310 1029 1454 1070 Esaiae,
1482 1029 1668 1070 Ieremiae‚
1694 1028 1818 1069 Pauli,
1843 1040 1888 1061 an
1905 1040 1988 1062 vero
2007 1026 2215 1067 Alcibiadis,

1221 1079 1388 1126 Caiphae,
1409 1079 1526 1121 Iudae,
1545 1079 1750 1120 Marcionis,
1778 1078 1894 1114 Rullii
1911 1077 2214 1113 Monasteriensis.

1324 1131 1420 1165 Haec
1436 1131 1465 1164 si
1479 1143 1580 1175 saepe
1596 1132 1860 1164 considerarent
1877 1131 2032 1168 iuvenes,
2058 1129 2215 1174 profecto

1223 1190 1337 1217 essent
1367 1183 1614 1222 modestiores,
1645 1188 1678 1215 et
1701 1194 1780 1215 cum
1809 1181 2004 1215 doctrinam
2026 1181 2215 1215 salutarem

1223 1234 1362 1267 avidius
1384 1239 1604 1277 expeterent,
1626 1239 1700 1265 tum
1719 1244 1802 1265 vero
1828 1232 1932 1265 etiam
1956 1243 1974 1265 a
1992 1231 2066 1266 Deo
2088 1231 2218 1275 guber-

1225 1285 1405 1318 nationem
1429 1283 1659 1328 postularent.
1714 1282 1762 1316 L't
1784 1294 1863 1316 oras
1886 1284 2017 1316 servari
2040 1281 2218 1316 Ecclesiae

1225 1335 1412 1381 reliquias,
1446 1334 1494 1368 ita
1522 1334 1648 1378 petito,
1683 1340 1721 1367 ut
1745 1340 1778 1366 te
1803 1333 1933 1377 deligat
1962 1333 2055 1367 inter
2087 1343 2218 1375 organa

1226 1387 1327 1420 utilia
1343 1386 1460 1429 generi
1478 1383 1647 1425 humano,
1665 1396 1728 1417 nec
1744 1390 1777 1417 te
1793 1385 1934 1418 abiiciat
1953 1385 2046 1418 inter
2061 1381 2222 1418 ἀλάστο-

1226 1450 1304 1484 ρας,
1333 1443 1366 1470 et
1382 1443 1419 1470 ut
1436 1435 1568 1469 Paulus
1582 1443 1681 1469 vocat
1700 1436 1794 1468 inter
1808 1447 1888 1468 vasa
1906 1435 1987 1468 irae.
2023 1434 2105 1468 Non
2124 1433 2219 1468 enim

1228 1489 1304 1522 vult
1329 1488 1446 1521 deesse
1464 1485 1640 1520 Ecclesiae
1665 1498 1746 1520 suae
1766 1485 1872 1519 Deus.
1927 1485 1995 1520 Sed
2018 1484 2221 1530 petentibus

1227 1539 1330 1573 toties
1347 1538 1539 1571 clarissime
1563 1538 1723 1571 adfirmat
1743 1549 1779 1571 se
1796 1537 2052 1582 opitulaturum
2070 1547 2160 1577 esse,
2187 1541 2222 1569 et

1229 1590 1457 1623 iureiurando
1475 1588 1657 1622 confirmat
1671 1600 1751 1621 suas
1776 1588 2035 1632 promissiones.
2088 1586 2162 1621 Cur
2176 1586 2220 1620 ad

1229 1653 1307 1674 eum
1334 1652 1408 1672 non
1428 1639 1662 1677 accurrimus,
1690 1639 1751 1683 qui
1776 1639 1880 1672 etiam
1903 1639 2134 1672 iureiurando
2156 1647 2223 1670 nos

1229 1690 1380 1724 invitat?
1433 1690 1488 1723 Sit
1504 1690 1690 1723 mediocris
1708 1689 1889 1732 diligentia
1911 1689 1948 1722 in
1966 1689 2129 1733 regendis
2145 1699 2222 1721 mo-

1230 1743 1328 1775 ribus
1355 1748 1388 1775 et
1413 1740 1449 1773 in
1476 1740 1623 1781 studiis,
1650 1747 1683 1773 et
1699 1741 1911 1774 accendatur
1934 1741 2073 1774 animus
2096 1741 2139 1773 ad
2166 1740 2224 1773 in·-

1230 1792 1462 1826 vocationem.
1501 1790 1596 1824 llaec
1612 1791 1767 1835 profecto
1787 1804 1859 1824 non
1876 1799 1979 1826 erunt
1995 1791 2126 1826 inania.
2164 1789 2224 1825 Sic

1231 1843 1325 1876 enim
1343 1842 1474 1876 Paulus
1496 1842 1676 1882 adfirmat,
1703 1841 1798 1876 Deus
1815 1848 1883 1880 est,
1912 1842 1973 1888 qui
1996 1849 2029 1876 et
2051 1849 2089 1876 ut
2108 1841 2224 1876 velitis

1232 1894 1353 1932 efficit,
1378 1900 1410 1927 et
1429 1894 1488 1926 slat
1505 1904 1695 1926 successus.

1332 1944 1453 1978 Sciant
1471 1944 1518 1987 pii
1536 1956 1570 1976 se
1587 1956 1605 1976 a
1620 1942 1694 1977 Deo
1711 1944 1878 1977 excitatos
1895 1955 1977 1985 esse,
2004 1951 2042 1978 ut
2057 1943 2224 1978 salutaria

1233 1996 1388 2034 discant,
1422 2002 1460 2028 ut
1483 1996 1525 2027 ad
1554 1992 1730 2028 Ecclesiae
1759 1995 2050 2039 gubernationem
2077 2007 2224 2040 praepa-

1234 2054 1366 2080 rentur.
1421 2045 1468 2078 Ili
1498 2052 1642 2079 conatus
1673 2058 1743 2078 non
1771 2054 1874 2080 erunt
1904 2046 2013 2084 irriti.
2052 2047 2158 2079 modo
2186 2052 2226 2079 ut

1234 2110 1374 2131 cursum
1392 2104 1492 2131 tuum
1513 2108 1649 2139 urgeas,
1677 2109 1739 2129 uec
1755 2097 1898 2130 abiicias
1917 2095 2079 2131 inclinata
2097 2097 2224 2131 studia.

1236 2147 1309 2182 Alii
1333 2148 1574 2192 voluptatibus
1599 2147 1834 2190 langueliuut,
1861 2148 1920 2181 alii
1945 2148 2226 2191 desperationem

1237 2199 1485 2244 praemiorum,
1513 2199 1572 2231 alii
1591 2198 1669 2231 aliis
1686 2199 1850 2242 periculis
1867 2202 2100 2240 deterrentur,
2121 2206 2160 2234 ut
2177 2206 2228 2234 est

1235 2262 1358 2293 inagna
1387 2248 1560 2283 humanae
1585 2256 1730 2282 naturae
1758 2250 1960 2288 iufirmitas,
1996 2263 2039 2283 ne
2065 2250 2226 2284 doctrina

1236 2314 1270 2334 se
1295 2302 1489 2339 insu-naut„
1523 2313 1590 2346 qua
1613 2312 1702 2344 opus
1731 2308 1778 2334 est
1806 2299 1958 2345 Reipub.
1982 2314 2070 2334 neve
2094 2307 2227 2346 partem

1237 2353 1367 2397 publici
1386 2352 1515 2385 laboris
1534 2358 1702 2394 expetant.
1755 2351 1889 2385 Multos
1907 2353 2011 2386 etiam
2028 2360 2226 2396 temporum

1237 2404 1397 2436 miseriae
1416 2403 1482 2435 iam
1501 2404 1676 2443 frangunt,
1703 2416 1782 2435 eum
1800 2402 1949 2436 'l‘urcica
1967 2411 2076 2437 castra
2093 2409 2174 2437 sunt
2190 2403 2227 2436 in

1237 2461 1434 2498 conspectu.
1499 2453 1588 2496 Quis
1618 2454 1703 2490 erit,
1739 2454 1923 2499 inquiunt,
1960 2455 2139 2488 literarum
2168 2462 2227 2488 aut

1238 2506 1418 2538 doctrinae
1442 2517 1541 2541 usus,
1569 2504 1596 2536 si
1625 2505 1706 2538 llaec
1732 2505 1849 2538 onmia
1868 2506 2099 2538 vastabuntur
2120 2505 2228 2538 armis

1209 2583 1211 2608 Ι
1237 2556 1422 2589 'turcii-is?
1456 2553 1674 2588 (lolium-sco
1693 2557 1858 2593 audiens.
1886 2563 1943 2589 aut
1963 2556 2117 2597 rogitans
2143 2554 2228 2591 llaec

199 2618 231 2648 iu
253 2625 431 2648 ao'vruulu
451 2613 592 2644 mitium
615 2611 871 2654 przieeipilaxit,
899 2610 991 2653 quod
1021 2608 1184 2641 diabolus
1210 2615 1211 2621 ¹

1237 2606 1426 2651 ‹le-msthucr.
1481 2607 1548 2641 Sed
1585 2607 1708 2650 optimi
1739 2607 1990 2644 adolescentes,
2027 2607 2229 2650 ingentibus

1210 2683 1213 2706 {
1237 2659 1363 2691 animis
1390 2671 1641 2701 repugnemus.
1675 2671 1753 2691 runt
1780 2658 1922 2691 caeteris
1952 2659 2228 2696 difficultatibus,

1239 2717 1310 2742 tutu
1330 2711 1432 2742 etiam
1451 2707 1504 2742 liis
1524 2709 1728 2744 terroribus.
1781 2706 1832 2742 Eo
1851 2709 1960 2751 magis
1978 2710 2139 2744 colantur
2155 2717 2229 2745 stu-
