2338 2958
97 121 173 159 3⁸9
669 116 826 154 DECL.
861 99 935 154 151⁴:
969 113 1242 154 ExcoMio
1278 115 1586 153 FRANCIAE.

100 263 201 296 runt,
239 266 424 299 nunquam
459 267 555 288 arina
583 256 808 295 abiecerunt,
848 264 966 291 tantus
993 267 1092 288 amor

98 306 230 352 patriae
262 305 348 346 suit,
385 311 519 339 tantum
551 307 729 341 servitutis
752 307 885 342 odium.
947 306 1090 349 Quanta

99 217 182 240 men
199 203 328 241 Franci
349 202 452 237 etiam
471 203 574 245 victi,
603 204 723 248 iugum
744 217 926 251 nunquam
952 215 1092 249 accepe-
1115 207 1120 269 Ι

2065 121 2140 155 390

1145 201 1250 235 laude
1269 203 1444 242 contenti,
1469 211 1500 238 et
1517 204 1560 238 de
1574 203 1709 249 generis
1724 204 1859 248 origine
1874 205 2052 251 disputare
2068 207 2134 241 ali-

1145 254 1286 297 quando
1304 253 1514 288 desinamus.

1245 301 1425 347 Occupata
1451 304 1567 339 Gallia
1605 306 1726 339 foedus
1760 319 1838 339 curn
1869 306 2042 341 Romanis
2069 310 2134 342 sub

97 357 204 401 igitur
220 355 334 389 virtus
357 356 394 388 in
419 357 614 390 maioribus
629 358 760 391 nostris
783 358 909 397 fuerit,
937 357 1019 390 inde
1039 358 1091 390 sa„
1112 327 1118 383 i
1144 351 1340 388 Iustiniano
1366 356 1542 396 fecerunt,
1576 369 1682 401 quare
1703 369 1775 390 non
1790 358 1904 391 'modo
1931 358 2015 391 belli
2047 360 2133 399 iure,

96 408 162 441 cile
177 406 354 440 aestimari
369 414 493 451 potest,
521 410 614 453 quod
634 415 673 442 ut
688 408 842 443 Romani
863 409 994 441 bellum
1010 420 1089 441 cum

95 455 435 502 Carthaginensibus
453 460 496 491 de
513 459 661 503 imperio
680 460 772 492 varia
788 460 928 492 fortuna
940 486 949 499 ,
977 470 1089 491 annos

96 509 235 543 circiter
268 509 520 554 quadraginta,
555 511 612 543 sed
646 522 708 554 per
739 510 944 549 intervalla,
975 521 1087 552 gesse-

95 566 199 600 runt,
226 559 272 592 ita
301 558 427 593 Franci
454 559 654 601 Romanos,
686 561 750 594 toti
775 561 844 593 iam
871 561 948 593 orbi
976 567 1087 593 terra-

61 619 64 621 *
94 622 175 644 rum
191 610 429 655 dominantes,
447 611 552 644 armis
570 617 801 645 exercuerunt
817 611 919 644 annis
935 612 1086 654 amplius

95 667 250 702 centum,
273 661 356 694 inde
371 674 481 707 usque
498 663 541 694 ab
558 660 752 695 Aureliano
767 663 811 694 ad
828 659 1086 700 Theodosium,

94 713 206 745 donec
239 723 312 745 non
347 714 453 746 modo
488 713 684 745 libertatem
721 721 991 757 recuperarunt,
1026 714 1084 746 sed

94 763 198 796 etiam
215 763 316 807 potiti
331 762 468 803 Galliis,
494 762 635 806 Belgica
652 770 685 796 et
701 763 842 804 Celtica,
868 770 946 808 post
965 761 1084 796 Theo-

94 813 234 847 dosium
252 825 398 856 regnare
416 814 467 846 ibi
481 821 682 857 coeperunt.
729 814 800 848 Nec
819 815 934 848 minus
950 815 1083 857 negocii

94 864 160 898 fuit
176 864 268 898 tueri
293 865 543 907 possessionem
563 863 782 906 Galliarum,
809 878 887 899 cum
912 866 1084 898 ferocissi-

92 926 171 948 mae
186 915 346 948 nationes
362 927 417 948 eas
434 922 648 959 appeterent,
668 916 866 959 Burgundi,
886 915 1085 957 Alemanni,

92 964 237 1005 Hunni,
264 977 368 1010 quam
394 973 493 999 antea
516 967 644 1007 fuerat,
672 968 806 1011 eripere
828 979 884 1000 eas
900 967 1083 1001 Romanis.

93 1015 212 1059 Quare
230 1015 299 1049 nisi
317 1017 535 1057 fortitudine,
564 1018 707 1051 scientia
728 1019 777 1051 rei
795 1019 969 1058 militariS,
996 1019 1084 1051 tole-

91 1067 206 1100 rantia
229 1067 409 1108 laborum,
444 1068 596 1113 denique
619 1068 722 1101 etiam
756 1069 892 1102 iusticia
921 1076 953 1102 et
978 1069 1082 1102 disci·
1109 1082 1112 1087 ·

92 1117 190 1162 plina
209 1118 471 1160 excelluissent,
499 1126 592 1152 tanta
618 1120 809 1153 certamina
833 1127 883 1153 tot
907 1131 1082 1153 annorum

92 1169 265 1203 sustinere
282 1180 353 1201 non
372 1170 579 1213 potuissent.

193 1218 368 1254 Recensui
387 1221 591 1264 opinionem
610 1221 653 1254 de
663 1221 883 1254 Francorum
900 1227 992 1262 ortu,
1019 1234 1083 1255 au-

90 1270 210 1315 spiciis
224 1271 323 1314 regni
340 1270 518 1312 Francici,
545 1284 633 1316 quae
649 1273 797 1305 maxime
816 1273 986 1315 probatur
1003 1284 1083 1305 eru—

91 1321 186 1355 ditiS.
238 1320 329 1355 Cum
353 1329 471 1355 autern
496 1334 568 1354 non
594 1324 700 1356 modo
724 1322 905 1365 Belgicum
933 1323 1082 1356 invasis—

91 1379 187 1412 sent,
222 1372 280 1405 sed
307 1372 411 1405 etiam
443 1385 461 1405 a
488 1372 673 1416 Moguntia
697 1374 886 1417 progressi,
918 1385 1084 1418 occupas-

91 1430 169 1456 sent
195 1422 329 1455 vicinas
356 1422 481 1456 Moeni
508 1425 619 1468 ripas,
657 1424 726 1457 fuit
753 1436 789 1456 ea
818 1425 913 1467 regio
942 1426 1082 1468 propria

92 1472 310 1507 francorum
335 1475 432 1506 sedes
462 1475 499 1506 in
523 1475 704 1518 superiore
729 1473 941 1512 Germania,
978 1487 1082 1520 quam

90 1526 257 1558 adversus
281 1523 520 1566 Alemannos,
559 1525 619 1570 qui
647 1525 813 1560 Sueviam
846 1533 878 1559 et
902 1524 1083 1559 Helvetios

91 1575 276 1616 tenebant,
302 1586 375 1608 non
393 1575 468 1608 sine
485 1576 663 1609 acerrimis
680 1576 821 1620 praeliis
837 1577 1082 1609 defenderunt.

91 1626 214 1671 ltaque
230 1626 288 1658 illa
303 1624 521 1659 Francorum
539 1639 599 1659 arx
618 1627 776 1671 opposita
789 1626 1008 1665 Alemannis,
1027 1639 1082 1660 re-

90 1677 198 1711 tinuit
217 1675 387 1709 Franciae
406 1689 547 1712 nomen.
587 1676 682 1710 Haec
698 1685 747 1711 est
763 1689 882 1718 causa,
906 1690 968 1711 cnr
986 1679 1080 1719 regio

91 1729 134 1761 ad
158 1726 330 1760 Moenum
356 1727 503 1761 Francia
531 1729 723 1762 etiamnum
746 1729 953 1772 adpelletur.
1013 1730 1080 1763 Sed

91 1778 293 1813 Aventinus
323 1780 470 1821 negabat
500 1778 654 1812 Francos
687 1781 728 1812 ad
768 1780 939 1812 Moenum
971 1791 1082 1812 novos

91 1841 164 1863 esse
180 1829 340 1866 colonos,
369 1837 401 1862 et
417 1829 587 1863 sentiebat
605 1827 668 1862 hos
690 1842 760 1863 esse
788 1831 918 1873 primos
943 1838 1081 1863 autores

91 1879 224 1924 gentis,
260 1877 350 1912 hanc
373 1891 443 1912 esse
468 1892 547 1912 vera
575 1881 722 1924 patriam
748 1881 859 1923 gentis
883 1880 1082 1921 Francicae,

91 1938 273 1975 propterea
291 1931 384 1975 quod
406 1930 533 1963 Strabo
549 1929 733 1978 βρέγχους
750 1932 849 1975 ponit
865 1931 958 1964 inter
976 1931 1081 1964 ‘Nori-

91 1993 149 2015 cos
171 1988 204 2014 et
220 1980 441 2021 Vindelicos,
469 1994 537 2026 quo
559 1982 595 2014 in
618 1983 694 2014 loco
713 1991 745 2014 et
761 1982 951 2015 Suetonius
968 1981 1078 2015 Bren—
1106 2009 1108 2015 ,

91 2044 150 2067 cos
165 2031 271 2065 fuis>e
288 2039 443 2070 testatur,
469 2032 551 2064 inde
568 2033 750 2077 paululum
770 2045 968 2076 progressos
986 2033 1080 2067 arbi·
1106 2058 1108 2065 ,

91 2083 252 2117 trabatur
268 2084 311 2115 ad
330 2082 451 2116 Moeni
471 2083 582 2126 ripas,
607 2091 639 2116 et
661 2083 788 2115 deinde
807 2082 980 2118 Romanis
1006 2085 1083 2117 bel-

91 2135 134 2167 lis
155 2134 192 2166 in
218 2132 399 2177 Belgicum
427 2142 635 2178 pertractos,
664 2146 681 2166 a
708 2146 774 2178 qua
801 2135 972 2168 sententia
998 2148 1081 2179 pro-
1106 2157 1108 2162 ,

89 2185 179 2218 fecto
198 2196 270 2217 non
289 2185 439 2217 multum
460 2182 644 2225 abhorreo,
673 2197 735 2218 nec
753 2185 885 2217 invitus
906 2184 997 2219 hunc
1017 2183 1082 2219 ho-

90 2247 213 2268 norem
231 2235 348 2268 tribuo
366 2235 495 2269 nostris
511 2236 665 2275 civibus,
694 2243 727 2269 ut
756 2232 992 2280 αὐτόχθονας
1009 2249 1079 2270 non

91 2287 235 2320 colonos
270 2298 310 2319 ex
343 2287 421 2318 aliis
456 2294 551 2319 ortos
586 2287 750 2329 gentibus
778 2298 848 2319 esse
876 2287 1081 2323 existimem.

90 2336 337 2371 Contendebat
362 2337 464 2370 etiam
492 2337 690 2370 Aventinus
722 2338 813 2381 apud
843 2337 1079 2371 Ptolemaeum

90 2400 155 2432 pro
178 2387 331 2421 Brennis
353 2400 440 2432 qnos
471 2388 564 2421 inter
591 2388 760 2421 Noricum
786 2395 816 2421 et
843 2387 1080 2422 Vindelicium

91 2439 241 2472 collocat
258 2439 444 2481 legendum
465 2450 537 2471 esse
552 2438 743 2486 βρίγχους.
792 2437 835 2472 Et
855 2440 980 2472 citatur
996 2439 1080 2473 Par-
1105 2434 1109 2493 i

92 2487 233 2523 thenius
251 2497 350 2523 vetus
366 2490 535 2533 scriptor,
562 2490 624 2534 qui
641 2489 794 2523 Francus
818 2490 866 2523 ait
885 2501 956 2523 esse
972 2490 1082 2529 ἔθνος

94 2538 249 2575 ἅλα-τίων.

195 2591 263 2625 Sed
286 2592 366 2636 plus
389 2591 501 2625 laudis
520 2598 569 2625 est
586 2591 622 2623 in
643 2591 790 2629 virtute,
821 2605 923 2636 quam
947 2592 983 2625 in
1010 2592 1082 2625 ori·
1106 2618 1109 2642 ἱ

93 2642 184 2686 gine.
236 2641 325 2675 Cum
345 2643 451 2686 igitur
469 2655 521 2675 res
539 2650 652 2684 gestae
669 2645 853 2676 ostendant
877 2644 981 2675 fnisse
997 2655 1082 2685 gen-
1106 2648 1109 2683 j

94 2694 138 2726 tis
167 2692 354 2727 Francicae
389 2695 614 2727 excellentem
650 2694 834 2731 virtutem,
876 2694 985 2727 simus
1020 2689 1109 2735 haef

1141 406 1198 437 sed
1226 406 1329 438 etiam
1355 418 1393 438 ex
1418 407 1558 439 foedere
1578 407 1730 440 Galliam
1755 415 1885 442 tenent.
1939 407 1986 443 Et
2004 410 2133 443 virtute

1140 467 1179 488 ac
1195 456 1262 488 fide
1283 456 1521 500 perfecerunt,
1548 469 1591 490 ne
1609 457 1789 492 Romanos
1807 460 2000 503 poeniteret
2022 461 2133 494 socie-

1142 507 1222 539 tatis
1248 506 1447 542 Francicae.
1500 507 1589 540 Nam
1618 508 1728 541 Attila
1750 508 1967 544 Francorum
1994 511 2133 545 auxiliis

1141 557 1275 600 ingenti
1306 558 1441 602 praelio
1471 559 1600 599 victus,
1637 565 1669 591 et
1695 571 1735 591 ex
1761 559 1981 594 Narbonensi
2013 562 2132 596 Gallia

1139 608 1303 651 expulsus
1322 615 1392 649 est,
1420 621 1526 654 quam
1545 607 1660 643 adhuc
1676 610 1920 653 imperatorius
1936 614 2131 656 praefectus

1138 657 1264 692 Aetius
1283 660 1432 693 tenebat.
1479 660 1670 694 Testantur
1688 661 1795 704 igitur
1812 659 1988 702 historiae,
2017 664 2130 697 Fran-

1139 722 1195 742 cos
1220 717 1304 743 tunc
1329 710 1441 744 socios
1466 710 1622 746 Romani
1654 711 1812 755 imperii,
1848 725 1920 746 non
1945 715 2130 759 vectigales

1139 761 1247 794 factos
1269 773 1352 795 esse.

1242 810 1388 846 Accedit
1409 813 1453 846 ad
1478 819 1635 846 veterum
1658 812 1875 846 Francorum
1903 815 2024 848 laudes
2047 813 2131 849 haec

1139 874 1296 907 quoque,
1324 867 1419 908 quod
1444 875 1522 895 cum
1546 864 1727 897 audissent
1744 866 1941 898 doctrinam
1957 864 2131 899 Christia-

1138 926 1217 946 nam
1241 914 1283 946 de
1305 926 1388 946 vero
1413 914 1509 947 cultu
1533 913 1618 955 Dei,
1647 922 1680 947 et
1705 917 1877 949 admoniti
1905 924 2131 960 agnoscerent

1138 965 1338 997 barbaricos
1353 965 1442 998 ritus
1459 972 1491 998 et
1509 963 1781 1009 εἷὸωλομαιίἀν
1804 967 1943 1010 plenam
1960 980 2031 1000 esse
2054 975 2130 1001 tur-

1139 1015 1309 1058 pitudinis
1327 1022 1359 1048 et
1375 1015 1525 1056 sceleris,
1553 1017 1678 1059 cupide
1695 1017 1845 1060 amplexi
1862 1016 2131 1052 suntChristia-

1138 1078 1217 1098 nam
1237 1066 1459 1109 religionem,
1487 1079 1632 1112 eamque
1649 1079 1771 1111 magna
1790 1068 1917 1112 pietate
1934 1070 2131 1105 coluerunt.

1138 1116 1210 1149 Nec
1247 1117 1322 1150 sine
1353 1117 1561 1151 coelestibus
1595 1118 1703 1161 signis
1737 1119 1779 1151 ad
1817 1119 1979 1163 pietatem
2015 1120 2130 1154 vocati

1138 1174 1236 1201 sunt:
1273 1180 1354 1200 nam
1379 1167 1599 1209 Ludovicus,
1637 1170 1697 1214 qni
1732 1170 1866 1213 primns
1900 1171 1992 1204 inter
2016 1169 2130 1214 Reges

1136 1219 1315 1263 amplexus
1339 1226 1389 1252 est
1411 1217 1545 1253 Christi
1572 1220 1788 1261 doctrinam,
1826 1218 1891 1254 hoc
1917 1222 2016 1264 signo
2043 1234 2130 1255 con-

1136 1270 1292 1303 firmatus
1317 1281 1388 1303 esse
1410 1270 1538 1311 sertur;
1567 1268 1717 1304 habebat
1741 1271 1925 1314 coniugem
1954 1271 2129 1306 Christia-

1137 1332 1237 1360 nam,
1264 1333 1352 1365 quae
1371 1333 1449 1353 cum
1464 1334 1542 1354 eum
1560 1322 1681 1355 sedulo
1699 1319 1899 1356 hortaretur
1913 1325 1955 1356 ad
1973 1323 2045 1356 veri
2061 1322 2128 1356 Dei

1136 1371 1368 1413 agnitionem,
1396 1378 1427 1404 et
1443 1379 1743 1413 commemoraret,
1771 1373 1905 1406 nullam
1924 1386 1996 1407 esse
2015 1374 2130 1407 virtu-

1139 1428 1207 1454 tem
1226 1421 1424 1465 digniorem
1443 1421 1620 1465 Regibus,
1648 1436 1752 1467 quam
1771 1435 1850 1457 vera
1868 1424 1995 1468 pietate
2012 1424 2128 1459 Deum

1138 1472 1270 1513 colere,
1298 1472 1360 1506 etsi
1379 1473 1514 1506 inflexit
1537 1473 1610 1506 eius
1629 1474 1806 1515 animum,
1834 1481 1949 1509 tamen
1967 1488 2039 1509 non
2057 1483 2128 1509 sta-

1136 1522 1199 1555 tim
1226 1523 1412 1566 persuasit,
1445 1531 1483 1557 ut
1509 1524 1683 1567 baptismo
1710 1525 1919 1562 initiaretur.
1973 1527 2128 1560 Gerebat

1135 1580 1251 1605 autem
1268 1573 1472 1607 Lndovicus
1490 1574 1549 1606 itte
1568 1575 1700 1607 bellum
1718 1588 1797 1608 cum
1816 1575 2024 1610 Alemannis
2048 1589 2129 1621 per-

1135 1624 1297 1665 difficile,
1324 1637 1474 1669 cumque
1499 1625 1536 1658 in
1557 1633 1730 1669 postrema
1754 1639 1889 1670 pugna,
1916 1640 2004 1672 quae
2021 1640 2127 1672 supra

1134 1673 1321 1708 Coloniam
1344 1674 1578 1720 Agrippinam
1611 1677 1794 1710 commissa
1827 1685 1895 1719 est,
1931 1680 2069 1712 turbata
2095 1686 2127 1713 et

1135 1726 1303 1759 inclinata
1322 1725 1537 1760 Francorum
1555 1728 1639 1766 acie,
1659 1728 1806 1761 victoria
1825 1729 2005 1763 videretur
2020 1742 2127 1774 penes

1134 1776 1352 1810 Alemannos
1364 1777 1481 1811 sutura
1503 1790 1592 1819 esse,
1620 1778 1669 1810 ibi
1687 1778 1888 1812 Ludovicus
1905 1781 2064 1825 clypeum
2082 1782 2127 1813 ad

1135 1827 1270 1860 coelum
1306 1828 1454 1869 tollens,
1487 1829 1704 1873 inspectante
1735 1830 1908 1869 exercitu,
1943 1828 2125 1864 Christum

1136 1878 1330 1919 invocavit,
1357 1886 1389 1912 et
1407 1878 1521 1912 Deum
1540 1881 1716 1913 confessus
1735 1881 1874 1924 petivit,
1907 1889 1944 1914 nt
1961 1883 2126 1915 ostende-

1135 1936 1185 1962 ret
1209 1940 1244 1962 se
1272 1930 1434 1963 exaudire
1461 1930 1683 1971 invocantes,
1718 1938 1749 1964 et
1772 1932 1972 1975 profligaret
1997 1930 2126 1973 hostes,

1135 1987 1326 2025 votumque
1344 1981 1434 2021 fecit,
1462 1993 1497 2014 se
1515 1982 1629 2015 statim
1648 1989 1743 2025 parta
1763 1983 1920 2023 victoria,
1949 1984 2123 2027 baptismo

1137 2031 1359 2064 initiaturum
1386 2038 1419 2065 et
1441 2043 1476 2064 se
1503 2039 1535 2065 et
1561 2033 1764 2072 exercitum,
1801 2034 1927 2066 ‹lt-inde
1954 2034 2124 2077 fugientes

1106 2093 1107 2109 ι
1134 2082 1318 2116 revocavit.
1373 2082 1536 2117 Testatus
1557 2084 1665 2126 igitur
1682 2081 1844 2116 Christus
1867 2096 1901 2117 se
1928 2085 2124 2129 imploran-

1135 2139 1183 2166 tes
1209 2144 1311 2177 opem
1336 2134 1380 2166 ab
1404 2134 1478 2177 ipso
1506 2134 1644 2175 iuvare,
1668 2135 1823 2168 reddidit
1844 2135 1980 2168 animos
2000 2137 2124 2170 militi-

1134 2184 1216 2223 bus,
1250 2196 1288 2216 ac
1310 2185 1471 2218 restituto
1496 2186 1645 2228 praelio,
1682 2192 1776 2218 tanta
1801 2193 1912 2229 strage
1932 2185 2122 2220 Alemanni

1134 2234 1214 2267 victi
1233 2242 1331 2275 sunt,
1358 2243 1393 2268 ut
1414 2236 1593 2268 deditione
1617 2237 1703 2268 sarta
1729 2235 1871 2269 Francis
1901 2250 2021 2280 parere
2044 2251 2123 2271 coe-

1136 2286 1261 2328 perint.
1297 2285 1373 2318 lloc
1392 2287 1530 2318 initium
1546 2287 1609 2319 fuit
1632 2286 1789 2327 Rvgibus
1807 2288 1986 2321 Francicis
2004 2289 2123 2321 colen-

1135 2339 1197 2368 ‹lae
1231 2336 1367 2379 pietatis
1392 2335 1632 2377 Christianae,
1664 2338 1802 2371 circiter
1828 2350 1960 2371 annum
1987 2337 2119 2373 Christi

1135 2387 1219 2421 470,
1245 2400 1348 2431 quam
1376 2388 1517 2432 quidem
1545 2395 1660 2432 postea
1692 2399 1803 2421 annos
1835 2390 1985 2432 amplius
2012 2391 2121 2427 mille,

1135 2445 1229 2472 tanta
1258 2439 1452 2471 constantia
1480 2439 1721 2480 retinuerunt,
1754 2448 1793 2474 ut
1818 2438 1993 2473 Ecclesiae
2015 2438 2120 2473 Chri-

1134 2490 1265 2522 stian-'ie
1290 2500 1389 2533 saepe
1410 2489 1528 2522 dubiis
1554 2491 1770 2533 temporibus
1794 2502 1920 2533 magno
1945 2492 2118 2535 praesidio

1135 2540 1282 2577 suerint,
1310 2553 1455 2585 eamque
1472 2541 1517 2573 ob
1534 2553 1669 2574 causam
1687 2539 1978 2575 Cliristianissiwi
2000 2542 2119 2585 appel-

1136 2593 1192 2624 lati
1212 2590 1294 2625 sint.
1348 2591 1416 2624 Nec
1440 2592 1544 2625 armis
1569 2599 1703 2625 tantum
1721 2592 1954 2626 defenderunt
1979 2593 2118 2633 religio-

1137 2655 1231 2681 nem,
1268 2643 1324 2673 sed
1350 2643 1461 2675 inulto
1491 2643 1600 2684 magis
1629 2651 1800 2676 ornarunt
1832 2655 1906 2676 earn
1931 2640 2059 2676 scholis
2086 2648 2118 2675 et

1136 2693 1332 2737 propagatis
1348 2693 1473 2726 studiis
1492 2694 1528 2726 in
1546 2694 1663 2727 Gallia
1682 2701 1713 2727 et
1729 2694 1932 2728 Germania.

1409 2742 1491 2780 25*
