2338 2958
74 132 148 167 697

173 214 395 248 Dimicabant
411 213 604 246 sacerdotes
625 211 755 245 Iudaici
773 213 815 246 de
831 213 902 245 suis
925 211 1056 245 sacrifi-

76 266 156 306 ciis,
181 275 225 297 ne
237 263 405 296 autoritas
420 269 479 296 aut
497 270 658 307 quaestus
674 263 967 296 diminuerentur.

173 313 224 347 Ita
246 325 342 346 nunc
365 310 529 346 monachi
553 321 775 357 propugnant
799 324 875 346 suas
900 323 1055 345 ceremo-

74 364 168 404 nias,
195 375 280 408 quas
295 363 433 396 venales
448 361 592 396 habent:
622 371 794 396 caeterum
814 369 975 395 metuunt
992 373 1054 405 po-

73 413 199 447 tentiae
213 413 498 453 diminutionem,
519 414 546 446 si
565 413 708 446 mutatio
726 414 921 457 aliquarum
939 413 1052 454 legum

71 464 139 498 fiat.
190 462 296 496 Multi
314 463 489 496 licentiam
507 464 725 507 voluptatum
748 475 889 496 suarum
907 461 1053 504 astringi

72 513 209 546 nolunt.

171 562 218 596 Hi
249 570 329 596 sunt
360 563 472 597 sontes
499 565 660 596 odiorum
695 563 860 595 adversus
890 559 1052 604 Evange-

71 613 171 646 lium.

169 662 272 695 Nunc
296 669 409 696 autem
434 662 606 695 sanabiles
631 673 752 694 omnes
774 659 961 701 adhortor,
988 661 1052 693 ob-

69 719 178 747 testor
196 719 339 756 propter
353 713 497 755 gloriam
518 710 601 751 Dei,
627 718 660 743 et
678 723 738 754 per
759 723 856 744 suam
874 711 1032 744 salutem.

170 762 329 795 Primum
357 769 395 795 ut
424 767 577 795 statuant
602 773 708 793 unam
736 773 808 794 esse
836 773 952 794 veram
977 769 1009 795 et
1032 773 1051 793 a

68 812 144 847 Deo
169 813 331 846 traditam
357 811 580 854 religionem,
615 823 674 844 scu
699 812 894 844 doctrinam
919 813 961 844 de
981 812 1050 844 vita

68 871 228 902 aeterna,
255 874 343 907 quae
360 873 420 905 per
436 858 646 904 Prophetas,
669 858 848 894 Christum
862 889 871 901 ,
898 860 1051 905 Aposto-

68 913 140 954 los,
165 913 331 956 patefacta
354 918 387 944 et
404 918 588 955 propagata
606 918 666 946 est.
718 910 878 944 Caeteras
897 924 977 945 vero
994 924 1052 944 re—

67 963 215 1006 ligiones
237 961 394 995 omnium
422 961 578 1004 gentium
607 962 866 995 commenticias
892 969 925 995 et
949 963 1052 995 sabu-

68 1013 158 1045 losas
175 1023 257 1046 esse.

169 1061 259 1094 Vere
276 1062 382 1104 igitur
397 1061 513 1094 veniet
523 1059 698 1093 Dominus
716 1068 832 1094 noster
842 1060 936 1094 Iesus
946 1059 1051 1095 Chri-

67 1119 151 1153 stus,
179 1119 211 1145 et
228 1112 446 1145 iudicaturus
464 1118 514 1144 est
531 1117 641 1143 totum
658 1122 767 1153 genus
787 1109 992 1151 humanum,
1019 1118 1051 1144 et

67 1163 164 1196 dabit
180 1162 286 1194 vitam
303 1168 491 1200 aeternam,
517 1160 560 1192 iis
578 1161 638 1205 qui
651 1158 883 1203 Evangelium
901 1161 1051 1205 amplexi

67 1219 158 1253 sunt,
186 1219 218 1245 et
233 1211 374 1245 abiiciet
390 1211 427 1243 in
442 1217 581 1244 aeterna
600 1211 782 1254 supplicia,
809 1211 870 1255 qui
887 1210 1053 1254 Evange-

66 1263 154 1296 lium
170 1267 466 1304 contempserunt.

166 1311 262 1344 Haec
285 1312 344 1356 qui
370 1322 450 1344 vere
468 1311 630 1349 credunt,
664 1307 728 1342 hos
749 1310 875 1343 deinde
896 1311 1052 1344 obtestor

67 1369 211 1406 propter
229 1359 429 1398 Christum,
465 1367 497 1393 et
520 1371 616 1393 suam
642 1366 677 1392 et
692 1358 867 1393 Ecclesiae
894 1361 1052 1400 salutem,

67 1420 106 1446 ut
133 1413 227 1445 iuxta
249 1409 480 1453 Evangelium
504 1417 536 1443 et
559 1410 625 1452 ipsi
648 1410 799 1449 discant,
833 1409 945 1442 Deum
972 1422 1050 1443 vere

67 1462 242 1498 invocare,
260 1468 293 1494 et
309 1461 395 1493 alios
412 1461 455 1493 de
473 1459 693 1492 invocatione
704 1459 769 1493 Dei
784 1461 907 1493 docere
922 1460 1051 1495 sinant.

169 1511 235 1546 Sed
267 1510 419 1543 obiicitis
441 1510 731 1543 consuetudinem
757 1510 854 1552 longi
884 1511 1051 1553 temporis

67 1569 100 1596 et
118 1562 308 1595 multorum
327 1561 544 1594 saeculorum
563 1571 788 1599 consensum,
815 1567 848 1592 et
867 1560 1051 1603 disputatis

66 1624 139 1646 non
164 1623 235 1645 esse
257 1622 448 1654 paucorum
463 1617 522 1643 aut
540 1609 757 1654 privatorum
784 1609 965 1642 instituere
988 1607 1052 1642 has

69 1661 342 1696 emendationes.

167 1711 293 1745 Facilis
317 1707 447 1743 adhaec
478 1710 657 1752 responsio
685 1715 736 1742 est
768 1708 880 1742 doctis
914 1715 947 1741 et
971 1709 1050 1753 piis,

67 1762 195 1808 quibus
210 1768 292 1795 nota
313 1767 363 1793 est
380 1758 555 1793 Ecclesiae
569 1758 770 1803 antiquitas.

168 1811 294 1844 Vetera
311 1815 540 1843 monumenta
555 1808 744 1840 clarissime
758 1814 942 1848 testantur,
960 1805 1049 1839 Mis-

66 1873 120 1896 sas
144 1861 316 1906 privatas,
350 1858 606 1891 invocationem
637 1864 874 1898 mortuorum,
907 1865 939 1891 et
964 1857 1049 1889 alias

67 1911 282 1956 corruptelas
297 1909 476 1942 doctrinae
502 1914 535 1940 et
552 1907 844 1947 ceremoniarum,
871 1919 956 1951 quas
972 1907 1049 1939 tolli

66 1962 244 2006 cupimus,
279 1970 397 1992 recens
424 1958 459 1989 in
488 1955 678 1990 Ecclesiam
707 1957 906 2000 pervasisse.
967 1956 1047 1990 Non

67 2013 175 2056 igitur
207 2021 334 2043 novam
369 2007 563 2041 doctrinam
599 2013 657 2039 aut
694 2018 802 2039 novas
835 2007 1050 2040 ceremonias

66 2062 262 2101 afferimus,
289 2060 348 2092 sed
372 2059 414 2091 ad
440 2055 623 2099 Evangelii
651 2056 859 2099 puritatem,
886 2058 927 2090 ad
951 2057 1048 2101 Apo-

67 2113 236 2147 stolorum
254 2117 286 2143 et
302 2109 426 2142 veteris
442 2106 614 2140 Ecclesiae
633 2108 827 2140 doctrinam
846 2114 878 2140 et
894 2119 1048 2140 ceremo-

67 2164 143 2196 nias
159 2161 333 2198 redimus,
359 2166 392 2192 et
410 2169 542 2191 errores
562 2169 599 2189 ac
625 2157 717 2189 idola
737 2157 936 2197 abiicimus,
959 2158 1048 2191 sicut

67 2211 124 2246 hic
148 2210 314 2256 praecipit
339 2209 464 2247 Iacob,
491 2215 523 2240 et
547 2214 767 2252 praeceptum
793 2214 844 2240 est
868 2214 1046 2241 aeternum

68 2270 102 2296 et
126 2260 359 2295 immutabile:
386 2258 510 2302 Fugite
529 2257 635 2290 idola.

168 2311 335 2344 Poterant
357 2321 392 2342 se
420 2309 508 2342 tueri
541 2308 635 2350 longi
666 2307 831 2350 temporis
860 2314 1047 2340 consuetu-

68 2363 170 2402 dine,
195 2368 226 2394 et
250 2360 439 2392 multarum
462 2358 616 2401 gentium
639 2369 807 2390 consensu
827 2357 928 2389 etiam
947 2358 1047 2391 audi-

67 2421 159 2447 tores
186 2410 299 2444 lacob.
352 2409 440 2442 Nam
466 2409 575 2440 multo
601 2415 681 2441 ante
710 2408 800 2450 apud
828 2414 946 2450 gentes
969 2408 1046 2440 illas

68 2463 218 2496 extincta
237 2461 348 2492 fuerat
364 2471 442 2491 vera
460 2456 523 2490 Dei
542 2458 680 2491 noticia.
728 2457 843 2490 Multo
862 2457 968 2498 magis
987 2457 1045 2490 Iu-

67 2513 146 2545 daei
169 2512 333 2544 adversus
352 2508 539 2552 Apostolos
559 2508 764 2549 abrogantes
789 2508 894 2549 legem
914 2506 1043 2540 Mosai-

68 2574 142 2595 cam
167 2560 346 2594 vetustatis
371 2559 574 2597 autoritate,
599 2565 630 2590 ct
651 2555 904 2601 Prophetarum
928 2569 1045 2591 exem-

68 2612 136 2656 plis
158 2611 224 2644 niti
246 2616 425 2654 poterant,
458 2620 535 2641 cum
560 2607 698 2652 quidem
730 2615 762 2640 et
786 2619 804 2640 a
829 2607 901 2640 Deo
927 2608 1043 2642 datam

67 2673 139 2695 esse
155 2661 264 2703 legem
281 2658 440 2704 Apostoli
461 2658 668 2698 faterentur,
696 2659 754 2690 sed
776 2664 890 2690 tamen
908 2669 1043 2692 necesse

672 125 833 163 DECL.
875 126 950 161 DE
982 125 1167 162 DICTO
1202 125 1381 162 MOSIS
1413 136 1498 163 ETC.

2018 128 2090 163 698

1105 211 1171 245 fuit
1195 212 1304 254 legem
1322 210 1515 255 Evangelio
1541 212 1680 250 cedere,
1708 212 1801 256 quod
1825 217 1858 244 et
1879 218 1958 244 ante
1980 213 2091 254 legem

1105 268 1137 294 et
1166 263 1322 305 politiam
1349 261 1442 295 Mosi
1475 263 1702 306 promissum,
1747 268 1781 295 et
1811 262 1977 295 brevibus
2009 275 2090 305 pro—

1104 312 1330 345 missionibus
1356 312 1508 350 editum,
1545 319 1577 346 et
1603 310 1778 345 Ecclesiae
1807 313 2089 345 commendatum

1104 361 1226 396 fuerat.

1205 411 1274 444 Sed
1291 412 1441 444 clamant
1456 424 1527 444 non
1544 413 1804 445 concedendum
1823 423 1906 452 esse,
1933 418 1971 445 ut
1987 413 2088 456 pauci

1105 468 1137 494 et
1151 461 1277 505 privati
1298 462 1472 505 publicam
1493 462 1771 494 emendationem
1789 462 1986 495 instituant.

1206 511 1280 544 Imo
1290 512 1455 544 omnibus
1466 518 1514 544 est
1525 511 1656 544 dictum
1669 513 1710 543 de
1722 512 1792 543 filio
1804 510 1885 543 Dei.
1903 511 2007 545 Hunc
2024 523 2087 545 au-

1104 561 1186 596 dite.
1222 559 1401 594 Omnibus
1419 561 1647 605 praecipitur:
1674 560 1825 593 Abiicite
1836 560 1927 594 Deos
1945 562 2088 603 alienos,

1104 619 1136 645 et
1152 612 1258 654 fugite
1275 612 1380 645 idola.
1407 609 1541 644 Omnes
1553 618 1651 644 vocat
1665 611 1756 643 filius
1766 609 1841 650 Dei,
1859 623 1935 643 cum
1955 611 2086 655 inquit:

1105 661 1230 695 Venite
1245 663 1289 694 ad
1309 674 1362 694 me
1381 673 1502 695 omnes
1520 661 1580 706 qui
1597 661 1763 694 laboratis
1781 666 1813 692 et
1837 661 1969 693 onerati
1996 662 2086 701 estis,

1104 719 1138 746 et
1163 723 1225 755 ego
1249 712 1399 745 reficiam
1426 723 1498 745 VOS.
1551 710 1619 744 Hic
1640 711 1888 755 promissiones
1914 711 2087 754 amplissi-

1104 775 1179 795 mae
1212 763 1435 796 audientibus
1470 760 1699 805 Evangelium
1735 767 2002 804 proponuntur,
2047 768 2086 794 ut

1104 824 1204 857 saepe
1225 814 1319 846 alias.

1205 863 1315 906 Saepe
1332 862 1435 895 etiam
1453 859 1647 895 horrendas
1664 871 1794 904 poenas
1810 861 1966 893 minatur
1983 860 2090 901 Dens,

1103 913 1267 946 omnibus
1283 911 1465 955 Evangelii
1484 911 1795 954 contemptoribus.
1847 910 1988 943 Deuter.
2010 910 2085 944 18.;

1103 961 1314 1007 Prophetam
1333 962 1504 995 suscitabo
1523 962 1571 994 eis
1586 962 1627 993 de
1645 961 1760 993 medio
1777 961 1922 993 fratrum
1942 972 2086 993 suorum

1102 1014 1251 1046 similem
1269 1013 1340 1053 tui,
1373 1020 1405 1044 et
1420 1024 1548 1055 ponam
1565 1012 1669 1044 verba
1687 1022 1761 1042 mea
1776 1010 1812 1042 in
1829 1022 1887 1042 ore
1906 1010 1997 1050 eius,
2032 1011 2086 1043 lo·-

1103 1070 1298 1108 queturque
1315 1063 1356 1095 ad
1376 1074 1434 1095 eos
1452 1062 1570 1094 omnia
1587 1073 1675 1105 quae
1690 1072 1896 1104 praecepero
1913 1060 1996 1103 ipsi:
2024 1060 2085 1104 qui

1103 1121 1217 1147 autem
1243 1113 1349 1145 verba
1374 1113 1446 1145 eius
1471 1124 1559 1156 quae
1582 1112 1745 1156 loquetur
1772 1110 1809 1142 in
1834 1109 1976 1142 nomine
2006 1121 2084 1142 meo

1103 1164 1225 1196 audire
1250 1163 1422 1202 noluerit,
1453 1174 1514 1204 ego
1541 1162 1636 1194 ultor
1659 1173 1729 1194 ero.
1780 1159 1826 1193 Et
1848 1159 2004 1203 Baptista
2030 1160 2085 1192 in-

1104 1214 1197 1258 quit:
1226 1212 1298 1255 Qui
1317 1224 1389 1245 nou
1401 1212 1511 1245 credit
1528 1211 1613 1251 filio,
1639 1223 1710 1244 non
1729 1210 1863 1243 videbit
1878 1210 1997 1249 vitam,
2024 1211 2084 1242 sed

1103 1264 1152 1296 ira
1170 1262 1234 1296 Dei
1252 1262 1407 1294 manebit
1425 1273 1527 1305 super
1543 1273 1633 1294 eum.
1678 1259 1723 1293 Et
1742 1260 1777 1292 in
1798 1260 1915 1303 priore
1940 1260 2085 1303 epistola

1102 1315 1144 1346 ad
1162 1310 1368 1346 Corinthios
1377 1311 1459 1355 Cap.
1477 1312 1603 1344 ultimo
1619 1311 1764 1343 dicitur:
1790 1309 1827 1342 Si
1847 1310 1925 1354 quis
1942 1322 2014 1342 non
2028 1310 2084 1341 di—

1102 1364 1178 1405 ligit
1206 1362 1400 1396 Dominum
1432 1360 1545 1394 Iesum
1569 1358 1769 1400 Christum,
1804 1360 1847 1392 sit
1873 1358 2082 1397 Anathcma,

1102 1410 1323 1445 Maranatha.
1377 1411 1415 1444 Id
1435 1418 1500 1451 est,
1534 1410 1709 1453 (ut-divus
1724 1408 1932 1442 Ambrosius
1951 1417 1979 1442 et
2002 1410 2080 1453 qni-

1101 1464 1180 1495 dam
1205 1462 1265 1495 alii
1289 1458 1582 1505 interpretantur)
1608 1461 1784 1493 Dominus
1805 1460 1910 1493 venit.
1964 1459 2082 1501 Signi-

1101 1513 1222 1546 ficatur
1239 1512 1332 1545 enim
1350 1512 1465 1544 statim
1487 1510 1678 1543 affuturum
1699 1522 1769 1542 esse
1793 1510 1902 1541 filium
1923 1509 1987 1542 Dei
2003 1510 2081 1541 vin-

1101 1562 1224 1602 dicem,
1250 1574 1288 1593 ac
1304 1561 1510 1604 puniturum
1526 1571 1647 1592 omnes
1664 1558 1846 1600 Evangelii
1864 1566 2082 1602 contempto-

1100 1624 1153 1645 res
1169 1619 1201 1645 et
1217 1609 1345 1644 hostes.
1398 1610 1523 1642 Veniet
1539 1607 1632 1642 haud
1652 1610 1775 1649 dubie,
1803 1617 1835 1642 et
1851 1621 1923 1641 non
1939 1616 2081 1642 cuncta-

1100 1662 1214 1701 bitur,
1245 1668 1284 1695 ut
1311 1660 1425 1704 inquit
1448 1657 1635 1702 Propheta.
1686 1657 1760 1692 Etsi
1786 1657 1947 1692 homines
1962 1656 2081 1699 Athei‚

1099 1712 1160 1756 qui
1185 1709 1275 1744 hanc
1296 1710 1554 1753 generationem
1579 1716 1611 1742 et
1638 1707 1731 1741 hunc
1757 1709 1935 1742 interitum
1966 1707 2083 1742 homi-

1099 1773 1183 1793 num
1212 1768 1351 1794 aeterna
1383 1760 1456 1802 lege
1486 1759 1582 1792 volui
1613 1759 1848 1798 arbitrantur,
1882 1766 1920 1792 ut
1941 1756 2082 1804 Physici

1099 1810 1293 1843 somniant:
1335 1809 1453 1842 rident
1487 1821 1544 1849 ea,
1586 1821 1676 1853 quae
1707 1810 1751 1841 de
1784 1815 1932 1841 venturo
1968 1809 2083 1841 iudice

1098 1858 1239 1894 Christo
1257 1861 1444 1899 dicuntur,
1471 1860 1529 1891 sed
1547 1859 1594 1902 pii
1614 1856 1704 1891 hanc
1728 1859 1874 1891 formam
1893 1859 2081 1891 execratio-

1098 1910 1170 1950 nis,
1196 1907 1428 1949 Maranatha,
1449 1915 1683 1952 usurparunt,
1708 1915 1746 1942 ut
1768 1920 1803 1941 se
1827 1915 1859 1941 et
1875 1908 1960 1941 alios
1985 1921 2081 1941 com-

1097 1960 1373 1999 monefacerent,
1404 1966 1443 1993 ut
1466 1959 1709 1992 advenientem
1732 1959 1882 1992 iudicem
1900 1956 2080 1991 Christum

1098 2017 1305 2045 metuerent.

1198 2059 1358 2094 Audiant
1382 2070 1464 2103 ergo
1496 2065 1527 2092 et
1553 2059 1744 2092 formident
1774 2055 1863 2090 hanc
1893 2059 2080 2091 execratio-

1097 2123 1177 2143 nem
1201 2121 1340 2151 omnes,
1371 2111 1399 2143 si
1424 2110 1501 2155 quis
1524 2121 1594 2141 non
1618 2109 1733 2151 diligit
1754 2107 1945 2141 Dominum
1966 2108 2079 2141 lesum

1096 2159 1288 2201 Christum,
1310 2158 1571 2198 sitAnathema,
1594 2157 1815 2192 Maranatha.
1850 2158 1968 2191 Sciant
1986 2165 2079 2192 certo

1096 2208 1275 2245 Christum
1292 2217 1480 2244 venturum
1497 2220 1581 2247 esse,
1603 2216 1641 2242 ut
1659 2209 1781 2253 puniat
1791 2209 1976 2251 Evangelii
1994 2221 2079 2242 con-

1096 2267 1296 2304 temptores.

1197 2310 1254 2344 Sic
1289 2317 1321 2343 et
1357 2311 1399 2343 ad
1429 2308 1573 2343 Galatas
1596 2309 1776 2342 scribitur:
1809 2307 1846 2342 Si
1875 2308 1956 2352 quis
1981 2309 2076 2341 aliud

1095 2358 1325 2401 Evangelium
1354 2360 1511 2396 docebit,
1547 2356 1743 2391 Anathema
1767 2358 1822 2392 sit.
1882 2358 1934 2391 Ne
1959 2359 2076 2391 existi-

1095 2417 1185 2444 mate
1203 2411 1276 2443 leve
1290 2417 1349 2443 aut
1366 2407 1558 2442 humanum
1574 2409 1772 2441 convicium
1791 2419 1874 2449 esse,
1898 2409 1966 2441 dici
1979 2408 2073 2441 Ana-

1095 2458 1222 2494 thema.
1276 2460 1342 2495 Sed
1380 2459 1499 2492 scitote
1533 2459 1601 2491 dici
1638 2456 1855 2498 Anathema,
1897 2456 2074 2491 hominem

1095 2512 1295 2544 damnatum
1307 2537 1316 2550 ,
1342 2510 1396 2542 cui
1413 2508 1508 2542 Deus
1525 2509 1570 2541 ita
1587 2508 1766 2549 irascitur,
1792 2515 1830 2542 ut
1850 2515 1942 2542 totas
1959 2516 2076 2552 gentes

1094 2562 1217 2604 puniat
1245 2568 1276 2594 et
1300 2572 1415 2593 rerum
1439 2567 1583 2592 naturae
1610 2571 1642 2591 m
1667 2559 1809 2598 ledicat‚
1837 2559 1904 2591 nisi
1925 2559 1983 2591 ille
1998 2570 2070 2591 sce-

1094 2612 1222 2644 leratus
1246 2624 1263 2645 e
1286 2611 1402 2644 medio
1425 2610 1579 2644 tollatur.
1632 2607 1680 2643 [Jt
1705 2610 1732 2642 si
1757 2609 1963 2653 parricidam
1982 2609 2074 2640 dieas

1093 2660 1289 2695 Anathema
1308 2673 1398 2702 esse,
1424 2659 1523 2701 Cain,
1551 2660 1719 2701 Absalon,
1745 2667 1778 2693 et
1796 2659 1937 2693 similes.
1986 2657 2072 2690 Pro—
