2338 2958
207 112 304 150 1003

208 197 463 242 Breviloquus,
503 193 563 239 qui
593 198 696 231 tunc,
730 201 808 223 cum
842 189 1003 223 nondum
1036 188 1201 223 meliores

208 249 291 283 libri
319 249 355 281 in
379 245 446 280 boc
468 255 592 288 genere
608 240 839 280 haberentur,
867 247 901 274 et
915 239 1086 285 expetitus
1103 247 1153 273 est
1169 245 1202 273 et

209 299 336 334 studiis
353 296 494 342 profuit.

314 365 406 409 Quia
423 374 505 395 vero
522 360 720 394 doctrinam
737 357 828 392 Iuris
842 357 1080 397 inchoaverat,
1103 355 1202 389 cuius

211 418 324 453 studia
358 416 394 448 in
421 412 538 447 Gallia
567 411 701 444 maiora
733 421 806 443 esse
838 409 986 448 sciebat,
1021 407 1202 442 Aureliam

211 469 388 514 profectus
404 471 464 505 est,
481 463 543 497 ubi
561 461 625 496 etsi
641 460 847 505 praecipuus
865 460 966 492 labor
981 465 1054 491 erat
1071 457 1203 490 discere

212 519 304 553 luris
320 516 528 553 doctrinam,
555 520 669 546 tamen
686 510 847 545 hortator
863 511 929 544 suit
947 509 1119 543 iuventuti
1137 520 1201 540 no-

212 569 298 608 hili,
324 575 362 601 ut
380 567 536 608 linguam
558 563 702 596 latinam
718 569 809 595 recte
827 562 1019 600 discerent,
1046 571 1084 592 ac
1102 569 1205 591 enar-

213 619 303 654 ravit
327 615 509 651 Ciceronis
530 612 724 658 Epistulas,
754 613 932 645 interdum
951 617 984 644 et
1003 621 1122 653 graece
1140 609 1206 642 do-

214 671 296 710 cuit,
323 669 371 701 ibi
389 679 466 700 cum
483 667 648 709 frequens
665 676 744 696 eum
763 662 930 696 nobilitas
946 661 1094 699 audiret,
1117 670 1206 704 quae

214 717 416 762 δίὸακτρα,
441 716 636 749 liberaliter
652 715 774 753 dabat,
801 719 962 756 sumptus
984 709 1109 744 habuit
1124 721 1206 743 suo-

215 783 293 805 rum
318 769 515 803 studiorum
545 766 713 808 copiosos.
767 762 927 797 Ornatus
954 769 1070 795 autem
1096 761 1207 804 gradu

215 823 252 855 in
268 819 431 856 Pictavis‚
459 817 563 850 rediit
580 817 616 848 in
634 814 874 854 Germaniam,
900 825 939 846 ac
954 819 992 846 ut
1004 812 1207 854 Tubingam

214 871 512 917 proficisceretur,
557 866 752 899 invitabant
782 877 861 897 eum
894 869 926 897 et
951 863 1114 896 vicinitas
1146 873 1208 905 pa-

215 924 321 962 triae,
350 927 381 954 et
405 918 556 952 recentis
580 915 808 954 Academiae,
835 921 867 947 et
889 914 988 947 aulae
1012 913 1209 952 celebritas,

216 985 297 1006 nam
320 978 353 1005 et
377 971 411 1003 in
434 967 623 1002 Academia
649 966 736 1001 etin
754 965 833 998 aula
856 964 1077 998 eruditorum
1094 969 1127 996 et
1144 963 1209 995 bo-

216 1035 345 1058 norum
365 1021 523 1053 virorum
547 1029 672 1061 magna
702 1015 899 1061 frequentia
926 1021 1016 1053 erat,
1056 1023 1208 1059 quorum

217 1074 326 1119 aliqui
343 1073 378 1105 in
398 1070 527 1104 Galliis
543 1068 733 1101 familiares
750 1066 916 1111 capnioni
930 1066 1081 1099 fuerant.

320 1141 370 1175 Ac
387 1145 426 1172 ut
443 1138 478 1170 in
495 1136 610 1169 aulam
624 1134 726 1168 citius
743 1140 945 1173 vocaretur,
972 1131 1107 1165 occasio
1125 1128 1211 1163 haec

216 1193 283 1227 suit
295 1219 303 1233 ,
323 1191 492 1232 Princeps
509 1186 663 1230 optimus
682 1183 886 1217 Eberardus
903 1195 942 1215 eo
961 1189 1118 1225 tempore
1135 1180 1211 1214 Ro-

216 1255 310 1277 mam
328 1238 500 1285 proficisci
519 1238 737 1275 decreverat,
766 1247 834 1279 quo
852 1245 930 1266 cum
947 1244 1045 1265 senes
1061 1231 1211 1265 Naucle-

217 1306 315 1331 rum,
344 1291 488 1324 Petrum
514 1287 749 1320 Arluuensem
774 1292 807 1318 et
827 1282 1031 1317 Gabrielem
1059 1283 1213 1321 (luceret,

217 1343 255 1379 hi
275 1345 511 1378 monuerunt,
537 1344 577 1370 ut
595 1337 845 1378 adiungeretur
867 1334 952 1379 ipsis
968 1333 1124 1377 Capni0,
1151 1332 1212 1378 qui

219 1403 253 1430 et
276 1401 409 1428 exteras
432 1389 593 1423 nationes
617 1394 717 1421 antea
737 1386 900 1425 vidisset,
931 1391 964 1418 et
980 1396 1084 1417 usum
1103 1381 1213 1416 habe-

216 1454 272 1481 ret
294 1444 403 1478 latine
427 1439 568 1474 dicendi
590 1444 623 1471 et
638 1437 834 1475 scribendi,
860 1443 893 1469 et
907 1447 1033 1469 sonum
1051 1446 1214 1478 pronun-

219 1495 380 1531 ciationis
408 1492 527 1525 minus
550 1487 749 1522 horridum.
808 1485 905 1519 Haec
938 1485 1038 1518 initia
1068 1485 1215 1517 suerunt

219 1545 394 1591 Capnioni
419 1541 565 1575 militiae
590 1540 739 1579 aulicae,
770 1537 837 1570 fuit
862 1537 955 1569 enim
973 1535 1133 1578 Principi
1151 1537 1215 1568 ad-

219 1599 364 1632 modum
389 1600 484 1638 grata
509 1591 621 1635 ipsius
646 1589 819 1623 industria
839 1587 995 1624 Romae,
1030 1585 1112 1631 quia
1136 1585 1215 1617 ani-

218 1647 408 1683 madvertit
443 1642 610 1676 libentius
645 1639 761 1673 audiri
788 1636 983 1682 Capnionis
1016 1636 1213 1670 orationem

221 1714 240 1735 a
277 1697 422 1732 summis
451 1693 556 1732 viris,
592 1702 697 1736 quam
723 1689 894 1729 aliorum,
927 1687 987 1733 qui
1014 1686 1216 1720 retinebant

219 1750 374 1796 patrium
398 1756 537 1779 sonum.

323 1815 405 1849 Non
430 1812 541 1845 multo
565 1815 644 1853 post
669 1807 821 1840 reditum
845 1805 995 1847 Legatos
1014 1804 1141 1837 missus
1165 1810 1216 1838 est

224 1871 267 1904 ad
291 1864 510 1901 Fridericum
539 1860 809 1903 Imperatorem,
843 1856 904 1889 ubi
937 1856 1030 1890 inter
1053 1854 1215 1888 Bledicos

225 1914 451 1964 Imperatoris
467 1918 539 1945 erat
559 1910 706 1944 Iudaeus
723 1905 831 1941 lehiel
849 1906 986 1945 Loans,
1013 1917 1116 1951 quem
1135 1917 1214 1939 cum

225 1972 261 2004 iu
289 1969 358 2002 illis
396 1963 518 1998 aulicis
552 1959 795 2003 congressibus
829 1957 934 1990 semel
960 1963 1063 2002 atque
1087 1957 1215 1990 iterum

223 2020 360 2064 Capnio
377 2015 509 2060 aliquid
526 2013 570 2045 de
586 2012 704 2053 lingua
720 2008 835 2043 Elirea
854 2008 1046 2041 sciscitatus
1063 2013 1160 2047 esset,
1184 2013 1216 2040 et

226 2070 336 2106 leliiel
357 2069 489 2101 videret
512 2075 590 2095 eum
617 2062 758 2093 avidum
780 2070 851 2091 csse
870 2059 944 2091 eius
969 2059 1126 2100 liuguae,
1154 2059 1217 2091 ad-

224 2123 320 2156 misit
348 2131 427 2152 eum
452 2117 487 2148 in
512 2113 783 2147 familiaritatem
803 2117 835 2143 et
861 2109 1046 2151 legationis
1061 2116 1218 2152 tempore

227 2173 376 2207 fideliter
394 2180 472 2201 cum
491 2166 526 2198 in
545 2161 783 2197 Grammatica
800 2161 940 2193 erudiit.
975 2158 1042 2193 llic
1058 2172 1137 2192 cum
1156 2161 1216 2192 dc-

228 2222 390 2257 liberatio
410 2225 495 2251 essct
514 2217 548 2248 in
565 2215 643 2247 aula
663 2214 704 2245 ‹h-
720 2223 864 2244 munere
881 2211 996 2244 dando
1014 2211 1158 2248 oratori.
1180 2217 1219 2243 ut

228 2287 303 2309 mos
329 2280 396 2310 cst,
419 2267 558 2312 Capuio
587 2277 646 2308 per
666 2262 760 2296 bunc
785 2275 886 2295 suum
906 2261 1114 2304 Magistrum
1139 2274 1219 2305 per-

228 2326 314 2362 ficit,
348 2330 383 2355 ut
415 2322 609 2353 donaretur
631 2315 760 2347 (lodice
784 2311 900 2346 Ebu-o
924 2310 1160 2355 pulcherrime
1187 2319 1219 2345 et

230 2373 451 2414 integerrime
485 2369 635 2411 scripto,
676 2365 876 2398 continente
901 2363 1039 2397 Moisen
1066 2370 1098 2396 et
1133 2363 1220 2395 alios

229 2428 338 2461 libros
374 2419 605 2466 propin-ticos.
665 2416 865 2450 Delectatus
892 2422 941 2448 est
973 2427 1075 2447 senex
1104 2421 1136 2447 et
1165 2427 1219 2446 sa-

230 2479 329 2522 pic-ns
360 2474 551 2515 imperator
578 2469 693 2502 studio
727 2465 880 2500 bominis
908 2466 1084 2507 germani.
1119 2472 1151 2498 et
1176 2466 1218 2498 ad

231 2537 362 2561 caetera
393 2525 485 2556 dona
519 2519 611 2552 liunt·
646 2516 921 2563 pulcherriuuuu
951 2517 1124 2555 codicem,
1159 2516 1217 2560 qui

231 2591 303 2612 non
323 2575 489 2620 potuisset
504 2572 570 2603 crui
590 2570 751 2602 trecentis
770 2569 895 2605 aun-is.
923 2568 1093 2600 adiunxit.
1140 2567 1219 2600 1³1..-

231 2641 334 2673 grans
348 2622 458 2668 igitur
477 2623 591 2655 studio
605 2648 611 2660 ,
640 2628 667 2652 ct
693 2620 839 2661 cognitis
857 2619 1084 2654 rudimentis.
1114 2626 1142 2651 et
1166 2619 1220 2651 iu-

233 2688 382 2714 structos
402 2675 531 2713 bibliis,
555 2673 625 2717 ipse
643 2672 710 2704 iaui
728 2678 898 2715 quantum
914 2671 993 2703 aula
1009 2670 1221 2703 concedebat

724 100 882 140 DECL.
917 99 991 140 DE
1024 99 1331 140 CAPNIONE
1365 101 1715 142 PHORCENSI.

2143 107 2242 144 1004

1253 189 1442 234 temporis,
1467 190 1594 225 tribuit
1617 189 1760 224 lectioni
1780 189 2014 235 propheticae.
2070 190 2121 225 lta
2137 191 2243 226 simul

1254 249 1287 275 et
1303 240 1479 274 Ecclesiae
1500 240 1697 276 doctrinam
1721 241 1849 275 rectius
1865 242 2039 284 discebat,
2066 249 2099 276 et
2117 242 2154 276 in
2174 242 2244 275 lin-

1254 304 1322 336 gua
1341 292 1576 331 exercebatur,

1357 358 1518 404 Cumque
1537 359 1606 392 iam
1632 370 1704 393 non
1723 359 1820 392 rudis
1838 366 1926 394 esset
1940 357 2076 393 Ebreae
2094 360 2246 404 linguae,

1254 421 1347 443 nova
1369 410 1401 442 ei
1423 410 1550 453 legatio
1574 415 1607 443 et
1623 422 1696 442 non
1714 409 1866 443 difficilis
1883 411 1924 443 ad
1944 411 2068 444 urbem
2081 409 2245 448 Romam,

1254 461 1456 494 facultatem
1473 459 1778 504 praebuitRomae
1796 461 1962 494 audiendi
1981 460 2148 494 Iudaeum
2167 472 2246 505 per-

1256 513 1343 545 fecte
1372 511 1549 545 eruditum
1580 511 1618 544 in
1642 522 1702 544 sua
1729 511 1868 554 lingua,
1903 509 2076 549 Abdum,
2109 518 2150 545 ut
2173 511 2247 554 ipse

1256 561 1428 595 nominat.
1497 561 1566 596 Sed
1594 561 1797 606 priusquam
1825 563 1868 594 de
1894 573 1932 594 ea
1958 561 2133 604 legatione
2158 562 2248 601 dieo,

1257 612 1457 646 recitandae
1491 620 1572 646 sunt
1605 613 1776 657 quaedam
1807 612 1908 645 aulae
1939 611 2248 654 VVirtebergensis

1258 663 1490 701 mutationes,
1518 674 1608 708 quae
1629 660 1725 696 hunc
1749 662 1853 695 etIam
1871 674 1944 695 non
1962 662 2087 695 leviter
2103 661 2248 695 adflixe-

1259 720 1362 753 runt,
1412 720 1444 746 et
1482 714 1676 747 multarum
1716 724 1833 746 rerum
1865 713 2023 757 exempla
2055 712 2249 747 continent.

1259 763 1464 797 Eberardus
1508 764 1645 807 primus
1686 763 1756 797 dux
1796 762 2102 807 Vi'ittehergensis
2143 768 2249 796 testa-

1259 821 1418 848 mentum
1451 814 1680 854 condiderat,
1710 821 1748 847 ut
1775 813 1851 857 ipso
1877 814 2030 847 extincto
2052 813 2251 847 succederet

1260 866 1462 898 adolescens
1490 864 1649 904 Ulricus,
1683 864 1739 897 cui
1769 870 1886 897 tamen
1917 871 2030 898 certos
2059 870 2193 898 tutores
2217 869 2252 896 et

1261 916 1512 958 gubernatores
1530 914 1685 955 addidit,
1711 921 1832 948 contra
1850 915 1885 947 id
1904 920 2154 949 testamentum
2173 925 2252 948 suc-

1261 966 1364 999 cessit.
1396 965 1504 1003 alius,
1539 965 1638 998 cuius
1667 971 1830 998 naturam
1860 977 1930 998 non
1963 965 2173 1010 probaverat
2196 975 2252 997 sa-

1262 1016 1362 1060 piens
1392 1023 1426 1049 et
1449 1016 1564 1049 bonus
1586 1014 1755 1059 Princeps
1778 1013 1992 1050 Eberardus.
2059 1013 2130 1048 Nec
2151 1015 2253 1048 fefel-

1262 1068 1304 1101 lit
1333 1065 1559 1099 Eberardum
1589 1077 1650 1099 sua
1677 1066 1721 1098 de
1753 1065 1814 1099 illo
1846 1065 2037 1106 divinatio,
2076 1076 2252 1099 successor

1262 1117 1394 1161 potitus
1425 1117 1578 1156 ditione,
1612 1113 1826 1149 monachum
1858 1114 2159 1159 Augustinianum
2190 1112 2254 1149 ha-

1262 1167 1341 1200 buit
1363 1167 1566 1200 ministrum
1589 1167 1749 1199 omnium
1773 1166 2018 1210 cupiditatum.
2079 1164 2148 1199 Hic
2171 1166 2255 1212 quia

1264 1217 1482 1260 intelligebat
1501 1218 1556 1259 agi
1571 1216 1665 1260 apud
1681 1215 1970 1250 Maximilianum
1987 1215 2253 1261 Imperatorem,

1264 1275 1302 1302 ut
1325 1278 1501 1301 successor
1524 1267 1584 1300 ille
1602 1273 1842 1300 removeretur
1856 1278 1874 1299 a
1892 1266 2171 1310 gubernatione,
2197 1267 2254 1299 in-

1264 1320 1372 1353 festus
1401 1325 1474 1352 erat
1502 1317 1690 1357 omuibus,
1723 1329 1786 1362 per
1814 1328 1902 1362 quos
1933 1329 1971 1350 ea
1995 1328 2050 1350 res
2075 1317 2254 1360 agebatur,

1264 1382 1303 1403 ac
1326 1369 1512 1414 praecipue
1533 1367 1728 1412 Capnioni,
1754 1380 1859 1413 quem
1883 1379 1963 1401 cum
1985 1367 2194 1401 decrevisset
2217 1367 2254 1400 in

1265 1432 1438 1454 carcerem
1469 1420 1662 1459 abducere,
1710 1419 1868 1452 monitus
1897 1417 2054 1462 Capnio‚
2097 1418 2187 1461 sugit
2218 1417 2255 1450 in

1265 1471 1381 1503 aulam
1405 1470 1620 1509 Palatinam,
1653 1469 1716 1503 uhi
1747 1476 1831 1503 tunc
1856 1475 1961 1502 erunt
1985 1468 2053 1501 viri
2076 1468 2144 1513 ipsi
2167 1468 2256 1501 ami-

1266 1521 1413 1560 cissimi,
1444 1519 1661 1562 Dalburgius
1692 1519 1876 1563 episcopus
1906 1517 2149 1561 vangionum,
2182 1517 2256 1552 Pli-

1266 1571 1347 1604 nius
1377 1569 1634 1609 Cancellarius,
1669 1567 1882 1614 Rodolphus
1912 1567 2098 1612 Agricola,
2132 1576 2166 1603 et
2193 1567 2257 1602 vi-

1266 1622 1382 1665 gilius.

1370 1677 1506 1712 Videtis
1522 1684 1555 1711 et
1569 1676 1777 1721 Principum
1794 1676 2117 1716 dissimilitudines,
2143 1683 2177 1711 et
2191 1677 2257 1710 bo-

1267 1741 1395 1763 norum
1418 1730 1577 1762 virorum
1603 1727 1778 1773 pericula,
1805 1728 1866 1773 qui
1891 1740 1965 1761 non
1990 1739 2070 1762 raro
2094 1727 2181 1761 illud
2199 1739 2257 1771 ge-

1266 1787 1402 1814 mentes
1418 1785 1597 1823 repetunt:

1374 1842 1416 1880 ὡς
1440 1843 1592 1884 ἀργαλέον
1616 1841 1729 1883 πρᾶγμ’
1759 1842 1842 1873 ἐστὶν
1865 1837 1890 1872 ὦ
1911 1842 1959 1879 ζεῦ
1982 1842 2033 1872 καὶ
2055 1843 2141 1882 θεοὶ,

1373 1886 1485 1917 δοῦλον
1505 1885 1646 1926 γενέσθαι
1668 1886 1946 1925 παραφρονοῦντος
1967 1881 2129 1916 δεσπότου.

1344 1954 1517 1990 Exulnbat
1544 1955 1652 1997 igitur
1672 1952 1828 1998 Capnio,
1854 1953 1912 1987 sed
1936 1953 1972 1986 iu
1996 1953 2075 1987 aula
2099 1952 2259 1988 Palatina

1269 2016 1353 2042 tunc
1378 2007 1520 2052 quidem
1542 2006 1709 2045 florente,
1741 2017 1820 2038 cum
1845 2011 1877 2038 et
1901 2003 2076 2048 Principis
2100 2001 2258 2049 Philippi

1270 2059 1381 2092 virtus
1404 2058 1538 2101 egregia
1558 2063 1663 2096 esset,
1691 2062 1723 2089 et
1742 2055 1845 2089 multi
1862 2055 1928 2087 viri
1947 2055 2041 2088 docti
2059 2054 2165 2088 simul
2181 2066 2260 2088 ver-

1270 2116 1450 2149 sarentur,
1478 2119 1628 2153 quorum
1653 2106 1782 2149 singuli
1809 2117 1950 2149 magnas
1970 2105 2178 2138 Academias
2201 2118 2260 2139 or-

1272 2172 1355 2193 nare
1392 2165 1566 2204 poterant.
1636 2157 1778 2191 Talium
1817 2157 2011 2190 amicorum
2041 2157 2259 2190 consuetudo

1272 2211 1414 2244 exilium
1433 2211 1462 2243 ei
1481 2210 1644 2244 leniebat.
1695 2207 1746 2241 lbi
1763 2215 1795 2241 et
1813 2205 1978 2251 Philippo
1995 2206 2156 2240 Palatino
2172 2205 2261 2252 Epi-

1273 2270 1389 2296 tomeu
1415 2259 1641 2295 historiarum
1666 2259 1877 2302 composuit.
1903 2258 2042 2291 recitata
2066 2257 2155 2291 serie
2183 2270 2260 2291 mo-

1273 2311 1498 2346 narchiarum
1532 2325 1570 2344 ex
1596 2310 1776 2343 Herodoto
1810 2317 1840 2342 et
1869 2306 2126 2353 Xenophonte,
2161 2315 2193 2341 et
2221 2321 2260 2342 ex

1272 2364 1349 2397 aliis
1377 2364 1478 2396 lionis
1504 2362 1751 2406 scriptoribus,
1786 2360 1845 2405 qui
1872 2367 1988 2404 postca
2015 2371 2069 2392 res
2094 2358 2261 2393 Macedo-

1274 2415 1369 2447 nicas
1405 2423 1436 2448 et
1461 2414 1640 2448 Romanas
1664 2412 1936 2455 descripserunt:
1973 2410 2019 2443 ibi
2043 2410 2260 2443 comoediam

1273 2467 1407 2509 scripsit
1421 2493 1428 2505 ,
1454 2465 1589 2509 Capitis
1605 2470 1708 2507 caput
1720 2491 1728 2501 ,
1756 2463 1896 2507 plenam
1913 2461 2002 2505 nigri
2022 2461 2104 2494 salis
2119 2467 2149 2494 ct
2165 2471 2261 2495 acer-

1274 2517 1392 2549 bitatis
1416 2517 1582 2550 adversus
1609 2512 1842 2553 monachum,
1877 2513 1937 2558 qui
1965 2512 2037 2545 eius
2061 2511 2152 2546 vitae
2175 2511 2262 2545 insi-

1274 2568 1390 2601 diatus
1416 2579 1499 2602 crat.
1555 2566 1606 2599 lbi
1629 2573 1660 2599 et
1684 2566 1831 2599 alteram
1849 2563 2065 2597 comoediam
2082 2562 2194 2596 edidit
2211 2563 2261 2596 sa-

1275 2619 1392 2651 tmtmu
1427 2619 1606 2661 gallicam,
1644 2617 1783 2661 plenam
1818 2613 1958 2649 candidi
1991 2613 2090 2651 salis,
2128 2613 2162 2646 in
2194 2625 2262 2658 qua

1275 2670 1426 2704 forensia
1447 2667 1661 2714 sophismata
1684 2667 1870 2712 praecipue
1892 2671 1997 2699 taxat.
2058 2663 2157 2698 lianc
2181 2675 2263 2698 nar-
