2338 2958
98 120 149 158 85
838 118 997 159 DECL.
1029 119 1104 156 DE
1133 122 1409 161 LEGIBUS„
2079 134 2128 169 35

99 208 243 255 quidem
272 206 482 251 contagione
512 205 880 251 pestilentissimarum
906 206 1087 241 literarum
1112 231 1115 252 1
1140 208 1342 246 clesiastica.
1394 209 1488 245 Huic
1510 212 1668 257 proxima
1693 220 1763 256 est,
1790 215 1844 249 ius
1865 216 1997 259 dicere,
2022 231 2129 263 quam

98 270 174 294 non
191 258 299 292 infici,
1112 255 1115 319 Ι
1139 260 1169 292 si
1192 267 1284 294 recte
1309 262 1472 304 gesseris,
1507 275 1610 297 nemo
1636 264 1854 308 Monachus,
1888 280 1991 302 nemo
2017 268 2129 304 Here-

199 308 355 342 Proinde
378 320 458 342 cum
479 309 578 342 nulla
601 308 748 342 meliore
770 307 958 352 disciplina
977 308 1088 342 animi
1112 324 1115 383 Ι
1139 311 1223 344 mita
1249 311 1430 355 superiore
1451 319 1500 346 est
1516 316 1608 357 apud
1625 314 1739 350 Deum
1756 317 1844 353 loco.
1895 317 2127 364 Prophanum

95 360 142 394 ad
155 359 323 394 virtutem
339 360 522 394 assuefacti
539 359 626 397 sint,
655 357 745 392 nihil
763 359 870 403 pudet
887 359 924 391 in
941 366 1088 404 quaestu
1139 369 1268 395 munus
1292 369 1360 401 est,
1385 363 1444 395 sed
1470 365 1563 408 qnod
1587 377 1659 398 non
1677 367 1795 401 minus
1809 369 1970 415 religiose
1987 372 2128 404 tractari

95 411 151 445 ius
178 407 328 451 habere,
363 410 488 445 vitiare
520 411 630 454 leges,
665 411 873 454 detorquere
901 410 1087 444 malitiosis
1137 419 1292 456 oportet,
1326 425 1432 458 quarn
1462 415 1506 447 ad
1536 427 1630 448 aram
1659 419 1894 453 accedendum
1916 427 1966 454 est
1991 432 2128 455 sacrum

94 461 461 507 interpretationibus,
487 462 526 495 in
548 473 653 507 quam
679 460 805 494 volunt
821 466 967 504 partem.
1020 460 1086 494 So.-
1138 463 1299 496 facturis:
1330 463 1404 496 Imo
1433 461 1489 497 hic
1514 477 1593 499 vere
1617 477 1754 501 sacrum
1776 470 1879 512 facis,
1905 483 1984 504 cnm
2010 472 2128 516 publi-

95 512 214 546 lonem
229 512 336 546 refert
347 510 613 552 Demosthenes,
633 523 713 545 cum
726 522 825 544 reum
843 518 960 555 ageret
975 523 1086 556 quen-
1138 526 1196 547 cae
1213 514 1464 559 tranquillitati
1479 527 1517 549 ac
1531 517 1608 560 paci
1625 530 1766 561 operam
1782 532 1900 555 navas.
1949 521 2031 565 Quo
2048 523 2129 559 plu-

95 563 178 597 dam
199 563 418 608 perniciosae
442 563 528 607 legis
545 569 722 603 autorem,
747 561 891 595 dixisse:
919 561 1010 595 Cum
1028 574 1087 595 ca—
1137 565 1184 597 ris
1207 572 1322 598 autem
1349 563 1416 598 hoc
1441 566 1546 600 officii
1570 565 1665 601 Deus
1689 569 1791 610 facit,
1820 583 1859 604 eo
1884 580 1965 607 sunt
1990 561 2129 607 execra-

94 614 201 658 pitale
223 614 270 648 sit
291 615 465 648 nomisma
489 613 704 653 adulterare,
731 619 844 646 morte
863 613 1086 647 mulctandos
1111 640 1114 663 ¹
1137 615 1293 657 biliores‚
1321 616 1381 661 qui
1400 617 1575 660 publicam
1591 618 1628 651 in
1643 619 1720 653 foro
1733 619 2016 666 sycophanticam
2030 636 2129 658 exer-

94 676 169 699 esse
192 665 296 699 etiam
323 677 398 707 eos,
426 665 488 710 qni
502 665 594 708 leges
610 663 754 697 vitiant:
783 663 973 708 Propterea
990 665 1085 709 quod
1111 666 1113 699 ἒ
1137 673 1234 707 cent,
1279 668 1456 701 bonorum
1491 675 1702 711 extortores,
1749 671 1865 714 legum
1900 681 2129 716 contortores,

93 721 135 750 ut
161 716 199 749 in
224 716 370 760 privatis
395 715 614 749 commerciis
636 726 674 747 ac
697 715 936 748 contractibus
951 715 1086 748 nomis-
1110 703 1113 763 l
1137 717 1197 762 qui
1220 718 1276 750 vel
1298 718 1344 751 ob
1367 715 1459 751 hanc
1482 731 1621 752 causam
1645 721 1783 755 ferendi
1800 734 1871 756 non
1890 731 2006 765 erant,
2032 727 2128 770 quod

93 773 189 800 mate
211 767 364 808 utimur,
391 766 438 800 ita
463 765 615 810 publicis
637 765 858 799 commerciis
880 772 914 799 et
931 766 1086 808 negociis
1110 770 1112 808 ξ
1137 780 1155 801 a
1181 768 1381 802 civitatibus
1415 767 1544 803 horum
1567 771 1698 815 flagitia
1723 771 1837 806 Deum
1864 786 1937 806 non
1963 787 2040 808 raro
2065 777 2127 809 ab-

93 817 187 862 leges
203 829 275 858 esse
291 817 510 850 nomismatis
527 817 612 850 vice.
666 814 775 850 Recte
793 815 914 850 Solon.
967 816 1085 862 Atque
1109 809 1113 984 Ρ
1136 818 1308 857 alienent,
1336 820 1488 862 graviter
1504 829 1764 856 succensentem
1781 826 2015 869 constupratis
2034 826 2127 859 iudi-

93 869 229 903 utinam
247 880 286 902 eo
302 869 421 902 redeat
437 880 502 908 res,
528 874 567 901 ut
586 874 620 901 et
637 867 674 899 in
689 867 817 901 nostris
830 867 970 901 iudiciis
983 874 1085 912 petu—
1137 869 1210 904 ciis.
1262 868 1374 903 Porro
1392 882 1471 903 cum
1490 884 1562 904 non
1578 873 1769 908 dissideant
1785 887 1862 908 cum
1880 876 2006 919 pietate
2026 877 2127 920 leges,

92 919 224 960 lantia,
278 919 568 963 impudentiaque
605 918 810 951 rabularum
849 916 1086 960 coherceatur,
1136 927 1169 954 et
1192 932 1258 953 usu
1283 927 1439 965 receptae
1465 922 1552 962 sint,
1580 921 1673 956 nihil
1697 937 1877 959 moremur
1901 938 1980 967 eos,
2007 928 2067 972 qui
2093 940 2128 961 se

93 970 284 1004 mulctetur
306 970 420 1003 dolus.
478 969 517 1003 ld
542 970 628 1002 adeo
652 969 729 1007 fiet,
756 969 819 1001 uhi
842 970 885 1001 ad
907 967 1084 1013 Rempub.
1109 994 1111 1015 3
1138 971 1350 1004 insectandis
1374 972 1537 1006 civilibus
1556 974 1714 1007 moribus
1730 977 1772 1008 ad
1791 977 1916 1019 vulgus
1933 979 2126 1013 venditant.

93 1021 181 1055 boni
203 1021 271 1054 viri
294 1021 484 1059 adcedent,
510 1019 622 1054 literis
645 1026 678 1053 et
701 1019 1010 1062 cognitioneiuris
1027 1021 1083 1052 in-
1108 1028 1111 1054 1
1134 1021 1223 1054 Nam
1249 1022 1323 1055 sine
1347 1023 1487 1067 publica
1507 1024 1701 1059 calamitate
1720 1034 1872 1070 receptas
1890 1027 1981 1071 leges
1997 1030 2127 1062 mutari

93 1071 236 1113 structi,
263 1072 392 1117 quibus
408 1071 466 1105 isti
482 1071 664 1115 imponere
681 1082 743 1103 nec
762 1070 897 1111 ausint,
923 1082 986 1103 nec
1004 1083 1084 1114 pos-
1136 1084 1207 1105 non
1232 1085 1352 1116 posse,
1385 1080 1419 1107 et
1442 1086 1496 1107 res
1520 1076 1637 1116 docet,
1666 1083 1699 1110 et
1723 1078 1970 1121 sapientissimi
1996 1080 2126 1125 quique

91 1122 173 1155 sint.
226 1121 348 1167 Itaque
370 1121 523 1165 Reipub.
549 1121 711 1159 interest,
739 1126 777 1154 ut
801 1121 925 1165 optimi
950 1122 1082 1167 quique
1136 1130 1361 1159 monuerunt.
1414 1123 1565 1159 Extabat
1592 1128 1684 1170 apud
1708 1127 1841 1161 Locros
1868 1129 1904 1161 in
1929 1129 2018 1162 bene
2041 1143 2126 1163 con-

91 1178 125 1206 et
147 1172 288 1206 virtutis
304 1172 534 1206 amantissimi
551 1172 606 1205 ius
623 1171 841 1215 perdiscant,
868 1179 907 1205 ut
924 1172 951 1204 si
970 1185 1083 1217 quan·
1135 1174 1253 1208 stituta
1271 1175 1430 1216 civitate,
1458 1187 1496 1209 ea
1514 1178 1557 1210 de
1572 1188 1608 1210 re
1628 1177 1680 1211 lex
1693 1204 1702 1219 ,
1726 1185 1766 1212 ut
1785 1179 1945 1225 quisquis
1961 1181 2127 1214 adversus

90 1224 137 1257 do
161 1223 342 1268 publicum
367 1234 498 1257 munus
515 1223 735 1256 tractandum
756 1229 824 1261 est,
852 1230 942 1256 recte
958 1234 1082 1265 geren·
1134 1232 1288 1268 receptas
1316 1226 1408 1269 leges
1430 1227 1650 1270 rogationem
1674 1229 1800 1270 ferret,
1836 1231 1865 1262 is
1891 1242 1965 1263 eam
1993 1231 2124 1265 inserto

90 1274 155 1308 dae
170 1274 372 1320 provinciae
387 1283 477 1308 artes
491 1280 644 1307 teneant.
693 1272 867 1306 Videmus
882 1274 977 1306 enim
995 1286 1083 1319 quos
1134 1276 1170 1308 in
1187 1276 1352 1321 laqueum
1368 1278 1459 1310 collo
1478 1279 1652 1312 suaderet:
1675 1291 1763 1324 quae
1780 1280 1809 1313 si
1827 1281 2013 1315 videbatur
2028 1281 2126 1316 eRe-

89 1325 194 1359 ludos
214 1323 424 1369 Rebuspub.
455 1325 588 1369 ubique
612 1323 842 1367 Magistratus
868 1324 1023 1368 imperiti
1050 1332 1083 1358 et
1135 1327 1219 1370 pub.
1243 1338 1333 1367 esse,
1368 1328 1484 1361 salvus
1508 1330 1674 1363 evadebat
1696 1337 1814 1364 autor:
1842 1333 2127 1375 strangulabatur

91 1375 227 1409 indocti
252 1376 423 1415 reddant,
449 1386 556 1420 quos,
582 1381 622 1407 ut
644 1374 731 1407 boni
756 1374 844 1414 sint,
870 1386 1008 1408 necesse
1032 1383 1083 1409 est
1135 1383 1251 1409 antem
1273 1378 1461 1411 constricto
1486 1379 1629 1424 laque0‚
1661 1381 1722 1413 ubi
1746 1382 1858 1414 oratio
1881 1382 2126 1426 displicuisset.

89 1427 202 1460 multa
234 1426 394 1460 incantos
418 1437 577 1469 peccare,
604 1431 637 1458 et
662 1431 779 1458 tamen
801 1425 873 1458 fere
897 1425 943 1458 ita
962 1425 1017 1466 fit,
1043 1432 1082 1459 ut
1133 1425 1254 1471 Neque
1286 1428 1435 1461 dubium
1467 1435 1536 1467 est,
1571 1429 1658 1474 quin
1685 1430 1721 1463 id
1746 1431 1793 1464 ita
1817 1433 2046 1467 constitutum
2071 1435 2126 1476 sit,

90 1477 282 1511 deteriores
298 1476 388 1517 sint,
415 1488 484 1521 quo
501 1482 583 1509 sunt
598 1475 823 1508 indoctiores.
1134 1488 1177 1509 ne
1204 1484 1334 1510 temere
1358 1478 1612 1513 inducerentur
1632 1491 1698 1513 usu
1722 1482 1962 1524 confirmatae,
1994 1485 2125 1528 proba-

192 1527 275 1562 Dixi
300 1528 343 1561 de
367 1527 521 1570 legibus,
548 1525 688 1569 longius
711 1525 875 1566 fortasse,
905 1537 1010 1569 quam
1029 1524 1080 1558 se-
1133 1534 1257 1572 taeque
1279 1528 1454 1561 maiorum
1473 1528 1605 1562 iudicio
1622 1531 1724 1574 leges.
1778 1530 1826 1566 Et
1842 1531 1993 1567 Athenis
2011 1547 2124 1579 νομο-

89 1580 188 1615 rebat
214 1585 370 1623 tempus,
397 1577 457 1611 sed
481 1576 628 1610 omnino
653 1575 810 1619 parcius,
837 1587 944 1621 quam
969 1583 1003 1610 et
1026 1587 1081 1608 res
1133 1573 1295 1623 ([ύλακες
1322 1586 1443 1619 erant,
1477 1579 1537 1624 qui
1563 1582 1656 1624 apud
1679 1583 1871 1625 praefectos
1896 1584 1934 1617 in
1958 1587 2125 1620 omnibus

89 1630 220 1677 poscit,
252 1636 285 1663 et
309 1640 372 1672 ego
395 1628 570 1663 volebam.
636 1625 833 1671 Reliquum
856 1633 924 1667 est,
957 1633 998 1660 ut
1023 1638 1080 1659 eos
1134 1628 1283 1671 publicis
1312 1630 1490 1670 conciliis,
1523 1632 1681 1664 candidis
1710 1633 1825 1666 fasciis
1850 1636 2006 1669 coronati
2031 1637 2125 1670 adsi-

89 1682 150 1729 qui
179 1681 216 1714 in
247 1680 384 1724 legibus
414 1685 617 1718 versantur,
651 1675 836 1717 adhorter‚
869 1684 908 1710 ut
938 1684 1080 1710 strenue
1132 1679 1279 1720 debant,
1305 1687 1344 1713 ut
1368 1678 1615 1724 prohiberent,
1643 1695 1687 1716 ne
1712 1684 1798 1728 quid
1823 1692 1943 1719 contra
1970 1695 2124 1731 receptas

87 1737 255 1779 pergant,
281 1743 347 1764 nec
369 1742 387 1763 e
412 1729 528 1763 medio
553 1740 657 1763 cursu
682 1729 837 1761 revocari
864 1740 899 1761 se
917 1726 1079 1761 indocto-
1131 1730 1222 1772 leges
1253 1731 1516 1764 decerneretur:
1559 1731 1721 1778 Denique
1753 1741 1791 1768 ut
1822 1748 1979 1781 quaeque
2001 1738 2123 1772 civitas

86 1795 168 1819 rum
185 1783 332 1816 vocibus
349 1781 540 1825 patiantur.
592 1779 681 1812 Nam
701 1791 779 1811 cum
801 1778 932 1812 iudicia
951 1779 1080 1822 adpro-
1131 1780 1263 1823 optime
1286 1782 1474 1815 constituta
1498 1783 1582 1821 suit,
1609 1784 1656 1817 ita
1682 1785 1827 1818 minime
1850 1798 1946 1830 passa
1967 1795 2015 1822 est
2033 1789 2123 1832 leges

87 1835 148 1868 bet
169 1833 291 1876 religio
304 1859 313 1872 ,
341 1844 414 1864 non
431 1831 537 1863 modo
554 1842 627 1863 non
645 1829 815 1873 impium,
844 1830 901 1861 sed
921 1836 1078 1862 sanctum
1131 1831 1320 1875 antiquari.
1374 1832 1528 1866 Proinde
1554 1846 1619 1866 nos
1642 1847 1783 1881 quoque
1799 1837 1979 1880 publicum
1998 1839 2051 1872 ius
2068 1841 2122 1873 di-

89 1884 194 1919 etiam
219 1882 373 1917 officium
398 1880 551 1922 faciunt,
586 1880 645 1925 qui
670 1880 735 1912 rite
761 1880 804 1912 de
832 1879 908 1912 iure
934 1892 1079 1923 respon-
1130 1881 1278 1925 ligenter
1303 1889 1482 1924 tueamur,
1510 1886 1712 1928 praesertim
1738 1899 1816 1920 curn
1842 1886 1977 1922 Romae
2001 1897 2122 1924 natum

89 1936 185 1975 dent,
211 1940 273 1967 aut
286 1944 342 1966 res
357 1932 526 1965 iudicant.
568 1930 733 1974 Plerique
747 1937 973 1976 posteaquam
988 1927 1079 1964 hanc
1129 1933 1190 1973 sit,
1217 1933 1254 1965 in
1274 1933 1432 1978 principe
1451 1935 1547 1968 orbis
1565 1941 1737 1969 terrarum
1756 1936 1895 1981 Repub.
1910 1939 1946 1971 in
1967 1942 2123 1983 pruden-

88 1986 236 2020 induere
258 1983 540 2028 persuasionem,
565 1981 698 2014 versari
722 1992 756 2013 se
776 1980 814 2013 in
830 1993 866 2014 re
885 1979 1079 2025 prophana,
1103 2013 1105 2016 ,
1130 1983 1345 2017 tissimorum
1372 1991 1405 2019 et
1431 1985 1715 2020 doctissimorum
1742 1986 1927 2022 hominum
1953 1992 2123 2033 conciliis,

89 2043 122 2071 et
138 2048 244 2081 quam
259 2033 355 2069 Deus
372 2031 465 2066 nihil
483 2039 660 2072 moretur,
684 2031 823 2064 minore
841 2032 908 2064 fide
926 2044 1077 2077 curaque
1129 2046 1279 2079 quorum
1303 2047 1377 2068 non
1402 2037 1509 2069 modo
1527 2037 1646 2071 literae
1665 2049 1730 2071 nos
1747 2039 1847 2084 aequi
1867 2047 1899 2074 et
1917 2040 2030 2086 iniqui
2049 2043 2121 2077 dis-

87 2097 216 2121 munus
233 2097 335 2119 suum
350 2085 495 2119 obeunt.
540 2082 617 2116 Hos
631 2082 832 2115 meminisse
846 2083 939 2124 volo,
963 2082 1076 2116 Deum
1129 2085 1261 2118 crimen
1296 2087 1441 2125 docent,
1475 2088 1535 2120 sed
1565 2089 1720 2132 exempla
1749 2089 1853 2122 etiam
1879 2097 1911 2123 et
1935 2104 1991 2125 res
2021 2105 2120 2137 prae-

87 2145 121 2173 ει
137 2137 225 2172 iuris
242 2143 398 2171 autorem
415 2146 497 2176 esse,
517 2141 550 2168 et
567 2133 743 2166 vindicem
758 2133 927 2166 futurum.
969 2133 1076 2167 Libra
1129 2135 1219 2169 clare
1257 2143 1390 2180 gestae,
1438 2138 1479 2170 ad
1514 2138 1655 2172 virtutis
1686 2140 1842 2174 studium
1873 2139 2118 2179 adhortantur.

88 2195 122 2223 et
150 2188 309 2233 pondus,
350 2185 467 2231 inquit
497 2184 686 2222 Salomon,
723 2184 853 2217 iudicia
884 2183 948 2217 Dei
984 2192 1077 2220 sunt,
1128 2185 1222 2222 Dixi,

87 2239 207 2283 Quare
230 2238 258 2272 si
283 2237 368 2283 quid
396 2237 558 2282 iniquum
583 2235 764 2273 statueris,
792 2247 864 2267 non
890 2233 1075 2269 hominum

86 2296 225 2325 tantum
250 2299 365 2321 mores
389 2287 515 2320 violari
540 2288 676 2323 credas,
711 2286 769 2319 sed
795 2285 929 2324 Deum,
962 2298 980 2319 a
1006 2298 1075 2332 quo
1141 2311 1153 2314 ⁴
1189 2312 1219 2314 ---
1272 2313 1283 2314 ff
1862 2318 1869 2319 s
1933 2319 1944 2320 ἶ
1982 2319 1991 2321 ,
2012 2320 2017 2321 ⁷
2037 2320 2106 2324 „Q

86 2341 217 2375 iudicia
241 2339 429 2373 constituta
446 2345 544 2378 sunt,
572 2336 703 2370 offendi
723 2337 862 2371 sentias,
914 2335 993 2370 Non
1011 2335 1075 2370 ho-

84 2392 212 2432 minis,
242 2391 290 2424 ait
320 2389 474 2433 optimus
504 2388 671 2432 Princeps
697 2386 878 2432 iosaphat,
912 2389 1075 2421 exercetis
1126 2396 1186 2431 Ns·
1205 2396 1237 2429 8,
1947 2407 2106 2437 3¹¹·1525·

86 2443 276 2482 iudicium,
304 2441 362 2473 sed
373 2439 454 2473 Dei:
483 2440 579 2473 adest
600 2445 774 2483 spectator
796 2446 827 2471 et
844 2438 975 2471 arbiter
989 2451 1073 2472 con-
1124 2446 1243 2455 Μ
1941 2451 2110 2464 m

86 2494 246 2528 siliorum
273 2498 468 2525 vestrorum
495 2488 604 2523 Deus:
637 2489 690 2523 Sit
715 2489 822 2523 timor
845 2488 989 2522 Domini
1012 2503 1073 2523 vo·
1271 2504 1428 2562 praef
1459 2507 1506 2547 in
1535 2506 1705 2564 Officia
1733 2509 1887 2553 Cicero
1935 2514 1942 2522 .

85 2544 238 2584 hiscum,
269 2549 427 2576 accurate
453 2553 525 2574 rem
551 2540 670 2583 gerite.
724 2539 801 2573 Hoc
826 2552 908 2574 vero
931 2541 1074 2574 divinus
1423 2539 1432 2547 “
1891 2526 1973 2554 nlS.

86 2595 228 2639 spiritus
260 2593 441 2627 oraculum
474 2604 547 2625 non
579 2591 630 2623 illi
662 2597 798 2625 tantum
830 2591 965 2632 seculo,
1013 2592 1073 2624 sed
1193 2604 1275 2641 Ap=3d
1292 2602 1364 2628 Cra«.
1385 2601 1454 2637 Myl.
1478 2603 1569 2636 p.71*2
1590 2614 1662 2638 sqq„
1694 2606 1720 2631 in
1736 2607 1888 2633 Decuma«.
1909 2611 1940 2635 T.
1957 2609 1988 2636 Π.
2009 2620 2032 2643 p.
2053 2612 2115 2638 161..

175 2645 209 2679 'b
237 2656 252 2677 s
324 2644 334 2677 i
357 2644 417 2677 ubi
446 2655 489 2676 ue
506 2643 559 2675 ius
578 2642 700 2675 dicunt
773 2642 916 2676 rodidit.
966 2641 1071 2675 Nulla
1097 2637 1099 2649 ⁴
1226 2638 1349 2677 lffilffisd·
1366 2637 1397 2662 ¹¹·
1419 2647 1443 2669 Ρ·
1460 2637 1517 2676 2⁶3.-
1541 2644 1566 2663 '³¹
1591 2639 1616 2663 ¹¹¹
1639 2641 1755 2666 ⁵³⁸⁶st
1771 2643 1805 2668 ¹¹·
1826 2651 1850 2675 Ρ·
1870 2645 1923 2669 ¹59·
1946 2659 1976 2662 —
2015 2645 2118 2679 ”flius

85 2657 240 2731 giiiiiiiioli·
257 2657 414 2729 iiiuterris
423 2656 563 2728 siunctio
578 2700 626 2727 est
672 2655 775 2738 (11],ᾶὲ
794 2690 986 2727 οἷνονοιιία
1003 2691 1053 2726 Ee
1227 2682 1262 2731 'nd
1276 2671 1436 2732 Eiiiionlslss‘sn
1459 2678 1623 2706 “nmmum
1641 2674 1705 2701 ³¹⁸¹·
1726 2676 1794 2702 ¹³³¹¹0
1809 2678 2003 2711 pr³es³¹ivnc¹¹¹
2023 2681 2118 2706 renum

637 2720 645 2734 ³
841 2721 847 2726 ·
918 2727 922 2737 ,
1056 2715 1072 2720 “·
1232 2716 1244 2731 a
1335 2725 1340 2731 .
1425 2726 1431 2731 .

1458 2743 1516 2777 6*
