2338 2958
114 121 189 157 393

115 208 267 252 cipatum
286 216 410 249 magna
430 217 470 239 ex
495 213 593 251 parte
616 209 875 242 transtulerunt
896 209 938 242 ad
954 207 1106 253 Episco-

115 269 189 303 pos,
213 268 364 302 quorum
382 257 442 290 diu
461 257 604 292 fuerunt
622 259 787 304 aequiora
806 260 964 304 imperia,
988 267 1021 294 et
1037 260 1104 292 mi-

113 319 178 342 nus
203 307 396 351 periculosa
422 308 588 344 libertati.
644 309 728 343 Pars
753 311 906 354 regionis
932 318 964 344 et
990 309 1104 353 Burg-

111 357 239 402 graviis
253 356 573 402 Noribergensibus
590 373 709 405 parere
726 362 854 405 coepit,
882 362 1043 402 invitata,
1066 368 1105 394 ut

111 408 258 451 opinor,
293 416 326 443 et
358 410 544 444 nobilitate
572 419 604 445 et
633 412 762 446 virtute
794 412 960 446 familiae.
1014 411 1102 445 Nam

110 459 321 503 Burggravii
341 459 476 494 Guelfis
501 462 569 495 orti
588 469 687 503 sunt,
714 475 781 508 qua
799 463 856 495 vix
879 470 929 496 est
953 463 1024 496 ulla
1043 475 1104 495 ve-

110 511 240 544 tustior
257 511 293 543 in
312 510 503 546 Germania
530 513 716 554 nobilitas,
743 513 880 558 fuitque
906 526 968 557 par
994 513 1103 546 nobi-

109 561 200 595 litati
225 561 354 595 virtus:
382 575 518 606 possem
543 563 637 596 enim
663 576 938 596 commemorare
962 565 1102 600 multos,

110 612 171 657 qui
188 623 240 645 res
259 613 428 646 maximas
447 621 637 658 gesserunt,
663 615 721 647 sed
743 621 919 657 praetereo
938 622 1100 649 caeteros.

108 661 248 696 Alberti
265 663 437 697 fortitudo
455 671 488 698 et
503 665 674 697 foelicitas
693 665 729 697 in
752 665 891 708 praeliis
913 672 1007 699 tanta
1025 666 1102 706 fuit,

109 720 148 748 ut
170 712 376 748 Germanici
393 712 544 748 Achillis
568 716 777 758 cognomine
796 717 1000 752 celebretur.

213 780 283 814 Nec
303 793 384 814 vero
407 781 555 815 extincta
579 789 662 818 sunt
680 782 717 815 in
739 783 870 816 nostris
897 781 1100 817 hominibus

109 831 226 866 studia
250 832 409 871 virtutis,
446 832 551 865 etiam
573 832 601 864 si
624 833 692 866 fata
722 834 910 878 imperium
936 832 1100 878 Europae

108 883 153 915 ad
184 882 270 915 alias
312 889 430 925 gentes
469 883 738 918 transtulerunt.
801 883 890 917 Nam
925 886 1098 930 equitatus

108 931 317 973 Francicus,
345 933 468 976 peritia
487 934 537 966 rei
557 934 739 972 militaris,
767 935 971 978 disciplina,
999 936 1099 969 forti-

107 983 250 1024 tudine,
275 995 401 1026 genere
427 996 624 1025 armorum,
652 998 724 1018 non
751 987 841 1019 cedit
865 987 1011 1031 reliquis
1036 999 1099 1020 na-

106 1034 264 1068 tionibus
291 1032 535 1078 Germanicis,
562 1047 650 1080 quae
679 1037 836 1081 equitatu
861 1038 1004 1080 pollent.
1059 1037 1098 1071 ln

105 1084 308 1118 civitatibus
336 1097 417 1118 vero
445 1085 574 1119 iudicia
601 1087 734 1129 legibus
761 1094 793 1120 et
813 1088 888 1120 iure
910 1089 1097 1122 constituta

106 1142 202 1178 sunt,
224 1147 308 1179 gens
324 1136 396 1179 ipsa
413 1148 490 1169 cum
510 1143 633 1170 natura
653 1145 747 1172 amat
762 1139 962 1179 candorem,
981 1140 1098 1179 fidem,

105 1185 300 1227 iusticiam,
334 1187 597 1228 liberalitatem,
631 1195 704 1221 tum
736 1202 818 1222 vero
846 1190 1036 1223 domestica
1065 1197 1098 1223 et

105 1237 247 1282 publica
272 1237 460 1281 disciplina
483 1239 527 1270 ad
547 1238 712 1272 virtutem
738 1246 771 1273 et
792 1241 909 1273 omnia
932 1239 1094 1274 humani-

106 1287 184 1322 tatis
202 1288 314 1321 officia
331 1288 505 1321 assuefieri
525 1289 623 1323 solet.
676 1289 838 1336 Cumque
864 1291 1004 1335 ingenia
1028 1292 1099 1325 sint

106 1338 254 1372 minime
272 1339 405 1380 fucata,
432 1339 489 1372 vix
513 1339 673 1374 invenias
698 1342 783 1375 alibi
814 1342 984 1376 firmiores
1010 1343 1098 1375 ami-

108 1389 218 1422 citias.

209 1455 286 1491 Etsi
310 1463 426 1490 autem
452 1457 488 1489 in
509 1464 603 1491 tanta
621 1460 848 1503 corruptione
873 1460 1096 1504 publicorum

107 1520 247 1541 morum
266 1507 398 1553 ubique
417 1508 609 1551 plurimum
628 1517 678 1543 est
692 1511 871 1550 vitiorum,
899 1518 1014 1543 tamen
1037 1510 1096 1543 ubi

106 1559 224 1591 minor
241 1564 290 1592 est
307 1558 444 1601 ignavia
457 1586 466 1599 ,
493 1561 709 1593 consuetudo
735 1561 865 1593 laboris
887 1561 995 1594 multa
1014 1561 1095 1593 vitia

105 1616 215 1650 arcet,
250 1615 284 1643 et
305 1610 419 1643 adfert
448 1607 655 1643 hominibus
678 1611 869 1651 duriciem,
910 1619 948 1645 ut
980 1612 1097 1644 minus

104 1666 271 1705 appetant
303 1660 523 1694 inconcessas
551 1661 747 1705 voluptates
782 1670 815 1696 et
847 1663 979 1697 luxum.
1034 1663 1095 1696 Est

104 1717 221 1746 autem
238 1718 384 1755 utraque
402 1710 526 1744 Moeni
551 1711 624 1755 ripa
644 1713 834 1746 admodum
860 1714 955 1747 ferax
976 1721 1005 1747 et
1022 1714 1097 1746 cul-

106 1769 158 1802 ta,
188 1773 295 1807 quare
321 1761 448 1795 Franci
476 1762 710 1806 agriculturae
733 1764 841 1797 dediti
867 1771 960 1800 sunt.
1019 1764 1096 1797 lloc

107 1812 223 1846 durati
254 1813 372 1846 labore
404 1813 524 1845 luxum
558 1822 810 1857 aspernantur,
844 1827 881 1847 ac
907 1826 1030 1858 magna
1057 1827 1094 1847 ex

107 1870 204 1907 parte
220 1870 287 1903 est,
314 1871 352 1896 ut
371 1863 429 1896 ille
450 1864 580 1908 inquit:

209 1930 335 1965 Nostra
353 1943 498 1974 operum
519 1931 663 1973 patiens,
692 1943 870 1975 parvoque
888 1938 1020 1964 assueta
1041 1931 1097 1963 iu-

107 1988 244 2017 ventus.
297 1982 470 2015 Nonnulli
498 1989 530 2015 et
559 1989 790 2015 mercaturam
825 1990 1002 2021 exercent,
1036 1982 1093 2014 sed

106 2033 216 2076 magis
241 2034 365 2066 crebro
382 2033 642 2066 oeconomicam
655 2060 664 2073 ‚
687 2045 775 2080 quae
794 2033 884 2065 vitae
904 2033 1094 2065 necessaria

107 2091 158 2118 est
177 2091 209 2118 et
225 2084 326 2129 plena
343 2081 583 2118 humanitatis,
638 2083 733 2125 Quid
757 2090 805 2116 est
825 2084 918 2116 enim
936 2084 1096 2117 laudabi-

106 2135 195 2174 lius,
221 2142 254 2168 et
270 2135 361 2168 vitae
379 2135 520 2174 utilius,
548 2147 651 2179 quam
671 2135 841 2167 devinciri
867 2135 957 2168 iuter
971 2147 1006 2167 se
1033 2132 1096 2166 bo-

107 2185 221 2218 minos
252 2192 373 2218 mutua
406 2197 524 2218 rerum
557 2185 828 2218 necessariarum·
859 2186 1095 2218 cuminunica-

107 2236 229 2269 tione?
263 2235 379 2269 Iluius
395 2236 444 2269 rei
463 2237 599 2280 copiam
615 2237 680 2269 soli
706 2236 865 2269 fvt-tilitas
888 2237 1096 2279 suppeditat,

107 2287 202 2331 quod
221 2286 386 2320 frumenti
404 2294 540 2320 tantum
559 2288 680 2329 gignit,
707 2294 743 2319 ut
764 2287 888 2319 vicinis
907 2288 1008 2320 etiam
1029 2288 1093 2319 im-

108 2338 311 2382 pertiamus.
350 2337 482 2370 Yinum
499 2345 614 2371 autem
634 2338 777 2371 uberius
793 2339 882 2380 apud
903 2350 967 2370 nos
983 2338 1095 2370 nasci-

109 2395 177 2429 tur,
200 2400 306 2433 quare
326 2389 446 2432 procul
468 2389 502 2420 in
524 2389 682 2431 regiones
698 2390 910 2433 longinquas
926 2387 1096 2423 evehitur.

109 2437 178 2473 Pro
205 2437 270 2473 hoc
294 2440 400 2472 salem
427 2446 459 2472 et
487 2440 624 2472 metalla
650 2441 760 2473 nostri
784 2436 968 2474 revellunt.
1020 2438 1094 2473 Etsi

109 2497 224 2524 autem
245 2503 351 2523 venae
368 2490 443 2523 auri
461 2497 563 2535 atque
579 2492 711 2531 argenti
729 2492 819 2535 apud
839 2502 901 2522 nos
919 2492 1094 2523 interdum

111 2541 359 2581 inveniuntur,
401 2548 515 2574 tamen
549 2541 658 2574 nostri
691 2542 844 2575 conteuti
874 2541 1096 2583 agricultura,

651 119 808 157 DECL.
853 121 926 158 DE
959 119 1239 158 ENCOMIO
1275 119 1583 157 FRANCtAE.
2083 119 2157 158 394

1158 218 1217 239 ora
1236 204 1417 240 horridior
1435 215 1501 248 est,
1531 209 1646 253 itaque
1663 208 1840 254 plerisque
1859 207 1944 241 locis
1961 220 1996 241 re
2026 221 2151 253 pecua-

1157 257 1208 289 ria
1232 264 1476 291 sustentantur
1497 256 1670 294 bomines.
1724 259 1917 302 Noriberga
1936 271 2038 299 vero,
2068 273 2148 294 nam

1157 304 1247 339 hanc
1266 320 1406 352 quoque
1432 309 1467 341 in
1492 321 1552 342 ora
1569 309 1737 344 franciae
1761 317 1853 344 recte
1869 311 2033 343 collocari
2053 312 2148 343 arbi-

1156 364 1240 398 tror,
1271 358 1373 391 floret
1391 371 1469 391 cum
1486 361 1729 394 excellentium
1747 361 1921 395 artificum
1941 362 2149 406 frequentia,

1156 416 1230 442 tum
1245 416 1457 449 mercatura,
1485 422 1573 454 quae
1598 423 1669 443 non
1689 412 1859 445 absimilis
1877 419 1923 445 est
1945 413 2148 445 oeconomi—

1155 471 1230 491 eae:
1267 457 1384 493 evehit
1406 460 1499 492 enim
1526 461 1699 494 artificum
1727 475 1850 505 opera,
1887 475 1949 495 nec
1976 463 2050 495 sine
2083 461 2147 496 liae

1154 509 1398 552 negociatione
1423 518 1648 555 suppeterent
1671 513 1841 545 artificum
1868 514 2016 546 officinis
2050 526 2146 546 sum-

1155 568 1245 604 ptuS.
1300 560 1420 603 Quare
1445 569 1477 594 et
1502 559 1567 595 hoc
1592 574 1701 605 genus
1727 566 1941 597 mercaturae
1965 577 1981 597 a
2000 564 2146 598 Platone

1156 613 1335 644 laudatum
1365 619 1397 646 et
1423 614 1609 647 autoritate
1636 613 1750 656 legum
1777 613 1812 645 in
1837 613 1988 657 Digestis
2013 615 2146 657 gravis-

1153 662 1240 695 sime
1278 663 1545 707 comprobatnm
1583 671 1644 699 est.
1700 663 1741 696 In
1777 676 1858 707 agro
1895 664 2145 707 Bambergcnsi

1154 713 1240 746 mira
1267 720 1316 747 est
1334 711 1518 748 hortorum
1546 715 1738 748 amoenitas
1759 722 1791 748 et
1807 715 1984 755 fertilitas,
2014 717 2048 748 iu
2067 716 2146 761 qui-

1154 765 1218 797 bus
1248 764 1277 797 si
1300 776 1391 804 nou,
1425 772 1463 798 ut
1491 765 1526 798 in
1554 764 1697 799 Alcinoi
1735 763 1846 800 hortis
1881 767 2008 810 punica
2042 767 2146 805 mala,

1153 815 1206 847 fici
1243 821 1276 848 et
1309 816 1405 848 oleae
1428 823 1642 857 nascuntur,
1677 824 1793 850 tamen
1822 817 1945 860 ingens
1970 824 2020 851 est
2045 818 2144 861 copia

1153 865 1347 899 multorum
1364 867 1562 907 fructuum,
1591 867 1651 912 qui
1670 868 1760 900 vitae
1776 875 1857 900 sunt
1872 868 1988 902 utiles.
2041 866 2086 901 Et
2106 876 2143 902 ut

1153 924 1305 949 caeteros
1334 918 1513 958 omittam,
1547 918 1735 951 latissimos
1767 930 1908 961 campos
1938 916 2144 965 γλυκυριζα

1153 974 1316 1012 occupat,
1350 968 1449 1001 cuius
1474 980 1620 1011 magnus
1648 976 1697 1002 est
1722 980 1804 1002 usus
1828 969 1865 1001 in
1884 970 2004 1002 multis
2029 981 2143 1001 reme-

1151 1018 1230 1051 diis.
1285 1017 1445 1063 Cumque
1463 1026 1583 1061 gentes
1598 1020 1742 1063 propius
1760 1020 1800 1051 ad
1819 1020 1953 1053 Arcton
1973 1021 2142 1053 acceden-

1151 1075 1220 1107 tes,
1263 1076 1405 1113 propter
1434 1070 1562 1113 frigora
1590 1077 1624 1104 et
1653 1070 1958 1113 intemperantiam
1991 1068 2145 1104 habeant

1153 1120 1346 1153 crebriores
1368 1127 1496 1159 tusses,
1519 1128 1552 1154 et
1576 1121 1852 1161 destillationes,
1879 1128 1911 1154 et
1933 1121 2142 1165 pulmonum

1152 1170 1395 1210 incommoda,
1425 1171 1552 1216 quibus
1570 1173 1731 1205 medetur
1754 1172 1902 1204 maxime
1925 1169 2143 1219 γλυκυρίζα,

1153 1221 1303 1254 multum
1324 1223 1454 1255 debent
1470 1222 1579 1255 vicini
1597 1230 1736 1256 nostrae
1755 1222 1902 1265 regioni,
1928 1235 2015 1267 quae
2032 1235 2145 1255 reme-

1151 1272 1250 1305 dium
1266 1272 1315 1305 eis
1334 1273 1654 1317 praesentissimum
1681 1273 1892 1317 suppeditat.
1944 1271 2008 1306 Est
2032 1280 2064 1306 et
2087 1285 2144 1306 ars

1151 1335 1189 1355 ac
1212 1322 1300 1355 ratio
1318 1324 1457 1357 colendi
1481 1324 1586 1367 digna
1611 1324 1864 1364 admiratione,
1891 1335 1979 1368 quae
1997 1322 2144 1357 adbibe-

1152 1379 1208 1406 tur
1234 1373 1270 1405 iu
1298 1373 1488 1417 plantanda
1514 1381 1546 1407 et
1570 1376 1793 1418 propaganda
1819 1371 2039 1421 ytvzvpi'ga:
2069 1387 2144 1408 cer-

1153 1430 1200 1457 tat
1221 1424 1316 1456 enim
1333 1436 1388 1458 ars
1409 1437 1487 1458 cum
1507 1432 1630 1458 natura
1648 1425 1793 1458 mirifica
1811 1425 2057 1458 aemulatione.

1250 1499 1430 1533 Hactenus
1445 1501 1486 1533 de
1504 1500 1617 1542 gentis
1634 1500 1783 1543 ingeniis
1798 1512 1837 1533 ac
1853 1500 2022 1542 moribus,
2051 1508 2082 1535 et
2101 1503 2143 1535 de

1151 1550 1215 1582 soli
1239 1551 1395 1584 bonitate
1417 1551 1572 1584 breviter
1592 1550 1686 1590 dixi,
1715 1563 1802 1595 quae
1826 1549 2011 1596 Physicam
2039 1551 2144 1585 habet

1151 1613 1288 1634 causam
1313 1614 1385 1633 non
1411 1602 1607 1634 obscuram.
1661 1600 1708 1635 Ut
1734 1602 1828 1634 enim
1858 1609 2011 1635 caeterae
2029 1604 2144 1646 regio·

1150 1664 1229 1692 nes,
1257 1665 1345 1697 quae
1363 1659 1530 1697 tanquam
1548 1652 1655 1684 valles
1673 1653 1948 1696 praecinguntur
1963 1654 2143 1687 montibus

1150 1715 1187 1736 ac
1218 1703 1325 1746 iugis,
1358 1704 1484 1736 melius
1515 1703 1708 1745 irrigantur
1733 1704 1901 1737 dessuenti
1925 1716 1963 1736 ex
1996 1705 2142 1738 saltibus

1153 1754 1273 1797 pingui
1300 1752 1468 1795 humore,
1503 1754 1548 1786 ita
1577 1762 1609 1787 et
1635 1753 1780 1786 Francia
1808 1754 1843 1787 fu
1864 1755 2025 1795 uberior,
2059 1768 2141 1798 pro-

1151 1805 1262 1838 cincta
1284 1802 1367 1837 hine
1393 1806 1482 1837 saltu
1499 1804 1712 1847 Turingico,
1743 1804 1845 1837 istinc
1871 1805 1960 1837 saltu
1978 1805 2141 1840 Snexico.

1154 1854 1195 1888 Et
1221 1856 1355 1898 rigatur
1380 1855 1586 1888 fluminibus
1612 1855 1795 1888 ambitiose
1816 1868 1891 1888 eam
1921 1857 2142 1900 pervaganti-

1153 1907 1236 1947 bus,
1265 1905 1414 1947 Moeno,
1443 1906 1606 1947 Tubaro,
1634 1906 1739 1947 Laso,
1766 1905 1950 1950 Regnicio.

1248 1978 1421 2014 Nonnihil
1441 1987 1472 2013 et
1489 1981 1653 2014 coelestes
1671 1993 1792 2014 causae
1808 1981 1973 2014 adiuvant
1992 1982 2057 2014 soli
2074 1982 2140 2015 bo-

1151 2031 1296 2064 nitatem
1327 2039 1359 2065 et
1384 2029 1569 2064 homiuum
1587 2032 1738 2075 ingenia.
1803 2031 1891 2064 Cum
1911 2032 2003 2065 enim
2022 2032 2141 2066 Ptole-

1151 2094 1270 2115 maeus
1293 2083 1476 2115 universae
1493 2082 1706 2115 Germaniae
1723 2083 1887 2115 attribuat
1909 2083 2060 2127 primum
2077 2084 2141 2117 tri-

1150 2145 1293 2176 gonum,
1310 2134 1473 2167 videlicet
1493 2133 1659 2172 Arietem,
1680 2133 1835 2166 Leonem
1851 2140 1883 2167 et
1900 2133 2140 2177 Sagittarium,

1150 2197 1188 2217 ac
1211 2184 1379 2227 adiungat
1405 2181 1757 2222 otxod‘mnorofimag
1783 2183 1898 2217 Iovem
1920 2192 1951 2218 et
1977 2185 2141 2225 Martem,

1151 2233 1277 2268 horum
1294 2237 1346 2268 vis
1362 2236 1509 2268 maxima
1527 2242 1576 2267 est
1594 2236 1628 2267 iu
1648 2235 1758 2267 media
1781 2234 1984 2271 Germania.
2026 2235 2140 2268 Frau-

1149 2286 1198 2318 cia
1221 2293 1336 2319 autem
1363 2287 1434 2319 fere
1456 2286 1643 2318 umbilicus
1670 2293 1718 2319 est
1744 2285 1966 2319 Germaniae.
2020 2286 2138 2329 Quare

1150 2344 1180 2370 et
1206 2337 1318 2370 solum
1339 2337 1456 2369 minus
1474 2344 1522 2369 est
1543 2334 1749 2376 borridum,
1777 2349 1854 2370 cum
1880 2349 1896 2369 a
1919 2336 2018 2380 Iove,
2050 2346 2079 2371 ct
2101 2344 2139 2370 ut

1149 2388 1297 2431 oppositi
1324 2387 1491 2429 trianguli
1517 2394 1639 2420 natura
1660 2387 1743 2425 sert,
1770 2400 1786 2419 a
1808 2386 1944 2421 Venere
1967 2395 2138 2432 tempere—

1150 2446 1216 2472 tur.
1270 2437 1315 2472 Et
1341 2439 1454 2471 studia
1477 2450 1658 2482 moresque
1685 2435 1870 2470 bominum
1894 2452 1964 2471 non
1990 2440 2137 2472 obscure

1119 2481 1122 2547 l
1150 2490 1334 2522 imitantur
1355 2488 1445 2521 lovis
1470 2496 1501 2521 et
1528 2488 1652 2522 Martis
1676 2496 1853 2522 naturam:
1883 2497 1962 2522 sunt
1989 2491 2079 2521 enim
2102 2490 2135 2521 iu

1120 2551 1121 2568 t
1148 2541 1387 2582 gubernandis
1404 2540 1604 2572 ciuitatibus
1624 2552 1718 2572 acres
1734 2547 1764 2573 et
1781 2540 1966 2579 industrii,
1992 2541 2080 2583 leges
2106 2547 2136 2572 et

112 2603 184 2623 non
202 2600 402 2625 scrutantur
420 2604 486 2625 eaS.
527 2592 672 2625 Ferrum
691 2599 826 2625 tantum
844 2600 971 2625 eruunt
988 2599 1021 2625 et
1037 2605 1094 2625 cx·
1119 2606 1121 2637 ff
1149 2592 1389 2636 disciplinam,
1415 2591 1441 2623 si
1465 2603 1531 2635 qua
1560 2591 1672 2633 natio,
1702 2591 1810 2623 nostri
1837 2591 1985 2623 maxime
2010 2597 2136 2629 amant,

112 2650 287 2686 coquunt,
324 2644 417 2688 quod
446 2643 556 2685 magis
586 2643 819 2675 necessarium
853 2649 903 2676 est
935 2644 976 2676 ad
1005 2643 1096 2676 vitae

110 2704 213 2734 usus,
239 2701 272 2728 et
295 2693 471 2739 copiosius
496 2694 607 2737 giguit
630 2701 747 2727 nostra
772 2692 877 2737 regio.

1149 2643 1323 2686 ignaviam
1346 2642 1500 2675 iudicant
1521 2653 1592 2674 esse
1615 2642 1872 2685 turpissimam,
1900 2653 2005 2685 quare
2032 2640 2135 2672 nobi-

931 2691 1096 2728 Extrema
1118 2705 1123 2729 t
1148 2694 1190 2726 lis
1214 2694 1377 2727 iuventus
1401 2693 1548 2726 militiae
1573 2693 1698 2736 cupida
1723 2699 1789 2730 est,
1822 2698 1853 2724 et
1878 2691 2003 2735 passim
2025 2698 2135 2723 castra
