2338 2958
88 96 139 135 57

87 195 154 218 nec
177 189 268 217 recte
291 181 433 216 dicendi
448 178 680 227 archetypum
697 181 797 215 facile
813 192 961 226 usquam
980 192 1080 224 repe-

88 235 160 269 rias
177 231 244 266 hoc
266 233 342 266 loco
359 232 631 273 absolutiorem,
657 233 756 266 cuius
780 232 986 275 elegantiam
1007 231 1081 264 vir-

87 290 250 329 tutesque
263 295 386 317 omnes
400 283 429 316 is
445 283 587 316 demum
603 283 750 329 propius
768 289 895 322 cernet,
921 282 982 327 qui
998 281 1079 314 imi-
1102 276 1106 315 l
1129 288 1234 322 stare,
1262 293 1306 314 ne
1324 283 1418 326 quod
1437 283 1522 315 utile
1542 283 1707 325 scriptum
1727 282 1960 314 intercideret.

87 335 154 369 tari
171 340 206 368 et
221 334 414 378 exprimere
425 333 519 379 ‚stylo
536 335 734 369 conabitur.
787 332 880 367 Cave
899 333 992 365 enim
1013 344 1079 376 pu-

87 391 140 420 tes
155 384 351 418 Homerum
375 391 506 418 temere
530 396 549 418 a
566 384 616 418 M.
636 384 802 419 Cicerone
824 384 928 427 plane
946 380 1078 416 Orato-

88 447 163 470 rem
178 435 315 477 vocari,
342 441 402 468 aut
420 435 620 469 inconsulte
637 435 812 479 scripsisse
831 433 992 474 Fabium,
1020 446 1078 467 ex—

87 486 213 520 cellere
227 483 323 520 hunc
338 485 483 519 Poetam
506 485 668 520 oratoriis
692 485 858 518 omnibus
875 484 1076 518 virtutibus.

88 535 162 570 Iam
179 549 268 582 quae
284 548 385 570 scena
404 548 458 569 res
475 534 645 570 humanas
661 536 777 569 verius
792 535 1077 579 repraesentavit,

87 599 193 633 quam
210 586 357 620 Homeri
375 599 534 627 carmen,
560 593 599 620 ut
614 587 688 619 fieri
706 593 866 632 nequeat,
894 586 979 630 quin
998 585 1075 618 obi-

86 645 140 672 ter
154 644 189 671 et
205 646 322 671 rerum
342 638 574 671 admiratione
589 643 773 680 tangamur
785 664 794 677 ‚
822 649 930 682 quum
949 636 1075 669 dictio-

86 700 168 722 nem
186 689 459 723 consideramus,
497 686 666 721 Offerunt
683 700 754 720 sese
777 688 870 720 ultro
889 687 1073 731 spectanda

86 751 225 772 morum
263 739 437 783 exempla,
475 737 682 782 Principum
713 739 879 783 vulgique
909 739 1076 778 adfectus,

87 790 184 823 varia
210 801 326 823 rerum
351 796 524 833 gestarum
552 789 717 822 consilia:
753 790 881 834 quibus
906 789 973 821 nisi
995 801 1075 821 eru-

86 840 156 874 diri
177 840 314 874 animos
335 839 534 873 Arcesilaus
560 840 742 881 sensisset,
777 852 959 883 nunquam
980 851 1075 872 ama-

85 891 177 924 sium
211 902 313 923 suum
346 889 540 923 Homerum
577 898 742 925 vocasset.
804 888 897 923 Mihi
932 890 1073 935 quidem

85 941 245 975 omnium
264 953 352 986 quae
369 938 555 974 hominum
574 941 712 985 ingenia
732 953 908 992 peperere,
934 941 1072 973 nullum

85 992 296 1037 prudentius
305 990 494 1024 Homerico
510 992 678 1035 scriptum
697 999 811 1025 extare
823 992 972 1025 videtur.
1002 990 1073 1023 ‘Nec

85 1042 277 1076 dubitarim
295 1042 495 1083 adfirmare,
521 1043 612 1087 quod
630 1041 800 1075 Horatius
816 1042 968 1082 censuit,
994 1042 1074 1075 Ho-

85 1105 234 1133 merum,
259 1092 344 1137 quid
361 1098 506 1132 rectum,
531 1092 617 1137 quid
633 1093 719 1125 utile
735 1093 789 1134 sit,
815 1093 941 1126 melius
957 1090 1072 1137 Chry-

84 1142 185 1187 sippo
202 1149 236 1176 et
249 1141 420 1177 Crantore
436 1143 569 1176 docere.
625 1142 764 1185 Quaeso
788 1143 847 1188 qui
872 1144 985 1187 potuit
1001 1142 1073 1177 Re-

82 1204 165 1237 gum
191 1193 367 1226 temeritas
392 1193 549 1226 festivius
575 1194 706 1235 notari,
740 1206 845 1239 quam
869 1207 947 1227 cum
975 1194 1073 1237 fingit

83 1243 221 1277 somnio
255 1250 468 1277 commotum
503 1243 825 1288 Agamemnonem,
866 1245 1071 1278 universum

84 1294 274 1328 exercitum
292 1293 466 1328 Graecum
484 1295 520 1327 in
539 1295 728 1329 discrimen
745 1296 944 1329 adducere?
975 1296 1073 1329 Con-

81 1351 148 1379 stat
170 1345 264 1378 enim
286 1357 391 1390 quam
420 1346 466 1378 ob
497 1346 641 1379 frivolas
666 1357 786 1379 causas
813 1358 1069 1391 nonnunquam

81 1395 199 1429 omnia
225 1394 393 1429 misceant
410 1394 601 1439 Principes.
656 1395 753 1438 Quid
777 1397 814 1428 in
831 1394 981 1429 Achillis
1000 1396 1073 1440 cly-

81 1445 172 1491 peo?
198 1457 319 1478 nonne
332 1457 448 1478 rerum
465 1446 654 1486 elementa,
683 1453 715 1480 et
736 1447 927 1479 clarissima
946 1447 1071 1485 sidera,

81 1503 259 1541 praeterea
276 1493 404 1528 horum
423 1496 555 1540 positus
572 1497 675 1529 etiam
698 1508 737 1529 ac
753 1503 887 1529 meatus
906 1494 1070 1540 graphice

81 1546 283 1591 descripsit,
316 1547 410 1578 unde
435 1553 551 1590 postea
577 1553 610 1579 et
631 1544 839 1590 Philosophi
863 1547 1069 1588 dimetiendi

80 1598 169 1632 coeli
183 1597 354 1631 rationem
374 1597 558 1641 accepere?
609 1596 698 1630 Nam
717 1604 750 1630 et
768 1598 889 1630 eodem
908 1597 985 1630 loco
1003 1597 1070 1629 cir-

81 1648 218 1692 cumagi
241 1645 376 1680 Arcton
401 1647 535 1692 inquit,
566 1659 629 1681 nec
652 1659 809 1693 unquam
834 1648 1010 1688 occidere,
1039 1655 1067 1680 et

81 1699 251 1743 eregione
267 1698 319 1730 illi
336 1698 534 1742 oppositum
551 1710 622 1731 esse
632 1696 789 1732 Oriona:
816 1710 882 1743 qua
898 1698 1067 1731 sententia

79 1750 211 1784 bonam
230 1747 477 1782 Astronomiae
495 1755 628 1793 partem
646 1750 845 1793 complexus
861 1755 922 1783 est.
959 1748 1069 1791 Quid,

81 1801 177 1845 quod
202 1799 332 1833 ibidem
355 1806 387 1832 et
409 1799 502 1843 pacis
525 1800 706 1832 commoda
728 1807 760 1832 et
783 1800 867 1832 belli
886 1811 1069 1832 aerumnas

80 1850 174 1883 inter
203 1861 238 1883 se
260 1849 411 1890 confert,
445 1862 523 1882 cum
547 1851 633 1882 duas
665 1850 785 1890 urbes,
816 1850 958 1882 alteram
986 1862 1067 1894 pace

80 1900 286 1939 florentem,
313 1899 456 1932 alteram
481 1900 574 1932 bello
598 1906 766 1933 vastatam
791 1900 971 1944 depingit?
997 1913 1066 1946 quo

79 1950 190 1993 magis
208 1949 378 1990 invisum,
403 1949 549 1993 opinor,
575 1950 707 1983 bellum
725 1963 796 1983 rem
815 1951 1068 1995 perniciosissi-

80 2013 194 2041 mam,
228 2001 360 2044 optimo
394 2000 521 2046 cuique
551 2001 687 2033 faceret.
751 2000 791 2034 ln
830 2009 945 2045 pacata
978 2003 1067 2035 urbe

79 2051 213 2096 nuptiis
230 2051 327 2084 locus
343 2057 404 2089 est,
431 2058 636 2084 exercentur
652 2051 792 2092 iudicia,
817 2059 970 2094 aguntur
985 2065 1066 2085 cau-

81 2114 155 2143 sae,
182 2101 407 2135 admirationi
434 2108 516 2135 sunt
532 2099 712 2135 Oratores.
767 2101 807 2135 In
832 2103 938 2137 altera
963 2104 1066 2147 iugu-

80 2153 199 2186 lantur
215 2152 335 2193 liberi,
362 2152 465 2185 silent
481 2153 589 2196 leges,
618 2160 753 2185 mutum
770 2160 820 2186 est
836 2154 972 2195 sorum,
1003 2167 1064 2199 po-

81 2210 208 2236 stremo
227 2204 421 2236 miseranda
444 2209 495 2236 est
518 2204 677 2237 omnium
695 2204 852 2237 civilium
870 2217 986 2238 rerum
1004 2218 1065 2237 va-

80 2254 190 2289 stitas.
237 2253 333 2296 Quid
350 2254 433 2287 cedo
452 2254 562 2297 potuit
582 2252 647 2288 hoc
664 2262 862 2288 commento
877 2256 1062 2299 excogitari

79 2304 314 2349 prudentius?
345 2304 466 2349 Neque
484 2305 577 2337 enim
598 2305 715 2349 plures
731 2305 875 2339 Homeri
894 2306 987 2339 locos
1006 2305 1063 2341 hic
1088 2337 1089 2353 3

80 2355 251 2398 attingere
277 2354 389 2387 visum
415 2361 475 2390 est.
536 2354 692 2389 Tantum
723 2354 786 2389 hos
818 2356 989 2398 indicavi,
1023 2365 1062 2392 ut

79 2406 246 2440 studiosis
266 2406 547 2439 adulescentibus
567 2407 671 2439 fidem
693 2407 861 2451 facerem,
887 2408 1060 2442 bonorum

77 2457 288 2501 scriptorum
305 2456 506 2499 cognitione
528 2469 600 2489 non
621 2469 660 2490 os
678 2464 814 2491 tantum
837 2470 874 2491 ac
894 2459 1062 2502 linguam,

77 2508 137 2540 sed
163 2514 281 2551 pectus
301 2507 404 2540 etiam
432 2507 588 2541 formari.
644 2507 681 2540 ld
707 2509 835 2552 opinor
858 2509 895 2542 in
914 2511 1061 2543 consilio

79 2559 255 2602 quondam
273 2556 417 2591 Graecis
442 2558 525 2597 fuit,
553 2570 615 2591 cur
631 2557 824 2593 Homerum
850 2560 1062 2597 familiariss.

78 2615 202 2642 notum
220 2620 291 2642 esse
308 2609 380 2642 suis
397 2606 603 2642 hominibus
618 2610 804 2644 voluerint.
842 2610 952 2644 Solon
968 2612 1060 2644 enim

80 2665 113 2692 et
128 2658 329 2693 Pisistratus
346 2660 420 2704 lege
441 2660 714 2702 constituerunt,
741 2668 779 2694 ut
803 2661 898 2695 illius
922 2674 1062 2697 carmen

578 93 737 131 DECL.
769 93 843 130 DE
875 91 1150 130 ENCOMIO
1184 93 1627 141 ELOQUENTIAE.

2072 92 2120 128 58

1131 180 1256 213 ordine
1274 180 1501 224 digereretur.
1554 180 1643 215 Nam
1663 192 1768 214 aureo
1787 179 1848 212 illo
1869 179 1985 213 seculo
2003 175 2119 212 adhuc

1129 242 1272 264 suarum
1297 231 1449 274 partium
1473 231 1654 275 Principes
1681 243 1751 264 esse
1777 231 1990 270 sentiebant,
2018 241 2118 274 prae-

2015 280 2118 313 Nunc

1129 332 1262 375 regium
1279 331 1372 364 nihil
1388 338 1456 373 est,
1483 333 1551 365 nisi
1569 334 1660 365 idem
1677 333 1720 366 sit
1740 331 1919 376 ἄμουσον.
1957 330 2042 364 ὒΙοΧ
2062 331 2118 363 in-

1128 383 1289 416 stitutum
1306 389 1376 423 est,
1402 389 1441 416 ut
1462 395 1479 415 a
1496 381 1696 427 Rhapsodis
1719 395 1777 416 seu
1796 381 2025 421 Homeristis,
2053 393 2117 425 pu-

1128 434 1218 466 blice
1242 433 1280 465 in
1308 430 1453 467 theatris
1472 435 1715 466 decantaretur
1728 433 1956 467 Homericum
1982 439 2117 476 poema,

1128 491 1166 517 ut
1190 484 1310 527 >livino
1333 484 1487 517 carmine
1511 484 1678 517 iuvenum
1705 496 1802 517 aures
1821 484 1968 516 adsiduo
1994 493 2116 527 perso-

1128 542 1272 575 narent,
1296 542 1453 580 essetque
1470 547 1607 579 semper
1623 535 1658 566 in
1676 543 1838 578 promptu
1859 542 1950 567 recte
1965 533 2118 571 dicendi,

1129 586 1379 630 iudicandique
1405 586 1536 628 regula.
1592 585 1831 618 Foelicissime
1856 597 1932 617 cum
1959 584 2117 617 Homero

1127 637 1272 669 certavit
1295 648 1334 668 ex
1354 636 1491 669 Latinis
1514 635 1705 679 Vergilius,
1741 635 1912 679 planeque
1939 647 2019 678 par,
2048 634 2115 667 nisi

1126 686 1248 727 fallor,
1274 687 1414 732 utrique
1435 687 1527 726 laus,
1555 687 1626 719 sive
1651 686 1842 719 dictionem
1869 693 2016 729 spectes,
2043 686 2114 717 sive

1129 738 1380 771 sententiarum
1399 738 1623 781 gravitatem,
1651 736 1809 772 debetur.
1850 735 1946 778 Quid
1965 735 2118 778 Tragici,

1125 801 1229 833 quam
1253 788 1374 821 multis
1401 789 1566 832 exemplis
1591 795 1821 833 tyrannorum
1844 798 1958 818 mores
1985 793 2014 818 et
2046 787 2115 818 fata

1127 839 1361 883 proposuere?
1399 838 1496 881 Quid
1522 839 1719 875 comoedia,
1753 838 1821 870 nisi
1847 838 2001 881 privatae
2025 836 2115 869 vitae

1126 889 1329 934 speculum?
1357 889 1396 923 In
1422 889 1625 922 universum
1643 889 1727 933 quid
1755 894 1928 932 praestare
1951 886 2116 921 studiosis

1126 941 1261 985 poe'tica
1285 940 1410 984 possit,
1438 940 1604 973 indicavit
1631 939 1771 973 Fabius.
1822 937 1898 981 Ego
1924 939 2112 980 figurarum

1125 991 1260 1035 copiam
1284 991 1470 1035 praecipue.
1491 998 1630 1023 nostrae
1654 989 1805 1023 orationi
1824 989 2046 1033 suppeditare
2062 987 2115 1019 vi-

1125 1043 1202 1082 deo,
1222 1042 1461 1087 varietateque
1479 1054 1597 1075 rerum
1616 1041 1751 1073 animos
1770 1047 1844 1074 tum
1863 1040 2014 1080 erudire,
2038 1046 2112 1072 turn

1125 1093 1306 1127 delectare.

1229 1142 1385 1176 Historia
1404 1143 1575 1176 iudicium
1593 1143 1750 1183 formari,
1777 1141 1987 1186 dicendique
2003 1139 2113 1172 sacul-

1124 1201 1228 1227 tatem
1246 1195 1365 1238 augeri
1382 1192 1638 1228 Demosthenes
1655 1194 1808 1234 censuit,
1833 1205 1910 1226 cum
1927 1189 2111 1235 Thucydi-

1124 1247 1203 1277 dem
1220 1245 1305 1278 adeo
1323 1245 1533 1278 familiarem
1550 1246 1617 1278 sibi
1633 1246 1726 1285 fecit,
1753 1251 1793 1277 nt
1808 1244 1914 1277 octies
1931 1242 2034 1274 etiam
2050 1241 2113 1272 de-

1122 1296 1310 1340 scripserit.
1363 1294 1505 1329 Amavit
1530 1303 1561 1330 et
1585 1293 1858 1340 Xenophontem
1877 1292 2012 1327 Cicero.
2065 1289 2112 1323 Et

1123 1359 1202 1379 cum
1219 1346 1380 1378 universa
1397 1344 1541 1379 historia
1560 1344 1720 1380 πολιτεία
1737 1346 1906 1390 quaedam
1926 1344 1980 1384 sit,
1998 1341 2111 1374 varias

1123 1396 1448 1429 constituendarum
1467 1408 1584 1429 rerum
1602 1397 1822 1440 publicarum
1839 1395 1968 1427 formas
1985 1394 2109 1425 adum-

1125 1448 1211 1480 brat.
1264 1445 1351 1479 Nam
1369 1452 1409 1479 ut
1426 1443 1482 1478 hic
1498 1445 1587 1478 nihil
1611 1447 1705 1479 aliud
1726 1446 1860 1486 dicam,
1888 1444 1970 1490 quid
1997 1442 2111 1476 admi-

1122 1496 1269 1528 rabilius
1293 1502 1342 1529 est
1362 1497 1439 1529 τῶν
1462 1498 1652 1530 πολιτειῶν
1675 1497 1862 1529 collatione
1885 1496 1974 1539 apud
1994 1493 2108 1526 Hero-

1122 1548 1263 1586 dotum,
1295 1546 1356 1579 ubi
1390 1545 1574 1579 Persarum
1599 1546 1765 1590 Satrapae
1798 1547 1855 1578 alii
1884 1542 2107 1589 dibucnglav,

1122 1597 1182 1629 alii
1207 1594 1440 1644 ὀλιγαρχίαν,
1472 1597 1533 1630 alii
1564 1595 1775 1642 μοναρχίαν
1799 1596 1974 1641 probant?
2028 1594 2108 1637 Quo

1122 1648 1197 1681 loco
1214 1647 1310 1680 vides
1327 1647 1571 1690 gravissimum
1591 1648 1794 1692 scriptorem
1812 1648 1955 1679 morbos
1978 1656 2110 1685 omnes,

1123 1699 1276 1742 vitiaque
1310 1698 1509 1739 civitatum,
1545 1699 1640 1732 velut
1674 1699 1709 1731 in
1746 1698 1864 1732 tabula
1899 1696 2107 1740 depinxisse.

1124 1748 1254 1782 Verum
1271 1761 1375 1781 nemo
1393 1755 1462 1782 tam
1479 1750 1684 1794 imprudens
1701 1757 1760 1790 est,
1779 1749 1838 1794 qui
1855 1760 1925 1780 non
1942 1746 2007 1781 hoc
2023 1759 2108 1780 con-

1119 1799 1198 1832 silio
1220 1800 1508 1833 animadverterit
1532 1801 1745 1844 conscriptas
1767 1811 1838 1832 esse
1862 1796 2043 1838 historias,
2070 1804 2107 1830 ut

1120 1850 1277 1883 omnium
1297 1847 1534 1883 humanorum
1554 1851 1748 1884 officiorum
1768 1850 1922 1893 exempla
1939 1856 2106 1893 tanquam

1122 1901 1157 1933 in
1181 1901 1310 1934 illustri
1336 1902 1448 1945 positi
1467 1902 1543 1934 loco
1560 1908 1795 1934 cernerentur.
1852 1899 1950 1943 Quae
1968 1900 1994 1932 si
2015 1896 2105 1931 nihil

1119 1953 1162 1984 ad
1192 1951 1404 1984 erudiendos
1441 1953 1710 1997 excitandosque
1740 1951 1942 1984 mortalium
1972 1950 2106 1983 animos

1101 2003 1334 2042 rconducunt,
1360 2003 1444 2047 quid
1462 2003 1545 2043 fuit,
1568 2015 1630 2036 cur
1644 2003 1762 2047 Scipio
1780 2003 1925 2034 senserit
1943 2013 1978 2034 se
1993 2001 2105 2033 claro-

1120 2065 1196 2085 rum
1231 2053 1388 2086 virorum
1425 2054 1592 2097 imagines
1623 2055 1835 2092 intuentem,
1869 2053 1910 2085 ad
1939 2051 2105 2085 virtutem

1118 2103 1285 2136 accendi?
1325 2101 1493 2137 Oratores
1520 2116 1598 2137 cum
1621 2103 1852 2147 Respublicas
1881 2102 2105 2135 administra—

1117 2155 1202 2195 rint,
1229 2161 1259 2187 et
1279 2154 1315 2187 in
1331 2154 1470 2188 iudiciis
1487 2155 1624 2194 versati,
1651 2155 1694 2187 de
1712 2155 1799 2193 iure,
1827 2166 1938 2198 aequo
1955 2165 1992 2186 ac
2009 2153 2103 2185 bono

1116 2212 1186 2239 tam
1203 2205 1310 2238 multa
1333 2205 1579 2245 disseruerint,
1606 2212 1877 2238 consentaneum
1896 2211 1962 2243 est,
1990 2204 2103 2247 plera-

1088 2261 1090 2272 ¹
1116 2268 1182 2301 que
1200 2256 1333 2288 utiliter
1348 2268 1502 2289 monere.
1542 2256 1632 2299 Quis
1649 2256 1741 2288 enim
1759 2252 2009 2298 Philosophiae
2027 2265 2101 2286 mo-

1116 2307 1198 2339 ralis
1221 2306 1317 2339 locus
1339 2313 1406 2347 est,
1431 2319 1533 2352 quem
1555 2319 1627 2339 non
1651 2306 1829 2350 attigerint
1849 2302 2101 2339 Demosthenes

1115 2369 1153 2390 ac
1176 2356 1324 2391 Cicero?
1361 2355 1543 2401 Optimam
1567 2355 1770 2396 πολιτείαν,
1806 2368 1909 2389 nemo
1935 2353 2098 2388 Philoso-

1115 2405 1265 2452 phorum
1283 2408 1332 2440 sic
1347 2404 1602 2455 ἕζωγράφησε,
1628 2420 1667 2441 ac
1683 2408 1735 2441 illi
1753 2408 1788 2440 in
1805 2406 2002 2440 actionibus
2017 2405 2099 2445 suis,

1115 2471 1192 2492 cum
1212 2459 1249 2491 in
1266 2458 1447 2502 improbos
1461 2471 1499 2492 ac
1517 2459 1699 2493 seditiosos
1718 2458 1827 2498 cives,
1845 2465 2010 2502 tanquam
2030 2456 2099 2489 ser-

1114 2522 1208 2549 rum,
1241 2509 1368 2554 stylum
1400 2510 1595 2553 stringunt,
1629 2522 1708 2543 cum
1738 2510 1903 2542 adversus
1932 2505 2096 2541 hostilem

1113 2561 1183 2593 vim
1202 2559 1432 2605 Respubliras
1448 2561 1593 2594 consilio
1613 2560 1790 2594 muniunt.
1845 2558 1940 2602 Quid
1958 2559 2000 2591 de
2017 2568 2096 2601 pace

1112 2611 1318 2655 popularius
1333 2611 1519 2656 veriusque
1534 2611 1720 2655 excogitari
1737 2610 1864 2655 potuit,
1883 2621 1985 2654 quarn
2001 2608 2094 2652 quod

1111 2662 1149 2695 in
1168 2674 1206 2695 ea
1223 2661 1382 2695 oratione
1407 2674 1474 2708 qua
1500 2662 1608 2706 legem
1625 2661 1794 2706 agrariam
1816 2658 2009 2697 dissuadet,
2034 2655 2095 2690 Ci-
