2338 2958
202 148 273 186 591

207 239 427 270 revocarunt.
465 229 589 265 Voluit
608 227 700 261 enim
714 225 809 261 Deus
827 226 1028 260 conservari
1048 226 1200 271 polinas,

209 293 249 321 ut
271 296 389 320 rursus
412 281 528 326 generi
552 277 708 313 humano
732 278 934 311 accenderet
952 275 1199 321 Evangelium.

211 337 280 372 Sed
297 343 329 369 et
344 333 465 368 Minos
487 337 519 364 et
534 329 648 363 Numa
672 329 783 362 multo
807 335 888 362 sunt
906 327 1118 362 recentiores
1132 340 1199 361 no-

211 387 301 421 stris.
354 383 474 417 Minos
498 381 603 425 paulo
628 386 708 413 ante
731 379 862 426 bellum
888 378 1087 412 Troianum
1106 378 1202 418 vixit,

212 438 271 483 qui
291 434 431 480 quidem
452 431 607 476 rapuisse
623 429 865 475 Ganymedem
883 428 989 462 Trois
1013 429 1126 463 filium
1144 429 1198 462 di—

211 488 314 521 citur.
366 483 502 518 Numae
518 488 610 516 aetas
626 481 738 514 multo
756 487 806 514 est
826 479 1010 515 recentior.

314 534 396 568 Fuit
411 545 491 577 ergo
509 539 656 577 uterque
673 531 798 565 seculis
813 531 947 576 aliquot
964 528 1203 575 postMoisen,

213 598 292 621 cum
321 585 389 618 iam
424 589 639 628 grassaretur
670 582 762 615 inter
792 588 910 625 gentes
943 576 1202 624 εἶδωλομαιίἀ.

213 636 260 672 Et
278 634 362 669 haec
377 635 555 668 erroribus
572 631 758 667 hominum
775 639 807 665 et
824 632 1036 664 daemonum
1058 629 1203 674 praesti-

213 688 278 732 giis
303 692 470 720 creverat.
523 684 742 717 Ferebantur
764 689 796 715 et
825 692 1003 714 sermones
1028 681 1064 713 in
1087 678 1204 720 Creta,

214 738 276 772 ubi
301 736 422 771 Minos
447 734 626 779 regnavit,
662 734 704 766 de
727 731 820 765 Iovis
846 730 1044 775 sepulchro.
1104 730 1205 773 Quos

215 788 278 823 etsi
295 788 448 821 refutant
466 784 695 830 Epimenides
713 789 747 816 et
763 780 1011 823 Callimachus,
1040 781 1099 826 qui
1116 781 1178 814 ait:

257 845 379 884 Κρῆτες
401 843 444 874 ἀεὶ
469 841 601 881 ipa-urai
624 840 674 871 καὶ
697 839 756 880 γὰρ
778 837 879 880 τᾶᾳον
902 834 926 870 ὦ
946 837 1006 869 ἄνα
1029 842 1090 869 σεῖο

260 888 380 927 Κρῆτες
402 883 614 924 ἓτεκῐήιάντο,
635 882 674 914 σὺ
697 882 729 913 δὲ
751 880 789 913 οὗ
812 880 916 919 θάνες,
940 881 1003 912 ἐστι
1026 880 1086 921 γὰρ
1109 877 1165 910 ἀεὶ.

216 949 334 976 tamen
358 939 460 984 plena
488 944 572 972 tunc
595 935 715 970 omnia
742 936 885 969 fuerunt
915 934 1105 968 idolorum.
1166 931 1207 965 In

217 990 319 1025 ltalia
354 1002 436 1023 vero
467 987 597 1022 Tuscia
633 987 736 1029 longe
761 986 922 1019 vincebat
959 983 1207 1030 superstitione

218 1048 367 1077 caeteras
390 1039 564 1073 nationes:
594 1044 627 1070 et
645 1050 663 1070 a
678 1035 805 1070 Tuscis
821 1035 936 1070 Numa
953 1042 1132 1069 mutuatus
1158 1039 1208 1066 est

217 1091 375 1136 auguria,
401 1097 433 1124 et
450 1089 539 1123 ritus
555 1088 642 1121 alios
660 1087 808 1126 multos,
835 1087 895 1133 qui
913 1087 977 1120 etsi
995 1092 1094 1120 erant
1112 1096 1208 1118 com-

218 1141 395 1182 menticii,
434 1147 551 1175 tamen
576 1146 608 1172 et
632 1138 700 1182 ipsi
724 1138 942 1182 temporibus
966 1135 1090 1170 mutati
1115 1142 1208 1170 sunt.

218 1192 319 1237 Quae
345 1191 438 1225 enim
468 1189 731 1234 peregrinarum
755 1187 912 1231 gentium
943 1186 1110 1220 colluvies
1133 1184 1208 1219 Ro-

217 1255 310 1277 mam
328 1241 511 1285 occupavit
529 1246 606 1284 post
627 1239 717 1272 bella
737 1238 873 1279 civilia,
896 1243 973 1282 post
997 1236 1208 1280 gladiatores

218 1294 317 1334 illos,
344 1292 498 1337 quiante
516 1290 787 1325 Constantinum
804 1295 1007 1331 regnarunt.
1052 1286 1122 1322 Sed
1139 1285 1209 1320 sint

216 1343 353 1378 Numae
375 1342 534 1375 instituta
556 1340 674 1373 civilia
691 1339 903 1379 mediocria,
929 1340 986 1372 cui
1002 1338 1107 1372 etiam
1130 1349 1209 1380 gra-

217 1395 303 1430 tiam
319 1391 452 1434 habeo,
477 1391 573 1438 quod
593 1392 723 1424 nostris
744 1391 881 1425 civibus
907 1401 1041 1424 annum
1065 1389 1102 1421 in
1120 1388 1209 1421 duo-

217 1444 332 1480 decim
363 1454 502 1476 menses
524 1454 595 1476 non
623 1442 741 1486 inepte
766 1441 969 1479 distribuit,
1002 1446 1037 1474 et
1058 1437 1209 1483 Epactas

217 1494 390 1539 congessit
406 1494 443 1529 in
460 1504 614 1527 mensem
632 1493 885 1526 intercalarem.
927 1489 1004 1525 Etsi
1022 1489 1134 1524 lulius
1152 1489 1208 1522 in-

217 1547 330 1581 stituit
347 1551 464 1590 postea
482 1544 654 1578 rationem
669 1543 865 1583 meliorem,
891 1549 1008 1576 tamen
1026 1540 1209 1583 diligentia

216 1597 351 1632 Numae
377 1596 448 1629 illis
474 1595 623 1628 rudibus
652 1594 777 1627 secutis
807 1593 950 1638 profuit.
1010 1590 1062 1624 De
1083 1590 1209 1624 Minoe

218 1660 300 1681 vero
325 1646 410 1691 quid
434 1645 551 1679 dices?
602 1643 700 1687 Quid
726 1643 875 1689 nequius
899 1639 967 1676 hoc
985 1640 1078 1675 lovis
1102 1639 1209 1673 disci-

218 1698 303 1744 pulo
319 1696 405 1734 suit,
432 1695 459 1728 si
476 1695 613 1739 legibus
631 1695 702 1727 suis
718 1701 776 1727 aut
795 1692 1030 1732 confirmavit,
1057 1698 1117 1724 aut
1135 1702 1208 1723 non

219 1747 361 1783 sustulit
375 1746 540 1780 sodalicia
557 1744 735 1780 Cretensia
747 1772 755 1785 ,
779 1756 868 1789 quae
884 1743 919 1776 in
939 1740 1095 1776 historiis
1113 1753 1208 1774 com-

218 1796 484 1833 memorantur?
530 1794 660 1830 Desine
685 1795 793 1839 igitur
818 1791 1028 1840 Symmache
1050 1792 1210 1825 conferre

219 1849 381 1884 Minoem
397 1854 458 1882 aut
474 1845 624 1881 Numam
640 1858 719 1880 cum
735 1847 864 1879 nostris
877 1843 1083 1878 doctoribus
1098 1841 1209 1875 multo

220 1900 404 1934 inferiores
419 1904 540 1938 aetate,
559 1905 592 1932 et
606 1897 792 1931 fascinatos
803 1894 1044 1929 deliramentis
1059 1894 1102 1927 de
1118 1892 1210 1924 mul-

218 1951 371 1986 titudiue
392 1950 551 1983 deorum.
604 1947 785 1981 Praeterea
804 1958 891 1992 quas
915 1945 1058 1978 illorum
1080 1944 1211 1982 literas,

217 2013 323 2047 quam
343 1999 539 2034 doctrinam
564 1998 722 2042 profers?
775 1995 907 2031 Extant
924 1992 1210 2037 versiculeauci

215 2047 496 2091 Rhadamanthi,
522 2061 624 2094 quem
635 2047 736 2082 Plato
750 2048 942 2082 arbitratur
956 2052 1036 2079 ante
1048 2044 1209 2078 Mino‘e'm

216 2103 427 2146 gubernasse
453 2099 603 2134 Cretam.
658 2099 727 2133 Sed
752 2105 786 2131 et
808 2095 913 2130 huius
931 2095 1113 2131 versiculi.
1143 2094 1209 2128 etsi

218 2160 299 2186 sunt
323 2149 482 2192 honesti,
516 2156 632 2183 tamen
656 2150 699 2183 de
725 2148 889 2182 civilibus
917 2147 1040 2191 poenis
1072 2151 1208 2179 tantuin

218 2204 431 2248 loquuntur,
458 2198 548 2234 nihil
566 2201 693 2233 docent
710 2201 753 2233 de
773 2199 821 2232 ira
837 2197 901 2232 Dei
922 2197 1102 2241 placanda.

318 2253 407 2288 Cum
425 2252 530 2295 igitur
549 2259 580 2284 et
598 2251 710 2295 prima
733 2250 777 2283 sit
795 2248 972 2283 Ecclesiae
992 2255 1130 2280 nostrae
1146 2246 1209 2278 do—

218 2304 328 2337 ctrina
342 2329 350 2341 ,
378 2311 409 2335 et
428 2302 561 2335 divinis
577 2300 789 2334 testimoniis
805 2299 967 2344 plurimis
979 2325 987 2337 ,
1014 2305 1046 2331 et
1062 2296 1210 2331 resusci-

217 2355 348 2388 tatione
368 2361 588 2386 mortnorum
605 2351 827 2390 confirmata,
854 2357 886 2383 et
903 2351 945 2381 ‹le
971 2349 1074 2382 rebus
1093 2357 1210 2381 neces-

215 2405 334 2443 sariis,
361 2406 403 2436 de
428 2402 713 2441 immortalitate,
741 2402 784 2433 de
801 2401 851 2435 ira
872 2400 935 2434 Dei
954 2399 1142 2444 placanda,
1168 2397 1211 2429 de

215 2455 328 2489 causis
353 2452 586 2486 humanarum
613 2463 880 2489 aerumnarum,
905 2451 948 2483 de
968 2449 1128 2483 miranda
1155 2447 1210 2480 in·

215 2505 430 2539 stauratione
449 2511 591 2536 naturae
609 2509 763 2541 nostrae,
791 2512 899 2544 genus
924 2499 1120 2534 humanum
1144 2499 1209 2532 du-

215 2563 306 2590 ceat:
333 2555 486 2598 deniqne
507 2567 584 2585 enm
611 2553 781 2586 mirandis
801 2550 914 2585 modis
934 2563 1074 2584 conserx
1085 2557 1137 2584 ata
1156 2548 1211 2588 sit,

214 2619 366 2651 cumque
402 2604 647 2647 sapientissimi
691 2610 721 2635 et
764 2602 1010 2635 modestissimi
1050 2599 1210 2634 homines

213 2669 334 2690 omnes
361 2655 534 2689 cruciatus
564 2655 715 2696 perferre
749 2653 959 2690 maluerint,
998 2664 1103 2696 qnam
1136 2661 1209 2682 eam

213 2709 383 2746 abiicere,
421 2718 491 2738 non
517 2705 718 2737 dubitemus
744 2702 934 2735 Ecclesiam
958 2700 1091 2735 Christi
1120 2706 1212 2734 recte

902 139 1060 176 DECL.
1103 139 1174 176 DE
1208 135 1533 175 AMBROSIO.
1564 171 1567 176 .

2165 137 2241 175 592

1252 225 1295 258 de
1314 222 1390 257 Deo
1414 223 1563 265 sentire,
1591 234 1670 256 vere
1687 220 1801 257 Deum
1827 225 2011 267 invocare,
2039 237 2117 258 vere
2137 237 2243 259 exau-

1253 275 1341 314 diri,
1367 280 1399 308 et
1417 272 1618 308 habituram
1637 274 1810 318 praemia,
1836 283 1976 310 econtra
1997 288 2079 309 vero
2103 276 2242 320 opinio-

1253 337 1313 358 nes
1329 336 1451 358 omnes
1469 335 1529 358 seu
1547 324 1748 370 Aegyptias,
1774 336 1834 358 seu
1851 324 2013 368 Graecas,
2035 339 2094 360 seu
2109 326 2244 361 Roma-

1253 387 1326 416 nas,
1352 386 1412 408 seu
1429 386 1656 420 quascunque
1673 382 1868 419 pugnantes
1885 387 1962 409 cum
1979 378 2137 411 doctrina
2155 376 2244 410 Pro-

1254 424 1438 471 phetarum
1471 432 1504 459 et
1533 424 1785 469 Apostolorum
1810 431 2012 459 nostrorum
2033 427 2244 461 recentiores

1254 484 1286 511 et
1307 476 1484 509 fabulosas
1510 487 1606 517 esse,
1633 483 1666 509 et
1692 477 1858 509 adversus
1879 475 1993 510 Deum
2011 477 2241 512 contumelio-

1254 539 1307 561 sas
1323 534 1356 561 et
1374 526 1540 560 exitiales.

1356 576 1421 610 His
1438 576 1628 610 luculentis
1648 583 1681 609 et
1699 576 1807 609 firmis
1824 577 2038 620 argumentis
2055 589 2132 611 cum
2151 578 2246 611 refu-

1256 635 1346 662 tatus
1365 634 1453 661 esset
1467 624 1701 673 Symmachus
1718 627 1762 660 ab
1781 627 1985 668 Ambrosio,
2012 628 2150 672 piorum
2169 628 2247 661 ani-

1257 679 1305 711 mi
1325 678 1450 723 passim
1468 677 1789 718 confirmabantur,
1816 678 2069 721 frangebantur
2085 679 2248 712 adversa-

1258 729 1317 769 rii,
1346 729 1511 762 nonnulli
1534 729 1639 762 etiam
1655 728 1800 762 veritate
1816 728 1909 769 victi,
1936 729 2098 773 amplecti
2113 726 2246 762 Christi

1258 778 1454 812 doctrinam
1472 786 1651 823 ceperunt.
1702 777 1863 813 Recitavi
1880 786 1995 813 autem
2014 777 2080 813 hoc
2095 780 2173 813 loco
2191 791 2248 813 ca-

1258 830 1329 874 pita
1347 835 1654 872 argumentorum,
1682 836 1715 863 et
1731 829 1813 875 quia
1836 841 1954 863 rerum
1977 830 2132 875 ipsarum
2154 829 2249 873 cogi-

1259 880 1344 914 tatio
1370 880 1534 923 pietatem
1559 879 1596 912 in
1620 879 1723 913 nobis
1748 880 1949 922 confirmat,
1979 888 2011 915 et
2037 881 2118 926 quia
2146 877 2250 914 scho-

1260 930 1390 964 lasticis
1423 927 1508 963 haec
1538 930 1695 974 exempla
1727 941 1933 973 cognoscere
1965 933 2124 976 prodest,
2160 942 2249 976 qnae

1259 982 1451 1015 ostendunt
1467 980 1723 1014 controversias
1740 981 1948 1024 religionum
1967 982 2042 1016 sine
2060 981 2249 1025 multiplici

1260 1031 1460 1065 eruditione
1478 1031 1642 1076 explicari
1661 1043 1734 1065 non
1752 1043 1862 1076 posse.

1360 1081 1428 1115 Sed
1446 1083 1549 1115 redeo
1566 1082 1609 1115 ad
1624 1079 1888 1128 Symmachum,
1915 1081 1976 1127 qui
1993 1094 2072 1116 cum
2088 1082 2180 1115 veris
2194 1092 2251 1115 at-

1261 1132 1434 1176 gumentis
1456 1132 1588 1177 premi,
1615 1139 1648 1166 et
1665 1132 1757 1166 vinci
1776 1144 1812 1166 se
1835 1133 2002 1173 sentiret,
2027 1139 2065 1166 ut
2090 1144 2190 1177 saepe
2213 1131 2252 1166 fit

1260 1184 1297 1216 in
1324 1183 1401 1216 soro
1413 1209 1422 1224 ‚
1456 1182 1616 1226 confugit
1639 1183 1681 1216 ad
1714 1183 1910 1226 tragoedias
1942 1184 2108 1229 quasdam
2120 1207 2130 1222 ‚
2163 1193 2252 1228 quae

1261 1233 1449 1266 incurrunt
1465 1232 1502 1265 in
1520 1233 1652 1273 oculos,
1675 1239 1707 1266 et
1723 1245 1794 1267 uon
1812 1233 1936 1267 leviter
1951 1234 2158 1279 perturbant
2174 1232 2253 1267 ani-

1261 1295 1336 1317 mos
1356 1289 1500 1328 propter
1519 1283 1592 1316 veri
1610 1282 1782 1327 speciem,
1809 1285 1946 1317 tametsi
1967 1296 2040 1317 non
2059 1281 2250 1318 cohaeren-

1262 1334 1307 1368 tia
1328 1341 1574 1367 contexuntur.
1615 1334 1786 1368 Vicerunt
1805 1331 1975 1369 Chaldaei
1995 1333 2154 1373 ludaeos,
2179 1333 2253 1368 Da-

1261 1385 1390 1418 nielem
1407 1391 1440 1418 et
1456 1384 1589 1418 similes
1612 1384 1647 1417 in
1671 1384 1874 1418 servitutem
1889 1385 2129 1423 abduxerunt,
2157 1384 2254 1418 dele-

1246 1441 1389 1471 .verunt
1423 1434 1591 1479 templum
1627 1446 1666 1469 ac
1696 1433 1761 1469 Dei
1789 1435 1924 1470 sedern:
1960 1442 2078 1480 postea
2109 1434 2254 1469 servivit

1261 1484 1436 1521 Romanis
1454 1483 1594 1522 Iudaea.
1646 1484 1721 1519 Aut
1745 1485 1852 1530 igitur
1875 1485 1970 1520 Deus
1996 1497 2077 1520 suos
2097 1485 2254 1530 negligit,

1261 1544 1321 1571 aut
1335 1534 1529 1570 Chaldaeas
1546 1543 1579 1570 et
1594 1534 1775 1570 Romanas
1792 1537 1978 1581 religiones
1994 1538 2102 1580 magis
2118 1536 2254 1581 probat.

1261 1587 1334 1621 Tot
1355 1587 1423 1620 iam
1456 1587 1581 1620 seculis
1606 1598 1624 1620 a
1651 1586 1824 1622 Romanis
1856 1588 2127 1632 imperatoribus
2148 1584 2255 1621 Chri-

1262 1638 1366 1671 stiani
1397 1637 1561 1670 trucidati
1591 1644 1693 1679 sunt,
1728 1649 1795 1682 qua
1825 1638 1854 1671 si
1887 1639 2100 1672 connivente
2132 1649 2254 1671 eorum

1261 1689 1348 1721 duce
1366 1685 1526 1727 Christo,
1554 1687 1609 1720 cui
1634 1699 1670 1721 se
1693 1687 1816 1721 dicunt
1840 1699 1912 1721 esse
1936 1701 2051 1723 curae.
2105 1687 2255 1722 Movent

1262 1738 1399 1772 animos
1417 1735 1602 1771 hominum
1626 1734 1708 1771 haec
1731 1739 2031 1773 terriculamenta:
2057 1750 2136 1771 nam
2160 1737 2254 1771 mul-

1261 1795 1315 1822 tae
1340 1800 1461 1821 causae
1485 1800 1524 1821 ex
1548 1788 1732 1822 eventibus
1757 1789 1977 1827 iudicantur,
2007 1797 2045 1823 ut
2064 1789 2133 1823 dici
2149 1788 2253 1822 solet:

1263 1837 1387 1872 Exitus
1403 1845 1475 1872 acta
1496 1839 1632 1882 probat.
1682 1836 1728 1872 Et
1744 1839 1895 1873 iustitiae
1910 1838 1975 1874 Dei
1994 1851 2186 1883 congruere
2201 1839 2255 1871 vi-

1263 1891 1384 1929 detur,
1413 1900 1456 1921 ne
1481 1889 1571 1922 desit
1592 1888 1682 1927 suis,
1711 1890 1864 1935 denique
1881 1891 1991 1925 multa
2012 1891 2048 1924 in
2068 1888 2158 1924 hanc
2175 1901 2255 1923 sen-

1263 1940 1408 1973 tentiam
1427 1939 1660 1983 plausibIliter
1676 1940 1746 1973 (lici
1765 1948 1921 1984 possunt.

1366 1989 1432 2023 Hic
1453 1988 1661 2023 Ambrosius
1683 1991 1922 2034 gravissimam
1941 1991 2118 2037 querelam
2137 1992 2180 2026 de
2198 2005 2249 2027 ca-

1264 2041 1481 2074 lamitatibus
1500 2038 1676 2074 Ecclesiae
1700 2041 1860 2076 instituit.
1913 2041 2027 2076 Multa
2050 2043 2164 2088 inquit
2185 2044 2255 2076 rim

1264 2092 1427 2124 adferunt
1451 2091 1563 2124 oculis
1586 2103 1624 2125 ac
1649 2091 1826 2126 mentibus
1847 2089 2051 2132 hominum,
2086 2105 2129 2126 ne
2154 2094 2256 2127 facile

1264 2142 1403 2185 agnosci
1429 2142 1536 2185 possit
1562 2148 1680 2176 coetus
1696 2142 1769 2176 Deo
1787 2143 1934 2177 dicatus.
1991 2142 2116 2187 lugens
2135 2145 2256 2179 multi·

1265 2194 1348 2226 tudo
1366 2199 1413 2225 est
1436 2193 1554 2234 ignara
1570 2190 1773 2235 Evangelii,
1802 2205 1906 2238 quam
1930 2200 2046 2228 tamen
2075 2196 2117 2228 ad
2143 2202 2256 2229 aeter-

1264 2256 1350 2276 num
1366 2243 1510 2276 exitium
1529 2243 1641 2282 nasci,
1663 2243 1802 2278 xidetur
1818 2245 2023 2285 absurdum,
2050 2246 2256 2289 praesertim

1265 2307 1342 2326 cum
1368 2294 1402 2326 in
1427 2291 1490 2327 hac
1515 2294 1587 2337 ipsa
1614 2300 1710 2338 parte
1733 2295 1870 2337 generis
1893 2292 2039 2329 humani
2059 2296 2128 2329 sint
2145 2297 2256 2341 impe-

1266 2345 1338 2384 ria,
1366 2345 1510 2378 floreant
1539 2344 1675 2388 ingenia
1700 2346 1824 2378 studiis
1842 2346 1982 2380 xirtntis
1997 2354 2100 2392 atque
2114 2348 2257 2387 artium.

1265 2402 1294 2428 et
1316 2395 1457 2440 quidem
1473 2395 1626 2428 serviant
1645 2396 1822 2429 communi
1842 2397 1942 2430 ximo.
1996 2395 2042 2432 Et
2058 2398 2176 2432 adesse
2191 2409 2256 2441 gu-

1266 2446 1512 2479 bernatoribus
1530 2443 1663 2484 Deum,
1693 2453 1864 2480 testantur
1890 2445 2022 2481 heroici
2043 2455 2173 2486 motus,
2203 2449 2256 2481 vi-

1265 2496 1393 2530 ctoriae
1409 2496 1648 2537 admirabiles,
1676 2498 1943 2531 constitutiones
1964 2498 2204 2543 imperiorum.

1367 2547 1499 2579 Confer
1514 2547 1632 2580 auium
1651 2546 1819 2581 Senatum
1839 2547 2058 2588 Romanum,
2089 2557 2257 2593 regnante

1267 2597 1444 2639 Augusto,
1472 2599 1512 2630 ad
1534 2598 1785 2642 Apostolorum
1803 2606 1954 2631 coetum:
1983 2598 2059 2633 [tri
2079 2601 2187 2644 magis
2204 2601 2256 2633 vi-

1267 2650 1395 2681 dentur
1433 2655 1491 2681 ant
1525 2649 1656 2681 serxire
1692 2647 1785 2687 Deo.
1826 2656 1882 2682 aut
1923 2647 1995 2682 Deo
2028 2663 2129 2683 curae
2160 2653 2257 2684 esse?

1269 2698 1381 2733 Multa
1407 2699 1502 2741 signa
1529 2699 1684 2733 indicant
1703 2699 1897 2742 Angustum
1927 2700 2099 2735 divinitus
2124 2702 2165 2735 ad
2191 2698 2256 2735 hoc
