2338 2958
0 1157 7 2958 ——-—————-————-———-—.—.-—

92 135 168 169 617

93 218 263 256 retinent,
288 215 346 247 sed
364 215 406 246 ad
427 214 638 249 incrementa
655 216 832 257 dignitatis
850 223 882 249 et
900 213 1074 248 honorum

94 268 326 301 emolumenta
345 265 539 298 translatos.
594 265 634 298 In
652 263 704 298 his
722 272 851 310 quanta
871 266 983 298 indies
1000 271 1075 297 tur-

92 318 215 361 pitudo
232 321 413 357 appareat,
438 315 607 349 videmus.
661 315 813 360 Ideoque
834 323 866 349 et
888 313 1073 347 comtemni

91 365 175 400 haec
192 371 330 397 strenue
349 364 522 407 incipiunt
549 372 582 398 et
610 377 627 398 a
649 366 720 398 suis
736 373 768 399 et
789 367 833 398 ab
846 365 1013 404 externis,
1040 370 1072 397 et

91 414 218 448 sensim
243 414 394 446 diminui
423 422 525 458 atque
553 416 689 448 collabi.
752 414 887 448 Interea
912 414 1072 457 augendo

91 464 299 508 imperitiam
323 472 355 497 et
377 464 571 497 barbariem
597 472 634 498 ut
658 465 784 498 alicubi
812 471 930 497 contra
956 463 1072 497 fatalia

90 515 180 547 mala
205 514 386 554 nituntur,
420 522 631 547 accersentes
654 515 821 547 nimirum
844 514 909 550 sibi
935 513 1072 555 gravio-

89 576 162 597 rem
187 563 377 597 interituna.
430 563 511 597 Non
536 565 627 596 enim
648 572 738 597 certe
763 564 949 597 consistere
976 569 1071 606 pote-

89 620 190 652 runt,
218 613 418 657 quicunqne
439 626 472 646 se
496 620 614 647 contra
634 614 812 647 veritatem
836 619 869 646 et
891 610 1070 645 Christum

89 663 256 702 incitant,
284 664 342 695 sed
368 664 552 702 cornibus,
580 669 618 696 ut
640 664 788 703 dicitur,
816 663 851 695 in
876 674 931 694 aes
951 663 1070 694 incur-

89 713 162 746 suri
178 719 269 747 sunt.
314 713 450 746 llorum
468 713 573 755 igitur
589 713 742 756 exempla
760 724 823 745 nos
841 719 1001 745 moveant
1017 717 1070 744 at—

89 774 156 807 que
174 769 354 802 moneant,
381 769 465 796 utet
481 762 710 805 Reipublicae
727 770 758 796 et
775 761 950 795 Ecclesiae
966 759 1071 795 Chri-

89 812 132 845 sti
156 809 353 845 scholarum
385 812 662 844 incolumitatem
690 820 910 856 praestemus.
963 811 1072 844 Multi

90 868 172 895 sunt
189 861 314 894 animis
331 861 498 904 superbis,
526 862 585 905 qui
602 863 773 905 progressi
792 864 834 895 ad
850 859 1012 902 honores,
1039 868 1073 895 et

89 912 158 944 iam
176 910 336 944 collocati
362 911 397 943 in
420 911 495 944 luce
513 910 762 955 Reipublicae,
789 913 883 945 unde
907 912 1072 945 ascende-

88 961 161 993 rint
194 960 352 993 celeriter
385 961 653 995 obliviscuntur.
713 960 760 995 Et
787 968 920 995 constat
946 969 1072 1001 tamen,

86 1010 184 1043 nulla
201 1009 268 1042 alia
286 1010 453 1052 opinione
471 1019 503 1044 et
520 1012 622 1052 fama,
640 1023 742 1056 quam
761 1011 951 1051 doctrinae,
969 1011 1072 1044 altius

87 1057 250 1093 homines
266 1060 395 1095 extolli.
449 1061 548 1104 Quae
565 1068 679 1094 autem
697 1062 903 1105 perversitas
917 1069 966 1095 est
982 1073 1072 1105 quo-

87 1110 250 1149 rundam,
278 1116 393 1153 postea
412 1111 515 1144 etiarn
532 1112 691 1143 ordinem
712 1109 956 1144 scholasticum
973 1110 1071 1155 quasi

86 1157 258 1193 humilem
277 1160 490 1203 despiciunt,
516 1167 549 1194 et
566 1161 678 1205 iniqui
702 1158 784 1193 huic
807 1168 887 1193 sunt
905 1167 1070 1204 tanquam

87 1210 250 1242 inimico:
288 1216 348 1242 aut
373 1211 585 1253 neglectores
609 1211 730 1243 saltem
753 1210 865 1251 illius,
890 1217 928 1243 ut
953 1210 1072 1244 alieni.

88 1259 183 1302 Quid
209 1258 268 1291 alii
292 1259 434 1303 quidam
461 1261 618 1303 opulenti
644 1267 676 1293 et
703 1260 847 1300 divites,
874 1260 935 1304 qui
958 1271 1072 1304 quon-

89 1310 167 1341 dam
186 1308 275 1341 servi
297 1315 394 1342 erant
414 1310 689 1352 superstitionis,
716 1321 809 1343 nunc
827 1310 998 1342 declarata
1012 1321 1072 1341 ve-

88 1359 190 1392 ritate
217 1358 414 1400 religionis,
439 1359 523 1403 quid
547 1359 701 1392 faciunt?
735 1360 928 1392 mercedem
949 1358 1073 1400 angui-

87 1421 169 1441 nam
196 1409 395 1450 rependunt
426 1409 704 1441 benefactoribus
733 1409 822 1448 suis,
856 1417 886 1442 et
912 1408 1072 1441 libertate

87 1464 185 1502 parta
211 1458 252 1489 ad
275 1458 504 1501 cupiditatum
528 1470 668 1491 suarum
687 1458 850 1502 obsequia
868 1458 1074 1491 abutuntur.

87 1507 258 1552 Reliquae
277 1505 391 1540 adbuc
410 1515 587 1552 utcunque
609 1506 746 1541 scholae
768 1514 847 1540 sunt
867 1508 903 1540 in
924 1507 1073 1540 Germa-

88 1559 163 1590 nia:
191 1557 333 1599 collegia
359 1557 417 1589 illa
442 1559 658 1591 sacerdotum
683 1558 750 1589 iam
769 1557 903 1600 pridem
918 1556 1073 1590 labantia

89 1619 149 1640 sua
168 1607 260 1639 mole
275 1613 412 1641 nutant.
465 1605 636 1639 Monaclii
656 1607 691 1639 in
709 1606 896 1639 stoliditate
914 1613 945 1639 et
962 1607 1073 1649 impe-

89 1657 167 1690 ritia
201 1667 261 1689 sna
296 1662 328 1688 et
355 1656 664 1699 superstitionibus
698 1656 857 1688 ridiculis
891 1657 962 1688 fere
993 1667 1073 1688 eva-

89 1713 255 1740 nuerunt.
309 1704 406 1749 Ipsae
432 1706 535 1738 etiam
566 1704 704 1739 scholae
731 1706 860 1739 alicubi
887 1717 959 1738 sese
983 1705 1074 1737 male

89 1763 250 1796 tuentur,
274 1755 403 1788 alicubi
421 1756 533 1788 iacent
549 1757 715 1789 desertae.
770 1755 910 1797 Quibus
934 1762 966 1788 et
991 1754 1073 1797 ipsis

90 1805 251 1845 vastatis,
282 1805 366 1849 qnid
398 1806 555 1837 futurum
582 1817 653 1837 esse
677 1806 857 1845 videatur,
891 1816 962 1836 non
990 1799 1074 1835 libet

89 1855 278 1890 tristissimi
304 1855 432 1886 ominis
456 1866 556 1886 causa
581 1855 710 1898 eloqui.
765 1854 989 1897 Quapropter
1010 1864 1074 1885 nos

89 1916 231 1945 omnes,
257 1904 414 1936 omnium
432 1904 597 1936 ordinum
616 1911 648 1936 et
668 1903 908 1936 conditionum
928 1914 1075 1935 consen-

90 1957 216 1989 tiamus
232 1954 356 1986 animis
380 1965 418 1986 ac
433 1954 691 1991 voluntatibus,
715 1953 934 1985 conferamus
955 1963 1075 1994 operas

90 2013 123 2038 et
141 2004 254 2038 studia
268 2030 276 2043 ‚
304 2003 426 2036 officiis
453 2004 583 2036 mutuis
602 2015 664 2034 nos
688 2002 881 2036 fulciamus.
933 2001 1022 2034 Nam
1038 2008 1075 2034 nt

91 2055 191 2088 aliter
215 2054 310 2086 nulla
335 2054 568 2085 communitas
595 2054 718 2084 llorere
735 2052 913 2095 atquedin
941 2063 1076 2094 perma-

91 2117 174 2138 nere
193 2111 320 2147 potest:
349 2103 393 2136 ita
414 2103 526 2135 civilis
546 2110 577 2135 et
594 2100 797 2134 scholastica
820 2101 1075 2134 administratio

91 2156 165 2188 sine
200 2153 352 2197 pernicie
376 2152 606 2196 Reipublicae
634 2152 754 2183 divelli
790 2163 827 2183 ac
856 2151 966 2183 dividi
1003 2163 1074 2183 nou

93 2210 249 2248 possunt.
301 2202 499 2236 Defendant
522 2200 767 2234 scholasticum
795 2201 954 2233 ordinem
971 2200 1076 2233 Prin-

92 2255 186 2298 cipes
209 2260 242 2286 et
262 2253 437 2292 civitates,
465 2253 578 2289 alant,
613 2258 810 2295 protegant,
837 2251 1074 2283 munificentia

93 2316 153 2337 sua
182 2303 384 2339 sublevent,
431 2302 482 2333 vel
519 2302 634 2344 potius
663 2301 841 2334 extollant.
899 2299 965 2332 llic
994 2313 1075 2333 vero

93 2353 273 2395 Principes
299 2359 330 2384 et
356 2351 512 2383 civitates
536 2352 644 2389 colat,
674 2357 814 2393 augeat,
841 2358 960 2388 ornet,
988 2351 1076 2383 cele-

93 2406 180 2436 bret.
216 2401 283 2434 Hic
301 2401 539 2433 subministret
557 2408 589 2434 et
605 2401 693 2433 aulis
711 2408 742 2433 et
759 2400 902 2433 Senatui
921 2412 957 2432 ae
977 2412 1076 2443 prae-

94 2453 204 2492 torio,
239 2458 342 2495 atque
368 2450 402 2482 in
437 2451 556 2492 primis
581 2449 763 2488 Ecclesiis,
798 2451 930 2488 bonos,
965 2450 1077 2490 utiles,

95 2504 253 2536 doctrina
281 2508 313 2533 et
338 2501 464 2543 pietate.
493 2501 698 2540 conspicuos
729 2500 918 2532 nnnistros.
977 2498 1077 2532 Hanc

96 2552 376 2586 coniunctionem
396 2550 555 2593 probabit
575 2549 686 2588 Dens,
718 2557 750 2582 et
774 2548 966 2582 sortnnabit
984 2550 1020 2582 in
1039 2562 1076 2582 ea

96 2610 199 2646 atque
226 2598 393 2644 provehet
416 2606 580 2637 conatus,
610 2600 743 2637 studia,
780 2611 902 2642 operas
927 2606 1076 2641 nostras,

96 2653 248 2694 dirigens
274 2649 356 2683 baec
375 2651 491 2682 omnia
508 2651 549 2682 ad
571 2651 706 2682 landem
733 2649 939 2682 sanctissimi
961 2650 1076 2682 nomi-

679 130 834 168 DECL.
868 130 941 165 DE
969 129 1163 166 PAULO
1191 131 1518 169 APOSTOLO.

2034 136 2105 169 618

1125 216 1180 248 nis
1216 218 1287 258 sui,
1329 225 1362 251 et
1394 216 1571 252 Ecclesiae
1604 218 1681 253 lesu
1716 217 1849 253 Christi
1882 219 2103 253 incrementa.

1126 265 1239 307 Quem
1258 268 1398 311 quidem
1417 275 1489 301 toto
1508 276 1645 311 pectore
1661 282 1722 303 oro
1741 276 1884 313 propter
1898 270 2007 302 filium
2024 269 2103 302 Me-

1124 315 1313 357 diatorem,
1339 325 1376 350 ut
1396 318 1430 349 in
1446 316 1500 349 bis
1516 321 1622 352 tantis
1637 321 1731 353 orbis
1754 327 1925 353 terrarum
1942 319 2103 353 tumulti-

1124 365 1189 397 bus
1214 367 1392 411 relliquias
1409 366 1583 400 Ecclesiae
1607 380 1687 402 suae
1706 377 1836 410 servet,
1863 377 1895 403 et
1914 370 1969 413 pia
1989 369 2103 402 studia

1124 415 1161 447 in
1177 413 1240 448 liae
1256 415 1442 449 Academia
1460 423 1492 449 et
1508 418 1591 450 alibi
1612 425 1760 454 tueatur.
1812 419 1939 454 Amen.
1992 417 2084 453 Dixi.

1122 604 1186 637 No.
1203 602 1248 637 74
1255 631 1263 641 .

1123 655 1253 666 Μ

1937 622 1983 642 an.
2013 611 2104 642 1543.

1927 655 2096 667 Μ

1351 703 1425 744 De
1462 702 1608 744 Paulo
1638 703 1688 744 A
1685 706 1875 758 postolo-

1191 791 1219 815 ln
1236 790 1357 816 Declam.
1373 790 1404 817 Τ.
1419 789 1439 814 Ι.
1458 798 1482 822 p.
1501 790 1548 814 119
1565 799 1639 824 sqq.,
1663 791 1777 817 Servest.
1794 791 1826 818 T.
1838 791 1856 817 l.
1870 801 1895 826 p.
1910 793 1966 818 102.
1989 797 2013 818 et
2034 793 2103 827 apud

1224 825 1348 850 Richard.
1366 824 1397 850 T.
1413 823 1459 850 tlt.
1478 832 1504 857 p.
1517 824 1576 849 ⁵36.

1124 914 1247 946 Oratio
1263 911 1309 945 de
1332 912 1475 945 Paulo
1501 911 1888 954 Apostolo,l1abi{a
1915 924 1938 946 α
1964 909 2104 948 Chre·-

1223 961 1443 1006 stophoro
1470 964 1601 1003 Iona,
1628 962 1731 995 Anno
1748 963 2002 997 M.D.A·L111.

1122 1038 1301 1086 Proponit
1327 1040 1393 1075 boc
1417 1042 1473 1073 die
1488 1040 1642 1074 Ecclesia
1665 1042 1901 1075 meditandam
1923 1043 2022 1076 Pauli
2049 1042 2104 1076 bi-

1123 1093 1266 1127 storiam
1281 1119 1290 1132 ,
1317 1104 1355 1124 ac
1371 1091 1437 1124 Dei
1452 1092 1658 1124 beneficium
1674 1093 1834 1131 celebrat,
1862 1093 1921 1137 qui
1941 1100 1971 1126 et
1989 1106 2103 1126 exem-

1123 1145 1220 1187 plum
1238 1142 1496 1174 misericordiae
1513 1142 1653 1174 caeteris
1671 1141 1806 1184 insigne
1823 1143 1984 1183 ostendit,
2007 1141 2104 1177 boste

1123 1195 1160 1226 in
1180 1193 1324 1235 gratiam
1349 1198 1504 1234 recepto,
1533 1198 1565 1224 et
1583 1192 1683 1224 nobis
1697 1191 1884 1225 Doctorem
1902 1194 2016 1232 dedit,
2043 1194 2103 1238 qui

1124 1250 1155 1276 et
1172 1243 1271 1274 vivus
1288 1252 1398 1273 annos
1415 1242 1485 1273 fere
1501 1252 1557 1273 sex
1572 1248 1603 1273 et
1622 1241 1762 1283 triginta
1776 1240 2007 1284 Evangelium
2025 1255 2102 1286 pas-

1123 1293 1187 1325 sim
1208 1292 1244 1325 in
1265 1292 1355 1323 bona
1373 1288 1476 1323 Asiae
1501 1297 1604 1333 atque
1621 1289 1783 1333 Europae
1801 1298 1895 1334 parte
1915 1292 2103 1325 circumtu-

1124 1343 1175 1374 lit.
1229 1340 1275 1374 Et
1295 1347 1475 1384 postquam
1495 1352 1534 1372 ex.
1552 1337 1615 1372 hac
1634 1340 1759 1372 militia
1777 1348 1938 1374 evocatus
1954 1349 2020 1382 est,
2048 1355 2103 1375 re-

1123 1392 1213 1424 lictis
1256 1390 1450 1423 utilissimis
1486 1389 1724 1423 monumentis
1760 1390 1875 1424 erudit
1913 1389 2103 1424 Ecclesiam

1123 1447 1302 1485 perpetuo.

1225 1504 1323 1539 Nihil
1350 1513 1463 1539 autem
1491 1506 1599 1548 magis
1624 1507 1720 1539 decet
1749 1508 1950 1550 praesertim
1985 1508 2021 1540 in
2050 1506 2106 1541 bis

1123 1556 1365 1599 congressibus
1389 1555 1534 1595 nostris,
1562 1568 1665 1599 quam
1686 1563 1718 1588 et
1735 1569 1854 1589 vocem
1876 1564 2048 1597 nostram,
2073 1565 2106 1591 et

1123 1607 1259 1639 animos
1291 1611 1324 1637 et
1356 1611 1454 1645 vota,
1499 1617 1577 1638 cum
1616 1603 1769 1638 Ecclesia
1807 1606 1872 1639 Dei
1904 1619 2106 1649 congruere.

1125 1656 1229 1698 Quod
1265 1667 1342 1687 cum
1377 1654 1584 1697 cogitarem,
1625 1655 1723 1687 nulla
1750 1656 1792 1687 de
1820 1667 1858 1687 re
1884 1657 1950 1689 alia
1979 1658 2106 1699 potiuS‚

1125 1717 1229 1750 quam
1254 1705 1296 1737 de
1314 1703 1421 1736 Panlo
1447 1705 1635 1737 dicendum
1659 1716 1730 1737 esse
1753 1705 1923 1748 iudicavi,
1951 1718 2107 1749 praeser-

1125 1756 1187 1788 tim
1212 1767 1287 1787 tum
1308 1753 1380 1785 eius
1400 1751 1545 1786 historia
1567 1765 1630 1786 nos
1648 1755 1689 1786 de
1713 1752 1768 1786 liis
1794 1755 1877 1797 ipsis
1896 1756 2040 1796 studiis,
2068 1757 2105 1789 in

1125 1804 1252 1848 quibus
1269 1814 1466 1843 versamur,
1492 1811 1523 1836 et
1541 1804 1584 1835 de
1600 1804 1763 1836 universo
1781 1811 1898 1837 nostro
1918 1806 2107 1847 curriculo,

1126 1854 1275 1897 plurima
1290 1859 1421 1886 monet.
1463 1852 1577 1895 Quem
1593 1853 1685 1885 enim
1703 1851 1870 1886 babemus
1885 1854 1992 1887 alium
2011 1855 2107 1888 Scri-

1126 1910 1271 1947 ptorem,
1295 1903 1354 1946 qui
1371 1914 1494 1943 genera
1514 1903 1766 1943 doctrinarum,
1793 1901 2052 1948 Philosophiae,
2073 1912 2107 1938 et

1125 1951 1320 1994 Evangelii,
1346 1952 1565 1985 artificiosius
1580 1953 1756 1992 discernit,
1783 1953 1843 1997 qui
1860 1965 1959 1986 usum
1978 1956 2108 1987 utrius-

1126 2014 1192 2046 que
1212 2010 1280 2035 tam
1306 2002 1488 2045 perspicue
1510 2009 1700 2042 monstrat,
1727 2003 1786 2047 qui
1813 2004 1914 2035 nobis
1932 2003 2106 2048 Rempnb.

1126 2059 1302 2091 nostram,
1335 2051 1368 2083 id
1389 2058 1437 2084 est
1456 2050 1664 2089 Ecclesiam,
1692 2053 1818 2084 clarius
1838 2054 2020 2093 describit,
2047 2055 2107 2098 qui

1126 2103 1261 2145 saepius
1284 2108 1401 2134 monet
1429 2114 1577 2145 quarum
1608 2114 1723 2134 rerum
1749 2103 1907 2135 doctrina
1935 2102 2111 2136 Ecclesiae

1127 2151 1316 2184 necessaria
1341 2151 1408 2184 sit'?
1462 2150 1513 2184 Ac
1535 2152 1604 2183 scio
1631 2164 1690 2184 vos
1713 2164 1832 2185 omnes
1859 2152 1956 2185 Pauli
1982 2166 2110 2186 nomen

1127 2201 1172 2233 ita
1191 2213 1324 2240 amare,
1351 2208 1389 2233 nt
1414 2201 1600 2233 consilium
1619 2213 1733 2233 meum
1758 2203 1904 2234 maxime
1929 2204 2109 2246 probaturi

1127 2251 1212 2285 sitis.
1265 2250 1333 2283 Sed
1352 2251 1464 2282 dicam
1485 2251 1652 2292 ingenue,
1677 2263 1876 2296 quanquam
1893 2253 1990 2285 nulla
2012 2254 2047 2285 in
2075 2266 2112 2285 re

1127 2300 1267 2333 suavius
1293 2300 1491 2344 acquiescO,
1519 2312 1621 2344 quam
1647 2301 1681 2332 in
1705 2302 1914 2343 cogitatione
1930 2303 2110 2336 doctrinae

1127 2357 1160 2383 et
1187 2350 1363 2382 actionum
1392 2349 1493 2382 Pauli
1527 2357 1559 2382 et
1586 2350 1753 2383 similium
1782 2352 1957 2385 virorum:
1994 2359 2108 2385 tamen

1127 2400 1321 2443 amplitudo
1340 2411 1456 2431 rerum
1475 2412 1528 2431 me
1546 2400 1725 2438 movebat,
1752 2408 1790 2433 ut
1808 2401 1902 2433 aliud
1926 2413 2111 2443 argumen-

1128 2458 1200 2483 tum
1218 2449 1332 2493 potins
1351 2461 1569 2493 quaererem:
1596 2456 1633 2482 nt
1657 2450 1748 2481 enirn
1769 2450 1938 2484 Paulinae
1953 2453 2110 2496 disputa-

1126 2500 1238 2532 tiones
1265 2507 1367 2543 atqne
1385 2499 1556 2537 actiones,
1585 2499 1783 2532 nniversam
1802 2499 1992 2534 Ecclesiam
2014 2515 2110 2535 eom—

1127 2551 1246 2593 plexae
1270 2555 1370 2594 suntl,
1399 2549 1443 2580 ita
1469 2550 1511 2581 de
1534 2549 1582 2581 eis
1604 2551 1784 2592 perspicue,
1802 2551 1870 2583 dici
1896 2564 1965 2583 non
1987 2559 2109 2594 potest,

1127 2600 1193 2632 nisi
1227 2599 1405 2639 religionis
1436 2599 1594 2639 exordia,
1641 2599 1853 2633 incrementa
1883 2608 1914 2633 et
1944 2602 2107 2644 pleraque

1127 2649 1315 2682 certamina
1339 2655 1551 2692 repetantur.
