2338 2958
80 113 158 150 405
583 111 742 151 DECL.
777 113 852 150 DE
885 111 1170 151 PRAEFAT.
1204 112 1260 147 IN
1293 111 1607 152 HOMERUM.
2042 123 2114 163 405

81 200 148 234 Sed
174 209 235 243 age
258 197 460 238 videamus,
493 199 576 244 quid
604 200 656 233 illi
681 201 757 234 viro
782 201 933 242 tribuat,
965 212 1068 246 quem
1092 203 1094 205 ’
1121 197 1233 230 virtus
1258 200 1407 231 exerceri
1436 212 1474 233 ac
1496 203 1643 244 spectari
1669 204 1766 237 solet.
1821 204 2054 245 Memorabile
2077 222 2110 249 et

79 249 281 294 politicum,
315 260 419 293 quem
446 248 646 295 principem
674 251 708 284 in
737 250 877 296 Repuk„
900 263 1002 297 quem
1027 251 1068 283 iis
1123 245 1187 281 boc
1214 254 1281 288 est,
1309 251 1400 293 quod
1428 254 1575 285 eundem
1600 261 1632 287 et
1650 256 1959 298 prudentissimum
1978 262 2057 296 facit
2077 273 2109 300 et

79 299 212 345 ingenii
231 298 393 339 dotibus,
420 299 533 345 iisque
549 302 683 335 artibus
702 315 739 334 ac
756 303 944 336 virtutibus
966 314 1066 346 prae-
1121 299 1456 343 eloquentissimum,
1477 302 1670 348 tribuitque
1686 306 1714 337 ei
1733 308 1927 342 orationem
1948 312 2108 349 similiter

77 351 190 384 ditum
214 349 334 392 fingit,
371 350 500 395 quibus
527 352 682 386 civitates
710 353 745 385 in
772 365 853 396 pace
878 353 1003 386 florere
1029 364 1066 384 ac
1120 349 1328 382 fluminibus
1358 347 1515 384 hibernis
1548 354 1689 387 uix-ilius
1723 359 1830 391 auctis
1861 360 2046 405 fluentem,
2075 374 2107 400 et

75 400 266 444 gubernari
283 400 416 441 solent,
446 401 478 433 id
497 403 592 435 enim
610 409 853 446 argumentum
873 410 992 436 nostro
1011 403 1066 435 in—
1119 401 1266 443 opponit
1290 412 1327 432 ac
1351 401 1485 434 confert
1508 402 1598 435 inter
1623 416 1657 436 se
1679 408 1747 439 duo
1773 409 2018 451 perfectissima
2047 427 2105 459 ge-

75 451 196 484 stituto
222 451 368 495 propius
394 462 466 484 esse
493 453 639 487 videtur.
701 453 858 486 Primum
886 454 1009 487 tribuit
1033 453 1063 485 ei
1119 462 1201 482 nera
1220 451 1378 491 dicendi,
1411 452 1446 483 in
1465 451 1626 485 Menelao
1645 462 1675 488 et
1696 456 1828 501 Ulysse.
1882 460 2000 505 Fingit
2019 466 2101 501 item

75 501 251 544 ingentem
275 514 430 535 amorem
456 514 534 546 erga
566 504 731 547 patriam,
764 516 843 537 eum
868 504 960 536 enim
990 511 1063 546 post
1118 510 1202 533 eum
1232 501 1302 544 regi
1340 509 1372 535 et
1406 503 1572 535 custodiri
1607 516 1624 536 a
1656 505 1838 550 Minerva,
1874 520 1909 545 ut
1944 519 2103 553 ostendat

73 550 187 585 Deum
211 551 364 596 primum
387 554 532 595 gradum
553 554 706 597 pffeflniS,
732 554 882 597 primum
907 555 1063 586 {mistim}
1118 562 1261 594 magnos
1278 552 1371 584 viros
1388 551 1462 585 Deo
1481 566 1582 586 curae
1599 567 1682 595 esse,
1710 557 1851 603 eiusque
1870 565 1998 599 auxilio
2018 569 2103 601 sub-

75 613 147 635 esse
170 602 309 637 scimus.
362 601 407 636 Et
424 603 533 638 Solon
558 605 649 647 apud
669 603 856 645 Croesum,
889 612 925 638 ut
948 604 1063 637 Hero-
1087 612 1091 678 Ι
1117 600 1234 644 ῐιὶκόε,
1263 613 1316 634 res
1343 609 1452 635 tantas
1470 604 1612 637 efficere.
1669 606 1777 640 l'orro
1796 623 1872 642 cum
1892 612 2042 661 Cyclope
2069 626 2102 653 et

76 653 181 686 dotus
197 653 320 693 refert,
349 654 500 697 primum
521 655 718 688 foelicitatis
740 656 886 696 gradum
904 656 1060 696 adsienat
1088 681 1090 688 ,
1116 664 1193 683 cum
1210 654 1324 695 procis
1342 665 1419 685 cum
1439 654 1697 698 depugnantem
1722 658 1798 691 facit
1813 687 1820 699 ,
1847 659 1910 695 lioc
1930 673 1995 705 est,
2022 681 2099 702 cum

74 703 145 743 illi,
173 703 232 748 qui
249 715 311 747 pro
327 705 436 748 patria
453 711 602 737 mortem
621 706 837 749 oppetiisset:
864 707 1061 749 proximum
1115 703 1291 747 iyriffliiis‚
1320 710 1352 736 Εἰ
1376 716 1453 736 cum
1477 707 1650 739 seditiosis
1676 710 1861 754 pravisque
1887 711 2101 761 hominibus,

73 754 124 794 ei,
150 754 210 798 qui
233 755 396 798 pietatem
413 755 616 798 parentibus
641 756 878 800 praestitisset.
931 755 975 789 [Jt
996 756 1061 799 igi·
1115 753 1264 785 aliorum
1290 760 1366 786 101'0
1397 761 1429 787 ⁰1
1462 756 1612 789 fortunis
1640 758 1908 802 insidiantibus,
1943 778 2020 800 cum
2047 768 2100 804 liis

74 811 132 838 tur
148 804 207 837 itte
230 816 330 838 amor
352 806 502 849 patriae,
530 806 565 838 in
591 803 657 839 hoc
671 807 747 840 viro
767 807 960 840 effunderet
980 819 1061 847 sese,
1115 803 1206 835 “ssim
1226 805 1364 837 ‘lUObUS
1386 806 1572 847 gssflt’ril‘OE
1594 805 1780 843 hominum
1796 823 1932 857 semper
1952 814 2100 854 heroicis

74 862 105 888 et
125 855 296 888 illustrior
311 855 419 895 fieret,
446 856 544 898 fingit
560 856 665 890 Poeta
682 858 892 901 multiplices
907 858 1061 890 occasio-
1114 862 1144 887 ‘¹2
1167 856 1421 897 i'¹'³¹“⁵'·'³¹¹¹ll¹¹¹5
1439 857 1524 889 *1¹5⁵
1548 858 1638 891 ¹⁰⁰¹st
1661 872 1700 891 “C
1724 868 1898 897 certamen
1923 867 2000 903 suit.
2053 870 2099 905 Et

74 917 147 944 nes,
174 911 207 937 et
223 905 316 938 varia
334 906 594 949 impedimenta,
621 908 748 952 quibus
767 909 841 941 eius
859 909 894 941 in
912 909 1058 952 patriam
1114 906 1206 949 quod
1234 905 1269 937 in
1294 907 1416 949 primis
1439 914 1488 939 ⁰51
1505 908 1780 951 OiiSCI'Vsswium,
1808 915 2099 957 patientissimum

72 955 206 989 reditus
235 955 495 1000 interpellatur,
535 970 612 991 cum
645 959 774 1004 quibus
806 960 970 992 omnibus
1001 959 1058 991 ille
1113 968 1190 987 eum
1215 969 1252 988 «¹¹⁶
1279 957 1490 999 pertinsscem
1511 960 1683 1003 propositi
1711 961 1827 1005 fingit,
1861 967 1989 1011 quique
2013 971 2098 1006 dum

72 1005 239 1046 consilio,
271 1007 424 1045 ratione,
462 1009 595 1041 viribus
629 1010 736 1042 animi
773 1017 924 1054 pugnat,
957 1016 988 1042 et
1021 1022 1059 1042 ex
1114 1017 1251 1038 cursum
1278 1018 1377 1039 suum
1403 1014 1534 1046 teneat,
1570 1017 1673 1054 atque
1702 1012 1734 1044 id
1755 1016 1846 1057 quod
1870 1017 1952 1051 velit
1977 1032 2098 1055 conse-

71 1057 237 1089 omnibus
254 1054 308 1090 his
326 1059 465 1091 tandem
483 1059 664 1092 eluctatur.
707 1059 753 1093 At
768 1061 905 1105 qualem
925 1060 984 1092 ille
1000 1073 1056 1104 pa·
1113 1064 1257 1100 ‘1¹¹³²i¹1¹',
1291 1058 1398 1089 ”illlis
1423 1059 1590 1092 ¹¹³⁰l⁰Slii⁵
1619 1073 1657 1093 ³⁰
1687 1063 1886 1106 laboribus,
1921 1069 2098 1117 nullisque

71 1108 175 1140 triam
202 1108 288 1140 tanti
315 1108 420 1141 facit?
454 1121 577 1153 nempe
601 1110 772 1149 sterilem,
807 1117 1060 1156 angustamque
1113 1108 1334 1139 contumeliis
1366 1109 1458 1140 ‘inci
1496 1110 1653 1153 frangis-e
1696 1125 1731 1145 se
1762 1115 1933 1159 patiatur,
1968 1124 2097 1164 perfert

71 1157 240 1196 insulam,
267 1165 298 1190 et
319 1165 354 1191 ut
373 1157 494 1192 Cicero
512 1162 573 1199 ait,
601 1161 637 1193 in
655 1161 855 1205 asperrimis
872 1162 962 1194 saxis
978 1168 1058 1194 tan-
1112 1158 1182 1198 illt’,
1210 1170 1287 1191 cum
1304 1158 1369 1190 iam
1390 1160 1590 1201 perfunctus
1609 1163 1770 1205 periculis
1786 1178 1823 1198 ac
1843 1169 1943 1202 malis
1961 1172 2098 1207 videre-

70 1220 174 1253 quam
194 1207 354 1241 nidulum
375 1210 523 1245 affixam.
575 1210 737 1245 Eiusille
763 1218 859 1245 tanto
885 1212 1058 1245 desiderio
1113 1214 1189 1248 tur,
1215 1206 1331 1241 adhuc
1349 1210 1445 1242 dOmi
1471 1223 1552 1244 ⁵⁰³⁶
1575 1213 1685 1246 multa
1710 1214 1966 1260 intolerabilia,
1991 1227 2096 1258 susti-

70 1266 102 1292 et
121 1270 239 1291 amore
257 1265 412 1299 tenetur,
439 1267 476 1293 ut
496 1261 631 1294 sumum
659 1262 742 1295 iude
763 1269 967 1302 exeuntem,
992 1262 1058 1295 im-
1112 1266 1169 1292 net
1186 1269 1257 1291 esse
1274 1259 1383 1297 lacer,
1411 1261 1612 1303 mendicus,
1639 1263 1794 1299 ludibrio
1820 1264 1959 1311 haberi,
1987 1287 2095 1318 vapu-

70 1309 277 1342 mortalitati
310 1311 484 1353 praeferre
517 1324 589 1344 non
619 1313 767 1347 dubitet.
825 1311 870 1346 Et
899 1313 1058 1346 videmus
1112 1309 1201 1349 lare,
1235 1320 1309 1341 0⁵⁵²
1334 1310 1403 1353 peti
1434 1323 1451 1343 a
1476 1313 1610 1354 procis,
1643 1314 1783 1348 irrideri
1810 1329 1828 1350 a
1858 1331 1917 1353 sua
1951 1324 2095 1369 familia,

72 1357 167 1391 bunc
192 1359 353 1393 affectum
381 1361 417 1393 in
443 1362 606 1395 omnibus
629 1363 764 1405 magnis
788 1375 825 1395 ac
849 1363 1058 1407 praestanti-
1111 1359 1227 1392 omnia
1246 1357 1330 1392 haec
1347 1361 1388 1392 ad
1410 1366 1546 1405 tempus
1563 1364 1770 1406 dissimulat,
1795 1377 1978 1411 expectans
1996 1388 2094 1410 occa-

70 1410 137 1442 lius
154 1409 237 1441 viris
252 1410 357 1442 fuisse
371 1411 594 1454 singularem.
647 1410 900 1447 Demosthenes
924 1426 1001 1446 cum
1020 1413 1056 1445 in
1111 1410 1255 1449 Sionem,
1281 1422 1347 1454 qua
1365 1411 1508 1443 domum
1529 1425 1744 1458 recuperare,
1771 1418 1874 1451 rebus
1893 1423 1963 1456 suis
1980 1428 2096 1471 potiri,

71 1458 232 1492 Calauria
260 1461 433 1502 exularet,
463 1463 583 1495 scribit
607 1474 643 1495 se
668 1459 830 1508 quotidie*
851 1465 890 1496 ad
919 1464 1056 1496 culmen
1111 1460 1260 1504 illosque
1276 1461 1396 1493 ulcisci
1415 1469 1537 1504 posset.
1592 1463 1655 1498 Est
1671 1478 1708 1498 ea
1725 1467 1836 1501 virtus
1852 1470 2039 1515 singularis
2057 1479 2094 1513 in

71 1510 144 1543 eius
162 1511 276 1543 sacelli
295 1512 335 1543 ad
353 1513 446 1556 quod
465 1514 682 1555 confugerat,
709 1515 928 1554 adscendere,
955 1521 1057 1558 atque
1110 1510 1367 1554 praestantibus
1385 1512 1487 1549 viris,
1514 1525 1586 1546 non
1604 1522 1739 1549 tanturn
1758 1530 1898 1562 magnas
1914 1531 1945 1557 et
1962 1538 2095 1562 memo-

71 1561 154 1593 inde
169 1561 228 1593 diu
248 1573 320 1593 eam
340 1563 526 1604 regionem,
547 1576 648 1608 quam
668 1576 786 1597 versus
798 1562 958 1597 Athenae
975 1564 1058 1597 sitae
1110 1561 1238 1593 rabiles
1261 1572 1314 1593 res
1331 1562 1373 1593 ad
1393 1561 1537 1595 salutem
1558 1566 1689 1607 patriae
1714 1579 1751 1600 ac
1768 1571 1959 1606 multorum
1981 1574 2095 1612 homi-

75 1618 192 1651 erant,
219 1612 350 1654 ingenti
378 1613 552 1646 desiderio
575 1620 607 1646 et
630 1614 770 1653 dolore,
806 1615 917 1647 oculis
941 1614 1057 1647 metiri
1110 1623 1215 1651 num,
1252 1621 1330 1644 cum
1356 1611 1446 1645 vitae
1471 1620 1501 1646 et
1527 1616 1648 1658 capitis
1671 1618 1825 1660 periculo
1850 1623 2000 1665 efficere,
2036 1633 2095 1664 sed
2135 1624 2138 1626 .

70 1674 109 1694 ac
125 1668 279 1706 spectare
294 1663 454 1702 solitum,
482 1664 537 1696 cui
564 1664 674 1708 patria
692 1665 753 1698 etsi
780 1665 913 1708 ingrata
932 1671 966 1698 et
990 1665 1057 1697 im-
1110 1661 1276 1701 iniuriaS‚
1320 1662 1571 1704 ignominiam,
1624 1670 1869 1711 contumelias,
1913 1674 2093 1714 infamiam

70 1712 127 1756 pia
154 1724 231 1755 erga
258 1713 389 1756 ipsum,
416 1714 485 1747 vita
502 1721 618 1748 tamen
643 1715 717 1759 ipsa
734 1723 766 1749 et
784 1716 900 1749 anima
919 1712 1058 1748 charior
1110 1712 1212 1745 etiam
1231 1712 1383 1755 perferre
1400 1725 1498 1756 posse
1517 1728 1554 1747 ac
1572 1718 1651 1759 pati,
1674 1725 1778 1763 atque
1797 1721 1936 1757 iuterim
1954 1727 2097 1764 institu-

70 1763 147 1796 fuit.
197 1762 308 1796 Porro
337 1764 516 1807 proximus
542 1766 688 1808 gradus,
723 1773 761 1800 ut
783 1767 826 1799 ad
856 1766 1056 1800 institutum
1110 1769 1184 1796 tum
1204 1774 1342 1795 cursum
1366 1775 1509 1806 urgere,
1536 1766 1642 1811 idque
1667 1781 1776 1801 unum
1796 1775 1889 1815 quod
1911 1772 2095 1815 honestum

71 1820 305 1852 revertamur,
338 1821 386 1846 est
410 1815 518 1858 pietas
548 1828 625 1859 erga
652 1823 829 1860 parentes,
861 1816 1058 1859 coniugem,
1111 1819 1143 1846 et
1160 1813 1310 1846 salut-'tre
1329 1814 1389 1853 sit,
1414 1822 1567 1857 spectare
1584 1829 1622 1851 ac
1638 1820 1746 1864 sequi.
1782 1820 1871 1856 Nota
1890 1834 1939 1860 est
1956 1837 2096 1864 senten-

72 1864 213 1900 liberos,
237 1870 270 1896 et
287 1863 321 1895 iu
335 1863 499 1909 Principe
517 1866 699 1910 praecipue
716 1878 794 1909 erga
812 1867 903 1899 cives
920 1879 958 1900 ac
973 1867 1057 1899 sub—
1111 1864 1157 1896 tia
1173 1861 1282 1896 Ennii
1301 1864 1343 1897 de
1360 1863 1486 1898 Fabio:

72 1914 184 1953 ditos,
223 1926 326 1957 quam
363 1913 538 1949 Homerus
573 1928 744 1950 summam
776 1916 888 1962 Ulyssi
922 1917 1058 1952 tribuit.

72 1963 187 2007 Quam
213 1970 330 1997 sancte
358 1965 453 1997 enim
477 1966 536 1998 ille
560 1973 719 2010 parentes
741 1967 824 2000 colit
854 1979 892 2000 ac
912 1979 1058 2000 venera-

71 2014 154 2048 tur?
185 2022 317 2058 quanto
336 2027 453 2049 amore
471 2023 610 2055 natum,
638 2023 769 2062 quanto
785 2017 966 2060 coniugem
984 2029 1058 2051 am-

72 2065 245 2109 plectitur,
273 2077 290 2097 a
307 2078 376 2110 quo
392 2078 456 2099 nec
475 2068 728 2100 consuetudine
743 2066 896 2101 Dearum
912 2068 1059 2101 immor-

72 2115 196 2149 talium
217 2116 319 2148 avelli
339 2127 373 2149 se
392 2117 547 2161 patitur'.>
573 2125 703 2163 quanta
718 2130 800 2151 vero
816 2131 896 2152 cura
915 2125 946 2152 et
962 2119 1060 2152 solli-

74 2166 229 2198 citudine
245 2167 352 2199 vitam
372 2168 565 2209 sociorum,
593 2181 794 2213 quanquam
813 2169 903 2202 male
922 2181 1059 2202 meren-

75 2216 183 2255 tium,
219 2218 359 2250 tuetur'?
390 2231 495 2262 quam
519 2231 582 2263 pro
605 2219 675 2252 illis
691 2220 830 2262 vigilat,
868 2227 900 2254 et
921 2220 1060 2253 nullum

74 2277 182 2309 genus
206 2267 382 2300 molestiae
404 2269 458 2302 vel
481 2270 612 2303 laboris
633 2278 789 2311 recusat,
817 2271 900 2304 dum
918 2271 1060 2304 illorum

75 2317 178 2349 saluti
198 2318 380 2351 consulat?

179 2366 270 2409 Quia
295 2379 377 2400 vero
403 2380 481 2401 eum
508 2370 588 2403 facit
616 2371 730 2404 virum
749 2371 1061 2415 prudentissimum

76 2426 110 2453 et
127 2419 447 2452 constantissimum
459 2444 468 2457 ,
496 2421 608 2454 varias
626 2422 726 2465 fingit
744 2422 960 2463 occasiones,
984 2423 1062 2468 qui-

76 2470 143 2503 bus
159 2469 240 2502 illae
257 2469 402 2502 virtutes
419 2477 630 2513 spectantur,
646 2473 752 2506 variis
770 2473 906 2506 casibus
922 2479 955 2506 et
970 2473 1063 2517 peri·
1088 2451 1093 2535 ι

79 2520 166 2552 culis
194 2520 314 2553 obiicit
342 2522 474 2564 ipsum,
511 2521 546 2553 in
576 2522 705 2566 quibus
733 2530 765 2556 et
793 2523 964 2556 fortitudo
991 2525 1065 2557 eius

77 2571 290 2609 ostenditur,
324 2578 356 2604 et
393 2571 445 2604 vis
479 2572 616 2605 consilii
651 2581 855 2617 exprompta
893 2574 1065 2608 elucescit.
1119 2586 1200 2606 vero
1229 2585 1344 2605 rerum
1378 2576 1503 2608 ordine
1533 2585 1637 2622 atque
1669 2580 1860 2628 oz'xovofu‘cg
1883 2585 2028 2627 digesta,
2064 2596 2101 2621 ut

79 2621 216 2653 Scimus
234 2621 324 2653 enim
344 2623 522 2655 adversam
550 2624 725 2656 fortunam
744 2625 838 2657 velut
857 2636 1016 2669 campum
1035 2632 1065 2658 e*
1121 2624 1218 2657 omni
1253 2621 1482 2659 humanitatis
1514 2638 1615 2661 sensu
1651 2642 1766 2663 carere
1802 2645 1901 2675 eum,
1937 2639 2099 2678 pecudem

80 2670 312 2715 Gymnasium
331 2683 418 2713 csse,
453 2673 488 2706 in
507 2686 576 2718 quo
596 2674 647 2707 vis
671 2675 802 2717 ingenii
821 2682 924 2719 atque
943 2676 1066 2709 eximia
1091 2707 1096 2720 .
1123 2687 1216 2715 esse,
1247 2687 1317 2707 nou
1344 2673 1522 2710 bominem
1548 2679 1756 2719 existimem,
1785 2683 1843 2727 qui
1865 2697 1933 2717 non
1958 2685 2101 2721 Homeri

1394 2726 1474 2761 26*

1238 1941 1307 1973 Non
1324 1945 1451 1982 ponebat
1467 1948 1547 1974 enim
1567 1957 1699 1978 rumores
1715 1958 1781 1980 ante
1799 1954 1934 1987 salutem,

1111 2015 1163 2050 Ea
1188 2017 1291 2059 plane
1317 2024 1366 2051 est
1390 2017 1531 2064 Ulyssea
1557 2021 1747 2066 sapientia,
1781 2038 1848 2070 qua
1873 2041 1927 2061 res
1950 2031 2097 2068 afflictae

1112 2075 1144 2101 et
1171 2067 1372 2111 profligatae
1397 2069 1601 2115 plerumque
1628 2073 1742 2106 fulciri
1766 2087 1803 2108 ac
1831 2083 2017 2115 sustentari
2041 2096 2098 2117 so-

1112 2119 1196 2152 lent.
1233 2118 1362 2151 Desino
1382 2121 1424 2152 de
1443 2120 1575 2165 [lysse,
1604 2135 1706 2166 quem
1724 2123 1957 2164 Philostratus
1977 2132 2098 2169 ἄθυρ-

1112 2181 1164 2213 μα
1188 2167 1334 2201 Homeri
1353 2177 1467 2203 vocat:
1497 2183 1576 2203 nam
1601 2173 1628 2205 si
1651 2175 1786 2218 singula
1804 2183 1963 2225 persequi
1982 2167 2097 2228 velim,

1114 2220 1187 2252 dies
1205 2231 1257 2251 ine
1278 2217 1333 2252 liic
1349 2221 1519 2253 dicentem
1539 2223 1650 2263 citius,
1676 2238 1778 2269 quam
1796 2229 1934 2263 dicendi
1954 2237 2096 2270 materia

1115 2270 1261 2302 deficiat.
1315 2269 1589 2306 innumerabilia
1607 2275 1698 2307 enim
1713 2285 1795 2311 sunt
1811 2279 1845 2311 iu
1866 2279 2020 2318 Homero
2039 2299 2097 2317 ve»-

1116 2321 1165 2353 lut
1190 2320 1360 2353 divinitus
1391 2323 1554 2355 meditata
1578 2331 1680 2369 atque
1713 2327 1872 2371 iuventa,
1905 2345 1993 2377 quae
2025 2349 2095 2370 nou

1115 2379 1245 2405 temere
1261 2371 1304 2403 ab
1322 2370 1468 2405 Horatio
1491 2374 1651 2408 miranda
1668 2385 1746 2410 sunt
1765 2380 1872 2422 dicta,
1896 2394 2003 2428 eaque
2020 2388 2097 2420 ubi-

1117 2434 1183 2467 que
1206 2421 1323 2454 omnia
1350 2422 1548 2456 incredibili
1575 2426 1742 2468 elegantia
1767 2437 1798 2463 et
1826 2433 1992 2469 suavitate
2016 2450 2099 2470 con·

1118 2473 1208 2510 dita,
1248 2472 1353 2505 variis
1379 2473 1577 2514 aflectibus,
1617 2476 1723 2521 ἤθεσι
1759 2486 1873 2514 tamen
1907 2487 2099 2530 praecipue,

1118 2523 1237 2556 multis
1255 2522 1477 2558 mirabilibus
1495 2533 1527 2559 et
1543 2527 1706 2561 iucundis
1723 2531 1857 2565 casibus
1876 2536 2015 2577 variata,
2041 2540 2098 2570 tali
