2338 2958
81 125 155 162 757

81 210 272 256 potentiam
289 208 356 243 Dei
380 212 424 244 ad
447 211 595 245 salutem
620 212 717 246 omni
742 212 917 251 credenti,
944 219 976 246 et
995 221 1067 244 esse

79 260 312 295 ministerium
327 261 482 305 spiritus.
520 261 743 306 Cogitatione
753 262 949 306 Evangelii,
970 261 1065 295 Deus

77 318 128 345 est
149 311 268 344 efficax
294 311 329 344 in
355 313 521 347 cordibus
543 314 752 357 legentium,
781 315 850 347 imo
872 312 1064 357 praesentis

73 360 140 395 Dei
163 373 282 394 vocem
306 363 538 397 audientium.
589 363 637 398 Et
654 365 736 397 libri
753 361 1011 408 Prophetarum
1030 369 1062 396 et

72 409 326 455 Apostolorum
354 425 434 447 cum
467 415 702 449 eruditissime
734 415 855 459 scripti
883 415 953 448 sint
985 413 1061 447 sine

71 460 199 503 literis,
239 462 315 496 siue
347 465 565 506 eruditione,
610 478 682 498 non
715 471 863 509 possunt
893 464 1060 498 enarrari.

72 510 168 554 Quid
200 513 314 554 fieret,
354 514 382 547 si
414 516 556 549 abiectis
585 516 686 549 libris
714 523 749 549 et
777 515 887 549 literis
916 516 1060 557 fingeret

69 563 218 608 quisque
250 576 336 608 quas
359 565 462 600 vellet
486 567 693 607 sententias,
727 573 765 599 ut
787 567 943 599 fecerunt
967 562 1058 598 Eth-

69 613 152 651 nici,
183 611 463 657 Mahometistae,
483 616 605 650 ludaei
620 625 785 656 recenteS,
807 623 839 649 et
854 628 948 649 nunc
960 616 1058 648 Ana-

69 663 263 707 baptistae?
323 666 473 700 Memini
504 667 695 710 sapientem
721 667 896 712 quendam
923 666 1058 711 princi-

68 725 148 758 pem
168 715 203 748 in
222 715 413 750 Germania
425 745 434 757 ‚
461 729 539 751 cum
556 717 594 750 in
611 718 698 751 urbe
709 715 983 751 Monas'teriensi
1000 717 1057 751 su-

68 776 165 798 rores
189 767 433 811 anabaptistici
458 775 714 811 grassarentur,
742 769 872 801 dicere:
904 767 1004 802 Nunc
1021 779 1057 800 se

67 816 176 859 magis
192 817 402 861 intelligere,
429 825 600 863 quantum
615 830 703 863 opus
718 819 760 852 sit
777 819 905 860 literis,
931 825 963 852 et
977 830 1056 852 eru-

67 866 222 908 ditione,
262 869 305 901 ad
337 870 527 902 servandos
559 876 668 902 certos
698 869 809 902 libros
837 876 868 902 et
899 870 1054 902 nativam

65 918 284 951 sententiam.
339 918 430 961 Quia
456 919 483 952 si
501 931 573 952 non
589 927 767 964 regeretur
779 918 935 953 Ecclesia
953 920 1055 953 certis

65 966 165 999 libris
189 974 222 1001 et
245 969 362 1002 nativa
387 971 629 1011 enarratione,
661 971 831 1005 fanaticos
853 977 886 1004 et
909 971 1055 1004 audaces

65 1014 229 1052 homines
271 1020 430 1064 quotidie
469 1034 559 1054 nova
601 1028 762 1065 portenta
800 1022 1082 1063 excogitaturos=

65 1078 156 1109 esse,
183 1077 216 1103 et
232 1071 442 1113 gloriaturos
459 1083 493 1105 se
512 1073 554 1104 ad
575 1078 664 1105 statu
682 1072 804 1104 divino
822 1072 905 1114 regi.
959 1070 1055 1104 Haec

63 1119 221 1162 pericula
237 1122 448 1164 cogitantes,
476 1122 608 1155 maiore
625 1122 742 1155 studio
759 1122 868 1155 libros
885 1128 919 1155 et
935 1129 1054 1156 custo—

63 1169 200 1203 diamus
216 1178 248 1204 et
263 1172 429 1215 legamus.

166 1219 261 1254 Haec
290 1223 332 1255 de
356 1223 505 1256 lectione
528 1223 682 1256 breviter
706 1222 797 1255 dicta
821 1229 921 1262 sunt,
948 1235 1054 1267 quam

64 1271 225 1305 nominat
243 1271 392 1312 Paulus,
420 1281 459 1307 ut
483 1274 652 1316 significet
665 1271 858 1306 Ecclesiam
883 1274 924 1305 ad
944 1280 1056 1306 certos

66 1320 176 1354 libros
206 1329 240 1355 et
269 1323 413 1356 unicum
438 1325 616 1369 quoddam
642 1324 820 1356 doctrinae
843 1335 950 1366 genus
976 1324 1055 1356 alli-

64 1377 178 1413 gatam
197 1383 281 1405 esse.
334 1373 494 1418 Cumque
512 1376 554 1406 de
570 1375 651 1406 totis
669 1374 770 1405 libris
789 1375 940 1416 primum
958 1374 1056 1415 dixit,

64 1428 183 1465 postea
207 1422 335 1456 dividit
353 1430 469 1467 partes
486 1423 730 1463 materiarum,
759 1434 843 1467 quas
860 1425 1055 1458 continent.

65 1470 198 1506 Partim
223 1473 317 1506 enini
344 1475 526 1508 continent
551 1474 768 1514 doctrinam,
805 1473 838 1505 id
865 1480 933 1513 est,
969 1475 1056 1517 dog-

65 1529 157 1556 mata
176 1535 237 1557 seu
254 1524 441 1565 articulos,
470 1525 531 1569 qui
547 1526 738 1558 ostendunt
755 1524 867 1568 qualis
887 1525 931 1557 sit
950 1523 1055 1565 Deus,

65 1579 99 1606 et
129 1576 306 1617 quomodo
331 1586 365 1608 se
389 1575 606 1619 patefecerit,
639 1576 734 1608 unde
758 1574 801 1607 sit
825 1571 912 1606 haec
935 1587 1051 1607 rerum

65 1629 208 1663 natura,
237 1626 330 1658 unde
347 1633 526 1669 peccatum
545 1633 579 1659 et
593 1637 706 1665 mors»,
737 1626 914 1669 quomodo
932 1631 964 1658 et
984 1637 1053 1669 quo

64 1680 221 1718 tempore
245 1675 336 1708 filius
356 1675 419 1709 Dei
448 1676 589 1717 missus,
617 1675 801 1709 crucifixus
821 1682 852 1708 et
871 1675 1054 1708 resuscita-

65 1731 120 1758 tus
144 1724 206 1765 sit,
239 1738 326 1770 quae
351 1726 514 1759 beneficia
539 1727 642 1759 nobis
667 1727 790 1766 donet3
820 1725 948 1769 partim
969 1737 1053 1758 vero

65 1775 251 1808 conciones
269 1776 409 1809 divinae
425 1784 505 1810 snnt
523 1775 806 1813 adhortationes,
832 1776 1054 1809 traducentes

65 1825 201 1858 animos
223 1828 264 1858 ad
283 1827 456 1860 adfectum
473 1828 644 1871 aliquem,
670 1827 711 1859 ad
729 1826 911 1864 timorem,
939 1826 1054 1866 fidem,

66 1886 180 1919 spem,
209 1875 451 1917 dilectionem,
479 1877 671 1914 laeticiam,
699 1883 731 1909 et
755 1877 797 1908 ad
822 1877 914 1909 bona
937 1888 1053 1920 opera.

67 1924 119 1959 Ita
143 1934 258 1970 partes
285 1928 510 1961 materiarum
537 1927 735 1970 distribuit,
773 1927 815 1959 de
836 1927 964 1971 quibus
988 1924 1054 1960 hoc

66 1983 222 2019 tempore
246 1977 314 2010 dici
337 1990 409 2010 non
435 1985 557 2022 potest.
613 1977 814 2010 Admonere
837 1984 973 2010 tantum
994 1989 1054 2020 vos

66 2027 183 2068 volui,
210 2034 249 2060 ut
265 2027 438 2070 cogitetis,
468 2028 737 2071 prudentissime
754 2026 941 2069 significari
954 2025 1055 2059 Pauli

67 2077 201 2119 verbis,
229 2079 271 2110 ad
297 2089 384 2123 quos
405 2078 489 2111 fines
513 2078 694 2121 dirigenda
712 2077 780 2110 sint
797 2077 932 2119 studia,
957 2077 1054 2109 vide-

67 2128 149 2162 licet
173 2130 216 2162 ad
239 2129 454 2172 agnitionem
478 2141 594 2161 veram
613 2127 697 2168 Dei,
724 2128 852 2160 deinde
871 2128 911 2160 ad
930 2139 1055 2161 accen-

68 2179 202 2212 dendos
229 2180 499 2224 piosgadfectus.
562 2179 687 2212 Aderit
712 2177 806 2211 Dens
831 2179 1056 2219 discentibus,

68 2235 100 2262 et
126 2229 328 2274 ubicunque
348 2228 432 2263 baec
457 2231 609 2264 scintilla
632 2241 773 2262 accensa
790 2236 859 2270 est,
886 2236 924 2263 ut
939 2230 1055 2273 cupiat

68 2291 167 2312 mens
185 2281 368 2324 proficere,
392 2282 602 2322 gubernabit
620 2280 713 2314 Dens
733 2281 865 2319 studia,
893 2287 924 2313 et
944 2280 1056 2320 faciet,

68 2337 108 2363 ut
130 2337 202 2364 tota
226 2338 343 2363 nostra
369 2332 577 2374 gubernatio
600 2332 645 2365 sit
662 2331 841 2371 salutaris,
865 2331 953 2364 sicut
971 2331 1057 2364 scri·-

70 2387 169 2425 ptum
189 2388 253 2415 est:
282 2380 377 2415 Dens
396 2389 464 2419 est,
493 2383 553 2427 qni
573 2382 653 2416 sacit
669 2389 708 2415 ut
724 2388 815 2414 recta
833 2381 998 2422 velimus,
1025 2388 1058 2415 et

70 2439 109 2466 ut
133 2432 371 2476 perficiamus,
398 2440 437 2467 ut
457 2433 574 2478 aliqua
598 2433 663 2476 ipsi
687 2439 781 2475 grata
806 2433 900 2467 fiant.
952 2431 1058 2466 Hunc

69 2482 184 2527 ipsum
208 2490 388 2516 aeteruum
415 2491 548 2527 patrem
564 2482 710 2517 Domini
728 2483 837 2516 nostri
859 2481 934 2516 lesu
952 2481 1059 2516 Chri-

70 2533 113 2566 sti
128 2545 208 2573 oro,
234 2540 273 2567 ut
289 2541 431 2578 propter
447 2534 559 2567 filium
576 2545 678 2567 suum
688 2532 882 2567 Dominum
900 2540 1058 2567 nostrum

72 2581 187 2616 lesum
202 2581 385 2618 Christum
410 2592 504 2628 regat
530 2592 563 2618 et
587 2585 681 2618 iuvet
696 2591 808 2618 totum
826 2584 1060 2618 ministerium

73 2640 235 2667 nostrum
268 2635 404 2679 Spiritu
435 2648 498 2669 sno
531 2642 670 2675 sancto,
701 2642 739 2669 ut
763 2647 842 2668 vere
867 2635 1062 2669 celebretur

73 2695 155 2717 vera
180 2692 213 2718 et
238 2692 378 2720 aeterna
402 2687 587 2728 divinitas,
615 2692 648 2719 et
673 2686 774 2719 multi
800 2686 881 2719 fiant
898 2684 1064 2720 haeredes

274 123 433 161 DECL.
466 122 541 160 DE
574 123 934 163 DISCRIMINE
968 122 1298 162 ECCLESIAE
1331 125 1430 163 DE1
1462 127 1538 164 ET
1574 129 1688 166 IMP.
1720 131 1923 169 MUNDI.

2037 136 2109 172 758

1089 210 1096 283 ¹
1120 211 1329 246 laetissimae
1345 220 1378 247 et
1395 221 1555 249 aeternae
1572 218 1837 252 consuetudinis
1856 231 1934 253 cum
1952 218 2105 256 Domino

1089 284 1093 296 ι
1118 270 1239 296 nostro
1267 264 1342 297 lesu
1368 262 1509 299 Christo
1534 273 1567 300 et
1589 267 1751 303 universa
1775 270 1965 304 electorum
1982 270 2105 306 Eccle-

1396 313 1488 351 Dixi.

1115 313 1162 346 sia
1175 339 1184 354 ,
1217 312 1342 349 Amen.

1120 441 1207 446 ———-—
1460 444 1837 453 ——Q-——m

1083 503 1087 598 ξ
1137 531 1203 565 No.
1221 530 1282 567 94.

1119 579 1289 591 s-‘N

1933 555 1979 573 an.
1999 544 2090 574 1546.

1081 639 1086 674 Ι
1131 663 1390 706 Dim-imon
1430 665 1664 706 Ecclesiae
1693 672 1738 707 et
1770 669 1876 723 imp.
1902 672 2072 713 mundi.

1179 753 1210 778 ln
1236 752 1282 778 sel.
1308 753 1390 780 Dect.
1417 755 1449 779 T.
1468 753 1513 780 lli.
1535 762 1561 784 p.
1576 754 1625 779 475
1639 764 1712 788 sqq.,
1743 755 1860 782 Servest.
1881 757 1913 783 T.
1930 757 1972 784 ΙΙΙ.
1992 760 2099 793 p.451.,

1211 787 1338 814 Richard.
1358 787 1388 813 T.
1404 788 1450 814 ΙΙΙ.
1471 797 1495 820 p.
1513 789 1569 814 108.
1591 793 1614 813 el
1635 789 1662 813 in
1679 789 1766 814 'sumo
1780 790 1825 815 ΙΙΙ.
1845 791 1951 819 lirford.
1970 793 2006 818 tit.
2022 792 2057 826 Q,
2075 796 2099 821 5.

1212 821 1277 847 item
1303 822 1330 847 in
1357 821 1442 847 libro:
1474 822 1587 856 Georgii
1615 822 1750 857 Principis
1770 825 1877 850 Anhatt.
1904 826 2050 852 conciones
2075 834 2101 854 et

1211 857 1324 889 scripta,
1356 856 1480 889 p.409b.
1522 857 1567 882 Est
1595 857 1665 882 enim
1694 859 1781 883 oratio
1807 859 1937 886 svnodica
1957 869 1970 885 a
1990 861 2100 887 Melan-

1213 890 1294 915 tbone
1325 890 1445 921 Georgio
1476 891 1626 916 Anhaltino
1657 894 1769 924 scripta,
1808 889 1853 926 q'ui
1888 903 1944 919 eam
1979 895 2102 922 recitavit

1211 925 1366 957 Mei-sburgi
1389 926 1413 951 d.
1435 924 1477 949 25.
1491 924 1555 950 Oct.
1572 925 1644 950 1546.
1664 940 1698 944 —
1736 929 1838 960 Apogr.
1859 927 1885 952 in
1903 928 1963 954 cod.
1982 929 2100 964 Gnelph.

1080 924 1085 1039 ι
1211 959 1238 983 ἰι]
1260 958 1318 984 Fol.
1339 968 1411 984 num.
1428 960 1522 985 11.10.
1543 969 1570 993 p.
1583 959 1642 984 217.
1664 959 1726 986 coll.
1746 960 1831 995 Epist.
1847 961 1963 989 Votvt.
1983 964 2078 998 p.250.

1080 1054 1082 1060 ’
1108 1047 1236 1079 Oratio
1266 1042 1488 1091 [synodica]
1515 1044 1561 1079 de
1585 1045 1802 1081 discrimine
1819 1050 2009 1084 Ecclesiae
2027 1051 2102 1085 Dei

1203 1100 1241 1129 et
1265 1098 1414 1140 imperii
1439 1096 1590 1140 mmuh,-
1618 1108 1667 1131 ex
1691 1100 1826 1133 Esaiae
1848 1100 1935 1144 Cap.
1952 1100 2010 1136 59.

1109 1180 1206 1222 Cum
1234 1188 1271 1220 in
1296 1185 1360 1220 hac
1385 1194 1480 1221 tanta
1505 1189 1679 1222 moestitia
1706 1191 1890 1233 temporis,
1918 1199 1951 1225 et
1974 1190 2100 1227 harum

1109 1239 1293 1280 regionum
1320 1239 1435 1277 luctu,
1466 1239 1649 1282 praecipue
1674 1253 1692 1272 a
1718 1239 1792 1273 Deo
1821 1243 2013 1276 consolatio
2039 1257 2101 1288 pe-

1108 1290 1213 1321 tenda
1239 1288 1302 1327 sit,
1333 1288 1391 1332 rpii
1416 1288 1494 1321 ideo
1518 1289 1560 1321 de
1581 1287 1756 1329 Ecclesia,
1785 1292 1826 1323 dc
1853 1292 2028 1336 imperiis,
2056 1296 2100 1328 de

1081 1357 1084 1403 ᾗ
1110 1340 1178 1372 vita
1217 1346 1376 1378 aeterna,
1412 1350 1510 1370 snam
1542 1340 1748 1373 sententiam
1776 1343 1955 1384 patefecit,
1997 1345 2099 1378 utin

1081 1410 1084 1438 y
1109 1390 1244 1431 magnis
1269 1387 1372 1421 liuius
1394 1389 1483 1421 vitae
1501 1391 1677 1422 aerumnis
1696 1392 1852 1424 dolorem
1872 1400 2029 1427 nostrum
2049 1396 2098 1428 le-

1082 1442 1083 1455 *
1109 1440 1200 1480 iniat,
1227 1446 1259 1472 et
1283 1446 1422 1482 portum
1441 1440 1544 1472 nobis
1562 1440 1713 1485 aliquem
1734 1444 1910 1484 ostendat3
1939 1456 2000 1488 ego
2019 1458 2098 1479 cum

1080 1505 1083 1544 Ι
1108 1491 1174 1523 alia
1199 1490 1309 1522 multa
1333 1491 1375 1521 de
1401 1491 1512 1523 causis
1536 1491 1756 1525 miseriarum
1776 1490 2029 1535 humanarum,
2059 1508 2097 1530 ac

1079 1546 1083 1593 f
1109 1542 1150 1572 de
1182 1540 1345 1573 remediis
1377 1541 1509 1582 cogito,
1545 1547 1618 1573 tum
1649 1554 1732 1575 vero
1758 1544 1941 1587 praecipue
1968 1545 2005 1579 in
2033 1544 2097 1580 hac

1080 1597 1082 1610 ¹
1107 1591 1347 1623 consolatione
1369 1591 1568 1634 acquiesco,
1595 1594 1687 1635 quod
1709 1593 1810 1626 toties
1829 1595 1989 1629 adfirmat
2003 1597 2098 1630 Deus

1108 1648 1303 1685 nti-nuque,
1331 1647 1364 1673 et
1388 1641 1577 1683 impiorum
1601 1643 1773 1675 tumultus
1794 1645 1947 1685 duriter,
1974 1644 2099 1680 Eccle-

1080 1723 1082 1730 ,
1107 1692 1192 1724 siam
1219 1692 1253 1723 in
1280 1689 1344 1724 hac
1369 1691 1437 1724 vita
1464 1699 1688 1735 quassatnros
1711 1706 1798 1734 esse,
1827 1702 1859 1728 et
1876 1701 1991 1729 tamen
2008 1709 2099 1730 sem—

1080 1737 1082 1779 ἷ
1108 1755 1169 1785 per
1209 1753 1319 1786 usqne
1358 1742 1400 1773 ad
1447 1743 1745 1775 resuscitationem
1781 1752 2019 1786 mortuorum,
2064 1755 2098 1781 et

1079 1814 1083 2016 i
1107 1793 1236 1824 deinde
1267 1792 1302 1823 in
1336 1791 1433 1823 omni
1459 1793 1660 1825 aeternitate
1688 1806 1886 1827 mansuram
1912 1808 1986 1829 eam
2012 1809 2096 1839 esse,

1080 2018 1083 2045 l

1080 2047 1083 2072 l

1108 1855 1170 1875 nec
1183 1840 1366 1884 Evangelii
1379 1841 1614 1875 ministerium
1629 1843 1854 1878 interiturum
1867 1858 1950 1884 esse,
1973 1848 2098 1881 etiam-

1107 1893 1134 1925 si
1153 1893 1276 1927 ruinae
1291 1892 1520 1936 imperiorum
1537 1905 1682 1935 maguae
1698 1895 1836 1928 futurae
1855 1904 1948 1930 sunt.

1210 1960 1298 1994 Nam
1331 1960 1494 1993 mirando
1523 1961 1671 1994 consilio
1697 1961 1788 1995 Deus
1819 1975 1858 1996 ex
1886 1961 1950 1997 hnc
1971 1965 2098 2000 misera

1109 2023 1218 2043 massa
1254 2011 1389 2053 generis
1419 2009 1563 2043 humani
1598 2019 1772 2045 aeternam
1804 2014 1872 2047 sibi
1903 2013 2095 2050 Ecclesiam

1109 2060 1274 2094 omnibus
1296 2061 1515 2104 temporibus
1538 2063 1685 2105 colligit:
1714 2071 1751 2097 ut
1770 2064 1805 2096 in
1822 2065 1980 2098 maximis
1997 2067 2097 2101 bellis

1108 2111 1307 2144 concionati
1330 2118 1412 2144 sunt
1435 2111 1597 2151 Samn'e'l,
1630 2111 1746 2151 Elias,
1779 2113 1937 2153 miscus,
1965 2114 2097 2157 Esaias,

1110 2161 1274 2196 ieremias
1297 2169 1329 2196 et
1350 2162 1427 2203 alii,
1454 2169 1493 2196 ut
1515 2162 1661 2196 dicitur:
1696 2162 1830 2198 Euntes
1853 2166 1952 2200 ibant
1977 2174 2012 2201 et
2033 2168 2095 2201 sse-

1110 2214 1212 2253 bant,
1244 2212 1422 2246 mittentes
1446 2213 1577 2246 semina
1601 2225 1674 2246 sua.
1726 2209 1797 2248 Nec
1821 2216 1898 2250 vult
1922 2216 2014 2251 Deus
2037 2226 2098 2253 aut

1109 2264 1288 2296 doctrinae
1310 2275 1449 2303 vocem,
1476 2270 1536 2296 aut
1558 2264 1815 2298 invocationem
1836 2266 1872 2298 in
1890 2278 2015 2309 genere
2031 2266 2098 2303 hu·

1109 2326 1213 2347 mano
1238 2314 1311 2347 nllo
1336 2321 1492 2357 tempore
1516 2314 1762 2348 conticescere:
1792 2316 1861 2349 imo
1880 2314 1969 2352 hanc
1986 2319 2098 2363 ipsam

1110 2366 1155 2398 ob
1187 2376 1325 2397 causam
1357 2364 1443 2397 sinit
1467 2363 1660 2397 Ecclesiam
1694 2365 1829 2399 duriter
1854 2370 2024 2411 exerceri,
2058 2377 2098 2404 ut

1111 2427 1230 2449 curam
1264 2414 1423 2448 discendi
1458 2421 1491 2448 et
1521 2415 1781 2449 invocationem
1814 2417 1850 2450 in
1882 2419 1985 2453 nobis
2014 2433 2098 2454 exu-

1112 2467 1221 2500 scitet-

1213 2531 1309 2566 Haec
1332 2544 1410 2565 cum
1433 2531 1479 2565 ita
1502 2531 1590 2571 sint,
1619 2544 1820 2579 quanquam
1841 2543 1984 2579 propter
1998 2536 2099 2569 dolo-

1114 2584 1162 2618 ris
1177 2583 1457 2626 magnitudinem
1475 2582 1531 2615 vix
1548 2584 1689 2627 prodire
1703 2596 1862 2628 possum,
1888 2593 2003 2619 tamen
2020 2598 2099 2620 cum

1115 2642 1266 2669 caeteras
1282 2641 1395 2678 partes
1411 2633 1516 2666 officii
1530 2633 1641 2667 nostri
1653 2632 1768 2668 adhuc
1779 2636 1996 2674 administro,
2024 2644 2099 2670 tum

1117 2697 1199 2719 vero
1222 2683 1313 2718 banc
1335 2684 1539 2718 concionem
1563 2685 1606 2717 ad
1631 2697 1694 2719 vos
1721 2687 1953 2719 consolandos
1973 2684 2101 2721 habere

1410 2731 1488 2768 48*
