<?xml version="1.0" encoding="UTF-8"?>
<!DOCTYPE html PUBLIC "-//W3C//DTD XHTML 1.0 Transitional//EN"
    "http://www.w3.org/TR/xhtml1/DTD/xhtml1-transitional.dtd">
<html xmlns="http://www.w3.org/1999/xhtml" xml:lang="en" lang="en">
 <head>
  <title>
</title>
<meta http-equiv="Content-Type" content="text/html;charset=utf-8" />
  <meta name='ocr-system' content='tesseract 3.04.00' />
  <meta name='ocr-capabilities' content='ocr_page ocr_carea ocr_par ocr_line ocrx_word'/>
</head>
<body>
  <div class='ocr_page' id='page_1' title='image "./operaquaesupersu11melauoft/operaquaesupersu11melauoft_0370.png"; bbox 0 0 2338 2958; ppageno 0'>
   <div class='ocr_carea' id='block_1_1' title="bbox 164 137 237 173">
    <p class='ocr_par' dir='ltr' id='par_1_1' title="bbox 164 137 237 173">
     <span class='ocr_line' id='line_1_1' title="bbox 164 137 237 173; baseline 0.014 -1"><span class='ocrx_word' id='word_1_1' title='bbox 164 137 237 173; x_wconf 72' lang='lat'>725</span> 
     </span>
    </p>
   </div>
   <div class='ocr_carea' id='block_1_2' title="bbox 826 121 1536 162">
    <p class='ocr_par' dir='ltr' id='par_1_2' title="bbox 826 121 1536 162">
     <span class='ocr_line' id='line_1_2' title="bbox 826 121 1536 162; baseline 0 -2"><span class='ocrx_word' id='word_1_2' title='bbox 826 122 987 162; x_wconf 87' lang='lat' dir='ltr'><strong>DECL.</strong></span> <span class='ocrx_word' id='word_1_3' title='bbox 1033 121 1110 160; x_wconf 89' lang='lat' dir='ltr'>DE</span> <span class='ocrx_word' id='word_1_4' title='bbox 1141 121 1536 161; x_wconf 89' lang='lat' dir='ltr'>MACCABAEIS.</span> 
     </span>
    </p>
   </div>
   <div class='ocr_carea' id='block_1_3' title="bbox 2127 123 2204 161">
    <p class='ocr_par' dir='ltr' id='par_1_3' title="bbox 2127 123 2204 161">
     <span class='ocr_line' id='line_1_3' title="bbox 2127 123 2204 161; baseline 0 -1"><span class='ocrx_word' id='word_1_5' title='bbox 2127 123 2204 161; x_wconf 80' lang='lat'>724</span> 
     </span>
    </p>
   </div>
   <div class='ocr_carea' id='block_1_4' title="bbox 167 209 2204 268">
    <p class='ocr_par' dir='ltr' id='par_1_4' title="bbox 167 209 2204 268">
     <span class='ocr_line' id='line_1_4' title="bbox 167 209 2204 268; baseline -0.006 -12"><span class='ocrx_word' id='word_1_6' title='bbox 167 221 373 268; x_wconf 85' lang='lat' dir='ltr'>pontificatu</span> <span class='ocrx_word' id='word_1_7' title='bbox 398 214 677 253; x_wconf 78' lang='lat' dir='ltr'>contendebant,</span> <span class='ocrx_word' id='word_1_8' title='bbox 712 210 894 245; x_wconf 90' lang='lat' dir='ltr'>interfecto</span> <span class='ocrx_word' id='word_1_9' title='bbox 920 210 1038 255; x_wconf 90' lang='lat' dir='ltr'>priore</span> <span class='ocrx_word' id='word_1_10' title='bbox 1064 222 1157 255; x_wconf 85' lang='lat' dir='ltr'>pon·</span> <span class='ocrx_word' id='word_1_11' title='bbox 1212 218 1331 246; x_wconf 90' lang='lat' dir='ltr'>mento</span> <span class='ocrx_word' id='word_1_12' title='bbox 1349 209 1418 245; x_wconf 88' lang='lat' dir='ltr'>Dei</span> <span class='ocrx_word' id='word_1_13' title='bbox 1439 222 1543 245; x_wconf 88' lang='lat' dir='ltr'>suum</span> <span class='ocrx_word' id='word_1_14' title='bbox 1567 209 1774 254; x_wconf 85' lang='lat' dir='ltr'>sanguinem</span> <span class='ocrx_word' id='word_1_15' title='bbox 1797 212 1986 253; x_wconf 88' lang='lat' dir='ltr'>fuderunt,</span> <span class='ocrx_word' id='word_1_16' title='bbox 2014 219 2048 246; x_wconf 90' lang='lat' dir='ltr'>et</span> <span class='ocrx_word' id='word_1_17' title='bbox 2069 210 2106 243; x_wconf 88' lang='lat' dir='ltr'>in</span> <span class='ocrx_word' id='word_1_18' title='bbox 2122 221 2204 244; x_wconf 87' lang='lat' dir='ltr'>san-</span> 
     </span>
    </p>
   </div>
   <div class='ocr_carea' id='block_1_5' title="bbox 169 259 1186 2754">
    <p class='ocr_par' dir='ltr' id='par_1_5' title="bbox 169 259 1186 2754">
     <span class='ocr_line' id='line_1_5' title="bbox 169 259 1160 309; baseline -0.015 -1"><span class='ocrx_word' id='word_1_19' title='bbox 169 271 374 309; x_wconf 78' lang='lat' dir='ltr'>tificeOnia.</span> <span class='ocrx_word' id='word_1_20' title='bbox 426 267 564 301; x_wconf 87' lang='lat' dir='ltr'>Horum</span> <span class='ocrx_word' id='word_1_21' title='bbox 583 269 758 297; x_wconf 89' lang='lat' dir='ltr'>certamen</span> <span class='ocrx_word' id='word_1_22' title='bbox 775 259 1160 302; x_wconf 69' lang='lat' dir='ltr'>attraxitAntiochum,</span> 
     </span>
     <span class='ocr_line' id='line_1_6' title="bbox 169 312 1160 369; baseline -0.012 -11"><span class='ocrx_word' id='word_1_23' title='bbox 169 324 230 369; x_wconf 89' lang='lat' dir='ltr'>qui</span> <span class='ocrx_word' id='word_1_24' title='bbox 259 329 371 357; x_wconf 90' lang='lat' dir='ltr'>totum</span> <span class='ocrx_word' id='word_1_25' title='bbox 403 328 550 361; x_wconf 85' lang='lat' dir='ltr'>regnum</span> <span class='ocrx_word' id='word_1_26' title='bbox 581 315 781 359; x_wconf 83' lang='lat' dir='ltr'>opprimere</span> <span class='ocrx_word' id='word_1_27' title='bbox 813 312 920 347; x_wconf 88' lang='lat' dir='ltr'>armis</span> <span class='ocrx_word' id='word_1_28' title='bbox 953 313 1160 346; x_wconf 84' lang='lat' dir='ltr'>conabatur.</span> 
     </span>
     <span class='ocr_line' id='line_1_7' title="bbox 171 363 1162 410; baseline -0.013 -1"><span class='ocrx_word' id='word_1_29' title='bbox 171 375 241 410; x_wconf 88' lang='lat' dir='ltr'>Sed</span> <span class='ocrx_word' id='word_1_30' title='bbox 263 384 340 406; x_wconf 93' lang='lat' dir='ltr'>cum</span> <span class='ocrx_word' id='word_1_31' title='bbox 363 369 495 402; x_wconf 81' lang='lat' dir='ltr'>familia</span> <span class='ocrx_word' id='word_1_32' title='bbox 513 365 625 409; x_wconf 86' lang='lat' dir='ltr'>regia,</span> <span class='ocrx_word' id='word_1_33' title='bbox 653 364 803 399; x_wconf 86' lang='lat' dir='ltr'>Davidis</span> <span class='ocrx_word' id='word_1_34' title='bbox 821 363 1024 409; x_wconf 74' lang='lat' dir='ltr'><strong>posteritas,</strong></span> <span class='ocrx_word' id='word_1_35' title='bbox 1049 375 1162 409; x_wconf 88' lang='lat' dir='ltr'>usque</span> 
     </span>
     <span class='ocr_line' id='line_1_8' title="bbox 172 414 1164 464; baseline -0.012 -5"><span class='ocrx_word' id='word_1_36' title='bbox 172 427 216 460; x_wconf 85' lang='lat' dir='ltr'>ad</span> <span class='ocrx_word' id='word_1_37' title='bbox 238 425 270 456; x_wconf 90' lang='lat' dir='ltr'>id</span> <span class='ocrx_word' id='word_1_38' title='bbox 294 429 432 464; x_wconf 87' lang='lat' dir='ltr'>tempus</span> <span class='ocrx_word' id='word_1_39' title='bbox 456 420 587 452; x_wconf 90' lang='lat' dir='ltr'>ducum</span> <span class='ocrx_word' id='word_1_40' title='bbox 609 416 712 449; x_wconf 89' lang='lat' dir='ltr'>titulo</span> <span class='ocrx_word' id='word_1_41' title='bbox 729 414 832 459; x_wconf 78' lang='lat' dir='ltr'>Reip.</span> <span class='ocrx_word' id='word_1_42' title='bbox 858 422 1038 460; x_wconf 89' lang='lat' dir='ltr'>utcunque</span> <span class='ocrx_word' id='word_1_43' title='bbox 1062 426 1164 459; x_wconf 89' lang='lat' dir='ltr'>prae-</span> 
     </span>
     <span class='ocr_line' id='line_1_9' title="bbox 175 463 1165 515; baseline -0.012 -6"><span class='ocrx_word' id='word_1_44' title='bbox 175 481 276 513; x_wconf 86' lang='lat' dir='ltr'>esset,</span> <span class='ocrx_word' id='word_1_45' title='bbox 304 471 495 515; x_wconf 81' lang='lat' dir='ltr'>reprimere</span> <span class='ocrx_word' id='word_1_46' title='bbox 512 463 730 502; x_wconf 76' lang='lat' dir='ltr'>Antiochum</span> <span class='ocrx_word' id='word_1_47' title='bbox 753 465 855 500; x_wconf 91' lang='lat' dir='ltr'>initio</span> <span class='ocrx_word' id='word_1_48' title='bbox 878 472 1024 500; x_wconf 88' lang='lat' dir='ltr'>conatus</span> <span class='ocrx_word' id='word_1_49' title='bbox 1041 472 1094 500; x_wconf 88' lang='lat' dir='ltr'>est</span> <span class='ocrx_word' id='word_1_50' title='bbox 1111 465 1165 498; x_wconf 86' lang='lat' dir='ltr'>vir</span> 
     </span>
     <span class='ocr_line' id='line_1_10' title="bbox 173 516 1165 565; baseline -0.009 -7"><span class='ocrx_word' id='word_1_51' title='bbox 173 525 275 559; x_wconf 81' lang='lat' dir='ltr'>sortis</span> <span class='ocrx_word' id='word_1_52' title='bbox 293 522 442 556; x_wconf 85' lang='lat' dir='ltr'>loannes</span> <span class='ocrx_word' id='word_1_53' title='bbox 458 519 664 565; x_wconf 77' lang='lat' dir='ltr'>IlyrcanuS,</span> <span class='ocrx_word' id='word_1_54' title='bbox 689 516 826 551; x_wconf 85' lang='lat' dir='ltr'>Mariae</span> <span class='ocrx_word' id='word_1_55' title='bbox 847 523 988 556; x_wconf 81' lang='lat' dir='ltr'>atavus,</span> <span class='ocrx_word' id='word_1_56' title='bbox 1015 516 1077 561; x_wconf 89' lang='lat' dir='ltr'>qui</span> <span class='ocrx_word' id='word_1_57' title='bbox 1095 517 1165 550; x_wconf 87' lang='lat' dir='ltr'>dux</span> 
     </span>
     <span class='ocr_line' id='line_1_11' title="bbox 175 567 1167 617; baseline -0.01 -7"><span class='ocrx_word' id='word_1_58' title='bbox 175 588 256 610; x_wconf 89' lang='lat' dir='ltr'>suae</span> <span class='ocrx_word' id='word_1_59' title='bbox 280 573 392 617; x_wconf 86' lang='lat' dir='ltr'>gentis</span> <span class='ocrx_word' id='word_1_60' title='bbox 417 584 456 605; x_wconf 89' lang='lat' dir='ltr'>eo</span> <span class='ocrx_word' id='word_1_61' title='bbox 475 578 631 614; x_wconf 85' lang='lat' dir='ltr'>tempore</span> <span class='ocrx_word' id='word_1_62' title='bbox 646 568 724 603; x_wconf 88' lang='lat' dir='ltr'>fuit.</span> <span class='ocrx_word' id='word_1_63' title='bbox 779 568 857 602; x_wconf 92' lang='lat' dir='ltr'>Hoc</span> <span class='ocrx_word' id='word_1_64' title='bbox 875 567 1076 608; x_wconf 84' lang='lat' dir='ltr'>interfecto,</span> <span class='ocrx_word' id='word_1_65' title='bbox 1103 579 1167 611; x_wconf 90' lang='lat' dir='ltr'>po-</span> 
     </span>
     <span class='ocr_line' id='line_1_12' title="bbox 176 617 1168 668; baseline -0.011 -8"><span class='ocrx_word' id='word_1_66' title='bbox 176 634 247 661; x_wconf 87' lang='lat' dir='ltr'>stea</span> <span class='ocrx_word' id='word_1_67' title='bbox 272 624 379 668; x_wconf 83' lang='lat' dir='ltr'>Resp.</span> <span class='ocrx_word' id='word_1_68' title='bbox 411 623 533 655; x_wconf 85' lang='lat' dir='ltr'>orbata</span> <span class='ocrx_word' id='word_1_69' title='bbox 565 621 652 654; x_wconf 89' lang='lat' dir='ltr'>duce</span> <span class='ocrx_word' id='word_1_70' title='bbox 676 619 752 653; x_wconf 89' lang='lat' dir='ltr'>sine</span> <span class='ocrx_word' id='word_1_71' title='bbox 774 619 848 652; x_wconf 85' lang='lat' dir='ltr'>ullo</span> <span class='ocrx_word' id='word_1_72' title='bbox 871 619 1014 652; x_wconf 90' lang='lat' dir='ltr'>custode</span> <span class='ocrx_word' id='word_1_73' title='bbox 1037 624 1070 651; x_wconf 91' lang='lat' dir='ltr'>et</span> <span class='ocrx_word' id='word_1_74' title='bbox 1091 617 1168 651; x_wconf 92' lang='lat' dir='ltr'>siue</span> 
     </span>
     <span class='ocr_line' id='line_1_13' title="bbox 178 667 1169 722; baseline -0.01 -12"><span class='ocrx_word' id='word_1_75' title='bbox 178 675 351 722; x_wconf 87' lang='lat' dir='ltr'>praesidio</span> <span class='ocrx_word' id='word_1_76' title='bbox 374 673 458 714; x_wconf 88' lang='lat' dir='ltr'>fuit,</span> <span class='ocrx_word' id='word_1_77' title='bbox 485 684 524 705; x_wconf 88' lang='lat' dir='ltr'>ac</span> <span class='ocrx_word' id='word_1_78' title='bbox 547 670 675 715; x_wconf 88' lang='lat' dir='ltr'>passim</span> <span class='ocrx_word' id='word_1_79' title='bbox 692 669 836 703; x_wconf 87' lang='lat' dir='ltr'>inermis</span> <span class='ocrx_word' id='word_1_80' title='bbox 852 669 1045 702; x_wconf 91' lang='lat' dir='ltr'>multitudo</span> <span class='ocrx_word' id='word_1_81' title='bbox 1060 667 1169 702; x_wconf 86' lang='lat' dir='ltr'>truci-</span> 
     </span>
     <span class='ocr_line' id='line_1_14' title="bbox 179 717 1170 767; baseline -0.011 -6"><span class='ocrx_word' id='word_1_82' title='bbox 179 729 329 761; x_wconf 79' lang='lat' dir='ltr'>dabatur</span> <span class='ocrx_word' id='word_1_83' title='bbox 358 732 398 758; x_wconf 93' lang='lat' dir='ltr'>ut</span> <span class='ocrx_word' id='word_1_84' title='bbox 430 723 590 767; x_wconf 83' lang='lat' dir='ltr'>pecudes.</span> <span class='ocrx_word' id='word_1_85' title='bbox 642 719 710 753; x_wconf 81' lang='lat' dir='ltr'>llic</span> <span class='ocrx_word' id='word_1_86' title='bbox 741 727 872 765; x_wconf 88' lang='lat' dir='ltr'>quanta</span> <span class='ocrx_word' id='word_1_87' title='bbox 895 719 1008 753; x_wconf 81' lang='lat' dir='ltr'>virtus</span> <span class='ocrx_word' id='word_1_88' title='bbox 1042 717 1170 763; x_wconf 88' lang='lat' dir='ltr'>privati</span> 
     </span>
     <span class='ocr_line' id='line_1_15' title="bbox 179 769 1172 816; baseline -0.011 -4"><span class='ocrx_word' id='word_1_89' title='bbox 179 777 336 812; x_wconf 84' lang='lat' dir='ltr'>hominis</span> <span class='ocrx_word' id='word_1_90' title='bbox 359 772 566 809; x_wconf 84' lang='lat' dir='ltr'>Machabaei</span> <span class='ocrx_word' id='word_1_91' title='bbox 589 771 673 811; x_wconf 83' lang='lat' dir='ltr'>fuit,</span> <span class='ocrx_word' id='word_1_92' title='bbox 708 770 769 816; x_wconf 90' lang='lat' dir='ltr'>qui</span> <span class='ocrx_word' id='word_1_93' title='bbox 794 770 1012 803; x_wconf 78' lang='lat' dir='ltr'>voluntarios</span> <span class='ocrx_word' id='word_1_94' title='bbox 1036 769 1172 814; x_wconf 85' lang='lat' dir='ltr'>aliquot</span> 
     </span>
     <span class='ocr_line' id='line_1_16' title="bbox 180 820 1172 864; baseline -0.011 -2"><span class='ocrx_word' id='word_1_95' title='bbox 180 829 309 862; x_wconf 85' lang='lat' dir='ltr'>milites</span> <span class='ocrx_word' id='word_1_96' title='bbox 332 825 523 864; x_wconf 75' lang='lat' dir='ltr'>contraxit,</span> <span class='ocrx_word' id='word_1_97' title='bbox 549 830 582 856; x_wconf 94' lang='lat' dir='ltr'>et</span> <span class='ocrx_word' id='word_1_98' title='bbox 602 820 693 855; x_wconf 86' lang='lat' dir='ltr'>hanc</span> <span class='ocrx_word' id='word_1_99' title='bbox 710 822 869 864; x_wconf 88' lang='lat' dir='ltr'>exiguam</span> <span class='ocrx_word' id='word_1_100' title='bbox 886 833 1028 854; x_wconf 90' lang='lat' dir='ltr'>manum</span> <span class='ocrx_word' id='word_1_101' title='bbox 1047 820 1172 863; x_wconf 78' lang='lat' dir='ltr'>ingen-</span> 
     </span>
     <span class='ocr_line' id='line_1_17' title="bbox 182 870 1171 919; baseline -0.011 -5"><span class='ocrx_word' id='word_1_102' title='bbox 182 881 276 914; x_wconf 84' lang='lat' dir='ltr'>tibus</span> <span class='ocrx_word' id='word_1_103' title='bbox 292 876 446 911; x_wconf 86' lang='lat' dir='ltr'>bostium</span> <span class='ocrx_word' id='word_1_104' title='bbox 463 874 572 919; x_wconf 92' lang='lat' dir='ltr'>copiis</span> <span class='ocrx_word' id='word_1_105' title='bbox 587 883 766 917; x_wconf 90' lang='lat' dir='ltr'>opponere</span> <span class='ocrx_word' id='word_1_106' title='bbox 781 882 886 905; x_wconf 90' lang='lat' dir='ltr'>ausus</span> <span class='ocrx_word' id='word_1_107' title='bbox 899 871 972 905; x_wconf 78' lang='lat' dir='ltr'>est?</span> <span class='ocrx_word' id='word_1_108' title='bbox 1023 870 1095 905; x_wconf 86' lang='lat' dir='ltr'>Nec</span> <span class='ocrx_word' id='word_1_109' title='bbox 1111 871 1171 903; x_wconf 80' lang='lat' dir='ltr'>‹le-</span> 
     </span>
     <span class='ocr_line' id='line_1_18' title="bbox 181 919 1173 972; baseline -0.011 -8"><span class='ocrx_word' id='word_1_110' title='bbox 181 936 281 964; x_wconf 85' lang='lat' dir='ltr'>erant</span> <span class='ocrx_word' id='word_1_111' title='bbox 304 936 387 962; x_wconf 87' lang='lat' dir='ltr'>tunc</span> <span class='ocrx_word' id='word_1_112' title='bbox 410 937 569 972; x_wconf 89' lang='lat' dir='ltr'>quoque,</span> <span class='ocrx_word' id='word_1_113' title='bbox 596 923 657 968; x_wconf 88' lang='lat' dir='ltr'>qui</span> <span class='ocrx_word' id='word_1_114' title='bbox 680 921 747 957; x_wconf 90' lang='lat' dir='ltr'>hoc</span> <span class='ocrx_word' id='word_1_115' title='bbox 769 921 957 956; x_wconf 87' lang='lat' dir='ltr'>consilium</span> <span class='ocrx_word' id='word_1_116' title='bbox 981 919 1173 965; x_wconf 85' lang='lat' dir='ltr'>reprehen-</span> 
     </span>
     <span class='ocr_line' id='line_1_19' title="bbox 182 973 1173 1024; baseline -0.011 -9"><span class='ocrx_word' id='word_1_117' title='bbox 182 983 330 1020; x_wconf 81' lang='lat' dir='ltr'>debant,</span> <span class='ocrx_word' id='word_1_118' title='bbox 356 978 418 1024; x_wconf 92' lang='lat' dir='ltr'>qui</span> <span class='ocrx_word' id='word_1_119' title='bbox 434 975 736 1015; x_wconf 76' lang='lat' dir='ltr'>vociferabantur,</span> <span class='ocrx_word' id='word_1_120' title='bbox 763 973 940 1018; x_wconf 81' lang='lat' dir='ltr'>privatum</span> <span class='ocrx_word' id='word_1_121' title='bbox 957 986 1030 1007; x_wconf 90' lang='lat' dir='ltr'>non</span> <span class='ocrx_word' id='word_1_122' title='bbox 1046 973 1173 1006; x_wconf 90' lang='lat' dir='ltr'>debere</span> 
     </span>
     <span class='ocr_line' id='line_1_20' title="bbox 182 1022 1174 1074; baseline -0.011 -9"><span class='ocrx_word' id='word_1_123' title='bbox 182 1044 278 1066; x_wconf 86' lang='lat' dir='ltr'>arma</span> <span class='ocrx_word' id='word_1_124' title='bbox 295 1041 434 1074; x_wconf 86' lang='lat' dir='ltr'>capere,</span> <span class='ocrx_word' id='word_1_125' title='bbox 462 1026 646 1061; x_wconf 76' lang='lat' dir='ltr'>stultitiam</span> <span class='ocrx_word' id='word_1_126' title='bbox 663 1036 752 1065; x_wconf 84' lang='lat' dir='ltr'>esse,</span> <span class='ocrx_word' id='word_1_127' title='bbox 778 1036 925 1068; x_wconf 87' lang='lat' dir='ltr'>parvum</span> <span class='ocrx_word' id='word_1_128' title='bbox 942 1035 1067 1067; x_wconf 83' lang='lat' dir='ltr'>agmen</span> <span class='ocrx_word' id='word_1_129' title='bbox 1083 1022 1174 1056; x_wconf 89' lang='lat' dir='ltr'>obii-</span> 
     </span>
     <span class='ocr_line' id='line_1_21' title="bbox 184 1071 1174 1124; baseline -0.011 -7"><span class='ocrx_word' id='word_1_130' title='bbox 184 1094 260 1117; x_wconf 88' lang='lat' dir='ltr'>cere</span> <span class='ocrx_word' id='word_1_131' title='bbox 282 1079 485 1124; x_wconf 85' lang='lat' dir='ltr'>ingentibus</span> <span class='ocrx_word' id='word_1_132' title='bbox 505 1076 726 1111; x_wconf 81' lang='lat' dir='ltr'>exercitibus,</span> <span class='ocrx_word' id='word_1_133' title='bbox 779 1074 849 1109; x_wconf 91' lang='lat' dir='ltr'>Sed</span> <span class='ocrx_word' id='word_1_134' title='bbox 865 1075 1010 1109; x_wconf 84' lang='lat' dir='ltr'>ardebat</span> <span class='ocrx_word' id='word_1_135' title='bbox 1026 1071 1174 1108; x_wconf 84' lang='lat' dir='ltr'>Macha-</span> 
     </span>
     <span class='ocr_line' id='line_1_22' title="bbox 183 1123 1175 1176; baseline -0.01 -9"><span class='ocrx_word' id='word_1_136' title='bbox 183 1133 261 1167; x_wconf 91' lang='lat' dir='ltr'>baei</span> <span class='ocrx_word' id='word_1_137' title='bbox 290 1138 410 1176; x_wconf 90' lang='lat' dir='ltr'>pectus</span> <span class='ocrx_word' id='word_1_138' title='bbox 437 1129 522 1169; x_wconf 86' lang='lat' dir='ltr'>fide,</span> <span class='ocrx_word' id='word_1_139' title='bbox 555 1127 685 1161; x_wconf 90' lang='lat' dir='ltr'>sciebat</span> <span class='ocrx_word' id='word_1_140' title='bbox 708 1125 783 1159; x_wconf 90' lang='lat' dir='ltr'>Deo</span> <span class='ocrx_word' id='word_1_141' title='bbox 808 1123 874 1158; x_wconf 84' lang='lat' dir='ltr'>hoc</span> <span class='ocrx_word' id='word_1_142' title='bbox 899 1125 1054 1159; x_wconf 87' lang='lat' dir='ltr'>officium</span> <span class='ocrx_word' id='word_1_143' title='bbox 1080 1124 1175 1157; x_wconf 85' lang='lat' dir='ltr'>viros</span> 
     </span>
     <span class='ocr_line' id='line_1_23' title="bbox 182 1175 1175 1220; baseline -0.011 -2"><span class='ocrx_word' id='word_1_144' title='bbox 182 1186 290 1218; x_wconf 83' lang='lat' dir='ltr'>sortes</span> <span class='ocrx_word' id='word_1_145' title='bbox 304 1192 427 1216; x_wconf 89' lang='lat' dir='ltr'>omnes</span> <span class='ocrx_word' id='word_1_146' title='bbox 444 1180 589 1219; x_wconf 87' lang='lat' dir='ltr'>debere,</span> <span class='ocrx_word' id='word_1_147' title='bbox 615 1184 654 1211; x_wconf 93' lang='lat' dir='ltr'>ut</span> <span class='ocrx_word' id='word_1_148' title='bbox 671 1189 771 1210; x_wconf 71' lang='lat' dir='ltr'>verae</span> <span class='ocrx_word' id='word_1_149' title='bbox 787 1175 969 1210; x_wconf 85' lang='lat' dir='ltr'>doctrinae</span> <span class='ocrx_word' id='word_1_150' title='bbox 985 1175 1175 1220; x_wconf 88' lang='lat' dir='ltr'>possessio-</span> 
     </span>
     <span class='ocr_line' id='line_1_24' title="bbox 184 1226 1176 1271; baseline -0.011 -3"><span class='ocrx_word' id='word_1_151' title='bbox 184 1247 265 1269; x_wconf 90' lang='lat' dir='ltr'>nem</span> <span class='ocrx_word' id='word_1_152' title='bbox 282 1238 463 1267; x_wconf 85' lang='lat' dir='ltr'>tueantur:</span> <span class='ocrx_word' id='word_1_153' title='bbox 490 1236 529 1263; x_wconf 91' lang='lat' dir='ltr'>ut</span> <span class='ocrx_word' id='word_1_154' title='bbox 544 1228 728 1271; x_wconf 78' lang='lat' dir='ltr'>coniuges,</span> <span class='ocrx_word' id='word_1_155' title='bbox 753 1227 898 1266; x_wconf 83' lang='lat' dir='ltr'>liberos,</span> <span class='ocrx_word' id='word_1_156' title='bbox 923 1226 1086 1270; x_wconf 86' lang='lat' dir='ltr'>patriam,</span> <span class='ocrx_word' id='word_1_157' title='bbox 1114 1237 1176 1269; x_wconf 90' lang='lat' dir='ltr'>pa-</span> 
     </span>
     <span class='ocr_line' id='line_1_25' title="bbox 184 1274 1177 1326; baseline -0.01 -7"><span class='ocrx_word' id='word_1_158' title='bbox 184 1286 272 1321; x_wconf 82' lang='lat' dir='ltr'>triae</span> <span class='ocrx_word' id='word_1_159' title='bbox 294 1281 516 1326; x_wconf 84' lang='lat' dir='ltr'>disciplinam</span> <span class='ocrx_word' id='word_1_160' title='bbox 539 1279 646 1313; x_wconf 89' lang='lat' dir='ltr'>armis</span> <span class='ocrx_word' id='word_1_161' title='bbox 664 1284 794 1321; x_wconf 75' lang='lat' dir='ltr'>tegant.</span> <span class='ocrx_word' id='word_1_162' title='bbox 848 1276 960 1311; x_wconf 87' lang='lat' dir='ltr'>Norat</span> <span class='ocrx_word' id='word_1_163' title='bbox 975 1274 1067 1310; x_wconf 89' lang='lat' dir='ltr'>hanc</span> <span class='ocrx_word' id='word_1_164' title='bbox 1081 1276 1177 1309; x_wconf 90' lang='lat' dir='ltr'>mili-</span> 
     </span>
     <span class='ocr_line' id='line_1_26' title="bbox 184 1326 1177 1376; baseline -0.01 -6"><span class='ocrx_word' id='word_1_165' title='bbox 184 1338 268 1370; x_wconf 89' lang='lat' dir='ltr'>tiam</span> <span class='ocrx_word' id='word_1_166' title='bbox 293 1333 370 1368; x_wconf 88' lang='lat' dir='ltr'>Deo</span> <span class='ocrx_word' id='word_1_167' title='bbox 400 1331 638 1376; x_wconf 79' lang='lat' dir='ltr'>gratissimum</span> <span class='ocrx_word' id='word_1_168' title='bbox 671 1328 805 1363; x_wconf 88' lang='lat' dir='ltr'>cultum</span> <span class='ocrx_word' id='word_1_169' title='bbox 837 1339 927 1369; x_wconf 91' lang='lat' dir='ltr'>esse,</span> <span class='ocrx_word' id='word_1_170' title='bbox 960 1335 995 1363; x_wconf 89' lang='lat' dir='ltr'>et</span> <span class='ocrx_word' id='word_1_171' title='bbox 1015 1326 1177 1362; x_wconf 89' lang='lat' dir='ltr'>adiuvari</span> 
     </span>
     <span class='ocr_line' id='line_1_27' title="bbox 185 1379 1177 1421; baseline -0.008 -1"><span class='ocrx_word' id='word_1_172' title='bbox 185 1400 260 1421; x_wconf 86' lang='lat' dir='ltr'>eam</span> <span class='ocrx_word' id='word_1_173' title='bbox 285 1383 467 1419; x_wconf 80' lang='lat' dir='ltr'>divinitus.</span> <span class='ocrx_word' id='word_1_174' title='bbox 519 1381 578 1416; x_wconf 92' lang='lat' dir='ltr'>Sic</span> <span class='ocrx_word' id='word_1_175' title='bbox 602 1393 680 1415; x_wconf 90' lang='lat' dir='ltr'>cum</span> <span class='ocrx_word' id='word_1_176' title='bbox 698 1379 862 1418; x_wconf 86' lang='lat' dir='ltr'>sentiret,</span> <span class='ocrx_word' id='word_1_177' title='bbox 886 1391 950 1413; x_wconf 92' lang='lat' dir='ltr'>nec</span> <span class='ocrx_word' id='word_1_178' title='bbox 966 1380 1084 1414; x_wconf 86' lang='lat' dir='ltr'>deesse</span> <span class='ocrx_word' id='word_1_179' title='bbox 1099 1379 1177 1413; x_wconf 88' lang='lat' dir='ltr'>offi-</span> 
     </span>
     <span class='ocr_line' id='line_1_28' title="bbox 185 1431 1178 1478; baseline -0.009 -6"><span class='ocrx_word' id='word_1_180' title='bbox 185 1439 238 1472; x_wconf 90' lang='lat' dir='ltr'>cio</span> <span class='ocrx_word' id='word_1_181' title='bbox 261 1437 383 1477; x_wconf 89' lang='lat' dir='ltr'>vellet,</span> <span class='ocrx_word' id='word_1_182' title='bbox 411 1434 526 1467; x_wconf 68' lang='lat' dir='ltr'>videte</span> <span class='ocrx_word' id='word_1_183' title='bbox 550 1445 655 1478; x_wconf 90' lang='lat' dir='ltr'>quam</span> <span class='ocrx_word' id='word_1_184' title='bbox 679 1432 810 1466; x_wconf 89' lang='lat' dir='ltr'>multae</span> <span class='ocrx_word' id='word_1_185' title='bbox 830 1431 866 1465; x_wconf 91' lang='lat' dir='ltr'>in</span> <span class='ocrx_word' id='word_1_186' title='bbox 886 1443 957 1466; x_wconf 88' lang='lat' dir='ltr'>una</span> <span class='ocrx_word' id='word_1_187' title='bbox 974 1443 1011 1465; x_wconf 89' lang='lat' dir='ltr'>re</span> <span class='ocrx_word' id='word_1_188' title='bbox 1029 1431 1178 1465; x_wconf 85' lang='lat' dir='ltr'>virtutes</span> 
     </span>
     <span class='ocr_line' id='line_1_29' title="bbox 186 1482 1178 1523; baseline -0.009 0"><span class='ocrx_word' id='word_1_189' title='bbox 186 1487 375 1523; x_wconf 82' lang='lat' dir='ltr'>extiterint.</span> <span class='ocrx_word' id='word_1_190' title='bbox 428 1485 631 1519; x_wconf 84' lang='lat' dir='ltr'>Intellectus</span> <span class='ocrx_word' id='word_1_191' title='bbox 647 1490 681 1517; x_wconf 92' lang='lat' dir='ltr'>et</span> <span class='ocrx_word' id='word_1_192' title='bbox 695 1495 794 1516; x_wconf 85' lang='lat' dir='ltr'>amor</span> <span class='ocrx_word' id='word_1_193' title='bbox 810 1483 991 1517; x_wconf 85' lang='lat' dir='ltr'>doctrinae</span> <span class='ocrx_word' id='word_1_194' title='bbox 1007 1482 1178 1522; x_wconf 83' lang='lat' dir='ltr'>coelestis,</span> 
     </span>
     <span class='ocr_line' id='line_1_30' title="bbox 187 1534 1178 1579; baseline -0.009 -5"><span class='ocrx_word' id='word_1_195' title='bbox 187 1538 387 1574; x_wconf 82' lang='lat' dir='ltr'>obedientia</span> <span class='ocrx_word' id='word_1_196' title='bbox 414 1537 488 1571; x_wconf 89' lang='lat' dir='ltr'>Deo</span> <span class='ocrx_word' id='word_1_197' title='bbox 513 1535 649 1575; x_wconf 87' lang='lat' dir='ltr'>debita,</span> <span class='ocrx_word' id='word_1_198' title='bbox 676 1535 784 1579; x_wconf 85' lang='lat' dir='ltr'>pietas</span> <span class='ocrx_word' id='word_1_199' title='bbox 806 1545 885 1577; x_wconf 84' lang='lat' dir='ltr'>erga</span> <span class='ocrx_word' id='word_1_200' title='bbox 910 1534 1077 1577; x_wconf 84' lang='lat' dir='ltr'>patriam,</span> <span class='ocrx_word' id='word_1_201' title='bbox 1103 1544 1178 1565; x_wconf 89' lang='lat' dir='ltr'>ma-</span> 
     </span>
     <span class='ocr_line' id='line_1_31' title="bbox 186 1582 1176 1635; baseline -0.009 -11"><span class='ocrx_word' id='word_1_202' title='bbox 186 1591 335 1635; x_wconf 84' lang='lat' dir='ltr'>gnitudo</span> <span class='ocrx_word' id='word_1_203' title='bbox 352 1587 461 1622; x_wconf 89' lang='lat' dir='ltr'>animi</span> <span class='ocrx_word' id='word_1_204' title='bbox 476 1593 551 1620; x_wconf 89' lang='lat' dir='ltr'>orta</span> <span class='ocrx_word' id='word_1_205' title='bbox 569 1598 608 1619; x_wconf 85' lang='lat' dir='ltr'>ex</span> <span class='ocrx_word' id='word_1_206' title='bbox 625 1585 751 1618; x_wconf 81' lang='lat' dir='ltr'>fiducia</span> <span class='ocrx_word' id='word_1_207' title='bbox 769 1584 985 1629; x_wconf 87' lang='lat' dir='ltr'>praesentiae</span> <span class='ocrx_word' id='word_1_208' title='bbox 994 1582 1074 1626; x_wconf 86' lang='lat' dir='ltr'>Dei,</span> <span class='ocrx_word' id='word_1_209' title='bbox 1101 1595 1176 1615; x_wconf 89' lang='lat' dir='ltr'>mo-</span> 
     </span>
     <span class='ocr_line' id='line_1_32' title="bbox 186 1633 1177 1682; baseline -0.011 -7"><span class='ocrx_word' id='word_1_210' title='bbox 186 1641 321 1675; x_wconf 88' lang='lat' dir='ltr'>deratio</span> <span class='ocrx_word' id='word_1_211' title='bbox 344 1639 467 1682; x_wconf 85' lang='lat' dir='ltr'>ingens</span> <span class='ocrx_word' id='word_1_212' title='bbox 491 1637 526 1669; x_wconf 90' lang='lat' dir='ltr'>in</span> <span class='ocrx_word' id='word_1_213' title='bbox 550 1635 768 1681; x_wconf 84' lang='lat' dir='ltr'>perferendis</span> <span class='ocrx_word' id='word_1_214' title='bbox 784 1635 977 1668; x_wconf 83' lang='lat' dir='ltr'>amicorum</span> <span class='ocrx_word' id='word_1_215' title='bbox 997 1641 1030 1668; x_wconf 90' lang='lat' dir='ltr'>et</span> <span class='ocrx_word' id='word_1_216' title='bbox 1048 1633 1177 1667; x_wconf 84' lang='lat' dir='ltr'>civium</span> 
     </span>
     <span class='ocr_line' id='line_1_33' title="bbox 187 1683 1177 1726; baseline -0.009 -1"><span class='ocrx_word' id='word_1_217' title='bbox 187 1691 341 1726; x_wconf 84' lang='lat' dir='ltr'>iniuriis.</span> <span class='ocrx_word' id='word_1_218' title='bbox 393 1687 458 1722; x_wconf 89' lang='lat' dir='ltr'>His</span> <span class='ocrx_word' id='word_1_219' title='bbox 483 1687 673 1721; x_wconf 75' lang='lat' dir='ltr'>virtutibus</span> <span class='ocrx_word' id='word_1_220' title='bbox 692 1698 769 1719; x_wconf 88' lang='lat' dir='ltr'>cum</span> <span class='ocrx_word' id='word_1_221' title='bbox 788 1686 918 1719; x_wconf 84' lang='lat' dir='ltr'>faveret</span> <span class='ocrx_word' id='word_1_222' title='bbox 932 1683 1044 1721; x_wconf 82' lang='lat' dir='ltr'>Deus,</span> <span class='ocrx_word' id='word_1_223' title='bbox 1072 1683 1177 1717; x_wconf 76' lang='lat' dir='ltr'>foelix</span> 
     </span>
     <span class='ocr_line' id='line_1_34' title="bbox 188 1733 1178 1779; baseline -0.011 -2"><span class='ocrx_word' id='word_1_224' title='bbox 188 1751 220 1777; x_wconf 89' lang='lat' dir='ltr'>et</span> <span class='ocrx_word' id='word_1_225' title='bbox 250 1740 412 1776; x_wconf 84' lang='lat' dir='ltr'>salutaris</span> <span class='ocrx_word' id='word_1_226' title='bbox 440 1739 506 1773; x_wconf 89' lang='lat' dir='ltr'>suit</span> <span class='ocrx_word' id='word_1_227' title='bbox 534 1738 608 1771; x_wconf 90' lang='lat' dir='ltr'>eius</span> <span class='ocrx_word' id='word_1_228' title='bbox 634 1737 759 1770; x_wconf 88' lang='lat' dir='ltr'>militia</span> <span class='ocrx_word' id='word_1_229' title='bbox 787 1734 963 1769; x_wconf 83' lang='lat' dir='ltr'>Ecclesiae</span> <span class='ocrx_word' id='word_1_230' title='bbox 987 1733 1073 1773; x_wconf 90' lang='lat' dir='ltr'>Dei,</span> <span class='ocrx_word' id='word_1_231' title='bbox 1108 1746 1178 1779; x_wconf 87' lang='lat' dir='ltr'>quo</span> 
     </span>
     <span class='ocr_line' id='line_1_35' title="bbox 188 1783 1179 1831; baseline -0.01 -4"><span class='ocrx_word' id='word_1_232' title='bbox 188 1794 326 1827; x_wconf 91' lang='lat' dir='ltr'>nullum</span> <span class='ocrx_word' id='word_1_233' title='bbox 351 1790 462 1824; x_wconf 87' lang='lat' dir='ltr'>maius</span> <span class='ocrx_word' id='word_1_234' title='bbox 480 1790 613 1822; x_wconf 90' lang='lat' dir='ltr'>donum</span> <span class='ocrx_word' id='word_1_235' title='bbox 632 1787 744 1831; x_wconf 87' lang='lat' dir='ltr'>optari</span> <span class='ocrx_word' id='word_1_236' title='bbox 765 1792 886 1831; x_wconf 89' lang='lat' dir='ltr'>potest.</span> <span class='ocrx_word' id='word_1_237' title='bbox 941 1784 982 1819; x_wconf 89' lang='lat' dir='ltr'>ln</span> <span class='ocrx_word' id='word_1_238' title='bbox 1000 1783 1095 1819; x_wconf 77' lang='lat' dir='ltr'>liunc</span> <span class='ocrx_word' id='word_1_239' title='bbox 1114 1785 1179 1828; x_wconf 81' lang='lat' dir='ltr'>igi-</span> 
     </span>
     <span class='ocr_line' id='line_1_36' title="bbox 187 1835 1179 1880; baseline -0.011 -1"><span class='ocrx_word' id='word_1_240' title='bbox 187 1853 245 1879; x_wconf 89' lang='lat' dir='ltr'>tur</span> <span class='ocrx_word' id='word_1_241' title='bbox 268 1845 391 1877; x_wconf 87' lang='lat' dir='ltr'>ducem</span> <span class='ocrx_word' id='word_1_242' title='bbox 417 1841 615 1879; x_wconf 89' lang='lat' dir='ltr'>intuentes,</span> <span class='ocrx_word' id='word_1_243' title='bbox 651 1849 730 1871; x_wconf 90' lang='lat' dir='ltr'>cum</span> <span class='ocrx_word' id='word_1_244' title='bbox 759 1845 791 1871; x_wconf 91' lang='lat' dir='ltr'>et</span> <span class='ocrx_word' id='word_1_245' title='bbox 815 1836 1033 1871; x_wconf 84' lang='lat' dir='ltr'>voluntatem</span> <span class='ocrx_word' id='word_1_246' title='bbox 1059 1835 1179 1880; x_wconf 90' lang='lat' dir='ltr'>ipsius,</span> 
     </span>
     <span class='ocr_line' id='line_1_37' title="bbox 189 1884 1181 1935; baseline -0.012 -5"><span class='ocrx_word' id='word_1_247' title='bbox 189 1904 220 1930; x_wconf 87' lang='lat' dir='ltr'>et</span> <span class='ocrx_word' id='word_1_248' title='bbox 236 1894 300 1928; x_wconf 90' lang='lat' dir='ltr'>Dei</span> <span class='ocrx_word' id='word_1_249' title='bbox 322 1890 541 1931; x_wconf 82' lang='lat' dir='ltr'>testimonia,</span> <span class='ocrx_word' id='word_1_250' title='bbox 567 1888 627 1935; x_wconf 91' lang='lat' dir='ltr'>qui</span> <span class='ocrx_word' id='word_1_251' title='bbox 647 1886 738 1921; x_wconf 84' lang='lat' dir='ltr'>hanc</span> <span class='ocrx_word' id='word_1_252' title='bbox 750 1887 915 1922; x_wconf 90' lang='lat' dir='ltr'>militiam</span> <span class='ocrx_word' id='word_1_253' title='bbox 931 1884 1181 1932; x_wconf 86' lang='lat' dir='ltr'>pulcherrimis</span> 
     </span>
     <span class='ocr_line' id='line_1_38' title="bbox 190 1937 1181 1982; baseline -0.008 -4"><span class='ocrx_word' id='word_1_254' title='bbox 190 1945 347 1980; x_wconf 85' lang='lat' dir='ltr'>victoriis</span> <span class='ocrx_word' id='word_1_255' title='bbox 375 1949 495 1982; x_wconf 85' lang='lat' dir='ltr'>ornat,</span> <span class='ocrx_word' id='word_1_256' title='bbox 535 1939 857 1978; x_wconf 80' lang='lat' dir='ltr'>considerabimus,</span> <span class='ocrx_word' id='word_1_257' title='bbox 897 1938 1044 1971; x_wconf 86' lang='lat' dir='ltr'>virtutes</span> <span class='ocrx_word' id='word_1_258' title='bbox 1071 1937 1181 1982; x_wconf 89' lang='lat' dir='ltr'>ipsius</span> 
     </span>
     <span class='ocr_line' id='line_1_39' title="bbox 191 1987 1182 2042; baseline -0.01 -12"><span class='ocrx_word' id='word_1_259' title='bbox 191 2010 254 2042; x_wconf 88' lang='lat' dir='ltr'>pro</span> <span class='ocrx_word' id='word_1_260' title='bbox 277 2003 396 2029; x_wconf 89' lang='lat' dir='ltr'>nostro</span> <span class='ocrx_word' id='word_1_261' title='bbox 419 1993 524 2026; x_wconf 90' lang='lat' dir='ltr'>modo</span> <span class='ocrx_word' id='word_1_262' title='bbox 545 1991 734 2025; x_wconf 84' lang='lat' dir='ltr'>imitemur.</span> <span class='ocrx_word' id='word_1_263' title='bbox 786 1987 863 2023; x_wconf 81' lang='lat' dir='ltr'>Etsi</span> <span class='ocrx_word' id='word_1_264' title='bbox 882 1989 977 2022; x_wconf 88' lang='lat' dir='ltr'>enim</span> <span class='ocrx_word' id='word_1_265' title='bbox 995 1988 1096 2022; x_wconf 88' lang='lat' dir='ltr'>dulce</span> <span class='ocrx_word' id='word_1_266' title='bbox 1115 2000 1182 2020; x_wconf 89' lang='lat' dir='ltr'>no-</span> 
     </span>
     <span class='ocr_line' id='line_1_40' title="bbox 193 2039 1182 2089; baseline -0.007 -11"><span class='ocrx_word' id='word_1_267' title='bbox 193 2060 272 2081; x_wconf 84' lang='lat' dir='ltr'>men</span> <span class='ocrx_word' id='word_1_268' title='bbox 296 2054 346 2080; x_wconf 84' lang='lat' dir='ltr'>est</span> <span class='ocrx_word' id='word_1_269' title='bbox 371 2044 480 2089; x_wconf 73' lang='lat' dir='ltr'>pacis,</span> <span class='ocrx_word' id='word_1_270' title='bbox 505 2049 537 2076; x_wconf 87' lang='lat' dir='ltr'>et</span> <span class='ocrx_word' id='word_1_271' title='bbox 562 2054 634 2075; x_wconf 92' lang='lat' dir='ltr'>non</span> <span class='ocrx_word' id='word_1_272' title='bbox 657 2047 739 2074; x_wconf 84' lang='lat' dir='ltr'>sunt</span> <span class='ocrx_word' id='word_1_273' title='bbox 761 2040 969 2073; x_wconf 86' lang='lat' dir='ltr'>accersenda</span> <span class='ocrx_word' id='word_1_274' title='bbox 994 2039 1101 2072; x_wconf 84' lang='lat' dir='ltr'>bella:</span> <span class='ocrx_word' id='word_1_275' title='bbox 1129 2045 1182 2072; x_wconf 81' lang='lat' dir='ltr'>ta—</span> 
     </span>
     <span class='ocr_line' id='line_1_41' title="bbox 191 2090 1181 2137; baseline -0.01 -5"><span class='ocrx_word' id='word_1_276' title='bbox 191 2111 270 2132; x_wconf 88' lang='lat' dir='ltr'>men</span> <span class='ocrx_word' id='word_1_277' title='bbox 289 2110 367 2131; x_wconf 87' lang='lat' dir='ltr'>cum</span> <span class='ocrx_word' id='word_1_278' title='bbox 391 2096 611 2131; x_wconf 85' lang='lat' dir='ltr'>inferuntur,</span> <span class='ocrx_word' id='word_1_279' title='bbox 640 2093 842 2137; x_wconf 80' lang='lat' dir='ltr'>pracsertim</span> <span class='ocrx_word' id='word_1_280' title='bbox 859 2091 901 2124; x_wconf 88' lang='lat' dir='ltr'>ad</span> <span class='ocrx_word' id='word_1_281' title='bbox 917 2090 1104 2124; x_wconf 77' lang='lat' dir='ltr'>delendam</span> <span class='ocrx_word' id='word_1_282' title='bbox 1123 2102 1181 2123; x_wconf 87' lang='lat' dir='ltr'>ve-</span> 
     </span>
     <span class='ocr_line' id='line_1_42' title="bbox 191 2141 1182 2185; baseline -0.01 -2"><span class='ocrx_word' id='word_1_283' title='bbox 191 2162 266 2183; x_wconf 84' lang='lat' dir='ltr'>ram</span> <span class='ocrx_word' id='word_1_284' title='bbox 283 2150 325 2181; x_wconf 89' lang='lat' dir='ltr'>dc</span> <span class='ocrx_word' id='word_1_285' title='bbox 337 2147 411 2180; x_wconf 88' lang='lat' dir='ltr'>Deo</span> <span class='ocrx_word' id='word_1_286' title='bbox 429 2145 646 2182; x_wconf 79' lang='lat' dir='ltr'>doctrinam,</span> <span class='ocrx_word' id='word_1_287' title='bbox 673 2143 716 2175; x_wconf 90' lang='lat' dir='ltr'>ad</span> <span class='ocrx_word' id='word_1_288' title='bbox 735 2143 951 2176; x_wconf 87' lang='lat' dir='ltr'>inducendas</span> <span class='ocrx_word' id='word_1_289' title='bbox 969 2141 1004 2174; x_wconf 88' lang='lat' dir='ltr'>in</span> <span class='ocrx_word' id='word_1_290' title='bbox 1022 2141 1182 2185; x_wconf 78' lang='lat' dir='ltr'>patriam,</span> 
     </span>
     <span class='ocr_line' id='line_1_43' title="bbox 192 2192 1183 2240; baseline -0.009 -7"><span class='ocrx_word' id='word_1_291' title='bbox 192 2201 376 2235; x_wconf 75' lang='lat' dir='ltr'>barbaras,</span> <span class='ocrx_word' id='word_1_292' title='bbox 411 2196 555 2240; x_wconf 82' lang='lat' dir='ltr'>impias,</span> <span class='ocrx_word' id='word_1_293' title='bbox 589 2194 748 2228; x_wconf 84' lang='lat' dir='ltr'>crudeles</span> <span class='ocrx_word' id='word_1_294' title='bbox 772 2200 908 2236; x_wconf 83' lang='lat' dir='ltr'>gentes,</span> <span class='ocrx_word' id='word_1_295' title='bbox 942 2193 984 2225; x_wconf 87' lang='lat' dir='ltr'>ad</span> <span class='ocrx_word' id='word_1_296' title='bbox 1011 2192 1125 2235; x_wconf 76' lang='lat' dir='ltr'>legum</span> <span class='ocrx_word' id='word_1_297' title='bbox 1150 2198 1183 2225; x_wconf 90' lang='lat' dir='ltr'>et</span> 
     </span>
     <span class='ocr_line' id='line_1_44' title="bbox 193 2242 1184 2294; baseline -0.008 -10"><span class='ocrx_word' id='word_1_298' title='bbox 193 2250 398 2294; x_wconf 86' lang='lat' dir='ltr'>disciplinae</span> <span class='ocrx_word' id='word_1_299' title='bbox 421 2247 655 2280; x_wconf 87' lang='lat' dir='ltr'>eversionem:</span> <span class='ocrx_word' id='word_1_300' title='bbox 685 2242 740 2278; x_wconf 80' lang='lat' dir='ltr'>liic</span> <span class='ocrx_word' id='word_1_301' title='bbox 764 2256 847 2277; x_wconf 84' lang='lat' dir='ltr'>vero</span> <span class='ocrx_word' id='word_1_302' title='bbox 870 2243 1102 2277; x_wconf 81' lang='lat' dir='ltr'>exuscitemus</span> <span class='ocrx_word' id='word_1_303' title='bbox 1120 2254 1184 2276; x_wconf 89' lang='lat' dir='ltr'>nos</span> 
     </span>
     <span class='ocr_line' id='line_1_45' title="bbox 195 2294 1183 2337; baseline -0.009 -2"><span class='ocrx_word' id='word_1_304' title='bbox 195 2301 332 2335; x_wconf 77' lang='lat' dir='ltr'>coelesti</span> <span class='ocrx_word' id='word_1_305' title='bbox 353 2312 451 2336; x_wconf 77' lang='lat' dir='ltr'>voce.</span> <span class='ocrx_word' id='word_1_306' title='bbox 475 2304 508 2331; x_wconf 92' lang='lat' dir='ltr'>et</span> <span class='ocrx_word' id='word_1_307' title='bbox 525 2296 758 2330; x_wconf 77' lang='lat' dir='ltr'>anteferamus</span> <span class='ocrx_word' id='word_1_308' title='bbox 775 2295 865 2328; x_wconf 82' lang='lat' dir='ltr'>vitae</span> <span class='ocrx_word' id='word_1_309' title='bbox 883 2302 1021 2328; x_wconf 81' lang='lat' dir='ltr'>nostrae</span> <span class='ocrx_word' id='word_1_310' title='bbox 1036 2294 1183 2337; x_wconf 82' lang='lat' dir='ltr'>gloriam</span> 
     </span>
     <span class='ocr_line' id='line_1_46' title="bbox 196 2345 1184 2394; baseline -0.007 -9"><span class='ocrx_word' id='word_1_311' title='bbox 196 2353 280 2390; x_wconf 69' lang='lat' dir='ltr'>Dei,</span> <span class='ocrx_word' id='word_1_312' title='bbox 307 2359 337 2384; x_wconf 77' lang='lat' dir='ltr'>et</span> <span class='ocrx_word' id='word_1_313' title='bbox 363 2350 495 2394; x_wconf 77' lang='lat' dir='ltr'>patriae</span> <span class='ocrx_word' id='word_1_314' title='bbox 519 2348 681 2381; x_wconf 83' lang='lat' dir='ltr'>salutem:</span> <span class='ocrx_word' id='word_1_315' title='bbox 712 2358 845 2391; x_wconf 85' lang='lat' dir='ltr'>nosque</span> <span class='ocrx_word' id='word_1_316' title='bbox 869 2357 940 2378; x_wconf 90' lang='lat' dir='ltr'>non</span> <span class='ocrx_word' id='word_1_317' title='bbox 957 2347 998 2378; x_wconf 88' lang='lat' dir='ltr'>ad</span> <span class='ocrx_word' id='word_1_318' title='bbox 1019 2345 1134 2378; x_wconf 84' lang='lat' dir='ltr'>ocium</span> <span class='ocrx_word' id='word_1_319' title='bbox 1152 2351 1184 2378; x_wconf 86' lang='lat' dir='ltr'>et</span> 
     </span>
     <span class='ocr_line' id='line_1_47' title="bbox 197 2396 1186 2446; baseline -0.007 -11"><span class='ocrx_word' id='word_1_320' title='bbox 197 2404 392 2446; x_wconf 63' lang='lat' dir='ltr'>soluptates</span> <span class='ocrx_word' id='word_1_321' title='bbox 417 2402 451 2432; x_wconf 90' lang='lat' dir='ltr'>in</span> <span class='ocrx_word' id='word_1_322' title='bbox 472 2397 534 2432; x_wconf 77' lang='lat' dir='ltr'>liae</span> <span class='ocrx_word' id='word_1_323' title='bbox 556 2399 624 2431; x_wconf 76' lang='lat' dir='ltr'>vita</span> <span class='ocrx_word' id='word_1_324' title='bbox 643 2397 804 2430; x_wconf 84' lang='lat' dir='ltr'>conditos</span> <span class='ocrx_word' id='word_1_325' title='bbox 822 2409 894 2430; x_wconf 81' lang='lat' dir='ltr'>csse</span> <span class='ocrx_word' id='word_1_326' title='bbox 910 2396 1186 2436; x_wconf 82' lang='lat' dir='ltr'>meminerimus,</span> 
     </span>
     <span class='ocr_line' id='line_1_48' title="bbox 196 2446 1183 2487; baseline -0.008 0"><span class='ocrx_word' id='word_1_327' title='bbox 196 2456 253 2487; x_wconf 71' lang='lat' dir='ltr'>sed</span> <span class='ocrx_word' id='word_1_328' title='bbox 287 2460 323 2485; x_wconf 90' lang='lat' dir='ltr'>ut</span> <span class='ocrx_word' id='word_1_329' title='bbox 348 2451 411 2484; x_wconf 82' lang='lat' dir='ltr'>Dei</span> <span class='ocrx_word' id='word_1_330' title='bbox 442 2457 543 2484; x_wconf 64' lang='lat' dir='ltr'>testi-s</span> <span class='ocrx_word' id='word_1_331' title='bbox 576 2456 607 2482; x_wconf 83' lang='lat' dir='ltr'>et</span> <span class='ocrx_word' id='word_1_332' title='bbox 633 2446 807 2482; x_wconf 71' lang='lat' dir='ltr'>Ecclesiae</span> <span class='ocrx_word' id='word_1_333' title='bbox 835 2449 1034 2480; x_wconf 71' lang='lat' dir='ltr'>defensore-s</span> <span class='ocrx_word' id='word_1_334' title='bbox 1058 2447 1183 2480; x_wconf 85' lang='lat' dir='ltr'>simus:</span> 
     </span>
     <span class='ocr_line' id='line_1_49' title="bbox 196 2498 1184 2548; baseline -0.008 -10"><span class='ocrx_word' id='word_1_335' title='bbox 196 2518 258 2538; x_wconf 89' lang='lat' dir='ltr'>nec</span> <span class='ocrx_word' id='word_1_336' title='bbox 282 2503 433 2548; x_wconf 83' lang='lat' dir='ltr'>pericula</span> <span class='ocrx_word' id='word_1_337' title='bbox 456 2509 512 2533; x_wconf 88' lang='lat' dir='ltr'>aut</span> <span class='ocrx_word' id='word_1_338' title='bbox 533 2507 679 2533; x_wconf 80' lang='lat' dir='ltr'>mortem</span> <span class='ocrx_word' id='word_1_339' title='bbox 699 2499 735 2532; x_wconf 89' lang='lat' dir='ltr'>in</span> <span class='ocrx_word' id='word_1_340' title='bbox 755 2511 792 2532; x_wconf 83' lang='lat' dir='ltr'>ca</span> <span class='ocrx_word' id='word_1_341' title='bbox 810 2499 935 2532; x_wconf 83' lang='lat' dir='ltr'>militia</span> <span class='ocrx_word' id='word_1_342' title='bbox 954 2498 1184 2539; x_wconf 73' lang='lat' dir='ltr'>‹lt-fugiamus,</span> 
     </span>
     <span class='ocr_line' id='line_1_50' title="bbox 195 2548 1184 2596; baseline -0.006 -9"><span class='ocrx_word' id='word_1_343' title='bbox 195 2555 321 2589; x_wconf 62' lang='lat' dir='ltr'>victuri</span> <span class='ocrx_word' id='word_1_344' title='bbox 349 2561 464 2596; x_wconf 73' lang='lat' dir='ltr'>postea</span> <span class='ocrx_word' id='word_1_345' title='bbox 489 2551 523 2582; x_wconf 88' lang='lat' dir='ltr'>in</span> <span class='ocrx_word' id='word_1_346' title='bbox 550 2551 803 2583; x_wconf 73' lang='lat' dir='ltr'>cousuetudine</span> <span class='ocrx_word' id='word_1_347' title='bbox 827 2548 912 2587; x_wconf 80' lang='lat' dir='ltr'>Dei.</span> <span class='ocrx_word' id='word_1_348' title='bbox 946 2549 1006 2582; x_wconf 86' lang='lat' dir='ltr'>ubi</span> <span class='ocrx_word' id='word_1_349' title='bbox 1032 2549 1184 2582; x_wconf 77' lang='lat' dir='ltr'>aeternis</span> 
     </span>
     <span class='ocr_line' id='line_1_51' title="bbox 195 2600 1184 2651; baseline -0.008 -11"><span class='ocrx_word' id='word_1_350' title='bbox 195 2605 357 2651; x_wconf 83' lang='lat' dir='ltr'>praemiis</span> <span class='ocrx_word' id='word_1_351' title='bbox 382 2601 464 2636; x_wconf 77' lang='lat' dir='ltr'>hacc</span> <span class='ocrx_word' id='word_1_352' title='bbox 492 2603 600 2635; x_wconf 58' lang='lat' dir='ltr'>*virtus</span> <span class='ocrx_word' id='word_1_353' title='bbox 624 2602 822 2634; x_wconf 80' lang='lat' dir='ltr'>ornabitur.</span> <span class='ocrx_word' id='word_1_354' title='bbox 877 2600 1061 2643; x_wconf 75' lang='lat' dir='ltr'>Quantum</span> <span class='ocrx_word' id='word_1_355' title='bbox 1079 2600 1184 2633; x_wconf 87' lang='lat' dir='ltr'>decus</span> 
     </span>
     <span class='ocr_line' id='line_1_52' title="bbox 193 2648 1183 2696; baseline -0.008 -5"><span class='ocrx_word' id='word_1_356' title='bbox 193 2659 257 2692; x_wconf 86' lang='lat' dir='ltr'>erit</span> <span class='ocrx_word' id='word_1_357' title='bbox 285 2657 318 2689; x_wconf 86' lang='lat' dir='ltr'>iu</span> <span class='ocrx_word' id='word_1_358' title='bbox 347 2656 406 2688; x_wconf 85' lang='lat' dir='ltr'>illo</span> <span class='ocrx_word' id='word_1_359' title='bbox 430 2660 571 2686; x_wconf 71' lang='lat' dir='ltr'>aeterno</span> <span class='ocrx_word' id='word_1_360' title='bbox 597 2660 714 2691; x_wconf 78' lang='lat' dir='ltr'>coc-tu,</span> <span class='ocrx_word' id='word_1_361' title='bbox 750 2652 942 2696; x_wconf 70' lang='lat' dir='ltr'>praedicari</span> <span class='ocrx_word' id='word_1_362' title='bbox 966 2648 1031 2684; x_wconf 80' lang='lat' dir='ltr'>ltoc</span> <span class='ocrx_word' id='word_1_363' title='bbox 1057 2651 1183 2684; x_wconf 88' lang='lat' dir='ltr'>trium-</span> 
     </span>
     <span class='ocr_line' id='line_1_53' title="bbox 191 2702 1183 2754; baseline -0.004 -15"><span class='ocrx_word' id='word_1_364' title='bbox 191 2708 288 2754; x_wconf 74' lang='lat' dir='ltr'>phali</span> <span class='ocrx_word' id='word_1_365' title='bbox 313 2705 490 2741; x_wconf 63' lang='lat' dir='ltr'>carmine?</span> <span class='ocrx_word' id='word_1_366' title='bbox 546 2702 637 2737; x_wconf 74' lang='lat' dir='ltr'>lS&#39;l&#39;l</span> <span class='ocrx_word' id='word_1_367' title='bbox 666 2711 744 2736; x_wconf 84' lang='lat' dir='ltr'>suut</span> <span class='ocrx_word' id='word_1_368' title='bbox 764 2703 893 2742; x_wconf 80' lang='lat' dir='ltr'>sancti,</span> <span class='ocrx_word' id='word_1_369' title='bbox 921 2703 981 2748; x_wconf 87' lang='lat' dir='ltr'>qui</span> <span class='ocrx_word' id='word_1_370' title='bbox 997 2714 1060 2748; x_wconf 86' lang='lat' dir='ltr'>pro</span> <span class='ocrx_word' id='word_1_371' title='bbox 1079 2708 1183 2736; x_wconf 78' lang='lat' dir='ltr'>testa-</span> 
     </span>
    </p>
   </div>
   <div class='ocr_carea' id='block_1_6' title="bbox 1215 260 2229 2743">
    <p class='ocr_par' dir='ltr' id='par_1_6' title="bbox 1215 260 1837 307">
     <span class='ocr_line' id='line_1_54' title="bbox 1215 260 1837 307; baseline 0 -11"><span class='ocrx_word' id='word_1_372' title='bbox 1215 263 1320 307; x_wconf 83' lang='lat' dir='ltr'>guine</span> <span class='ocrx_word' id='word_1_373' title='bbox 1337 260 1432 306; x_wconf 85' lang='lat' dir='ltr'>Agni</span> <span class='ocrx_word' id='word_1_374' title='bbox 1447 262 1553 296; x_wconf 88' lang='lat' dir='ltr'>stolas</span> <span class='ocrx_word' id='word_1_375' title='bbox 1567 273 1647 296; x_wconf 85' lang='lat' dir='ltr'>suas</span> <span class='ocrx_word' id='word_1_376' title='bbox 1664 262 1837 296; x_wconf 83' lang='lat' dir='ltr'>laverunt.</span> 
     </span>
    </p>

    <p class='ocr_par' dir='ltr' id='par_1_7' title="bbox 1215 311 2229 2743">
     <span class='ocr_line' id='line_1_55' title="bbox 1316 311 2207 347; baseline -0.001 -1"><span class='ocrx_word' id='word_1_377' title='bbox 1316 311 1407 346; x_wconf 90' lang='lat' dir='ltr'>Cum</span> <span class='ocrx_word' id='word_1_378' title='bbox 1433 319 1550 346; x_wconf 84' lang='lat' dir='ltr'>autem</span> <span class='ocrx_word' id='word_1_379' title='bbox 1571 311 1711 347; x_wconf 84' lang='lat' dir='ltr'>infinita</span> <span class='ocrx_word' id='word_1_380' title='bbox 1733 312 1778 345; x_wconf 92' lang='lat' dir='ltr'>sit</span> <span class='ocrx_word' id='word_1_381' title='bbox 1799 313 1911 347; x_wconf 83' lang='lat' dir='ltr'>oratio</span> <span class='ocrx_word' id='word_1_382' title='bbox 1929 314 1971 347; x_wconf 88' lang='lat' dir='ltr'>de</span> <span class='ocrx_word' id='word_1_383' title='bbox 1987 311 2093 347; x_wconf 86' lang='lat' dir='ltr'>huius</span> <span class='ocrx_word' id='word_1_384' title='bbox 2110 312 2207 346; x_wconf 90' lang='lat' dir='ltr'>mili-</span> 
     </span>
     <span class='ocr_line' id='line_1_56' title="bbox 1215 363 2207 407; baseline -0.001 -10"><span class='ocrx_word' id='word_1_385' title='bbox 1215 363 1284 398; x_wconf 84' lang='lat' dir='ltr'>tiae</span> <span class='ocrx_word' id='word_1_386' title='bbox 1316 363 1441 404; x_wconf 86' lang='lat' dir='ltr'>laude,</span> <span class='ocrx_word' id='word_1_387' title='bbox 1480 375 1555 397; x_wconf 90' lang='lat' dir='ltr'>non</span> <span class='ocrx_word' id='word_1_388' title='bbox 1587 363 1823 404; x_wconf 85' lang='lat' dir='ltr'>immorabor,</span> <span class='ocrx_word' id='word_1_389' title='bbox 1866 365 2068 407; x_wconf 87' lang='lat' dir='ltr'>praesertim</span> <span class='ocrx_word' id='word_1_390' title='bbox 2101 364 2138 396; x_wconf 93' lang='lat' dir='ltr'>in</span> <span class='ocrx_word' id='word_1_391' title='bbox 2171 375 2207 396; x_wconf 90' lang='lat' dir='ltr'>re</span> 
     </span>
     <span class='ocr_line' id='line_1_57' title="bbox 1217 414 2208 453; baseline -0.001 -5"><span class='ocrx_word' id='word_1_392' title='bbox 1217 414 1384 448; x_wconf 91' lang='lat' dir='ltr'>omnibus</span> <span class='ocrx_word' id='word_1_393' title='bbox 1414 414 1518 447; x_wconf 88' lang='lat' dir='ltr'>bonis</span> <span class='ocrx_word' id='word_1_394' title='bbox 1546 421 1581 448; x_wconf 85' lang='lat' dir='ltr'>et</span> <span class='ocrx_word' id='word_1_395' title='bbox 1602 414 1768 447; x_wconf 88' lang='lat' dir='ltr'>virtutem</span> <span class='ocrx_word' id='word_1_396' title='bbox 1791 414 1991 447; x_wconf 87' lang='lat' dir='ltr'>amantibus</span> <span class='ocrx_word' id='word_1_397' title='bbox 2013 414 2208 453; x_wconf 83' lang='lat' dir='ltr'>notissima,</span> 
     </span>
     <span class='ocr_line' id='line_1_58' title="bbox 1218 462 2209 501; baseline -0.001 -2"><span class='ocrx_word' id='word_1_398' title='bbox 1218 465 1364 501; x_wconf 85' lang='lat' dir='ltr'>diutius.</span> <span class='ocrx_word' id='word_1_399' title='bbox 1414 463 1553 500; x_wconf 85' lang='lat' dir='ltr'>Rursus</span> <span class='ocrx_word' id='word_1_400' title='bbox 1577 471 1695 498; x_wconf 84' lang='lat' dir='ltr'>autem</span> <span class='ocrx_word' id='word_1_401' title='bbox 1719 464 1762 498; x_wconf 88' lang='lat' dir='ltr'>de</span> <span class='ocrx_word' id='word_1_402' title='bbox 1785 462 1840 498; x_wconf 89' lang='lat' dir='ltr'>his</span> <span class='ocrx_word' id='word_1_403' title='bbox 1864 463 1994 497; x_wconf 89' lang='lat' dir='ltr'>nostris</span> <span class='ocrx_word' id='word_1_404' title='bbox 2014 465 2139 498; x_wconf 90' lang='lat' dir='ltr'>studiis</span> <span class='ocrx_word' id='word_1_405' title='bbox 2153 465 2209 498; x_wconf 89' lang='lat' dir='ltr'>di·</span> 
     </span>
     <span class='ocr_line' id='line_1_59' title="bbox 1219 515 2209 561; baseline -0.002 -11"><span class='ocrx_word' id='word_1_406' title='bbox 1219 528 1294 550; x_wconf 91' lang='lat' dir='ltr'>cam</span> <span class='ocrx_word' id='word_1_407' title='bbox 1307 543 1316 557; x_wconf 88' lang='lat'>‚</span> <span class='ocrx_word' id='word_1_408' title='bbox 1343 527 1432 561; x_wconf 89' lang='lat' dir='ltr'>quae</span> <span class='ocrx_word' id='word_1_409' title='bbox 1455 522 1599 560; x_wconf 89' lang='lat' dir='ltr'>propter</span> <span class='ocrx_word' id='word_1_410' title='bbox 1619 515 1814 549; x_wconf 87' lang='lat' dir='ltr'>discordias</span> <span class='ocrx_word' id='word_1_411' title='bbox 1831 515 1988 559; x_wconf 89' lang='lat' dir='ltr'>publicas</span> <span class='ocrx_word' id='word_1_412' title='bbox 2005 516 2098 558; x_wconf 90' lang='lat' dir='ltr'>apud</span> <span class='ocrx_word' id='word_1_413' title='bbox 2114 515 2209 549; x_wconf 90' lang='lat' dir='ltr'>mul-</span> 
     </span>
     <span class='ocr_line' id='line_1_60' title="bbox 1220 563 2210 610; baseline -0.002 -9"><span class='ocrx_word' id='word_1_414' title='bbox 1220 573 1273 601; x_wconf 92' lang='lat' dir='ltr'>tos</span> <span class='ocrx_word' id='word_1_415' title='bbox 1296 567 1332 600; x_wconf 94' lang='lat' dir='ltr'>in</span> <span class='ocrx_word' id='word_1_416' title='bbox 1357 566 1440 600; x_wconf 89' lang='lat' dir='ltr'>odio</span> <span class='ocrx_word' id='word_1_417' title='bbox 1465 573 1558 602; x_wconf 91' lang='lat' dir='ltr'>sunt.</span> <span class='ocrx_word' id='word_1_418' title='bbox 1620 565 1690 600; x_wconf 85' lang='lat' dir='ltr'>Sed</span> <span class='ocrx_word' id='word_1_419' title='bbox 1714 573 1857 610; x_wconf 90' lang='lat' dir='ltr'>propter</span> <span class='ocrx_word' id='word_1_420' title='bbox 1879 563 1942 599; x_wconf 86' lang='lat' dir='ltr'>bas</span> <span class='ocrx_word' id='word_1_421' title='bbox 1967 565 2058 609; x_wconf 90' lang='lat' dir='ltr'>ipsas</span> <span class='ocrx_word' id='word_1_422' title='bbox 2081 576 2210 607; x_wconf 87' lang='lat' dir='ltr'>causas,</span> 
     </span>
     <span class='ocr_line' id='line_1_61' title="bbox 1221 614 2212 663; baseline -0.001 -12"><span class='ocrx_word' id='word_1_423' title='bbox 1221 617 1303 663; x_wconf 88' lang='lat' dir='ltr'>quia</span> <span class='ocrx_word' id='word_1_424' title='bbox 1331 624 1413 651; x_wconf 90' lang='lat' dir='ltr'>sunt</span> <span class='ocrx_word' id='word_1_425' title='bbox 1443 617 1653 661; x_wconf 90' lang='lat' dir='ltr'>opinionum</span> <span class='ocrx_word' id='word_1_426' title='bbox 1680 617 1844 658; x_wconf 83' lang='lat' dir='ltr'>dissidia,</span> <span class='ocrx_word' id='word_1_427' title='bbox 1875 623 1910 650; x_wconf 88' lang='lat' dir='ltr'>et</span> <span class='ocrx_word' id='word_1_428' title='bbox 1933 614 2104 649; x_wconf 84' lang='lat' dir='ltr'>alienatae</span> <span class='ocrx_word' id='word_1_429' title='bbox 2130 622 2212 650; x_wconf 84' lang='lat' dir='ltr'>sunt</span> 
     </span>
     <span class='ocr_line' id='line_1_62' title="bbox 1221 665 2214 709; baseline -0.001 -9"><span class='ocrx_word' id='word_1_430' title='bbox 1221 668 1441 709; x_wconf 84' lang='lat' dir='ltr'>voluntates,</span> <span class='ocrx_word' id='word_1_431' title='bbox 1469 680 1608 702; x_wconf 91' lang='lat' dir='ltr'>necesse</span> <span class='ocrx_word' id='word_1_432' title='bbox 1630 675 1681 701; x_wconf 90' lang='lat' dir='ltr'>est</span> <span class='ocrx_word' id='word_1_433' title='bbox 1702 667 1835 701; x_wconf 89' lang='lat' dir='ltr'>maiore</span> <span class='ocrx_word' id='word_1_434' title='bbox 1857 679 1940 701; x_wconf 89' lang='lat' dir='ltr'>cura</span> <span class='ocrx_word' id='word_1_435' title='bbox 1961 674 2053 700; x_wconf 87' lang='lat' dir='ltr'>recta</span> <span class='ocrx_word' id='word_1_436' title='bbox 2069 665 2214 707; x_wconf 86' lang='lat' dir='ltr'>discere,</span> 
     </span>
     <span class='ocr_line' id='line_1_63' title="bbox 1223 717 2213 763; baseline -0.003 -11"><span class='ocrx_word' id='word_1_437' title='bbox 1223 718 1387 763; x_wconf 89' lang='lat' dir='ltr'>amplecti</span> <span class='ocrx_word' id='word_1_438' title='bbox 1419 725 1454 752; x_wconf 88' lang='lat' dir='ltr'>et</span> <span class='ocrx_word' id='word_1_439' title='bbox 1486 730 1694 763; x_wconf 85' lang='lat' dir='ltr'>propagare:</span> <span class='ocrx_word' id='word_1_440' title='bbox 1737 719 1838 752; x_wconf 91' lang='lat' dir='ltr'>cuius</span> <span class='ocrx_word' id='word_1_441' title='bbox 1869 717 1920 751; x_wconf 85' lang='lat' dir='ltr'>rei</span> <span class='ocrx_word' id='word_1_442' title='bbox 1949 717 2148 761; x_wconf 83' lang='lat' dir='ltr'>exemplum</span> <span class='ocrx_word' id='word_1_443' title='bbox 2180 723 2213 750; x_wconf 88' lang='lat' dir='ltr'>et</span> 
     </span>
     <span class='ocr_line' id='line_1_64' title="bbox 1224 767 2215 814; baseline -0.002 -12"><span class='ocrx_word' id='word_1_444' title='bbox 1224 769 1299 814; x_wconf 89' lang='lat' dir='ltr'>ipsa</span> <span class='ocrx_word' id='word_1_445' title='bbox 1323 767 1470 802; x_wconf 85' lang='lat' dir='ltr'>historia</span> <span class='ocrx_word' id='word_1_446' title='bbox 1494 767 1794 803; x_wconf 84' lang='lat' dir='ltr'>Machabaeorum</span> <span class='ocrx_word' id='word_1_447' title='bbox 1819 768 1992 809; x_wconf 88' lang='lat' dir='ltr'>ostendit,</span> <span class='ocrx_word' id='word_1_448' title='bbox 2018 768 2061 801; x_wconf 89' lang='lat' dir='ltr'>de</span> <span class='ocrx_word' id='word_1_449' title='bbox 2085 767 2215 813; x_wconf 83' lang='lat' dir='ltr'>quibus</span> 
     </span>
     <span class='ocr_line' id='line_1_65' title="bbox 1225 819 2216 864; baseline 0 -11"><span class='ocrx_word' id='word_1_450' title='bbox 1225 820 1395 864; x_wconf 90' lang='lat' dir='ltr'>scriptum</span> <span class='ocrx_word' id='word_1_451' title='bbox 1426 827 1493 853; x_wconf 88' lang='lat' dir='ltr'>est:</span> <span class='ocrx_word' id='word_1_452' title='bbox 1525 820 1628 854; x_wconf 90' lang='lat' dir='ltr'>Docti</span> <span class='ocrx_word' id='word_1_453' title='bbox 1656 820 1694 852; x_wconf 89' lang='lat' dir='ltr'>in</span> <span class='ocrx_word' id='word_1_454' title='bbox 1719 820 1849 864; x_wconf 88' lang='lat' dir='ltr'>populo</span> <span class='ocrx_word' id='word_1_455' title='bbox 1873 819 2004 853; x_wconf 89' lang='lat' dir='ltr'>multos</span> <span class='ocrx_word' id='word_1_456' title='bbox 2026 819 2216 854; x_wconf 87' lang='lat' dir='ltr'>docebunt.</span> 
     </span>
     <span class='ocr_line' id='line_1_66' title="bbox 1224 869 2216 915; baseline -0.002 -11"><span class='ocrx_word' id='word_1_457' title='bbox 1224 870 1277 904; x_wconf 73' lang='lat' dir='ltr'>&#39;Ne</span> <span class='ocrx_word' id='word_1_458' title='bbox 1300 878 1373 904; x_wconf 90' lang='lat' dir='ltr'>tum</span> <span class='ocrx_word' id='word_1_459' title='bbox 1399 870 1542 915; x_wconf 92' lang='lat' dir='ltr'>quidem</span> <span class='ocrx_word' id='word_1_460' title='bbox 1561 871 1654 904; x_wconf 92' lang='lat' dir='ltr'>inter</span> <span class='ocrx_word' id='word_1_461' title='bbox 1670 870 1809 904; x_wconf 87' lang='lat' dir='ltr'>classica</span> <span class='ocrx_word' id='word_1_462' title='bbox 1826 877 1858 904; x_wconf 93' lang='lat' dir='ltr'>et</span> <span class='ocrx_word' id='word_1_463' title='bbox 1876 870 1968 903; x_wconf 89' lang='lat' dir='ltr'>inter</span> <span class='ocrx_word' id='word_1_464' title='bbox 1982 869 2114 903; x_wconf 90' lang='lat' dir='ltr'>civium</span> <span class='ocrx_word' id='word_1_465' title='bbox 2131 880 2216 912; x_wconf 90' lang='lat' dir='ltr'>sup-</span> 
     </span>
     <span class='ocr_line' id='line_1_67' title="bbox 1225 919 2217 966; baseline -0.001 -12"><span class='ocrx_word' id='word_1_466' title='bbox 1225 921 1331 966; x_wconf 89' lang='lat' dir='ltr'>plicia</span> <span class='ocrx_word' id='word_1_467' title='bbox 1354 921 1484 955; x_wconf 87' lang='lat' dir='ltr'>eruditi</span> <span class='ocrx_word' id='word_1_468' title='bbox 1508 919 1688 961; x_wconf 88' lang='lat' dir='ltr'>homines,</span> <span class='ocrx_word' id='word_1_469' title='bbox 1716 927 1749 954; x_wconf 91' lang='lat' dir='ltr'>et</span> <span class='ocrx_word' id='word_1_470' title='bbox 1764 920 1875 962; x_wconf 83' lang='lat' dir='ltr'>firmi,</span> <span class='ocrx_word' id='word_1_471' title='bbox 1901 920 2084 954; x_wconf 86' lang='lat' dir='ltr'>doctrinae</span> <span class='ocrx_word' id='word_1_472' title='bbox 2100 919 2217 954; x_wconf 84' lang='lat' dir='ltr'>studia</span> 
     </span>
     <span class='ocr_line' id='line_1_68' title="bbox 1226 970 2218 1016; baseline -0.001 -11"><span class='ocrx_word' id='word_1_473' title='bbox 1226 971 1450 1007; x_wconf 87' lang='lat' dir='ltr'>abiiciebant.</span> <span class='ocrx_word' id='word_1_474' title='bbox 1502 970 1616 1006; x_wconf 87' lang='lat' dir='ltr'>Erant</span> <span class='ocrx_word' id='word_1_475' title='bbox 1635 971 1729 1005; x_wconf 92' lang='lat' dir='ltr'>enim</span> <span class='ocrx_word' id='word_1_476' title='bbox 1745 972 1922 1006; x_wconf 87' lang='lat' dir='ltr'>refutandi</span> <span class='ocrx_word' id='word_1_477' title='bbox 1938 971 2056 1015; x_wconf 90' lang='lat' dir='ltr'>impii,</span> <span class='ocrx_word' id='word_1_478' title='bbox 2084 970 2145 1016; x_wconf 90' lang='lat' dir='ltr'>qui</span> <span class='ocrx_word' id='word_1_479' title='bbox 2161 982 2218 1004; x_wconf 84' lang='lat' dir='ltr'>re-</span> 
     </span>
     <span class='ocr_line' id='line_1_69' title="bbox 1226 1021 2219 1066; baseline -0.001 -11"><span class='ocrx_word' id='word_1_480' title='bbox 1226 1023 1376 1066; x_wconf 87' lang='lat' dir='ltr'>ligiones</span> <span class='ocrx_word' id='word_1_481' title='bbox 1400 1023 1493 1057; x_wconf 88' lang='lat' dir='ltr'>inter</span> <span class='ocrx_word' id='word_1_482' title='bbox 1516 1034 1590 1056; x_wconf 91' lang='lat' dir='ltr'>sese</span> <span class='ocrx_word' id='word_1_483' title='bbox 1613 1023 1899 1064; x_wconf 83' lang='lat' dir='ltr'>confundebant,</span> <span class='ocrx_word' id='word_1_484' title='bbox 1924 1034 2003 1056; x_wconf 90' lang='lat' dir='ltr'>cum</span> <span class='ocrx_word' id='word_1_485' title='bbox 2023 1021 2127 1055; x_wconf 88' lang='lat' dir='ltr'>multi</span> <span class='ocrx_word' id='word_1_486' title='bbox 2144 1021 2219 1055; x_wconf 90' lang='lat' dir='ltr'>dis-</span> 
     </span>
     <span class='ocr_line' id='line_1_70' title="bbox 1229 1070 2218 1118; baseline -0.004 -10"><span class='ocrx_word' id='word_1_487' title='bbox 1229 1080 1393 1118; x_wconf 85' lang='lat' dir='ltr'>putarent</span> <span class='ocrx_word' id='word_1_488' title='bbox 1416 1071 1509 1106; x_wconf 87' lang='lat' dir='ltr'>nihil</span> <span class='ocrx_word' id='word_1_489' title='bbox 1535 1073 1702 1108; x_wconf 80' lang='lat' dir='ltr'>interesse</span> <span class='ocrx_word' id='word_1_490' title='bbox 1726 1073 1818 1106; x_wconf 88' lang='lat' dir='ltr'>inter</span> <span class='ocrx_word' id='word_1_491' title='bbox 1838 1072 1990 1107; x_wconf 88' lang='lat' dir='ltr'>Graecas</span> <span class='ocrx_word' id='word_1_492' title='bbox 2009 1079 2041 1106; x_wconf 90' lang='lat' dir='ltr'>et</span> <span class='ocrx_word' id='word_1_493' title='bbox 2058 1070 2218 1105; x_wconf 85' lang='lat' dir='ltr'>Iudaicas</span> 
     </span>
     <span class='ocr_line' id='line_1_71' title="bbox 1227 1122 2220 1169; baseline -0.001 -12"><span class='ocrx_word' id='word_1_494' title='bbox 1227 1124 1413 1169; x_wconf 83' lang='lat' dir='ltr'>opiniones</span> <span class='ocrx_word' id='word_1_495' title='bbox 1435 1125 1477 1158; x_wconf 92' lang='lat' dir='ltr'>de</span> <span class='ocrx_word' id='word_1_496' title='bbox 1496 1123 1588 1158; x_wconf 89' lang='lat' dir='ltr'>Deo:</span> <span class='ocrx_word' id='word_1_497' title='bbox 1616 1137 1726 1158; x_wconf 91' lang='lat' dir='ltr'>unum</span> <span class='ocrx_word' id='word_1_498' title='bbox 1745 1135 1876 1157; x_wconf 89' lang='lat' dir='ltr'>numen</span> <span class='ocrx_word' id='word_1_499' title='bbox 1894 1137 1912 1157; x_wconf 89' lang='lat' dir='ltr'>a</span> <span class='ocrx_word' id='word_1_500' title='bbox 1931 1135 2001 1169; x_wconf 93' lang='lat' dir='ltr'>quo</span> <span class='ocrx_word' id='word_1_501' title='bbox 2019 1122 2160 1156; x_wconf 89' lang='lat' dir='ltr'>condita</span> <span class='ocrx_word' id='word_1_502' title='bbox 2174 1122 2220 1156; x_wconf 87' lang='lat' dir='ltr'>sit</span> 
     </span>
     <span class='ocr_line' id='line_1_72' title="bbox 1227 1173 2219 1218; baseline -0.002 -10"><span class='ocrx_word' id='word_1_503' title='bbox 1227 1187 1347 1208; x_wconf 90' lang='lat' dir='ltr'>rerum</span> <span class='ocrx_word' id='word_1_504' title='bbox 1372 1181 1518 1216; x_wconf 88' lang='lat' dir='ltr'>natura,</span> <span class='ocrx_word' id='word_1_505' title='bbox 1545 1175 1589 1208; x_wconf 89' lang='lat' dir='ltr'>ab</span> <span class='ocrx_word' id='word_1_506' title='bbox 1608 1175 1775 1208; x_wconf 91' lang='lat' dir='ltr'>omnibus</span> <span class='ocrx_word' id='word_1_507' title='bbox 1790 1175 1952 1218; x_wconf 87' lang='lat' dir='ltr'>gentibus</span> <span class='ocrx_word' id='word_1_508' title='bbox 1969 1174 2056 1214; x_wconf 82' lang='lat' dir='ltr'>coli,</span> <span class='ocrx_word' id='word_1_509' title='bbox 2082 1173 2219 1207; x_wconf 82' lang='lat' dir='ltr'>etiamsi</span> 
     </span>
     <span class='ocr_line' id='line_1_73' title="bbox 1229 1224 2219 1270; baseline -0.001 -12"><span class='ocrx_word' id='word_1_510' title='bbox 1229 1226 1386 1259; x_wconf 74' lang='lat' dir='ltr'>diversae</span> <span class='ocrx_word' id='word_1_511' title='bbox 1415 1225 1486 1259; x_wconf 89' lang='lat' dir='ltr'>sint</span> <span class='ocrx_word' id='word_1_512' title='bbox 1510 1225 1774 1270; x_wconf 86' lang='lat' dir='ltr'>appellationes.</span> <span class='ocrx_word' id='word_1_513' title='bbox 1834 1224 1900 1258; x_wconf 91' lang='lat' dir='ltr'>His</span> <span class='ocrx_word' id='word_1_514' title='bbox 1926 1224 2120 1269; x_wconf 84' lang='lat' dir='ltr'>praestigiis</span> <span class='ocrx_word' id='word_1_515' title='bbox 2144 1231 2219 1258; x_wconf 90' lang='lat' dir='ltr'>tum</span> 
     </span>
     <span class='ocr_line' id='line_1_74' title="bbox 1229 1275 2220 1323; baseline -0.004 -12"><span class='ocrx_word' id='word_1_516' title='bbox 1229 1287 1371 1323; x_wconf 85' lang='lat' dir='ltr'>quoque</span> <span class='ocrx_word' id='word_1_517' title='bbox 1402 1275 1505 1310; x_wconf 89' lang='lat' dir='ltr'>multi</span> <span class='ocrx_word' id='word_1_518' title='bbox 1535 1275 1818 1320; x_wconf 86' lang='lat' dir='ltr'>decipiebantur:</span> <span class='ocrx_word' id='word_1_519' title='bbox 1853 1287 1939 1321; x_wconf 89' lang='lat' dir='ltr'>quas</span> <span class='ocrx_word' id='word_1_520' title='bbox 1969 1282 2008 1309; x_wconf 91' lang='lat' dir='ltr'>ut</span> <span class='ocrx_word' id='word_1_521' title='bbox 2037 1275 2220 1319; x_wconf 86' lang='lat' dir='ltr'>perspicue</span> 
     </span>
     <span class='ocr_line' id='line_1_75' title="bbox 1230 1325 2220 1372; baseline -0.001 -11"><span class='ocrx_word' id='word_1_522' title='bbox 1230 1329 1470 1366; x_wconf 87' lang='lat' dir='ltr'>confutarent,</span> <span class='ocrx_word' id='word_1_523' title='bbox 1498 1339 1586 1372; x_wconf 92' lang='lat' dir='ltr'>opus</span> <span class='ocrx_word' id='word_1_524' title='bbox 1610 1327 1677 1360; x_wconf 88' lang='lat' dir='ltr'>fuit</span> <span class='ocrx_word' id='word_1_525' title='bbox 1699 1327 1835 1360; x_wconf 87' lang='lat' dir='ltr'>erudite</span> <span class='ocrx_word' id='word_1_526' title='bbox 1852 1326 2003 1360; x_wconf 88' lang='lat' dir='ltr'>discerni</span> <span class='ocrx_word' id='word_1_527' title='bbox 2022 1325 2220 1369; x_wconf 87' lang='lat' dir='ltr'>religiones.</span> 
     </span>
     <span class='ocr_line' id='line_1_76' title="bbox 1230 1373 2221 1414; baseline -0.003 -2"><span class='ocrx_word' id='word_1_528' title='bbox 1230 1378 1298 1413; x_wconf 89' lang='lat' dir='ltr'>Hic</span> <span class='ocrx_word' id='word_1_529' title='bbox 1327 1379 1422 1413; x_wconf 90' lang='lat' dir='ltr'>docti</span> <span class='ocrx_word' id='word_1_530' title='bbox 1446 1379 1636 1412; x_wconf 86' lang='lat' dir='ltr'>monebant</span> <span class='ocrx_word' id='word_1_531' title='bbox 1658 1379 1819 1411; x_wconf 87' lang='lat' dir='ltr'>deerrare</span> <span class='ocrx_word' id='word_1_532' title='bbox 1842 1388 1963 1412; x_wconf 92' lang='lat' dir='ltr'>omnes</span> <span class='ocrx_word' id='word_1_533' title='bbox 1985 1390 2004 1409; x_wconf 82' lang='lat' dir='ltr'>a</span> <span class='ocrx_word' id='word_1_534' title='bbox 2027 1388 2110 1410; x_wconf 87' lang='lat' dir='ltr'>vero</span> <span class='ocrx_word' id='word_1_535' title='bbox 2132 1373 2221 1414; x_wconf 86' lang='lat' dir='ltr'>Deo,</span> 
     </span>
     <span class='ocr_line' id='line_1_77' title="bbox 1230 1427 2222 1476; baseline -0.004 -13"><span class='ocrx_word' id='word_1_536' title='bbox 1230 1431 1290 1476; x_wconf 90' lang='lat' dir='ltr'>qui</span> <span class='ocrx_word' id='word_1_537' title='bbox 1317 1442 1390 1464; x_wconf 90' lang='lat' dir='ltr'>non</span> <span class='ocrx_word' id='word_1_538' title='bbox 1414 1437 1641 1473; x_wconf 87' lang='lat' dir='ltr'>agnoscerent</span> <span class='ocrx_word' id='word_1_539' title='bbox 1664 1442 1743 1463; x_wconf 89' lang='lat' dir='ltr'>eum</span> <span class='ocrx_word' id='word_1_540' title='bbox 1768 1429 1804 1462; x_wconf 90' lang='lat' dir='ltr'>in</span> <span class='ocrx_word' id='word_1_541' title='bbox 1830 1441 1867 1462; x_wconf 88' lang='lat' dir='ltr'>ea</span> <span class='ocrx_word' id='word_1_542' title='bbox 1885 1427 2069 1469; x_wconf 90' lang='lat' dir='ltr'>doctrina,</span> <span class='ocrx_word' id='word_1_543' title='bbox 2095 1427 2132 1460; x_wconf 92' lang='lat' dir='ltr'>in</span> <span class='ocrx_word' id='word_1_544' title='bbox 2152 1437 2222 1472; x_wconf 87' lang='lat' dir='ltr'>qua</span> 
     </span>
     <span class='ocr_line' id='line_1_78' title="bbox 1231 1477 2222 1526; baseline -0.005 -11"><span class='ocrx_word' id='word_1_545' title='bbox 1231 1493 1265 1515; x_wconf 88' lang='lat' dir='ltr'>se</span> <span class='ocrx_word' id='word_1_546' title='bbox 1297 1481 1370 1526; x_wconf 88' lang='lat' dir='ltr'>ipse</span> <span class='ocrx_word' id='word_1_547' title='bbox 1400 1481 1502 1515; x_wconf 88' lang='lat' dir='ltr'>certis</span> <span class='ocrx_word' id='word_1_548' title='bbox 1528 1488 1562 1515; x_wconf 90' lang='lat' dir='ltr'>et</span> <span class='ocrx_word' id='word_1_549' title='bbox 1584 1481 1782 1514; x_wconf 88' lang='lat' dir='ltr'>illustribus</span> <span class='ocrx_word' id='word_1_550' title='bbox 1809 1479 2020 1514; x_wconf 88' lang='lat' dir='ltr'>testimoniis</span> <span class='ocrx_word' id='word_1_551' title='bbox 2043 1477 2222 1522; x_wconf 71' lang='lat' dir='ltr'>patefecit:</span> 
     </span>
     <span class='ocr_line' id='line_1_79' title="bbox 1232 1528 2223 1571; baseline -0.006 -5"><span class='ocrx_word' id='word_1_552' title='bbox 1232 1544 1294 1566; x_wconf 92' lang='lat' dir='ltr'>nec</span> <span class='ocrx_word' id='word_1_553' title='bbox 1309 1532 1391 1566; x_wconf 90' lang='lat' dir='ltr'>sciri</span> <span class='ocrx_word' id='word_1_554' title='bbox 1408 1532 1625 1566; x_wconf 89' lang='lat' dir='ltr'>voluntatem</span> <span class='ocrx_word' id='word_1_555' title='bbox 1644 1532 1738 1571; x_wconf 91' lang='lat' dir='ltr'>eius,</span> <span class='ocrx_word' id='word_1_556' title='bbox 1763 1543 1807 1564; x_wconf 87' lang='lat' dir='ltr'>an</span> <span class='ocrx_word' id='word_1_557' title='bbox 1825 1537 1857 1565; x_wconf 86' lang='lat' dir='ltr'>et</span> <span class='ocrx_word' id='word_1_558' title='bbox 1873 1542 1935 1564; x_wconf 90' lang='lat' dir='ltr'>cur</span> <span class='ocrx_word' id='word_1_559' title='bbox 1950 1528 2131 1570; x_wconf 87' lang='lat' dir='ltr'>exaudiat,</span> <span class='ocrx_word' id='word_1_560' title='bbox 2153 1528 2223 1561; x_wconf 91' lang='lat' dir='ltr'>nisi</span> 
     </span>
     <span class='ocr_line' id='line_1_80' title="bbox 1233 1579 2223 1626; baseline -0.003 -10"><span class='ocrx_word' id='word_1_561' title='bbox 1233 1583 1481 1626; x_wconf 87' lang='lat' dir='ltr'>promissiones</span> <span class='ocrx_word' id='word_1_562' title='bbox 1503 1589 1709 1623; x_wconf 86' lang='lat' dir='ltr'>teneantur,</span> <span class='ocrx_word' id='word_1_563' title='bbox 1735 1582 1772 1614; x_wconf 92' lang='lat' dir='ltr'>in</span> <span class='ocrx_word' id='word_1_564' title='bbox 1799 1579 1863 1615; x_wconf 87' lang='lat' dir='ltr'>hac</span> <span class='ocrx_word' id='word_1_565' title='bbox 1885 1592 1955 1615; x_wconf 88' lang='lat' dir='ltr'>una</span> <span class='ocrx_word' id='word_1_566' title='bbox 1974 1587 2076 1624; x_wconf 83' lang='lat' dir='ltr'>gente</span> <span class='ocrx_word' id='word_1_567' title='bbox 2092 1591 2223 1624; x_wconf 89' lang='lat' dir='ltr'>propo-</span> 
     </span>
     <span class='ocr_line' id='line_1_81' title="bbox 1231 1630 2225 1677; baseline -0.003 -11"><span class='ocrx_word' id='word_1_568' title='bbox 1231 1633 1327 1668; x_wconf 88' lang='lat' dir='ltr'>sitae.</span> <span class='ocrx_word' id='word_1_569' title='bbox 1378 1631 1540 1677; x_wconf 84' lang='lat' dir='ltr'>Cumque</span> <span class='ocrx_word' id='word_1_570' title='bbox 1557 1645 1630 1666; x_wconf 91' lang='lat' dir='ltr'>non</span> <span class='ocrx_word' id='word_1_571' title='bbox 1648 1639 1762 1666; x_wconf 88' lang='lat' dir='ltr'>essent</span> <span class='ocrx_word' id='word_1_572' title='bbox 1781 1633 1930 1665; x_wconf 87' lang='lat' dir='ltr'>leviores</span> <span class='ocrx_word' id='word_1_573' title='bbox 1946 1642 2084 1676; x_wconf 84' lang='lat' dir='ltr'>pugnae</span> <span class='ocrx_word' id='word_1_574' title='bbox 2101 1630 2225 1674; x_wconf 87' lang='lat' dir='ltr'>dispu-</span> 
     </span>
     <span class='ocr_line' id='line_1_82' title="bbox 1232 1680 2224 1727; baseline -0.004 -10"><span class='ocrx_word' id='word_1_575' title='bbox 1232 1684 1425 1721; x_wconf 87' lang='lat' dir='ltr'>tationum,</span> <span class='ocrx_word' id='word_1_576' title='bbox 1458 1695 1562 1727; x_wconf 84' lang='lat' dir='ltr'>quam</span> <span class='ocrx_word' id='word_1_577' title='bbox 1594 1683 1863 1716; x_wconf 85' lang='lat' dir='ltr'>dimicationum</span> <span class='ocrx_word' id='word_1_578' title='bbox 1896 1683 1933 1715; x_wconf 89' lang='lat' dir='ltr'>in</span> <span class='ocrx_word' id='word_1_579' title='bbox 1956 1681 2049 1720; x_wconf 89' lang='lat' dir='ltr'>acie,</span> <span class='ocrx_word' id='word_1_580' title='bbox 2084 1680 2224 1724; x_wconf 79' lang='lat' dir='ltr'>magni-</span> 
     </span>
     <span class='ocr_line' id='line_1_83' title="bbox 1233 1732 2225 1772; baseline -0.003 -5"><span class='ocrx_word' id='word_1_581' title='bbox 1233 1735 1318 1768; x_wconf 88' lang='lat' dir='ltr'>tudo</span> <span class='ocrx_word' id='word_1_582' title='bbox 1343 1745 1460 1767; x_wconf 86' lang='lat' dir='ltr'>rerum</span> <span class='ocrx_word' id='word_1_583' title='bbox 1487 1734 1667 1772; x_wconf 78' lang='lat' dir='ltr'>excitavit,</span> <span class='ocrx_word' id='word_1_584' title='bbox 1697 1733 1828 1767; x_wconf 90' lang='lat' dir='ltr'>erudiit</span> <span class='ocrx_word' id='word_1_585' title='bbox 1847 1740 1880 1767; x_wconf 90' lang='lat' dir='ltr'>et</span> <span class='ocrx_word' id='word_1_586' title='bbox 1897 1733 1989 1766; x_wconf 88' lang='lat' dir='ltr'>acuit</span> <span class='ocrx_word' id='word_1_587' title='bbox 2010 1732 2159 1771; x_wconf 80' lang='lat' dir='ltr'>multos,</span> <span class='ocrx_word' id='word_1_588' title='bbox 2185 1737 2225 1765; x_wconf 87' lang='lat' dir='ltr'>ut</span> 
     </span>
     <span class='ocr_line' id='line_1_84' title="bbox 1233 1784 2225 1828; baseline -0.003 -11"><span class='ocrx_word' id='word_1_589' title='bbox 1233 1785 1420 1827; x_wconf 87' lang='lat' dir='ltr'>religiones</span> <span class='ocrx_word' id='word_1_590' title='bbox 1452 1784 1579 1817; x_wconf 83' lang='lat' dir='ltr'>rectius</span> <span class='ocrx_word' id='word_1_591' title='bbox 1604 1785 1860 1824; x_wconf 83' lang='lat' dir='ltr'>discernerent,</span> <span class='ocrx_word' id='word_1_592' title='bbox 1893 1784 1987 1828; x_wconf 91' lang='lat' dir='ltr'>quod</span> <span class='ocrx_word' id='word_1_593' title='bbox 2015 1794 2110 1816; x_wconf 89' lang='lat' dir='ltr'>nunc</span> <span class='ocrx_word' id='word_1_594' title='bbox 2135 1793 2225 1827; x_wconf 89' lang='lat' dir='ltr'>quo-</span> 
     </span>
     <span class='ocr_line' id='line_1_85' title="bbox 1233 1832 2226 1880; baseline -0.002 -12"><span class='ocrx_word' id='word_1_595' title='bbox 1233 1847 1301 1880; x_wconf 89' lang='lat' dir='ltr'>que</span> <span class='ocrx_word' id='word_1_596' title='bbox 1316 1835 1516 1868; x_wconf 82' lang='lat' dir='ltr'>faciendum</span> <span class='ocrx_word' id='word_1_597' title='bbox 1531 1841 1593 1869; x_wconf 86' lang='lat' dir='ltr'>est.</span> <span class='ocrx_word' id='word_1_598' title='bbox 1646 1833 1738 1869; x_wconf 90' lang='lat' dir='ltr'>Sunt</span> <span class='ocrx_word' id='word_1_599' title='bbox 1752 1835 1846 1868; x_wconf 87' lang='lat' dir='ltr'>enim</span> <span class='ocrx_word' id='word_1_600' title='bbox 1862 1833 1976 1874; x_wconf 82' lang='lat' dir='ltr'>multi,</span> <span class='ocrx_word' id='word_1_601' title='bbox 2002 1833 2063 1878; x_wconf 88' lang='lat' dir='ltr'>qui</span> <span class='ocrx_word' id='word_1_602' title='bbox 2077 1839 2116 1867; x_wconf 90' lang='lat' dir='ltr'>ut</span> <span class='ocrx_word' id='word_1_603' title='bbox 2129 1832 2226 1866; x_wconf 79' lang='lat' dir='ltr'>idola</span> 
     </span>
     <span class='ocr_line' id='line_1_86' title="bbox 1233 1882 2227 1929; baseline -0.003 -9"><span class='ocrx_word' id='word_1_604' title='bbox 1233 1885 1426 1925; x_wconf 77' lang='lat' dir='ltr'>stabiliant,</span> <span class='ocrx_word' id='word_1_605' title='bbox 1444 1885 1630 1919; x_wconf 86' lang='lat' dir='ltr'>artificiose</span> <span class='ocrx_word' id='word_1_606' title='bbox 1643 1897 1681 1919; x_wconf 84' lang='lat' dir='ltr'>ea</span> <span class='ocrx_word' id='word_1_607' title='bbox 1698 1885 1786 1919; x_wconf 83' lang='lat' dir='ltr'>fucis</span> <span class='ocrx_word' id='word_1_608' title='bbox 1800 1885 1961 1929; x_wconf 84' lang='lat' dir='ltr'>pingunt.</span> <span class='ocrx_word' id='word_1_609' title='bbox 1990 1882 2112 1924; x_wconf 84' lang='lat' dir='ltr'>Multi,</span> <span class='ocrx_word' id='word_1_610' title='bbox 2129 1890 2227 1927; x_wconf 82' lang='lat' dir='ltr'>post-</span> 
     </span>
     <span class='ocr_line' id='line_1_87' title="bbox 1234 1934 2225 1982; baseline -0.002 -12"><span class='ocrx_word' id='word_1_611' title='bbox 1234 1949 1339 1982; x_wconf 87' lang='lat' dir='ltr'>quam</span> <span class='ocrx_word' id='word_1_612' title='bbox 1358 1937 1479 1970; x_wconf 85' lang='lat' dir='ltr'>vident</span> <span class='ocrx_word' id='word_1_613' title='bbox 1494 1936 1610 1970; x_wconf 91' lang='lat' dir='ltr'>ocium</span> <span class='ocrx_word' id='word_1_614' title='bbox 1627 1948 1730 1970; x_wconf 91' lang='lat' dir='ltr'>suum</span> <span class='ocrx_word' id='word_1_615' title='bbox 1746 1934 1994 1974; x_wconf 87' lang='lat' dir='ltr'>interturbari,</span> <span class='ocrx_word' id='word_1_616' title='bbox 2020 1946 2225 1980; x_wconf 82' lang='lat' dir='ltr'>quanquam</span> 
     </span>
     <span class='ocr_line' id='line_1_88' title="bbox 1235 1984 2226 2032; baseline -0.002 -12"><span class='ocrx_word' id='word_1_617' title='bbox 1235 1995 1335 2021; x_wconf 87' lang='lat' dir='ltr'>antea</span> <span class='ocrx_word' id='word_1_618' title='bbox 1365 1987 1430 2020; x_wconf 80' lang='lat' dir='ltr'>visi</span> <span class='ocrx_word' id='word_1_619' title='bbox 1461 1995 1543 2022; x_wconf 90' lang='lat' dir='ltr'>sunt</span> <span class='ocrx_word' id='word_1_620' title='bbox 1569 1987 1718 2032; x_wconf 87' lang='lat' dir='ltr'>probare</span> <span class='ocrx_word' id='word_1_621' title='bbox 1744 1998 1845 2020; x_wconf 83' lang='lat' dir='ltr'>veras</span> <span class='ocrx_word' id='word_1_622' title='bbox 1865 1984 2076 2026; x_wconf 85' lang='lat' dir='ltr'>sententias,</span> <span class='ocrx_word' id='word_1_623' title='bbox 2109 1991 2226 2018; x_wconf 86' lang='lat' dir='ltr'>tamen</span> 
     </span>
     <span class='ocr_line' id='line_1_89' title="bbox 1236 2035 2227 2079; baseline -0.004 -7"><span class='ocrx_word' id='word_1_624' title='bbox 1236 2051 1330 2072; x_wconf 86' lang='lat' dir='ltr'>nunc</span> <span class='ocrx_word' id='word_1_625' title='bbox 1346 2050 1381 2071; x_wconf 90' lang='lat' dir='ltr'>se</span> <span class='ocrx_word' id='word_1_626' title='bbox 1400 2045 1580 2079; x_wconf 86' lang='lat' dir='ltr'>retexunt,</span> <span class='ocrx_word' id='word_1_627' title='bbox 1607 2038 1775 2072; x_wconf 89' lang='lat' dir='ltr'>simulant</span> <span class='ocrx_word' id='word_1_628' title='bbox 1790 2037 1946 2071; x_wconf 91' lang='lat' dir='ltr'>studium</span> <span class='ocrx_word' id='word_1_629' title='bbox 1963 2035 2227 2075; x_wconf 80' lang='lat' dir='ltr'>moderationis,</span> 
     </span>
     <span class='ocr_line' id='line_1_90' title="bbox 1237 2086 2228 2134; baseline -0.004 -11"><span class='ocrx_word' id='word_1_630' title='bbox 1237 2090 1361 2123; x_wconf 76' lang='lat' dir='ltr'>iubent</span> <span class='ocrx_word' id='word_1_631' title='bbox 1393 2089 1487 2133; x_wconf 87' lang='lat' dir='ltr'>pacis</span> <span class='ocrx_word' id='word_1_632' title='bbox 1518 2101 1619 2123; x_wconf 87' lang='lat' dir='ltr'>causa</span> <span class='ocrx_word' id='word_1_633' title='bbox 1651 2089 1771 2132; x_wconf 83' lang='lat' dir='ltr'>largiri</span> <span class='ocrx_word' id='word_1_634' title='bbox 1804 2088 1975 2134; x_wconf 86' lang='lat' dir='ltr'>quaedam</span> <span class='ocrx_word' id='word_1_635' title='bbox 2007 2086 2228 2128; x_wconf 79' lang='lat' dir='ltr'>adversariis,</span> 
     </span>
     <span class='ocr_line' id='line_1_91' title="bbox 1236 2138 2228 2183; baseline -0.003 -9"><span class='ocrx_word' id='word_1_636' title='bbox 1236 2141 1373 2183; x_wconf 71' lang='lat' dir='ltr'>fingunt</span> <span class='ocrx_word' id='word_1_637' title='bbox 1398 2147 1511 2174; x_wconf 82' lang='lat' dir='ltr'>astute</span> <span class='ocrx_word' id='word_1_638' title='bbox 1533 2140 1798 2174; x_wconf 88' lang='lat' dir='ltr'>conciliationes</span> <span class='ocrx_word' id='word_1_639' title='bbox 1812 2138 2013 2181; x_wconf 75' lang='lat' dir='ltr'>ambiguas,</span> <span class='ocrx_word' id='word_1_640' title='bbox 2039 2149 2128 2183; x_wconf 87' lang='lat' dir='ltr'>quae</span> <span class='ocrx_word' id='word_1_641' title='bbox 2148 2144 2228 2171; x_wconf 87' lang='lat' dir='ltr'>tan-</span> 
     </span>
     <span class='ocr_line' id='line_1_92' title="bbox 1236 2189 2227 2237; baseline -0.002 -13"><span class='ocrx_word' id='word_1_642' title='bbox 1236 2204 1342 2237; x_wconf 80' lang='lat' dir='ltr'>quam</span> <span class='ocrx_word' id='word_1_643' title='bbox 1358 2189 1538 2230; x_wconf 71' lang='lat' dir='ltr'>cothurni,</span> <span class='ocrx_word' id='word_1_644' title='bbox 1560 2191 1701 2237; x_wconf 86' lang='lat' dir='ltr'>utrique</span> <span class='ocrx_word' id='word_1_645' title='bbox 1715 2190 1804 2235; x_wconf 89' lang='lat' dir='ltr'>parti</span> <span class='ocrx_word' id='word_1_646' title='bbox 1821 2190 2009 2223; x_wconf 76' lang='lat' dir='ltr'>videantur</span> <span class='ocrx_word' id='word_1_647' title='bbox 2023 2200 2227 2232; x_wconf 81' lang='lat' dir='ltr'>congruere.</span> 
     </span>
     <span class='ocr_line' id='line_1_93' title="bbox 1237 2239 2228 2288; baseline -0.004 -12"><span class='ocrx_word' id='word_1_648' title='bbox 1237 2244 1288 2278; x_wconf 78' lang='lat' dir='ltr'>Ac</span> <span class='ocrx_word' id='word_1_649' title='bbox 1319 2250 1355 2276; x_wconf 88' lang='lat' dir='ltr'>ut</span> <span class='ocrx_word' id='word_1_650' title='bbox 1377 2242 1443 2276; x_wconf 84' lang='lat' dir='ltr'>fuit</span> <span class='ocrx_word' id='word_1_651' title='bbox 1466 2243 1639 2288; x_wconf 87' lang='lat' dir='ltr'>quispiam</span> <span class='ocrx_word' id='word_1_652' title='bbox 1663 2241 1808 2275; x_wconf 88' lang='lat' dir='ltr'>nomine</span> <span class='ocrx_word' id='word_1_653' title='bbox 1832 2239 2028 2280; x_wconf 82' lang='lat' dir='ltr'>Ecebolus,</span> <span class='ocrx_word' id='word_1_654' title='bbox 2062 2239 2122 2285; x_wconf 88' lang='lat' dir='ltr'>qui</span> <span class='ocrx_word' id='word_1_655' title='bbox 2146 2251 2228 2273; x_wconf 89' lang='lat' dir='ltr'>cum</span> 
     </span>
     <span class='ocr_line' id='line_1_94' title="bbox 1237 2290 2229 2335; baseline -0.004 -8"><span class='ocrx_word' id='word_1_656' title='bbox 1237 2301 1323 2327; x_wconf 78' lang='lat' dir='ltr'>esset</span> <span class='ocrx_word' id='word_1_657' title='bbox 1348 2291 1539 2333; x_wconf 77' lang='lat' dir='ltr'>Etlinicus,</span> <span class='ocrx_word' id='word_1_658' title='bbox 1572 2300 1666 2326; x_wconf 85' lang='lat' dir='ltr'>metu</span> <span class='ocrx_word' id='word_1_659' title='bbox 1690 2291 1890 2326; x_wconf 88' lang='lat' dir='ltr'>Constantii</span> <span class='ocrx_word' id='word_1_660' title='bbox 1917 2290 2139 2335; x_wconf 79' lang='lat' dir='ltr'>imperatoris</span> <span class='ocrx_word' id='word_1_661' title='bbox 2163 2292 2229 2324; x_wconf 75' lang='lat' dir='ltr'>ad·</span> 
     </span>
     <span class='ocr_line' id='line_1_95' title="bbox 1239 2342 2227 2387; baseline -0.002 -10"><span class='ocrx_word' id='word_1_662' title='bbox 1239 2345 1351 2378; x_wconf 75' lang='lat' dir='ltr'>iunxit</span> <span class='ocrx_word' id='word_1_663' title='bbox 1373 2357 1410 2378; x_wconf 90' lang='lat' dir='ltr'>se</span> <span class='ocrx_word' id='word_1_664' title='bbox 1426 2342 1656 2387; x_wconf 78' lang='lat' dir='ltr'>Christianis,</span> <span class='ocrx_word' id='word_1_665' title='bbox 1684 2343 1812 2377; x_wconf 75' lang='lat' dir='ltr'>deinde</span> <span class='ocrx_word' id='word_1_666' title='bbox 1832 2342 1958 2376; x_wconf 85' lang='lat' dir='ltr'>luliani</span> <span class='ocrx_word' id='word_1_667' title='bbox 1976 2349 2132 2386; x_wconf 83' lang='lat' dir='ltr'>tempore</span> <span class='ocrx_word' id='word_1_668' title='bbox 2147 2351 2227 2375; x_wconf 81' lang='lat' dir='ltr'>rm·-</span> 
     </span>
     <span class='ocr_line' id='line_1_96' title="bbox 1238 2392 2227 2440; baseline -0.003 -12"><span class='ocrx_word' id='word_1_669' title='bbox 1238 2408 1294 2429; x_wconf 81' lang='lat' dir='ltr'>sus</span> <span class='ocrx_word' id='word_1_670' title='bbox 1325 2396 1441 2440; x_wconf 86' lang='lat' dir='ltr'>palam</span> <span class='ocrx_word' id='word_1_671' title='bbox 1475 2395 1541 2428; x_wconf 83' lang='lat' dir='ltr'>suit</span> <span class='ocrx_word' id='word_1_672' title='bbox 1568 2392 1677 2428; x_wconf 84' lang='lat' dir='ltr'>hostis</span> <span class='ocrx_word' id='word_1_673' title='bbox 1701 2392 2004 2428; x_wconf 79' lang='lat' dir='ltr'>Christianorum:</span> <span class='ocrx_word' id='word_1_674' title='bbox 2039 2405 2118 2426; x_wconf 89' lang='lat' dir='ltr'>cum</span> <span class='ocrx_word' id='word_1_675' title='bbox 2143 2404 2227 2425; x_wconf 76' lang='lat' dir='ltr'>vero</span> 
     </span>
     <span class='ocr_line' id='line_1_97' title="bbox 1239 2441 2226 2489; baseline -0.005 -9"><span class='ocrx_word' id='word_1_676' title='bbox 1239 2459 1359 2480; x_wconf 85' lang='lat' dir='ltr'>rursus</span> <span class='ocrx_word' id='word_1_677' title='bbox 1391 2445 1539 2489; x_wconf 72' lang='lat' dir='ltr'>imperio</span> <span class='ocrx_word' id='word_1_678' title='bbox 1566 2447 1697 2489; x_wconf 86' lang='lat' dir='ltr'>potitus</span> <span class='ocrx_word' id='word_1_679' title='bbox 1720 2453 1805 2479; x_wconf 74' lang='lat' dir='ltr'>osset</span> <span class='ocrx_word' id='word_1_680' title='bbox 1831 2446 2011 2489; x_wconf 75' lang='lat' dir='ltr'>princeps,</span> <span class='ocrx_word' id='word_1_681' title='bbox 2043 2441 2226 2477; x_wconf 78' lang='lat' dir='ltr'>Christum</span> 
     </span>
     <span class='ocr_line' id='line_1_98' title="bbox 1238 2491 2227 2539; baseline -0.004 -9"><span class='ocrx_word' id='word_1_682' title='bbox 1238 2509 1428 2539; x_wconf 66' lang='lat' dir='ltr'>agnoscens</span> <span class='ocrx_word' id='word_1_683' title='bbox 1441 2496 1725 2535; x_wconf 64' lang='lat' dir='ltr'>Valentinianus,</span> <span class='ocrx_word' id='word_1_684' title='bbox 1752 2496 1854 2529; x_wconf 82' lang='lat' dir='ltr'>rediit</span> <span class='ocrx_word' id='word_1_685' title='bbox 1874 2503 1904 2529; x_wconf 79' lang='lat' dir='ltr'>et</span> <span class='ocrx_word' id='word_1_686' title='bbox 1917 2493 2090 2528; x_wconf 83' lang='lat' dir='ltr'>Eccbolus</span> <span class='ocrx_word' id='word_1_687' title='bbox 2104 2494 2146 2526; x_wconf 81' lang='lat' dir='ltr'>ad</span> <span class='ocrx_word' id='word_1_688' title='bbox 2160 2491 2227 2527; x_wconf 81' lang='lat' dir='ltr'>Ec·</span> 
     </span>
     <span class='ocr_line' id='line_1_99' title="bbox 1238 2545 2228 2590; baseline -0.005 -8"><span class='ocrx_word' id='word_1_689' title='bbox 1238 2549 1394 2582; x_wconf 64' lang='lat' dir='ltr'>ctos-iam:</span> <span class='ocrx_word' id='word_1_690' title='bbox 1425 2548 1509 2582; x_wconf 84' lang='lat' dir='ltr'>tales</span> <span class='ocrx_word' id='word_1_691' title='bbox 1530 2546 1821 2581; x_wconf 65' lang='lat' dir='ltr'>(Ilianiaelcontes</span> <span class='ocrx_word' id='word_1_692' title='bbox 1843 2558 1937 2579; x_wconf 87' lang='lat' dir='ltr'>nunc</span> <span class='ocrx_word' id='word_1_693' title='bbox 1961 2556 2102 2590; x_wconf 85' lang='lat' dir='ltr'>quoque</span> <span class='ocrx_word' id='word_1_694' title='bbox 2124 2545 2228 2578; x_wconf 90' lang='lat' dir='ltr'>multi</span> 
     </span>
     <span class='ocr_line' id='line_1_100' title="bbox 1237 2594 2228 2644; baseline -0.003 -12"><span class='ocrx_word' id='word_1_695' title='bbox 1237 2607 1338 2638; x_wconf 78' lang='lat' dir='ltr'>suut,</span> <span class='ocrx_word' id='word_1_696' title='bbox 1373 2599 1432 2644; x_wconf 88' lang='lat' dir='ltr'>qui</span> <span class='ocrx_word' id='word_1_697' title='bbox 1456 2600 1609 2632; x_wconf 75' lang='lat' dir='ltr'>colorem</span> <span class='ocrx_word' id='word_1_698' title='bbox 1632 2599 1783 2632; x_wconf 87' lang='lat' dir='ltr'>subinde</span> <span class='ocrx_word' id='word_1_699' title='bbox 1803 2603 1951 2631; x_wconf 82' lang='lat' dir='ltr'>mutant.</span> <span class='ocrx_word' id='word_1_700' title='bbox 2007 2594 2088 2629; x_wconf 79' lang='lat' dir='ltr'>ldco</span> <span class='ocrx_word' id='word_1_701' title='bbox 2113 2596 2228 2629; x_wconf 78' lang='lat' dir='ltr'>bonae</span> 
     </span>
     <span class='ocr_line' id='line_1_101' title="bbox 1239 2646 2229 2688; baseline -0.002 -5"><span class='ocrx_word' id='word_1_702' title='bbox 1239 2658 1371 2684; x_wconf 66' lang='lat' dir='ltr'>mentes</span> <span class='ocrx_word' id='word_1_703' title='bbox 1396 2650 1529 2683; x_wconf 85' lang='lat' dir='ltr'>maiore</span> <span class='ocrx_word' id='word_1_704' title='bbox 1550 2663 1632 2683; x_wconf 87' lang='lat' dir='ltr'>cura</span> <span class='ocrx_word' id='word_1_705' title='bbox 1659 2650 1832 2683; x_wconf 86' lang='lat' dir='ltr'>instruant</span> <span class='ocrx_word' id='word_1_706' title='bbox 1858 2660 1892 2681; x_wconf 86' lang='lat' dir='ltr'>se</span> <span class='ocrx_word' id='word_1_707' title='bbox 1916 2646 2029 2680; x_wconf 81' lang='lat' dir='ltr'>solida</span> <span class='ocrx_word' id='word_1_708' title='bbox 2056 2646 2229 2688; x_wconf 77' lang='lat' dir='ltr'>doctrina,</span> 
     </span>
     <span class='ocr_line' id='line_1_102' title="bbox 1239 2700 1939 2743; baseline -0.001 -9"><span class='ocrx_word' id='word_1_709' title='bbox 1239 2715 1281 2734; x_wconf 79' lang='lat' dir='ltr'>nc</span> <span class='ocrx_word' id='word_1_710' title='bbox 1298 2700 1363 2735; x_wconf 63' lang='lat' dir='ltr'>Dei</span> <span class='ocrx_word' id='word_1_711' title='bbox 1383 2701 1512 2735; x_wconf 85' lang='lat' dir='ltr'>noticia</span> <span class='ocrx_word' id='word_1_712' title='bbox 1531 2701 1566 2734; x_wconf 87' lang='lat' dir='ltr'>iu</span> <span class='ocrx_word' id='word_1_713' title='bbox 1586 2701 1686 2734; x_wconf 73' lang='lat' dir='ltr'>terris</span> <span class='ocrx_word' id='word_1_714' title='bbox 1704 2700 1939 2743; x_wconf 75' lang='lat' dir='ltr'>extinguatur.</span> 
     </span>
    </p>
   </div>
   <div class='ocr_carea' id='block_1_7' title="bbox 2278 406 2338 2958">
    <p class='ocr_par' dir='ltr' id='par_1_8' title="bbox 2278 406 2338 2958">
     <span class='ocr_line' id='line_1_103' title="bbox 2278 406 2338 2958; baseline 0 0"><span class='ocrx_word' id='word_1_715' title='bbox 2278 406 2338 2958; x_wconf 95' lang='lat' dir='ltr'> </span> 
     </span>
    </p>
   </div>
  </div>
 </body>
</html>
