2338 2958
175 148 245 186 791

187 236 354 281 scriptum
372 247 459 274 esse,
488 239 521 266 et
537 236 654 276 postea
673 229 879 273 repetitum,
905 234 944 261 ut
967 226 1089 261 lectori
1106 238 1180 260 non

188 286 306 322 hebeti
330 284 532 320 discrimina
556 281 674 327 aliqua
697 280 735 313 in
755 279 981 314 audientibus
1006 278 1182 322 significa-

190 345 324 373 rentur.

292 395 363 429 Nec
379 390 467 426 mihi
487 391 665 436 displicet,
693 390 788 436 quod
806 389 916 435 aliqui
935 389 1002 423 tria
1025 395 1182 433 tempora

192 446 410 489 intelligunt,
439 450 574 477 coetum
595 448 756 475 vocatum
780 447 859 474 ante
881 440 1078 481 diluvium,
1105 450 1184 472 coe-

193 505 267 532 tum
283 502 443 529 vocatum
468 500 544 538 post
569 491 743 525 diluvium
762 503 873 536 usque
895 492 937 524 ad
958 490 1185 525 resurrectio-

194 561 273 581 nem
289 544 441 586 Christi,
468 551 502 578 et
518 544 646 577 deinde
669 549 824 583 coetum,
852 542 913 587 qui
936 548 1081 576 vocatur
1103 541 1185 573 inde

193 610 304 644 usque
318 597 362 630 ab
378 594 559 640 Apostolis
577 595 620 628 ad
638 594 742 627 finem
758 593 896 628 mundi.

290 656 359 691 Sed
377 667 455 689 cum
475 655 565 688 vires
582 653 785 698 praecipuas
802 653 839 685 in
857 659 982 686 natura
998 648 1186 684 hominum

196 708 401 747 considero,
427 705 604 750 aptissime
626 703 883 737 accommodari
907 703 949 735 ad
967 713 1023 735 eas
1041 699 1098 734 hic
1120 712 1188 734 nu-

195 770 313 792 merus
333 757 483 791 videtur.
535 754 607 789 Res
622 754 715 787 enim
735 754 772 786 in
797 760 988 797 conspectu
1016 759 1083 793 est,
1119 759 1189 785 tres

196 809 400 854 praecipuas
418 807 509 839 vires
528 804 721 848 Evangelio
740 804 778 837 in
795 816 853 837 eas
872 804 988 837 infuso
1008 801 1190 836 emendari

196 868 229 894 et
259 857 439 893 renovari:
474 853 716 903 ἡγεμονικὸν,
751 852 938 899 θυμικὸν,
973 852 1035 888 καὶ
1058 852 1191 887 ἐπιθυ-

196 908 362 956 μητικὸν.

301 967 354 1002 Ac
375 974 415 1002 ut
439 967 481 1000 de
507 964 656 1009 singulis
681 976 788 1009 pauca
813 964 946 1005 (licam,
973 964 1034 998 etsi
1060 962 1192 1007 glorio-

199 1032 276 1054 sum
294 1030 425 1052 nomen
441 1024 491 1051 est
505 1027 661 1050 summae
678 1015 806 1059 partis,
835 1027 924 1060 quae
940 1022 1087 1048 vocatur
1111 1011 1192 1061 ἡγε-

200 1068 370 1116 μονικὸν,
386 1076 504 1103 tamen
522 1068 557 1100 in
578 1079 616 1100 ea
635 1066 784 1099 multum
803 1073 854 1099 est
871 1065 1031 1109 caliginis
1046 1072 1078 1099 et
1089 1064 1195 1098 vitio-

200 1134 292 1161 rum,
320 1120 446 1153 retinet
463 1130 561 1151 mens
575 1118 680 1151 etiam
706 1117 743 1149 in
761 1114 825 1149 hac
841 1116 966 1150 vitiosa
985 1123 1109 1149 natura
1129 1127 1196 1147 no-

200 1173 319 1206 ticiam
346 1170 500 1215 aliquam
526 1169 629 1211 legis,
654 1174 693 1201 ut
711 1179 962 1207 numerorum,
988 1173 1047 1199 aut
1066 1166 1196 1209 figura-

202 1235 295 1257 rum.
348 1220 418 1254 Sed
449 1227 564 1253 tamen
598 1218 673 1251 sine
706 1216 903 1260 Evangelio
938 1218 982 1250 de
1018 1217 1091 1249 filio
1120 1215 1196 1254 Dei,

203 1284 349 1315 magnae
383 1271 546 1304 tenebrae
574 1275 657 1302 sunt
684 1267 721 1300 in
751 1274 877 1301 mente.
936 1265 1011 1300 Alii
1041 1268 1198 1300 furenter

203 1329 334 1366 negant
350 1333 422 1355 esse
435 1321 564 1360 Deum,
585 1320 714 1352 tollunt
731 1318 1002 1362 providentiam,
1025 1325 1056 1351 et
1072 1316 1198 1350 discri-

203 1386 285 1408 men
309 1379 402 1406 recte
426 1379 458 1405 et
475 1382 573 1404 secus
597 1370 787 1403 factorum:
815 1368 876 1401 alii
895 1368 930 1401 in
951 1375 1117 1412 perpetua
1133 1368 1199 1400 du-

205 1424 377 1459 bitatione
395 1428 549 1456 manent.
587 1419 662 1454 Alii
681 1420 809 1453 ludunt
825 1420 998 1463 fingendis
1015 1419 1116 1452 novis
1131 1430 1200 1451 nu-

206 1475 364 1509 minibus
382 1473 540 1506 infinitis.
593 1470 715 1517 Neque
733 1467 768 1503 hi
789 1482 924 1504 errores
945 1477 1080 1504 tantum
1104 1480 1200 1512 gras-

207 1527 375 1560 sabantur
400 1524 492 1557 inter
518 1519 703 1556 Ethnicos.
763 1520 833 1556 Sed
861 1520 1023 1554 omnium
1048 1527 1199 1554 aetatum

207 1585 312 1622 atque
335 1573 520 1608 hominum
548 1573 623 1606 sine
651 1573 728 1606 luce
751 1570 937 1615 Evangelii
963 1572 1094 1605 similes
1119 1576 1202 1603 sunt

209 1638 347 1662 errores
363 1627 405 1658 de
423 1625 517 1664 Deo,
541 1630 573 1657 et
589 1624 631 1656 de
650 1622 885 1656 invocatione.
945 1620 989 1655 Et
1009 1621 1201 1655 multitudo

209 1689 346 1721 semper
362 1677 453 1709 favet
470 1675 512 1707 iis
525 1673 774 1717 opinionibus,
801 1673 930 1718 quibus
946 1672 1117 1706 innutrita
1135 1677 1204 1712 est,

210 1737 249 1763 ut
266 1728 412 1761 dicitur:
439 1727 515 1760 πᾶν
536 1722 578 1759 τὸ
605 1722 819 1770 σύντροφον
842 1720 974 1770 γλυκὺ.

311 1786 382 1820 Nec
398 1797 477 1818 raro
495 1790 610 1828 peccat
628 1780 850 1830 ἡγεμονικὸν
867 1781 980 1826 specie
998 1780 1203 1825 sapientiae:

211 1845 251 1873 ut
271 1850 349 1871 cum
373 1835 506 1880 politici
532 1835 785 1878 gubernatores
807 1838 1039 1876 attemperant
1061 1831 1205 1874 religio-

213 1901 274 1922 nes
293 1889 334 1921 ad
355 1886 518 1931 imperia,
546 1891 579 1918 et
597 1884 690 1929 pacis
706 1896 807 1918 causa
823 1884 941 1917 laxant
959 1884 1138 1926 dogmata:
1166 1888 1205 1915 ut

215 1941 249 1973 in
269 1939 414 1985 Synodo
430 1936 616 1982 Syrmiana
634 1935 823 1969 tollebatur
838 1931 1040 1978 ὁμοούσιον
1057 1945 1095 1967 ex
1111 1944 1205 1978 sym-

214 1992 319 2030 bolo,
352 1996 382 2022 et
406 1988 626 2021 inserebatur
646 1984 787 2031 ὅμυιον,
825 1993 864 2019 ut
889 1985 1089 2030 symbolum
1114 1984 1205 2017 utri·

214 2054 280 2086 que
296 2040 405 2085 parti,
431 2039 526 2071 velut
542 2035 737 2071 cothurnus
753 2036 896 2082 utrique
918 2036 997 2080 pedi
1016 2034 1206 2068 convenire

214 2093 406 2125 videretur.

315 2149 453 2183 Deinde
470 2148 505 2180 in
524 2147 678 2180 secundo
695 2152 727 2179 et
743 2144 847 2179 tertio
864 2145 974 2188 gradu
991 2143 1121 2177 virium
1140 2140 1206 2176 ho-

216 2201 321 2234 minis
347 2207 476 2245 quanta
507 2206 589 2232 sunt
620 2197 781 2231 incendia
813 2208 999 2240 pravarum
1032 2195 1206 2239 cupidita-

216 2259 300 2291 tum,
329 2251 549 2289 ambitioneS,
576 2248 840 2287 aemulationes,
867 2247 964 2283 odia,
991 2245 1206 2279 malevolen-

218 2303 303 2342 tiae,
334 2302 473 2341 livores,
502 2299 676 2343 cupiditas
691 2298 877 2337 vindictae,
905 2297 1046 2330 dolores
1065 2303 1207 2341 propter

216 2353 408 2397 repulsam„
435 2351 600 2388 avaritia,
628 2349 822 2382 libidines?
874 2347 945 2381 Nec
968 2354 1016 2381 est
1041 2347 1112 2380 ulla
1136 2355 1204 2381 tam

216 2405 394 2436 moderata
414 2409 536 2435 natura
549 2429 557 2441 ,
585 2413 673 2446 quae
691 2412 762 2433 non
781 2399 908 2433 sentiat
932 2399 1067 2444 aliquas
1085 2410 1205 2432 erran—

216 2462 266 2488 tes
285 2454 502 2496 cupiditates

317 2510 405 2544 Cum
424 2519 537 2544 autem
555 2510 714 2543 doctrina
735 2507 918 2550 Evangelii
938 2507 1029 2540 velut
1054 2506 1204 2539 sermen-

216 2571 288 2597 tnm
307 2563 441 2595 viribus
459 2562 586 2594 nostris
606 2561 790 2601 miscetur,
816 2560 885 2593 iam
904 2558 1001 2604 quasi
1020 2558 1122 2590 flatus
1140 2569 1204 2589 no-
1228 2574 1229 2578 =

215 2615 248 2646 vi
269 2614 368 2647 fiunt.

676 140 838 179 DECL.
889 140 963 176 DE
999 138 1217 176 TRIBUS
1254 134 1518 173 FARINAE
1552 134 1738 175 SATIS.

1229 230 1345 257 motus
1372 223 1531 256 cordium
1566 222 1756 257 convenire
1789 231 1963 268 oportere.
2023 222 2106 258 Non
2131 224 2226 260 ludit

1229 274 1460 318 opinionibus
1477 275 1520 307 de
1535 272 1611 307 Deo
1623 301 1632 315 ,
1659 280 1698 308 ut
1714 271 1942 319 Philosophi,
1969 282 2027 309 aut
2046 275 2226 309 idolorum

1231 325 1376 370 plastae:
1413 336 1486 358 non
1508 324 1655 359 inflectit
1676 325 1876 358 doctrinam
1899 326 1940 359 ad
1963 326 2124 371 politicas
2148 325 2227 370 opi-

1231 376 1374 417 niones,
1399 377 1459 409 sed
1478 382 1679 409 reverenter
1696 375 1884 421 acquiescit
1899 375 1936 408 in
1954 388 2037 410 voce
2055 377 2227 422 patefacta

1232 439 1251 460 a
1267 426 1354 462 Deo.

1335 484 1474 519 Deinde
1502 492 1535 519 et
1568 485 1606 518 in
1632 485 1738 519 corde
1769 486 1806 519 fit
1833 484 1932 531 quasi
1955 496 2078 519 succus
2101 497 2229 527 novus,

1235 536 1376 570 dilectio
1411 534 1497 575 Dei,
1536 536 1694 570 studium
1731 537 1952 582 quaerendae
1984 536 2160 578 veritatis,
2197 544 2231 571 et

1234 589 1386 621 tuendae
1416 587 1682 632 tranquillitatis
1712 587 1749 620 in
1772 585 1951 628 Ecclesia,
1984 586 2231 621 benevolentia

1236 649 1316 682 erga
1354 650 1496 677 omnes,
1539 637 1710 671 modestia
1754 637 1950 682 reprimens
1990 637 2233 678 ambitionem,

1237 689 1472 722 mansuetudo
1514 689 1721 723 condonans
1761 689 1944 723 communi
1983 687 2233 734 tranquillitati

1239 751 1399 774 iniuriaS.

1340 796 1420 831 Sint
1439 796 1546 839 igitur
1559 793 1665 838 haec,
1687 804 1725 831 ut
1740 797 1873 831 dictum
1891 804 1953 836 est,
1977 797 2044 832 tria
2061 804 2133 831 sata
2149 794 2235 845 ἡγε-

1238 846 1415 894 μονικὸν,
1443 845 1631 891 θυμικὸν,
1660 855 1694 882 et
1719 846 2009 894 ἐπιθυμητικὸν,
2037 860 2099 882 seu
2123 859 2235 887 mens,

1240 900 1422 937 voluntas,
1451 905 1483 932 et
1507 910 1567 931 cor
1592 899 1629 931 in
1654 896 1816 940 homine,
1849 900 1978 945 quibus
2003 899 2142 933 misceri
2166 899 2236 932 ser-

1240 957 1418 988 mentum,
1447 949 1482 982 id
1507 956 1558 983 est
1583 948 1840 993 Evangelium‚
1865 957 2021 995 oportet,
2047 957 2088 985 ut
2110 949 2237 984 melior

1241 1012 1364 1035 succus
1380 1000 1417 1032 in
1436 1000 1540 1033 nobis
1559 1000 1630 1035 fiat.

1344 1057 1426 1101 Quo
1441 1065 1557 1092 autem
1576 1059 1683 1092 modo
1698 1058 1756 1093 fiat
1770 1056 1855 1093 haec
1871 1059 2065 1099 conversio,
2083 1070 2124 1092 ex
2140 1069 2239 1092 com-

1243 1109 1342 1143 muni
1360 1109 1520 1142 doctrina
1537 1110 1580 1142 de
1596 1110 1814 1153 poenitentia
1831 1110 1937 1145 scitis.
1972 1108 2061 1144 Cum
2078 1109 2240 1142 doctrina

1242 1160 1357 1204 arguit
1374 1167 1530 1204 peccata,
1558 1161 1663 1193 corda
1683 1167 1934 1205 expavescunt,
1957 1160 2006 1194 ita
2024 1160 2120 1195 velut
2136 1159 2240 1194 acido

1244 1218 1276 1245 et
1294 1211 1386 1243 salso
1406 1221 1530 1253 sapore
1549 1212 1737 1245 roduntur.

1345 1267 1484 1302 Deinde
1508 1280 1587 1301 cum
1612 1269 1744 1302 accedit
1769 1267 1983 1309 consolatio,
2014 1269 2133 1303 audita
2156 1280 2240 1313 pro-

1245 1319 1425 1359 missione,
1444 1319 1605 1352 redditur
1614 1319 1684 1352 vita
1701 1326 1733 1353 et
1751 1319 1898 1359 laeticia,
1914 1317 2012 1364 quasi
2028 1332 2121 1353 novo
2137 1331 2240 1353 succo

1247 1371 1375 1404 infuso.
1416 1369 1538 1415 Neque
1556 1367 1640 1402 haec
1655 1370 1773 1403 subito
1792 1371 2034 1414 perficiuntur,
2061 1371 2119 1403 sed
2137 1369 2241 1413 longa

1246 1429 1280 1456 et
1304 1421 1441 1455 assidua
1466 1421 1623 1453 subactio
1650 1428 1683 1454 et
1707 1421 1832 1454 assatio
1857 1421 1930 1454 fiat:
1959 1427 1991 1454 et
2010 1421 2104 1466 quod
2124 1420 2242 1454 verbis

1249 1471 1396 1506 Ebraeis
1409 1472 1445 1504 in
1456 1469 1587 1504 Genesi
1606 1471 1735 1505 diserte
1752 1471 1985 1515 significatum
2004 1479 2066 1513 est,
2085 1471 2242 1506 studiose

1249 1524 1414 1567 legenda,
1451 1522 1647 1563 audienda,
1682 1522 1883 1556 meditanda
1906 1529 1956 1556 est
1980 1523 2140 1556 doctrina
2163 1533 2242 1557 coe--

1249 1574 1361 1614 lestis,
1389 1580 1423 1607 et
1448 1573 1483 1606 in
1503 1573 1722 1618 quotidianis
1745 1573 1895 1607 miseriis
1912 1574 1955 1606 ad
1982 1573 2243 1607 invocationem

1250 1631 1284 1657 et
1300 1635 1380 1657 vera
1397 1624 1558 1657 exercitia
1575 1625 1828 1659 transferenda.
1870 1622 1947 1658 Hoc
1963 1631 2013 1659 est
2027 1624 2141 1669 subigi
2158 1623 2243 1657 fari-

1250 1686 1353 1713 nam,
1384 1681 1418 1708 et
1440 1674 1546 1707 assari
1570 1674 1607 1707 in
1632 1674 1831 1714 cineribus,
1857 1674 1893 1707 id
1917 1682 1985 1714 est,
2013 1675 2106 1708 inter
2129 1674 2245 1707 varias

1250 1736 1452 1758 aerumnas:
1481 1725 1612 1770 quibus
1628 1725 1914 1763 commonefacti,
1941 1737 2169 1768 agnoscamus
2189 1725 2245 1758 iu-

1251 1782 1338 1809 stam
1353 1782 1383 1808 et
1402 1787 1565 1818 magnam
1582 1787 1654 1808 esse
1680 1775 1766 1808 iram
1786 1774 1850 1808 Dei
1867 1776 2034 1809 adversus
2052 1781 2189 1819 peccata
2207 1775 2244 1809 in

1252 1833 1327 1860 toto
1352 1837 1478 1870 genere
1503 1823 1678 1865 humano,
1705 1833 1740 1860 et
1755 1826 1850 1860 velut
1870 1827 1906 1859 in
1925 1825 2104 1859 cineribus
2117 1825 2244 1860 abiecti

1253 1884 1285 1911 et
1309 1877 1506 1917 summissi,
1532 1877 1757 1921 deploremus
1781 1884 1899 1910 nostra
1924 1877 2069 1918 delicta,
2093 1883 2126 1911 et
2148 1883 2247 1922 peta·

1253 1940 1331 1961 mus
1356 1939 1421 1961 nos
1446 1927 1577 1961 servari
1606 1934 1749 1972 propter
1777 1928 2018 1963 mediatorem.
2076 1927 2178 1962 Sicut
2208 1927 2246 1960 in

1253 1979 1430 2012 cineribus
1447 1979 1605 2012 iacebant
1621 1979 1738 2012 exules
1757 1977 1919 2011 leremias
1936 1985 1968 2012 et
1984 1978 2044 2011 alii
2057 2006 2065 2018 ,
2092 1991 2172 2013 eum
2190 1977 2247 2012 in-

1254 2041 1354 2063 censa
1372 2029 1484 2072 patria
1496 2056 1504 2068 ‚
1531 2036 1602 2062 tota
1620 2041 1703 2071 gens
1720 2029 1967 2063 miserabiliter
1982 2029 2225 2073 dissiparetur.

1355 2085 1452 2120 Ilaec
1485 2087 1682 2120 admonitio
1710 2088 1754 2121 de
1789 2087 1993 2121 assiduitate
2020 2087 2248 2128 subactionis,

1255 2139 1422 2172 accendat
1448 2137 1483 2170 in
1510 2139 1613 2171 nobis
1634 2138 1853 2181 diligentiam
1877 2145 1910 2172 et
1934 2150 2053 2171 curam
2074 2139 2248 2180 discendi,

1255 2190 1404 2223 sciamus
1426 2201 1497 2222 non
1521 2189 1638 2222 subito
1656 2201 1773 2222 rerum
1799 2190 2031 2222 maximarum
2048 2189 2246 2223 doctrinam

1256 2247 1363 2274 totam
1381 2240 1500 2284 arripi.
1543 2239 1613 2273 Nec
1628 2247 1765 2273 sumant
1785 2240 1851 2273 sibi
1875 2247 2079 2285 potestatem
2099 2241 2246 2284 dogma-

1256 2298 1308 2325 tae
1324 2291 1500 2324 condendi
1520 2290 1556 2323 in
1576 2289 1727 2324 Ecclesia
1747 2289 1824 2330 Dei,
1851 2288 2013 2325 homines
2029 2290 2158 2333 ociosi,
2184 2291 2247 2338 qui

1255 2350 1436 2387 utcunque
1454 2341 1568 2374 obiter
1593 2342 1821 2385 degustarunt
1848 2342 2058 2376 doctrinam.

1355 2399 1399 2434 Et
1418 2399 1585 2445 quoniam
1606 2399 1720 2442 imago
1735 2412 1863 2444 panum
1882 2400 2067 2444 praecipue
2084 2400 2126 2433 ad
2144 2396 2245 2433 scho-

1256 2451 1394 2485 lasticos
1413 2451 1580 2495 pertinet,
1609 2451 1777 2484 vocabula
1800 2451 1903 2484 etiam
1923 2451 2246 2495 interpretabimur,

1255 2503 1338 2548 quid
1357 2501 1531 2535 voraverit
1555 2502 1744 2547 antiquitas
1767 2513 1873 2546 panes
1891 2502 1926 2535 in
1953 2501 2130 2535 cineribus
2152 2512 2245 2534 assa-

1255 2561 1317 2587 tos.
1375 2553 1549 2587 Dill‘erunt
1574 2565 1679 2596 panes
1702 2553 1865 2590 materia,
1893 2553 2062 2585 differunt
2089 2559 2119 2585 et
2138 2553 2244 2585 modo

424 2612 526 2645 Mons
549 2612 670 2655 int-ipit
694 2619 784 2645 recte
806 2622 990 2653 agnoscere
1009 2607 1142 2647 Deum,
1170 2613 1203 2641 et
1253 2603 1452 2638 assationis:
1480 2615 1518 2636 ac
1538 2603 1644 2636 nimis
1668 2603 1810 2645 longum
1832 2611 1916 2637 esset
1934 2602 2052 2634 omnia
2071 2603 2245 2649 persequi.

214 2665 332 2699 statuit
359 2676 494 2697 summa
520 2662 712 2695 reverentia
743 2662 954 2695 audiendam
987 2671 1058 2693 esse
1082 2670 1201 2692 vocem
1227 2648 1229 2660 Ι
1253 2655 1408 2689 Tantum
1426 2652 1491 2687 hoc
1508 2655 1649 2687 addam:
1680 2653 1751 2688 Atii
1770 2665 1875 2698 panes
1890 2651 2115 2697 κλιβανίται,
2133 2653 2167 2687 id
2185 2660 2246 2694 est,

213 2716 294 2754 Dei,
323 2717 363 2749 ad
392 2713 480 2748 lunc
509 2726 667 2746 normam
693 2712 821 2746 iudicia
846 2712 988 2750 omnia,
1022 2718 1053 2744 ct
1081 2720 1202 2743 omnes

1224 2684 1229 2747 l
1251 2706 1400 2740 furnarii
1426 2705 1510 2738 dicti
1539 2713 1618 2739 sunt
1633 2731 1641 2745 ,

1675 2712 1795 2739 nostro
1819 2716 1916 2738 more
1943 2705 1978 2738 in
2003 2705 2117 2738 furnis
2138 2704 2244 2738 assati

2318 214 2322 312 l

2145 110 2222 175 Μ
2315 0 2338 171 Ι’

2293 635 2300 642 ι
2283 548 2307 594 ’,ζ
