2338 2958
205 118 275 153 931

207 203 397 238 domestica
424 204 579 247 exempla
605 201 860 246 σιῃιιπαθείτις,
903 205 1055 240 illustria
1086 204 1197 240 habe-

206 267 284 287 mus
314 254 352 286 in
387 266 530 298 corpore
560 252 737 295 humano,
779 255 816 287 in
845 259 983 303 στοργῇ
1010 264 1194 301 parentum

208 316 287 348 erga
310 305 487 347 sobolem,
521 310 554 337 et
576 316 654 347 erga
681 312 856 348 cognatos.
919 308 1036 350 Quam
1063 308 1197 341 miran-

209 357 293 389 dum
319 356 442 387 foedus
468 360 517 386 est
542 355 700 387 omnium
730 356 822 389 iuter
845 369 916 390 sese
940 359 1198 402 membrorum,

209 406 351 449 capitis,
381 404 515 443 cordis,
540 404 682 444 ventris,
710 407 828 450 epatis,
856 414 889 441 et
905 408 1080 442 aliorum?
1107 421 1125 443 a
1142 421 1198 443 ca—

211 457 282 500 pite
300 455 417 494 nervi,
446 467 464 487 a
484 456 588 488 corde
606 456 753 490 arteriae
777 465 810 491 et
836 458 978 502 spiritus
1001 459 1038 493 in
1063 467 1197 494 caetera

211 505 365 538 membra
386 513 641 549 propagantur,
665 519 682 540 a
701 508 897 543 ventriculo
920 516 953 543 et
974 518 1073 554 epate
1098 523 1199 555 prae-

210 562 355 600 paratur
374 556 648 598 nutrimentum,
677 565 708 591 et
723 559 841 592 omnia
858 560 978 593 multis
997 561 1147 595 vinculis
1166 569 1200 595 et

211 606 335 639 officiis
360 618 517 641 connexa
545 615 637 643 sunt.
690 607 827 643 Deinde
853 618 936 644 sunt
960 608 1199 646 ἀντιπάθειαι

210 657 377 689 mirificae
395 659 469 690 usus
489 655 698 702 δυναμίων.
727 660 793 693 alia
818 659 963 695 attrahit
986 663 1201 695 convenien-

213 707 278 747 tia,
315 707 381 740 alia
417 709 558 752 expellit
589 710 730 743 inutilia
760 718 792 744 et
819 713 1050 745 adversantia.
1084 713 1121 745 in
1146 711 1202 746 his

213 757 380 790 omnibus
405 760 512 799 ordo,
546 760 606 803 qui
633 761 787 793 ostendit
817 762 1024 805 sapientiam
1056 764 1202 807 opificis,

213 808 453 842 testimonium
473 816 521 842 est
541 811 582 842 de
602 809 688 845 Deo.
742 810 930 856 Copulatio
948 826 1031 847 vero
1048 826 1120 846 non
1146 826 1203 847 so-

213 859 286 891 lum
312 855 379 892 hoc
404 867 542 900 monet,
575 868 613 894 ut
636 862 803 895 omnibus
825 863 948 897 officiis
970 865 1203 898 consociatio—

213 921 293 941 nem
327 909 391 952 ipsi
422 916 600 944 tueamur:
636 913 695 944 sed
719 913 822 945 etiam
849 921 887 947 ut
912 915 1062 948 sciamus
1087 915 1200 950 Deum

214 966 372 993 autorem
399 960 522 993 talium
547 962 799 1004 cogitationum
825 971 859 998 et
883 965 1082 1007 foederum,
1114 966 1204 999 velle

213 1010 396 1043 nobiscum
413 1011 517 1044 etiam
533 1013 735 1056 copulatum
756 1026 837 1047 esse.
901 1015 1007 1059 Quod
1030 1023 1068 1049 ut
1094 1017 1205 1060 magis

214 1061 370 1104 conspici
397 1069 529 1104 posset,
565 1063 734 1097 immensa
755 1065 912 1100 bonitate
933 1067 1075 1099 divinae
1100 1074 1206 1101 natu-

213 1123 272 1144 rae
288 1111 445 1154 copulata
463 1119 510 1146 est
529 1111 681 1148 humana
706 1115 743 1147 in
770 1116 853 1151 filio.
908 1116 1119 1160 Magnitudo
1136 1116 1205 1151 hu-

213 1162 268 1195 ius
288 1168 404 1196 tantae
429 1163 478 1195 rei
504 1165 654 1208 perspici
674 1166 718 1199 ab
743 1163 906 1201 humanis
929 1169 1107 1202 mentibus
1131 1181 1205 1202 non

212 1219 338 1257 potest.

315 1288 385 1323 Sed
413 1301 568 1331 causam,
617 1303 678 1324 eur
713 1289 796 1326 haec
830 1293 992 1327 miranda
1027 1294 1204 1339 copulatio

214 1340 304 1372 facta
323 1340 385 1380 sit,
412 1338 502 1373 hanc
519 1353 590 1374 esse
607 1349 740 1376 certum
761 1350 829 1383 est,
855 1351 893 1378 ut
915 1357 995 1378 vere
1012 1352 1205 1379 statuamus

213 1402 322 1433 genus
338 1388 532 1423 humanum
544 1390 618 1425 Deo
635 1405 737 1427 curae
755 1406 846 1436 esse,
873 1408 950 1429 cum
969 1403 1124 1430 nostram
1142 1408 1205 1430 na-

215 1448 349 1481 turam,
377 1441 496 1474 divina
522 1443 588 1475 sibi
613 1441 678 1477 hoc
705 1452 847 1479 aeterno
870 1447 1012 1480 foedere
1032 1447 1204 1481 adiunxe-

213 1492 270 1525 rit.
322 1491 448 1535 Diligit
465 1493 571 1535 igitur
587 1501 751 1538 cognatos
768 1495 868 1537 'vere,
895 1498 1057 1531 adficitur
1074 1498 1204 1531 nostris

213 1543 412 1583 aerumnis,
448 1556 511 1576 uos
538 1545 707 1587 gubernat
731 1554 762 1580 et
788 1548 957 1584 defendit.
1009 1547 1111 1582 Hanc
1137 1549 1203 1582 mi-

215 1595 360 1627 randam
377 1591 618 1637 συμπάθειαν
636 1597 697 1629 filii
716 1595 782 1630 Dei
799 1610 876 1631 cum
899 1610 1024 1642 genere
1046 1597 1201 1633 humano

215 1645 319 1677 etiam
337 1644 567 1686 considerate,
593 1647 729 1690 quoties
747 1656 952 1682 naturarum
971 1650 1200 1683 consociatio-

214 1707 295 1727 nem
324 1694 532 1735 intuemini,
566 1702 597 1729 et
623 1697 826 1731 divinorum
851 1712 997 1742 operum
1023 1711 1141 1733 causas
1164 1701 1200 1733 in

213 1745 392 1779 ruentibus
423 1745 610 1787 diligenter
642 1749 809 1792 quaerite.
871 1749 955 1784 Vult
985 1751 1078 1783 enim
1106 1749 1201 1784 Deus

214 1793 304 1829 hanc
319 1807 383 1829 nos
400 1796 606 1839 sapientiam
627 1797 663 1830 in
689 1795 752 1832 hac
776 1800 916 1833 mortali
941 1800 1011 1834 vita
1036 1802 1202 1842 exordiri,

213 1847 347 1880 tametsi
363 1846 452 1880 acies
468 1844 642 1881 humanae
658 1849 784 1883 mentis
799 1851 911 1884 multo
923 1850 1201 1892 imbecilliorem,

212 1909 316 1942 quam
336 1904 372 1930 111
392 1897 561 1940 fulgorem
581 1899 722 1933 divinae
739 1900 826 1933 lucis
842 1901 932 1934 ferre
949 1902 1069 1946 possit,
1092 1903 1199 1947 aspici

214 1949 286 1981 vult
314 1956 429 1981 tamen
454 1960 514 1981 sua
537 1950 702 1990 consilia,
729 1958 761 1984 et
786 1949 944 1985 inchoari
969 1950 1058 1986 hanc
1080 1953 1200 1996 cogni-

214 1999 362 2039 tionem,
399 2007 514 2041 postea
545 2000 580 2032 in
607 2001 703 2033 (unni
730 2002 934 2036 aeternitate
959 2003 1073 2037 studia
1097 2011 1200 2038 erunt

212 2050 359 2082 clariora
379 2057 406 2082 et
427 2050 595 2083 dulciora.
624 2052 750 2085 deinde
767 2053 1062 2087 consociationem
1083 2055 1119 2087 in
1139 2053 1201 2087 hac

211 2101 464 2133 ‹onsuetudiue
481 2099 684 2143 hominum,
713 2110 745 2137 et
764 2105 966 2147 praesertim
988 2103 1201 2147 inEcclesia,

211 2151 359 2183 fideliter
380 2152 560 2187 tueamini.

313 2225 365 2257 'l'e
393 2238 474 2258 vero
501 2227 547 2258 sili
574 2225 635 2259 D··i
668 2226 776 2261 tixu‘w
809 2229 942 2263 aeterni
977 2231 1102 2275 patris,
1139 2230 1200 2276 qui

212 2275 398 2309 humanam
425 2284 584 2310 naturam
611 2278 772 2318 induisti,
800 2288 944 2325 propter
965 2294 1080 2314 veram
1107 2293 1200 2325 συμ-

210 2326 371 2359 ,ιιὲ.’)1ιι(ιι’
393 2335 485 2360 tuam
511 2341 588 2369 erga
615 2341 724 2370 genus
749 2328 965 2373 lunnanum,
993 2333 1200 2365 ardentibus

211 2379 300 2409 xntis
327 2391 408 2415 11111,
449 2385 484 2410 111
513 2379 602 2412 inter
634 2393 696 2413 nos
730 2381 791 2413 11111
825 2390 1030 2426 perpetuum
1062 2394 1197 2417 coetum

761 116 922 156 DECL.
957 119 1033 155 DE
1066 119 1376 160 DOCTRINA
1411 123 1677 164 PHYSICA.

2158 131 2233 166 932

1250 209 1316 243 No.
1328 189 1422 246 '119.
2076 229 2125 252 an.
2144 219 2243 250 1550.

1468 312 1544 354 De
1578 313 1786 355 (lontrina
1821 316 2025 371 physica.

1321 400 1352 426 In
1371 400 1464 428 select.
1479 402 1629 428 Declamat.
1639 401 1672 429 T.
1687 403 1736 429 IV.
1754 412 1781 437 p.
1794 403 1844 429 253
1858 412 1932 438 sqq„
1951 404 2075 433 Richard.
2092 407 2124 433 T.
2135 407 2165 433 11.
2185 408 2245 440 p.8.

1355 435 1473 462 Servest.
1503 436 1538 463 T.
1553 435 1599 464 IV.
1626 444 1654 470 p.
1673 436 1733 462 230.
1757 441 1785 463 et.
1805 437 1833 463 in
1857 438 1891 464 T.
1915 438 1959 464 111.
1982 438 2090 468 Errord.
2113 441 2152 468 tit.
2166 442 2247 474 X,5.,

1355 469 1401 495 ubi
1414 470 1578 497 adscribitur
1592 479 1679 497 annus
1692 471 1768 497 1550.

1254 558 1381 593 Oratio
1400 556 1448 592 de
1467 536 1638 593 doctrina
1651 557 1830 604 physica,
1863 562 2030 594 recitata
2051 571 2075 595 α
2095 563 2245 598 Paulo

1474 608 1634 646 Ebero.
1686 612 1731 650 (d.
1749 613 1803 644 14.
1820 613 1905 653 Aug.
1921 613 2033 652 1550.)

1254 683 1400 724 Multae
1425 697 1508 724 sunt
1530 687 1798 724 honestissimae
1825 702 1970 733 causae,
1997 703 2060 725 cur
2082 689 2168 726 haee
2190 705 2247 727 re-

1257 739 1440 774 nunciatio
1470 741 1663 774 testimonii
1695 741 1836 785 publice
1868 742 1938 777 fiat.
2008 741 2080 776 Nee
2103 750 2185 778 sunt
2208 742 2247 777 hi

1257 802 1462 834 congressus
1480 797 1615 825 tantum
1636 789 1820 835 prophana
1836 793 2042 836 spectacula,
2065 794 2124 827 sed
2141 794 2248 829 simul

1257 841 1505 876 communibus
1519 841 1608 874 votis
1626 840 1700 875 Deo
1719 840 1912 876 Ecclesiam
1931 850 1964 877 et
1982 843 2097 877 studia
2115 845 2249 879 doctri-

1258 905 1341 932 nae,
1369 892 1562 925 necessaria
1572 890 1767 933 Ecclesiae,
1793 895 2041 927 commendare
2056 906 2121 928 nos
2137 896 2248 932 decet.

1257 942 1303 977 Et
1332 943 1501 977 usitatum
1528 950 1578 977 est
1605 943 1750 976 recitare
1780 940 1838 976 hie
1862 945 2248 988 commonefactionem‚

1258 994 1474 1027 discentibus
1498 993 1632 1029 utilem.
1692 993 1851 1027 Primum
1878 995 1985 1038 igitur
2009 1002 2082 1029 toto
2107 1003 2248 1040 pectore

1257 1044 1386 1089 gratias
1410 1056 1474 1088 ago
1495 1043 1572 1077 Deo
1603 1044 1859 1088 omnipotenti,
1893 1052 2035 1079 aeterno
2057 1047 2148 1090 patri
2172 1046 2248 1081 Do-

1257 1095 1346 1128 mini
1363 1095 1474 1128 nostri
1493 1093 1571 1128 lesu
1585 1092 1738 1136 Christi,
1765 1095 1943 1129 conditori
1961 1096 2049 1129 coeli
2065 1103 2099 1130 et
2118 1103 2249 1140 terrae,

1259 1153 1290 1179 et
1308 1143 1494 1179 hominum
1516 1152 1548 1178 et
1564 1145 1713 1178 aliarum
1732 1152 1993 1190 creaturarum,
2020 1154 2055 1181 et
2077 1147 2149 1181 filio
2172 1149 2248 1182 eius

1258 1196 1415 1230 Domino
1436 1202 1557 1229 nostro
1583 1194 1661 1229 lesu
1683 1193 1843 1235 Christo,
1879 1203 1912 1230 et
1936 1196 2088 1241 Spiritui
2114 1206 2248 1240 sancto,

1259 1248 1352 1292 quod
1368 1244 1537 1279 hactenus
1553 1246 1743 1279 clementer
1758 1246 1909 1280 servavit
1926 1244 2019 1280 hunc
2042 1249 2246 1283 docentium

1259 1305 1291 1331 et
1308 1297 1518 1331 discentium
1535 1303 1685 1330 coetum.
1738 1296 1952 1341 Ac'supplex
1973 1310 2056 1337 oro,
2077 1306 2115 1332 ut
2133 1307 2247 1333 servet

1259 1355 1291 1382 et
1307 1355 1403 1392 regat
1422 1360 1486 1381 nos
1504 1348 1688 1391 deinceps,
1716 1359 1779 1380 nec
1797 1347 1887 1381 sinat
1910 1348 1946 1380 in
1971 1345 2025 1381 his
2044 1349 2247 1392 regionibus

1258 1398 1412 1443 extingui
1430 1399 1542 1431 lucem
1559 1396 1762 1440 Evangelii,
1787 1404 1819 1431 et
1844 1398 1918 1431 fieri
1940 1398 2158 1433 barbaricam
2187 1413 2248 1434 va-

1258 1450 1424 1484 stitatem:
1453 1449 1514 1482 sed
1531 1460 1668 1493 semper
1685 1448 1778 1482 inter
1796 1460 1859 1482 nos
1876 1449 1942 1482 sibi
1962 1447 2154 1484 Ecclesiam
2172 1451 2247 1485 col-

1257 1501 1358 1545 ligat,
1385 1512 1404 1534 a
1430 1512 1496 1546 qua
1522 1511 1602 1533 vere
1626 1499 1810 1534 invocetur
1826 1506 1858 1533 et
1873 1499 2084 1540 celebretur,
2113 1509 2143 1535 et
2162 1513 2247 1546 pro-

1257 1559 1348 1595 tegat
1378 1548 1531 1596 hospitia
1554 1548 1749 1592 Ecclesiae,
1790 1557 1823 1585 et
1851 1551 1967 1584 studia
1997 1551 2180 1586 doctrinae
2205 1565 2245 1586 ac

1256 1602 1464 1646 disciplinae
1479 1608 1629 1636 tueatur.

1355 1660 1495 1694 Deinde
1516 1660 1597 1706 quia
1622 1666 1655 1694 et
1677 1660 1721 1693 de
1741 1660 1870 1694 nostris
1888 1661 2022 1695 artibus
2037 1661 2171 1707 aliquid
2189 1663 2246 1696 di-

1255 1712 1405 1745 cendum
1425 1718 1493 1752 est,
1520 1723 1598 1744 cum
1617 1723 1732 1744 meum
1751 1723 1880 1744 munus
1901 1712 1944 1745 sit
1967 1712 2001 1744 in
2028 1709 2090 1745 hac
2107 1711 2244 1746 Acade-

1255 1763 1338 1802 mia,
1362 1759 1526 1807 Physices
1545 1762 1643 1795 initia
1661 1763 1816 1803 tradere,
1841 1763 1884 1795 ad
1902 1762 1935 1795 id
1953 1763 2111 1796 studium
2126 1763 2244 1797 iunio-

1255 1825 1309 1846 res
1326 1810 1507 1846 adhortari
1525 1812 1676 1848 decrevi.

1355 1869 1418 1905 Est
1434 1878 1548 1905 autem
1567 1877 1813 1914 argumentum
1837 1871 1949 1916 reipsa
1973 1871 2243 1916 amplissimum,

1255 1922 1309 1955 cui
1329 1922 1355 1954 si
1374 1935 1428 1955 me
1452 1934 1570 1966 parem
1589 1921 1802 1961 existimem,
1829 1922 1952 1955 videar
1972 1919 2039 1956 hoc
2063 1923 2186 1966 exiguo
2209 1929 2244 1958 et

1256 1972 1421 2006 imbecilli
1439 1984 1585 2016 corpore
1604 1972 1697 2005 velut
1710 1971 1809 2006 Atlas
1827 1973 1962 2006 coelum
1981 1973 2070 2006 velle
2085 1971 2244 2007 humeris

1255 2024 1439 2057 sustinere.
1495 2023 1578 2056 Ideo
1603 2023 1695 2055 enlm
1715 2022 1808 2056 Deus
1831 2030 1924 2057 tanta
1944 2030 2016 2057 arte
2034 2021 2098 2057 hoc
2117 2024 2243 2058 mundi

1255 2075 1432 2118 opificium
1451 2074 1624 2111 condidit,
1651 2073 1732 2118 quia
1752 2073 1863 2107 voluit
1881 2072 1946 2108 hoc
1965 2073 2242 2118 pulcherrimum

1255 2123 1454 2162 theatrum,
1479 2124 1718 2157 testimonium
1738 2136 1810 2158 esse
1828 2137 1909 2158 snae
1932 2124 2136 2168 sapientiae:
2167 2126 2243 2161 vult

1257 2177 1362 2219 igitur
1380 2176 1412 2208 id
1431 2176 1587 2209 studiose
1609 2175 1759 2219 adspici,
1785 2182 1822 2208 ut
1848 2176 1990 2218 vestigia
2010 2174 2074 2208 Dei
2103 2183 2134 2210 et
2159 2188 2242 2221 pro-

1256 2227 1430 2260 videntiae
1447 2226 1543 2269 signa
1563 2237 1780 2271 quaeramus.
1837 2224 1912 2259 Hoc
1929 2227 2086 2259 studium
2110 2227 2137 2260 si
2162 2227 2241 2273 quis

1254 2279 1505 2321 adspernatnr,
1533 2284 1593 2310 aut
1619 2276 1748 2310 iudicat
1775 2276 1900 2310 inutile
1925 2289 2016 2315 esse,
2049 2275 2142 2311 hunc
2167 2291 2240 2311 non

1252 2329 1365 2362 solum
1385 2335 1421 2361 ut
1442 2329 1636 2366 furentem,
1663 2327 1720 2360 sed
1744 2328 1847 2360 etiam
1870 2340 1948 2361 cum
1974 2328 2154 2363 voluntate
2173 2327 2239 2363 Dei

1253 2387 1484 2424 pugnantem,
1510 2379 1713 2416 vitandum,
1742 2385 1773 2411 et
1792 2379 1911 2421 'trucul
1937 2379 2140 2421 fugiendum
2167 2391 2239 2413 esse

210 2429 369 2469 eolligus,
406 2437 437 2461 et
474 2430 706 2471 plurimorum
732 2440 866 2466 mentes
895 2435 938 2466 ad
973 2435 1197 2467 cont-ordinm
1221 2434 1225 2472 1
1252 2431 1383 2464 scitote.
1427 2427 1500 2462 Etsi
1519 2429 1624 2472 igitur
1642 2442 1704 2462 nec
1722 2429 1931 2471 cogitatione
1949 2427 2123 2463 humanae
2138 2443 2236 2463 men-

211 2481 342 2514 llectas.
379 2492 438 2511 nec
460 2481 613 2520 extingui
630 2482 723 2515 sinas
743 2480 825 2515 haec
845 2481 990 2517 honesta
1016 2486 1195 2518 literarum
1222 2473 1225 2508 ,¹

209 2538 240 2563 1-1
263 2530 421 2562 oninium
439 2532 677 2564 doctrinarum
697 2534 828 2567 studia:
857 2536 915 2567 sed
937 2547 1001 2568 nos
1023 2537 1196 2578 gubernes

209 2589 237 2614 ··t
256 2594 324 2613 seri
335 2593 386 2620 es,
414 2589 449 2613 ut
471 2581 503 2613 in
523 2583 618 2614 111111ιί
638 2585 859 2624 aeternitate,
888 2593 944 2618 tua
964 2585 1195 2631 σιχιιπηιἿείᾲ,

1251 2482 1294 2515 tis
1312 2477 1582 2525 comprehendi,
1611 2492 1674 2513 nec
1690 2479 1760 2513 ulla
1780 2480 1980 2526 eloquentia
2009 2481 2136 2525 exponi
2162 2493 2236 2513 am-

1250 2533 1386 2576 plitudo
1408 2529 1512 2564 huius
1530 2531 1726 2571 argumenti
1752 2538 1883 2574 potest.
1911 2539 2041 2577 quanta
2066 2531 2236 2575 sapientia

1249 2583 1290 2616 sit
1306 2611 1313 2622 ,
1341 2590 1373 2616 et
1391 2595 1494 2627 quam
1513 2581 1608 2615 utilis
1628 2589 1770 2615 naturae
1788 2582 2038 2620 consideratio,
2067 2589 2098 2615 et
2113 2583 2236 2616 docto-

209 2639 237 2664 1-1
276 2633 466 2676 snpientm
499 2640 529 2665 ει
569 2634 719 2667 iustitiae
752 2637 1195 2671 communicatione·frua·
1219 2643 1224 2682 3
1249 2647 1325 2667 rum
1346 2632 1530 2666 hominum
1551 2633 1650 2670 libri„
1678 2645 1879 2678 quanquam
1898 2633 2007 2665 mutia
2027 2641 2235 2672 monstram,

204 2696 294 2717 mur.
350 2683 439 2716 Dixi.
1219 2689 1224 2730 1
1249 2693 1364 2719 tamen
1383 2684 1544 2718 exolvere
1564 2690 1669 2717 totam
1687 2691 1847 2718 naturam
1871 2695 1988 2716 rerum
2011 2696 2233 2730 nequaquam
