2338 2958
197 123 271 160 967

201 210 410 250 tenderunt,
436 221 482 243 ne
495 205 652 242 Luthero
671 205 823 240 docendi
841 205 958 239 locum
974 207 1189 242 concederet.

202 260 247 295 Et
272 267 371 295 erant
395 261 456 294 alii
480 257 603 299 multi,
637 257 698 303 qui
723 258 844 290 eadem
860 257 1067 290 suadebant.
1118 256 1190 290 Nec

204 312 288 357 ipsi,
314 323 392 345 cum
408 317 440 344 et
457 308 625 352 sapientia
645 308 844 348 excelleret,
870 314 904 341 et
919 307 988 340 iam
1004 319 1107 340 senex
1123 319 1190 341 usu

203 362 421 405 cognovisset
437 359 556 393 omnia
570 358 869 402 gubernationum
892 357 1064 402 pericula,
1090 370 1191 403 prae-

202 419 299 457 cepta
314 413 357 444 de
373 410 527 444 vitandis
541 409 799 444 mutationibus
815 408 934 452 ignota
950 414 1062 444 erant.

303 461 373 495 Sed
395 461 450 494 vir
473 460 611 504 sapiens
635 467 669 494 et
685 471 766 493 vera
788 459 916 502 pietate
931 457 1047 493 Deum
1063 459 1192 501 colens,

202 513 331 547 sciebat
350 512 516 545 omnibus
535 511 686 555 publicis
704 517 736 544 et
753 510 898 555 privatis
913 510 1078 554 periculis
1094 516 1193 544 ante-

202 564 382 596 ferendam
407 574 479 596 esse
503 562 651 605 gloriam
683 560 756 595 Dei.
815 560 955 595 Sciebat
978 558 1192 594 horrendam

203 621 236 648 et
252 613 487 647 insanabilem
501 610 755 657 blasphemiam
779 622 868 653 esse,
895 611 1034 655 agnitae
1051 611 1192 645 veritati

204 664 392 698 adversari.

301 713 349 749 Et
365 714 637 748 confirmabatur
653 712 843 754 divinitus,
871 724 980 758 quare
1001 712 1109 745 nullis
1124 711 1193 744 mi-

201 766 258 800 nis
282 776 322 799 ac
346 765 542 798 terroribus
562 764 675 807 frangi
694 763 827 808 potuit,
857 770 897 797 ut
911 762 1052 798 veritati
1068 763 1193 796 adver-

203 822 349 852 saretur.
400 815 472 848 Nec
489 821 603 848 tamen
627 814 695 847 sibi
713 814 779 858 ipsi
798 820 935 847 tanturn
953 814 1129 854 sumebat,
1154 819 1194 847 ut

202 867 297 901 solus
314 866 485 900 iudicaret
501 866 544 898 de
561 865 739 906 doctrina,
770 864 830 899 sed
852 864 1046 898 multorum
1070 875 1192 897 senum

202 925 236 952 et
260 917 498 957 eruditorum,
530 921 564 949 et
586 915 729 961 quidem
754 915 954 959 principum
972 914 1104 948 iudicia
1126 914 1194 948 sci-

203 969 345 1002 scitatus
370 973 429 1002 est.
491 965 635 999 Possem
669 966 854 999 nominare
884 966 1033 1007 multos,
1065 966 1126 999 sed
1151 966 1194 998 de

201 1017 349 1053 Erasmo
366 1017 497 1058 dicam,
523 1015 694 1050 Coloniae
720 1029 799 1050 eum
817 1017 861 1050 ad
882 1027 918 1050 se
934 1016 1134 1056 accersivit,
1161 1021 1195 1049 et

202 1075 360 1104 amanter
376 1068 551 1112 praefatus
567 1074 634 1109 est,
659 1064 751 1101 hanc
767 1078 838 1100 esse
853 1078 990 1101 causam
1000 1092 1011 1108 ,
1040 1079 1103 1100 cur
1114 1078 1194 1100 eum

201 1119 432 1154 accersiverit.
490 1117 682 1162 Postquam
704 1117 964 1151 controversiae
980 1123 1096 1150 motae
1114 1117 1195 1157 sint,

200 1183 237 1205 se
259 1170 383 1210 malle,
410 1175 450 1202 ut
475 1167 543 1201 sibi
561 1165 717 1201 dehiscat
739 1174 851 1208 terra,
879 1178 984 1212 quam
1002 1168 1098 1200 salsis
1116 1167 1195 1211 opi-

201 1220 370 1254 nionibus
392 1219 518 1252 favere.
578 1216 649 1252 Sed
671 1217 700 1251 si
724 1215 904 1251 Lutherus
921 1223 1015 1251 recte
1030 1223 1124 1251 taxat
1138 1228 1195 1250 er-

200 1283 317 1311 rores,
351 1276 383 1303 et
415 1274 586 1302 monstret
623 1279 725 1301 verae
755 1268 938 1302 doctrinae
966 1269 1100 1307 sontes,
1143 1279 1196 1308 se,

201 1321 336 1356 etiamsi
357 1320 494 1360 videat,
527 1325 698 1364 quantum
725 1318 792 1352 sibi
818 1325 851 1352 et
873 1318 945 1352 suis
967 1319 1012 1353 sit
1033 1317 1196 1365 periculi,

201 1380 317 1407 tamen
342 1383 415 1404 non
443 1371 710 1404 adversaturum
741 1381 813 1403 esse
844 1369 995 1404 veritati.
1059 1368 1131 1403 Nec
1160 1380 1195 1402 se

202 1423 374 1457 iudicium
390 1421 457 1455 sibi
477 1421 538 1455 uni
555 1432 713 1461 sumere,
737 1421 796 1453 sed
812 1420 1032 1454 eruditorum
1048 1426 1081 1453 et
1101 1419 1195 1464 peri-

201 1481 317 1508 torum
334 1472 465 1506 iudicia
489 1478 520 1505 et
540 1471 738 1517 inquirere,
771 1477 805 1504 et
825 1471 977 1514 libenter
993 1477 1194 1504 secuturum

201 1537 283 1560 esse.
337 1522 501 1567 Rogabat
517 1522 642 1566 igitur,
668 1528 707 1556 ut
716 1519 885 1556 Erasmus
901 1519 1082 1555 liberrime
1095 1532 1194 1555 suam

201 1575 410 1610 sententiam
428 1574 472 1607 de
489 1579 561 1607 tota
579 1585 617 1606 re
632 1572 774 1607 diceret.

300 1623 490 1664 Erasmus,
523 1630 563 1657 ut
591 1630 664 1656 erat
686 1622 851 1663 festivus,
883 1622 928 1655 ab
954 1621 1068 1655 ironia
1093 1632 1195 1655 exor-

202 1688 274 1711 sus:
309 1675 390 1709 Duo
428 1685 554 1717 magna
593 1685 665 1706 esse
697 1670 844 1706 Lutheri
877 1679 1034 1717 peccata,
1071 1672 1197 1717 inquit,

201 1727 297 1773 quod
315 1733 453 1759 ventres
478 1721 733 1757 monachorum
751 1730 783 1756 et
805 1735 971 1756 coronam
990 1734 1099 1767 papae
1115 1722 1196 1756 atti-

202 1779 316 1822 gisset.
387 1775 510 1808 Postea
544 1774 719 1819 pertexuit
761 1785 859 1807 suam
893 1774 1121 1813 sententiam,
1163 1779 1197 1806 et

202 1828 309 1866 dixit,
340 1823 538 1860 Lutherum
563 1825 653 1858 iuste
677 1831 793 1858 taxare
815 1835 968 1865 errores,
1007 1830 1039 1858 et
1073 1835 1196 1857 eorum

201 1877 483 1913 emendationem
498 1873 676 1909 Ecclesiae
697 1874 928 1907 necessariam
945 1885 1028 1909 esse.
1081 1871 1197 1906 Addi-

204 1930 256 1963 dit
280 1929 382 1963 etiam
405 1938 577 1960 summam
606 1925 788 1959 doctrinae
811 1921 958 1958 Lutberi
980 1936 1096 1957 veram
1114 1935 1198 1964 esse,

204 1980 338 2014 etiamsi
363 1977 493 2023 optarit
516 1977 687 2022 quaedam
711 1974 881 2020 disputari
906 1975 1024 2008 minus
1040 1972 1196 2007 horride.

204 2030 300 2064 llaec
324 2029 390 2063 suit
414 2028 582 2073 colloquii
602 2039 749 2061 summa.
802 2024 979 2059 Viderunt
1002 2024 1111 2070 aliqui
1134 2037 1197 2057 no·-

205 2089 317 2116 strum
342 2087 375 2113 et
398 2080 516 2112 literas
541 2077 707 2121 sapientis
729 2083 759 2111 et
783 2076 868 2109 boni
888 2075 1076 2120 principis,
1106 2075 1199 2109 Lau-

206 2132 311 2166 rentii
332 2127 829 2174 episcopiWirceburgensis,
856 2127 916 2171 qui
933 2128 1053 2160 eadem
1070 2127 1112 2159 ad
1133 2127 1198 2158 du-

208 2195 281 2217 cem
309 2181 528 2215 Fridericum
552 2180 709 2223 scripsit,
744 2185 777 2212 et
800 2178 935 2210 addidit
953 2189 988 2211 se
1005 2177 1197 2210 multorum

209 2234 427 2267 eruditorum
451 2231 578 2264 iudicia
597 2230 806 2274 explorasse.
858 2227 938 2261 Non
961 2228 1067 2270 igitur
1082 2227 1199 2261 existi-

208 2285 377 2318 mandum
396 2289 445 2316 est
464 2293 581 2314 senem
600 2281 716 2314 virum
736 2278 1032 2323 sapientissimum
1050 2279 1085 2311 in
1104 2284 1200 2311 tanta

209 2347 311 2368 causa
330 2334 382 2366 vel
400 2345 517 2366 errore
535 2332 587 2365 vel
614 2330 809 2365 temeritate
827 2329 1115 2374 propagationem
1136 2329 1200 2361 do-

210 2386 343 2419 ctrinae
362 2383 568 2428 permisisse.
629 2380 673 2415 Et
696 2381 838 2427 quidem
867 2380 1000 2421 legebat
1024 2380 1094 2424 ipse
1113 2391 1201 2423 quo-

212 2437 297 2470 tidie
313 2435 440 2478 scripta
465 2441 537 2466 tum
557 2431 720 2472 Ludis-ri,
750 2439 823 2465 tum
848 2429 984 2464 Erasmi
1006 2430 1202 2474 praecipua,

214 2494 243 2521 et
264 2487 376 2520 sontes
393 2497 526 2517 summa
545 2484 663 2516 iudicii
682 2483 850 2525 gravitate
867 2481 1122 2514 considerabat.

319 2536 446 2570 lncidit
464 2542 553 2568 aetas
573 2533 739 2566 Frideriri
763 2533 798 2566 in
818 2534 966 2565 duarum
986 2542 1202 2565 summarum

218 2601 335 2623 rernm
366 2585 675 2627 deliberationem,
711 2586 754 2616 de
777 2582 1013 2617 Ecclesiarum
1039 2582 1204 2614 emenda·

219 2641 334 2679 tione,
367 2645 399 2671 et
429 2638 470 2669 de
495 2635 663 2669 electione
693 2634 923 2678 imperatoris.
984 2631 1060 2667 Etsi
1088 2640 1203 2665 autem

219 2690 343 2724 barum
377 2689 527 2722 duarum
559 2697 674 2719 rerum
706 2685 985 2729 magnitudinem
1023 2684 1204 2718 nullorum

666 87 826 157 D-ECL.
863 119 940 155 DE
971 117 1291 156 FRIDERICO
1326 117 1479 155 DUCE
1511 117 1632 157 SAX.
1665 118 1746 159 ΕΙ...

2145 124 2221 160 968

1240 205 1444 249 angelorum
1468 211 1531 239 aut
1552 202 1740 240 hominum
1762 207 1933 251 sapientia
1951 209 2034 244 satis
2051 210 2229 254 perspicit,

1241 263 1360 291 tamen
1382 267 1456 288 non
1479 255 1546 288 seri
1567 253 1731 290 homines
1747 265 1940 300 agnoscunt
1955 258 2019 294 has
2040 271 2093 294 res
2109 260 2147 293 in
2165 258 2232 294 ho-

1242 306 1380 340 minum
1396 305 1468 339 vita
1482 317 1553 339 esse
1569 318 1732 340 summas.
1774 305 1821 341 Et
1837 320 1906 353 quo
1922 310 2069 356 quisque
2086 317 2136 344 est
2151 323 2230 344 cor-

1242 356 1376 395 datior‚
1403 368 1443 390 eo
1460 357 1571 399 magis
1586 358 1692 391 sentit
1707 357 1997 393 deliberationem
2012 362 2055 394 de
2071 362 2120 394 eis
2137 361 2232 394 diffi-

1243 407 1344 441 cilem
1370 418 1453 440 esse.
1512 406 1608 441 Haec
1629 414 1724 442 tanta
1749 408 1858 442 moles
1882 411 2003 443 eodem
2021 417 2177 456 tempore
2194 412 2232 445 in

1242 455 1339 492 hunc
1362 469 1473 491 unum
1497 458 1613 492 virum
1630 458 1801 493 incubuit.
1856 458 1923 493 Hic
1946 458 2037 494 nihil
2053 473 2233 506 exaggero,

1243 520 1322 542 cum
1351 508 1495 554 quidem
1523 515 1599 542 toto
1630 520 1776 553 corpore
1805 507 2065 551 cohorrescam,
2107 513 2233 558 procul

1243 558 1414 603 aspiciens
1433 571 1512 593 eum
1534 565 1630 593 tanta
1645 571 1753 593 onera
1769 560 2011 597 sustinentem.
2064 562 2134 597 Sed
2153 574 2234 596 cum

1242 608 1440 651 Ecclesiae,
1466 616 1539 643 tum
1557 609 1697 654 imperii
1714 610 1921 653 gubernatio
1936 612 2058 646 divina
2073 619 2135 648 est.
2185 611 2234 647 Et

1243 660 1351 694 flectit
1383 659 1479 694 Deus
1511 667 1646 694 mentes
1679 662 1954 704 gubernatorum
1989 662 2033 696 ad
2068 663 2233 698 salutaria

1244 709 1410 749 consilia,
1445 717 1478 744 et
1508 722 1567 744 eos
1596 711 1758 752 adiuvat,
1793 723 1872 746 cum
1898 713 1974 747 vult
2002 711 2179 748 Ecclesiae
2200 720 2234 747 et

1243 758 1402 795 humano
1424 761 1544 804 generi
1568 774 1670 806 opem
1687 763 1788 795 serre.
1843 762 1894 797 lta
1912 769 1944 797 et
1962 770 2045 797 tunc
2061 763 2235 798 Friderici

1244 818 1364 856 pectus
1381 811 1418 844 in
1435 819 1583 857 utraque
1602 812 1875 853 deliberatione,
1896 814 2070 849 divinitus
2087 822 2121 850 et
2136 826 2235 860 rege-

1243 863 1349 896 batur
1364 868 1397 895 et
1414 862 1700 898 confirmabatur.

1346 910 1394 946 Et
1415 913 1543 946 scimus
1564 913 1670 946 fuisse
1693 912 1838 947 minime
1854 923 2095 961 arrogantem,
2121 917 2236 950 maxi-

1244 975 1369 1009 meque
1393 963 1609 997 diffidentem
1634 975 1715 997 suae
1737 964 1944 1008 sapientiae,
1970 974 2002 1001 et
2024 967 2060 1000 in
2078 965 2134 1001 bis
2155 974 2236 1002 tan-

1245 1014 1288 1047 tis
1314 1013 1480 1058 periculis
1501 1014 1649 1048 adsidua
1673 1014 1897 1049 invocatione
1922 1029 1942 1051 a
1967 1018 2042 1052 Deo
2065 1018 2236 1052 auxilium

1245 1064 1429 1109 petivisse,
1463 1071 1497 1099 et
1516 1076 1737 1099 summorum
1760 1062 1945 1101 hominum
1968 1067 2096 1102 iudicia
2119 1069 2238 1102 scisci-

1245 1121 1356 1149 tatum
1372 1125 1456 1148 esse.
1489 1113 1566 1149 Etsi
1581 1122 1696 1149 autem
1712 1115 1893 1151 electionis
1911 1116 2057 1153 historia
2072 1131 2236 1163 magnam

1245 1165 1475 1198 consiliorum
1492 1171 1525 1199 et
1535 1165 1713 1199 actionum
1728 1167 1931 1201 varietatem
1944 1170 2112 1205 continet.
2146 1169 2236 1203 Nam

1246 1222 1280 1249 et
1294 1215 1492 1259 sapientum
1508 1216 1666 1249 diversae
1681 1223 1779 1249 erant
1796 1217 1999 1260 opiniones,
2024 1227 2063 1254 ut
2078 1220 2147 1253 iam
2162 1231 2236 1253 non

1246 1266 1289 1298 de
1313 1265 1526 1299 factionibus
1549 1273 1583 1300 et
1606 1265 1733 1300 studiis
1752 1266 1866 1300 dicam
1881 1295 1890 1309 ,
1917 1276 1951 1303 et
1967 1270 2100 1313 integre
2116 1277 2237 1304 notam

1247 1327 1318 1349 esse
1351 1316 1548 1360 posteritati
1578 1317 1776 1360 prodesset,
1816 1325 1934 1352 tamen
1964 1320 2060 1354 bono
2089 1320 2238 1354 consilio

1247 1378 1342 1399 nunc
1357 1367 1468 1400 multa
1487 1373 1683 1410 praetereo,
1709 1374 1847 1402 tantum
1865 1366 1931 1403 hoc
1955 1371 2052 1411 dico,
2080 1370 2239 1404 Frideri-

1247 1429 1325 1450 cum
1349 1422 1515 1462 tanquam
1542 1417 1723 1452 Nestorem
1748 1418 1783 1451 in
1809 1430 1849 1452 eo
1866 1427 1987 1454 senatu
2013 1428 2097 1455 tunc
2122 1421 2239 1463 fuisse,

1246 1474 1279 1501 et
1308 1468 1352 1500 ab
1376 1480 1416 1501 eo
1443 1468 1595 1512 plurima
1628 1468 1806 1512 sapienter
1828 1476 1902 1504 acta
1935 1478 1968 1505 et
1992 1472 2130 1515 provisa
2155 1483 2239 1513 esse,

1245 1518 1319 1552 Deo
1336 1518 1383 1552 ita
1405 1525 1524 1562 pectus
1540 1519 1614 1551 eius
1630 1520 1856 1562 gubernante.

1348 1568 1490 1603 Sciebat
1521 1569 1677 1603 diversas
1706 1581 1778 1603 esse
1809 1571 2008 1617 principum
2040 1572 2239 1616 opiniones,

1246 1626 1279 1653 et
1295 1619 1437 1652 videbat
1451 1619 1705 1653 dissensionem
1721 1621 1925 1662 electorum,
1955 1622 2022 1655 nisi
2041 1635 2240 1656 unuseom-

1246 1670 1345 1703 muni
1370 1670 1528 1703 omnium
1554 1682 1726 1703 consensu
1750 1671 1953 1714 eligeretur,
1988 1674 2098 1706 facem
2126 1673 2238 1706 maxi-

1247 1732 1385 1753 morum
1411 1720 1586 1754 bellorum
1610 1721 1762 1755 suturam
1789 1733 1871 1755 esse.
1933 1722 2083 1757 Videbat
2109 1723 2239 1768 quibus

1247 1771 1407 1815 partibus
1423 1782 1512 1815 quae
1530 1771 1622 1803 vires
1639 1783 1837 1805 accessurae
1857 1780 1981 1806 essent.

1350 1820 1450 1854 Novo
1465 1821 1571 1863 igitur
1586 1821 1735 1854 consilio
1750 1833 1833 1855 usus
1851 1829 1911 1856 est.
1964 1822 2045 1857 Fuit
2064 1833 2184 1857 suasor
2199 1830 2240 1858 ut

1247 1871 1403 1915 primum
1425 1871 1556 1913 singuli
1587 1871 1754 1904 electores
1787 1871 1974 1905 iuramenti
2006 1873 2176 1916 religione
2202 1874 2238 1908 in

1248 1919 1314 1954 hoc
1332 1932 1395 1954 suo
1411 1932 1574 1954 consessu
1592 1921 1857 1964 obligarentur,
1884 1934 1919 1955 se
1939 1923 2073 1956 nullam
2096 1924 2238 1957 electio-

1249 1983 1329 2005 nem
1352 1971 1608 2015 adprobaturos
1632 1978 1691 2005 aut
1715 1973 1984 2007 renunciaturos
2009 1985 2100 2012 esse,
2127 1975 2240 2008 donec

1248 2021 1410 2055 omnium
1443 2021 1636 2065 suffragiis,
1672 2033 1763 2055 unus
1790 2023 1918 2068 aliquis
1944 2024 2123 2057 communi
2154 2037 2237 2058 con—

1250 2083 1353 2105 sensu
1372 2072 1500 2105 electus
1517 2080 1622 2113 esset,
1651 2072 1706 2106 cui
1731 2085 1767 2105 se
1783 2085 1905 2106 omnes
1921 2074 1981 2106 uni
1999 2075 2241 2117 adiungerent,

1250 2130 1416 2167 tanquam
1447 2122 1604 2165 legitimo
1627 2123 1792 2160 domino.
1826 2136 1869 2157 ne
1895 2124 2050 2168 ipsorum
2075 2125 2241 2159 dissimili

1249 2173 1498 2214 suffragatione
1516 2172 1707 2207 Germania
1729 2171 1994 2210 distraheretur.

1352 2223 1430 2257 lloc
1450 2223 1517 2258 suit
1537 2223 1706 2258 friderici
1733 2222 1954 2268 nolim-,um
1981 2225 2018 2259 iu
2035 2237 2105 2270 quo
2124 2225 2239 2260 lucent

1251 2275 1326 2308 eius
1347 2274 1538 2318 sapientia,
1570 2275 1725 2308 studium
1759 2275 1921 2319 publicae
1946 2276 2170 2316 concordiae,
2206 2283 2240 2310 et

1252 2327 1339 2359 aliae.
1356 2325 1486 2358 multae
1509 2325 1666 2359 virtutes.
1718 2323 1763 2359 Et
1789 2326 1944 2360 fortassis
1969 2327 2152 2370 posteritas
2175 2323 2241 2360 boc

1252 2376 1450 2421 exemplum
1468 2375 1673 2409 intuebitur.

1355 2428 1500 2460 Secutae
1524 2433 1606 2460 sunt
1636 2433 1755 2471 postea
1779 2426 2052 2471 disputationes,
2082 2432 2120 2460 ut
2150 2426 2242 2460 inter

1253 2478 1425 2522 sapientes
1442 2484 1474 2511 et
1500 2477 1535 2509 in
1554 2489 1690 2511 summo
1709 2484 1831 2511 senatu
1847 2477 1981 2520 generis
2000 2474 2144 2510 bumani
2163 2488 2241 2517 gra-

1255 2529 1434 2567 vissimae,
1468 2528 1504 2560 in
1536 2528 1666 2573 quibus
1703 2528 1842 2561 taudem
1871 2527 2047 2560 communi
2081 2527 2241 2560 omnium

1254 2591 1424 2613 consensu
1440 2577 1589 2612 Carolus
1610 2579 1739 2612 electus
1755 2586 1823 2618 est,
1852 2585 1883 2611 ct
1901 2584 1995 2611 metu
2015 2575 2241 2610 horribilium

1254 2630 1510 2663 discordiarum
1546 2637 1578 2665 et
1613 2629 1810 2674 ingentium
1851 2628 2023 2663 bellorum
2050 2626 2242 2662 Germania

1253 2681 1399 2716 liberata
1417 2687 1478 2715 est.
