2338 2958
194 153 267 188 367

193 249 273 273 rum
291 247 330 270 ac
345 233 520 279 gentium,
544 237 577 264 et
596 230 651 262 vel
668 228 860 262 incendens
881 226 1102 269 languentes,
1129 225 1185 258 vel

193 298 362 324 revocans
391 297 429 318 ac
458 283 584 316 sedans
617 279 799 320 incitatas,
843 277 984 323 qualem
1018 276 1186 310 describit

194 338 372 383 Vergilius
387 333 623 379 eloquentiam
641 343 720 364 cum
738 329 802 363 ait:

272 393 320 422 Ac
339 391 433 419 veluti
452 397 561 427 magno
578 389 610 415 iu
628 387 744 426 populo
761 395 830 414 cum
847 394 933 423 saepe
950 388 1050 411 coorta
1067 387 1110 411 est

272 442 388 473 Seditio
402 463 410 478 ,
437 440 590 479 saevitque
605 439 713 467 animis
730 437 865 476 ignobile
880 436 1000 474 vulgus,
1043 461 1047 465 ,

270 493 395 532 Iamque
413 491 491 520 faces
505 496 534 520 et
552 500 622 519 saxa
635 491 755 525 volant,
783 488 867 517 furor
885 496 965 515 arma
981 486 1146 514 ministrat:

271 544 354 575 Tum
368 545 477 583 pietate
492 552 612 582 gravem
628 551 662 570 ac
676 540 789 569 meritis
804 541 829 567 si
843 539 920 567 forte
935 539 1034 566 virum
1050 545 1140 576 quem

273 595 483 635 Conspexere,
511 595 618 630 silent,
645 593 825 630 arrectisque
843 590 962 618 auribus
981 593 1086 624 astant,

272 646 329 677 Ille
345 648 420 686 regit
437 645 523 675 dictis
539 646 653 673 animos
664 667 671 681 ,
700 649 727 671 et
743 648 862 681 pectora
875 641 995 669 mulcet.

198 697 310 730 Porro
331 695 375 728 de
391 691 455 727 hac
473 691 656 726 excellenti
675 691 728 731 vi,
755 695 788 722 et
806 688 955 733 perfecta
977 683 1191 730 eloquentia,

199 759 273 781 non
291 758 368 780 sum
385 745 561 782 dicturus,
589 744 647 775 sed
666 743 709 775 de
727 738 781 773 his
802 738 933 773 nostris
950 737 1096 776 studiis,
1123 732 1191 767 1100

200 805 268 839 051,
303 798 345 830 de
371 795 554 837 diligentia
581 800 673 827 recte
698 791 861 834 dicendi,
889 801 949 822 seu
974 797 1192 831 componen-

199 851 264 883 dae
280 848 428 882 Latinae
445 844 635 885 orationis,
662 855 751 888 quae
768 848 887 876 tamen
909 851 989 883 pars
1008 838 1126 883 aliqua
1143 843 1194 869 est

200 898 442 945 eloquentiae,
481 903 514 930 et
538 895 636 929 velut
657 891 849 927 inchoatio.
901 890 997 924 Haec
1021 895 1192 935 quantum

200 952 245 986 sit
261 954 530 988 ornamentum,
556 958 661 992 quam
685 944 897 988 multiplices
921 941 1090 975 utilitates
1108 938 1194 973 affe-

202 1009 277 1043 rat,
320 1011 502 1044 exponam.
570 997 731 1030 Primum
769 995 864 1028 enim
899 991 1195 1030 commemorabo,

202 1053 286 1099 quid
314 1051 487 1085 conducat
507 1049 664 1082 studium
691 1053 782 1080 recte
805 1044 947 1079 dicendi
975 1043 1018 1076 ad
1043 1049 1195 1076 caeteras

203 1111 293 1138 artes
318 1102 373 1135 vel
407 1100 675 1143 intelligendas,
709 1098 765 1131 vel
792 1096 1002 1131 tractandas.
1063 1093 1194 1135 Magna

204 1162 254 1189 est
279 1153 429 1197 dignitas
454 1151 619 1185 scientiae
647 1149 754 1187 iuris,
788 1158 936 1190 magnus
960 1157 1053 1179 usus.
1105 1142 1195 1177 Cum

203 1213 319 1240 autem
336 1205 428 1247 leges
444 1203 516 1236 sint
533 1200 768 1235 eruditissime
785 1198 932 1243 scriptae
945 1224 953 1237 ,
981 1204 1014 1230 et
1032 1194 1141 1228 missta
1159 1193 1196 1226 in

205 1257 255 1291 eis
282 1261 507 1299 compareant
532 1252 678 1295 vestigia
703 1250 828 1284 veteris
852 1248 1008 1293 Reipub.
1034 1258 1108 1279 non
1130 1246 1198 1278 (111-

205 1309 304 1342 bium
322 1313 382 1344 est,
410 1305 497 1350 quin
514 1304 667 1337 multum
684 1301 773 1335 lucis
791 1301 839 1334 eis
855 1300 1005 1337 accedat,
1030 1304 1123 1331 recte
1142 1296 1199 1328 in-

206 1359 345 1393 tellecto
365 1367 489 1399 genere
505 1354 691 1393 sermonis,
717 1359 750 1385 et
765 1350 915 1395 cognitis
931 1348 1102 1383 historiis.
1139 1345 1199 1380 Iu-

206 1409 339 1444 dicium
357 1414 473 1441 autem
491 1407 533 1439 de
558 1415 685 1449 genere
704 1402 876 1436 sermonis
903 1401 1087 1434 confirmat
1114 1395 1200 1431 haec

206 1459 406 1495 exercitatio
423 1457 576 1492 dicendi.
629 1455 698 1489 Sed
724 1465 797 1487 non
820 1459 958 1487 tantum
981 1451 1018 1484 in
1039 1451 1137 1490 soro,
1163 1449 1200 1480 in

207 1510 349 1546 iudiciis
377 1510 468 1542 inter
499 1509 686 1542 illiteratos
713 1504 911 1538 versabitur
938 1503 985 1543 is,
1022 1501 1082 1547 qui
1114 1499 1201 1533 iuris

207 1561 390 1597 scientiam
410 1560 604 1604 profitetur,
620 1569 743 1591 verum
760 1552 989 1588 adhibebitur
1005 1553 1047 1585 ad
1068 1551 1201 1584 maiora

210 1613 367 1657 negocia,
394 1623 432 1644 ac
454 1622 534 1643 vere
550 1608 716 1648 oratoria,
744 1606 805 1640 ubi
823 1616 968 1648 magnae
987 1616 1025 1636 ac
1043 1601 1202 1635 difficiles

210 1676 332 1700 causae
354 1661 515 1695 Latinam
533 1660 728 1694 orationem
748 1657 969 1701 flagitabunt.
1022 1653 1100 1686 Iloc
1126 1653 1202 1685 loco

211 1717 291 1763 quis
314 1726 387 1747 non
405 1713 516 1751 videt,
543 1717 714 1757 quantum
739 1710 844 1741 decus
864 1707 909 1740 sit
935 1704 1072 1739 homini
1091 1705 1204 1743 docto,

213 1778 312 1813 posse
331 1765 472 1807 diserte,
500 1762 696 1808 perspicue,
723 1772 794 1792 non
811 1758 964 1795 sordide,
990 1767 1044 1789 res
1060 1765 1204 1798 magnas

211 1815 406 1863 explicare?

315 1865 466 1901 Memini
496 1864 531 1896 in
561 1869 738 1896 conventu
764 1860 990 1903 Augustauo,
1026 1857 1206 1890 Liburnos

212 1922 255 1955 ad
281 1918 485 1961 Principum
509 1913 700 1948 concilium
725 1912 864 1949 venire,
902 1910 1049 1954 petitum
1076 1906 1205 1941 auxilia

213 1978 335 2007 contra
363 1967 517 2006 Turcas,
555 1972 587 1998 et
611 1965 795 2007 deplorare
830 1961 1046 1995 calamitates
1074 1957 1207 2002 patriae

214 2035 295 2060 suae
318 2020 414 2063 gravi
440 2017 614 2051 oratione:
654 2015 701 2048 ibi
727 2013 851 2047 caeteri
879 2011 1060 2055 Principes
1085 2020 1207 2043 omnes

215 2073 418 2109 detulerunt
442 2081 570 2102 1111111115
596 2064 833 2111 respondendi
859 2065 899 2096 ad
926 2061 1206 2095 illustrissimum

218 2124 415 2166 Principem
444 2118 640 2153 Electorem
670 2113 915 2150 Marchionem
946 2110 1163 2146 loachimum
1185 2109 1207 2143 l.

219 2177 295 2211 Non
315 2181 386 2206 erat
405 2183 555 2209 novum,
584 2167 816 2201 Germanicas
834 2166 864 2198 ei
889 2176 1007 2197 causas
1025 2161 1208 2198 committi,

220 2227 371 2260 sciebant
404 2223 497 2255 euim
525 2234 542 2254 a
570 2219 710 2253 nemine
741 2217 961 2262 splendidius
987 2228 1025 2247 ac
1051 2213 1209 2247 ornatius

219 2279 289 2319 agiz
324 2277 381 2308 sed
401 2287 478 2306 011111
500 2273 639 2305 laudem
656 2268 878 2314 eloquentiae
905 2266 1126 2311 praecipuam
1146 2263 1207 2297 uui

222 2325 421 2363 marchioni
453 2325 666 2361 tribuerent,
703 2329 734 2353 et
763 2321 847 2352 alias
878 2318 1001 2351 Latine
1035 2317 1208 2349 dicentem

219 2380 395 2413 audissent
411 2405 418 2414 ,
457 2374 545 2408 11;1110
570 2385 706 2407 causatu
727 2371 830 2405 etiam
851 2371 880 2402 ei
905 2367 1211 2401 commendabant.

222 2432 295 2464 11111-
318 2429 484 2462 iudieiuun
501 2433 716 2459 caeterorum
733 2422 949 2465 l’rinripum,
970 2428 1089 2453 nostro
1106 2429 1210 2463 quam

659 2486 781 2507 omnes
818 2472 1025 2513 intelligitis,
1093 2469 1211 2512 ltaque

222 2547 299 2566 1-11111
320 2532 501 2563 audiretur
520 2541 597 2560 cum
615 2539 749 2559 sumnia
768 2523 977 2558 attentione.
1007 2519 1211 2554 honestissi-

222 2483 323 2517 suerit
364 2479 616 2514 honorificum,

223 2586 287 2618 vni<
315 2583 477 2615 laudibus
501 2579 636 2611 ornaxit
666 2577 858 2613 Liburnos,
886 2581 1028 2618 propter
1053 2573 1153 2604 fidem
1181 2577 1208 2602 et

223 2635 483 2670 tortitudinem,
512 2642 615 2674 quain
643 2629 677 2661 111
707 2626 923 2659 sustinendis
943 2633 972 2657 et
996 2621 1212 2668 depellendis
1237 2617 1239 2628 ’

223 2689 420 2720 'l'urearum
441 2680 698 2725 irruptionihus
713 2707 719 2716 ,
747 2686 792 2711 tot
817 2679 883 2709 iam
903 2687 1015 2708 annos
1033 2673 1212 2719 praestite-

542 144 699 182 DECL.
750 139 827 176 DE
859 137 1195 176 UTILITATE
1231 133 1512 174 STUDIOR.
1545 133 1882 181 ELOQUENT.

2154 138 2228 178 368

1237 222 1358 263 iussit,
1384 220 1485 255 cuius
1507 232 1632 255 omnes
1654 222 1883 265 cogitationes
1908 224 1978 258 iam
2005 224 2042 258 in
2070 226 2227 269 parando

1238 274 1332 308 bello
1348 273 1515 305 adversus
1533 271 1668 305 Turcas
1685 281 1985 309 consumerentur.
2037 275 2140 310 Hanc
2156 276 2231 311 eius

1238 324 1435 358 orationem
1453 323 1645 367 prudentes
1661 334 1802 365 omnes,
1824 332 1969 369 propter
1989 327 2176 361 consilium
2196 333 2232 362 01

1239 374 1495 409 sententiarum
1510 374 1727 418 gravitatem,
1748 375 1879 410 eruditi
1895 376 2000 410 etiam
2014 385 2158 423 propter
2171 390 2232 422 ge-

1239 438 1307 460 nus
1331 425 1541 466 verborum,
1583 436 1709 468 magna
1740 437 1821 459 cum
1850 426 2084 462 admiratione
2109 429 2233 463 audie-

1241 479 1343 511 bant:
1380 483 1519 510 tantum
1545 476 1661 510 laudis
1675 475 1834 521 Principi
1859 477 2014 521 pariebat
2033 478 2158 513 Latine
2177 480 2234 513 di-

1241 528 1344 562 cendi
1367 527 1527 562 facultas.
1577 526 1702 570 ,Quare
1733 534 1768 561 et
1792 528 1949 573 reliquae
1973 529 2174 571 nobilitati,
2201 537 2235 564 et

1241 579 1385 613 caeteris
1401 577 1464 624 qui
1478 578 1522 611 ad
1541 577 1718 622 Rempub.
1735 579 1906 613 accessuri
1921 586 2020 621 sunt,
2047 580 2145 613 omni
2160 587 2236 615 stu-

1243 631 1302 664 dio
1338 629 1541 675 eloquentia
1580 630 1773 673 expetenda
1811 637 1881 669 est,
1930 631 2135 675 praesertim
2171 629 2237 666 hac

1244 687 1366 716 aetate.
1422 679 1558 714 Videtis
1581 680 1676 713 enim
1700 688 1852 726 quantae
1875 693 1930 715 res
1947 682 1985 715 in
2009 679 2074 715 hac
2093 683 2238 716 natione

1244 739 1360 766 motae
1378 731 1466 772 siut,
1492 738 1664 776 quantum
1689 732 1734 766 sit
1757 733 1895 775 negocii
1913 733 2044 767 nostris
2061 732 2240 778 Principi..

1245 783 1329 824 bus,
1372 794 1451 815 cum
1476 782 1644 816 omnibus
1664 781 1824 826 Regibus
1846 781 2040 818 Christiani
2070 785 2239 824 nominis,

1247 833 1311 868 ubi
1330 833 1497 877 pleraque
1514 833 1636 866 omnia
1652 833 1779 868 Latine
1797 835 1932 877 agenda
1951 842 2045 870 sunt.
2098 834 2178 879 Qua
2201 835 2239 869 in

1246 897 1284 919 re
1304 890 1338 917 et
1363 884 1454 917 illud
1473 884 1770 919 considerandum
1790 892 1859 927 est,
1885 898 2068 931 nunquam
2086 893 2240 920 caeteros

1248 935 1364 978 Reges
1389 935 1476 968 adeo
1503 935 1678 968 studiosos
1696 936 1803 970 fuisse
1824 937 2063 982 eloquentiae,
2089 944 2129 972 ut
2145 949 2241 971 nune

1247 993 1340 1020 sunt.
1391 983 1535 1019 Etenim
1554 998 1627 1019 11011
1644 987 1749 1020 modo
1769 987 1846 1020 ltali
1865 994 1897 1021 et
1913 987 2030 1029 Galli,
2057 990 2118 1022 sed
2135 989 2241 1022 etiam

1248 1036 1377 1071 Poloni
1393 1043 1427 1070 et
1444 1036 1643 1078 Pannones,
1668 1038 1809 1082 explosa
1828 1039 1936 1072 veteri
1951 1039 2124 1080 barbarie,
2146 1051 2242 1073 nunc

1248 1101 1328 1122 cum
1359 1087 1520 1121 scribunt
1551 1089 1595 1122 ad
1628 1095 1781 1128 exteros,
1814 1089 1970 1132 elegans,
2003 1090 2178 1131 nitidum,
2203 1101 2243 1123 ac

1250 1151 1331 1172 vere
1350 1138 1516 1172 Latinum
1534 1139 1705 1172 orationis
1728 1152 1837 1183 genus
1853 1139 2033 1175 adhibent.
2086 1140 2158 1175 Nec
2175 1141 2243 1174 alia

1250 1202 1307 1224 ars
1329 1191 1422 1234 apud
1448 1189 1631 1235 plerasque
1649 1191 1811 1224 nationes
1830 1192 1907 1235 plus
1931 1190 2036 1226 habet
2052 1191 2245 1235 dignitatis,

1251 1253 1356 1287 quain
1372 1240 1499 1275 Latine
1516 1241 1656 1274 dicendi
1672 1242 1830 1277 facultas.
1882 1241 1952 1275 lam
1970 1243 2118 1287 cogitate
2136 1255 2243 1289 quam

1251 1292 1361 1325 multa
1378 1291 1603 1325 incommoda
1620 1293 1692 1326 sint
1706 1294 1928 1337 expectanda,
1950 1294 1977 1327 si
1995 1295 2184 1328 mittantur
2200 1294 2245 1328 ad

1253 1349 1388 1376 exteros
1422 1342 1528 1385 legati
1563 1343 1724 1376 infantes.
1775 1343 1934 1378 Primum
1962 1345 2098 1379 ridetur
2132 1345 2246 1389 gentis

1253 1393 1410 1437 ignavia,
1444 1391 1644 1428 detrahitur
1664 1395 1834 1428 autoritas
1857 1395 2006 1435 nostris,
2040 1408 2114 1430 11011
2134 1397 2246 1429 inter-

1254 1451 1338 1478 sunt
1355 1444 1530 1485 consiliis,
1558 1445 1738 1490 accipiunt
1755 1446 1883 1480 dictata
1902 1447 1946 1480 ab
1963 1447 2040 1480 aliis
2052 1474 2061 1488 ‚
2084 1459 2149 1481 nec
2165 1459 2247 1481 raro

1255 1495 1406 1539 turpiter
1421 1495 1614 1537 falluntur,
1641 1503 1674 1530 et
1691 1503 1858 1542 tanquam
1883 1497 2028 1531 naribus
2045 1495 2249 1539 trahuntur,

1255 1553 1294 1580 ut
1313 1558 1385 1579 non
1406 1546 1581 1580 intellecta
1605 1548 1768 1592 probent.
1821 1547 1911 1582 Cum
1927 1548 2036 1592 igitur
2052 1549 2095 1583 sit
2112 1549 2248 1594 perspi-

1256 1609 1319 1631 cua
1343 1597 1496 1638 utititas,
1522 1609 1601 1631 cum
1626 1599 1778 1633 invitent
1800 1599 2033 1634 maximorum
2052 1600 2190 1644 Regum
2215 1606 2250 1634 et

1257 1647 1463 1692 Principum
1488 1656 1688 1682 exterorum
1713 1650 1889 1694 exempla,
1912 1662 1973 1684 cur
1990 1652 2056 1685 soli
2076 1650 2249 1685 Germani

1258 1697 1340 1732 huic
1364 1699 1480 1732 studio
1505 1699 1573 1732 iam
1600 1701 1742 1740 1111111111,
1768 1707 1974 1745 apparatum
1992 1702 2250 1742 conviviorum,

1259 1757 1291 1784 et
1309 1750 1424 1783 nescio
1443 1762 1530 1794 quas
1545 1751 1741 1794 voluptates
1757 1752 2002 1792 anteferimus,
2027 1753 2087 1794 qui
2105 1753 2249 1799 quidem

1260 1801 1364 1845 paulo
1382 1807 1462 1834 ante
1479 1802 1582 1835 etiam
1602 1799 1664 1835 hac
1686 1803 1788 1835 laude
1805 1803 1949 1837 caeteris
1965 1796 2170 1838 nationibus
2186 1817 2250 1838 an-

1260 1852 1529 1886 tecellebamus'?
1581 1852 1650 1886 Sed
1671 1854 1767 1887 brevi
1787 1854 1872 1887 mira
1890 1862 1939 1888 est
1954 1856 2042 1888 sacta
2062 1853 2169 1889 huius
2187 1867 2251 1889 ua·

1260 1903 1368 1937 tionis
1401 1903 1569 1943 mutatio,
1610 1905 1800 1948 negligitur
1834 1917 1888 1939 res
1916 1906 2096 1947 militaris,
2130 1907 2251 1941 11101110

1261 1966 1333 1987 nou
1357 1953 1470 1987 solum
1495 1963 1731 1998 spernuntur,
1765 1957 1823 1989 sed
1849 1957 1952 1990 etiam
1984 1964 2067 1991 suut
2092 1958 2128 1992 in
2157 1958 2251 1993 odio.

1260 2004 1306 2039 Et
1329 2002 1586 2039 honestissimis
1616 2007 1742 2040 studiis
1764 2016 2003 2042 successerunt
2026 2009 2136 2043 multa
2158 2009 2253 2049 vitia.

1263 2057 1380 2113 luxus,
1403 2056 1564 2096 ambitio,
1587 2058 1744 2102 perfidia,
1770 2066 1801 2091 et
1823 2059 2009 2104 pleraeque
2024 2060 2113 2093 aliae
2131 2067 2254 2104 pestes,

1262 2119 1349 2152 (pute
1372 2107 1556 2141 intestinas
1579 2109 1772 2143 discordias
1797 2116 1828 2143 et
1853 2109 1938 2143 alias
1959 2110 2171 2145 calamitates
2191 2124 2251 2155 pa-

1264 2159 1371 2193 riunt.
1425 2158 1546 2200 (hiare
1572 2167 1603 2193 01
1623 2160 1819 2204 Principes„
1848 2167 1877 2193 et
1899 2161 2024 2206 reliqui
2043 2162 2254 2207 111ιί111110τί-

1263 2217 1331 2244 tate
1348 2216 1501 2243 caeteros
1520 2212 1744 2254 praecedunt.
1772 2211 1868 2244 11111111
1885 2213 2113 2246 contentione.
2131 2213 2254 2247 iuven-

1264 2268 1373 2294 tutem
1399 2273 1562 2295 revocare.
1587 2263 1628 2294 ad
1655 2269 1744 2295 recta
1770 2263 1883 2295 studia
1900 2264 2070 2303 debeant,
2097 2277 2254 2309 110111110-

1264 2313 1364 2396 iipue
1388 2313 1430 2344 ad
1455 2313 1710 2358 eloquentiam,
1738 2327 1825 2358 quae
1845 2315 1879 2347 111
1900 2313 2037 2359 1111111111.
2062 2317 2253 2353 maximum

1280 2365 1367 2396 nabet
1387 2375 1499 2397 usum.

1367 2413 1478 2447 Porro
1501 2414 1527 2447 si
1557 2415 1636 2459 quis
1661 2412 1726 2448 hoc
1751 2416 1906 2449 studium
1936 2429 1976 2449 eo
2001 2417 2118 2450 minus
2145 2424 2255 2457 curat,

1265 2466 1346 2510 quia
1364 2472 1462 2509 putat
1480 2472 1617 2499 tantum
1642 2469 1804 2509 prodesse
1821 2469 1862 2501 ad
1882 2480 1991 2509 genus
2014 2468 2205 2508 sermonis,
2228 2469 2256 2502 is

1236 2563 1238 2572 Ι
1268 2519 1367 2557 louge
1386 2524 1488 2550 errat.
1533 2515 1604 2550 Etsi
1623 2518 1716 2550 enim
1737 2530 1807 2551 111111
1826 2526 1873 2551 est
1892 2519 2012 2560 exigua
2031 2519 2174 2558 utilitas,
2201 2520 2257 2553 iu-

1267 2575 1435 2600 structum
1460 2579 1532 2600 esse
1558 2569 1657 2612 copia
1687 2570 1875 2605 sermonis,
1911 2577 2026 2603 tamen
2055 2571 2255 2605 exercitatio

1267 2619 1406 2651 dii-endi
1432 2619 1535 2651 etiam
1561 2621 1603 2651 de
1629 2621 1747 2653 inultis
1772 2621 1874 2653 relius
1901 2621 2025 2654 sut-tuat
2052 2622 2198 2660 iudicia,
2224 2629 2257 2656 et

1268 2677 1359 2703 certe
1384 2670 1521 2702 animus
1546 2672 1586 2703 ad
1612 2671 1830 2711 diligenti-uu
1855 2673 2047 2707 assuefacit.
2103 2673 2255 2715 Legendi

224 2747 317 2774 111111,
347 2749 383 2769 ae
400 2736 487 2767 110111·
505 2743 642 2777 sperare
661 2742 718 2762 0115
735 2731 776 2760 de
795 2729 972 2760 voluntate
992 2723 1215 2770 imperatoris
1268 2729 1346 2754 suut
1367 2723 1408 2753 de
1424 2722 1565 2765 optimis
1585 2723 1687 2755 relius
1704 2722 1950 2766 sapientissimi
1973 2724 2167 2768 scriptores,
2194 2724 2255 2769 qui
