<?xml version="1.0" encoding="UTF-8"?>
<!DOCTYPE html PUBLIC "-//W3C//DTD XHTML 1.0 Transitional//EN"
    "http://www.w3.org/TR/xhtml1/DTD/xhtml1-transitional.dtd">
<html xmlns="http://www.w3.org/1999/xhtml" xml:lang="en" lang="en">
 <head>
  <title>
</title>
<meta http-equiv="Content-Type" content="text/html;charset=utf-8" />
  <meta name='ocr-system' content='tesseract 3.04.00' />
  <meta name='ocr-capabilities' content='ocr_page ocr_carea ocr_par ocr_line ocrx_word'/>
</head>
<body>
  <div class='ocr_page' id='page_1' title='image "./operaquaesupersu11melauoft/operaquaesupersu11melauoft_0119.png"; bbox 0 0 2338 2958; ppageno 0'>
   <div class='ocr_carea' id='block_1_1' title="bbox 29 117 101 152">
    <p class='ocr_par' dir='ltr' id='par_1_1' title="bbox 29 117 101 152">
     <span class='ocr_line' id='line_1_1' title="bbox 29 117 101 152; baseline 0 0"><span class='ocrx_word' id='word_1_1' title='bbox 29 117 101 152; x_wconf 79' lang='lat'>221</span> 
     </span>
    </p>
   </div>
   <div class='ocr_carea' id='block_1_2' title="bbox 23 196 1019 1713">
    <p class='ocr_par' dir='ltr' id='par_1_2' title="bbox 23 196 1019 1713">
     <span class='ocr_line' id='line_1_2' title="bbox 27 196 1019 246; baseline -0.004 -12"><span class='ocrx_word' id='word_1_2' title='bbox 27 200 264 246; x_wconf 88' lang='lat' dir='ltr'>plicationem.</span> <span class='ocrx_word' id='word_1_3' title='bbox 313 197 402 231; x_wconf 88' lang='lat' dir='ltr'>Nam</span> <span class='ocrx_word' id='word_1_4' title='bbox 420 196 513 231; x_wconf 81' lang='lat' dir='ltr'>dicta</span> <span class='ocrx_word' id='word_1_5' title='bbox 531 197 572 231; x_wconf 90' lang='lat' dir='ltr'>de</span> <span class='ocrx_word' id='word_1_6' title='bbox 588 197 790 232; x_wconf 68' lang='lat' dir='ltr'>facultatum</span> <span class='ocrx_word' id='word_1_7' title='bbox 808 196 1019 236; x_wconf 80' lang='lat' dir='ltr'>desertione,</span> 
     </span>
     <span class='ocr_line' id='line_1_3' title="bbox 29 248 1018 294; baseline -0.005 -8"><span class='ocrx_word' id='word_1_8' title='bbox 29 253 71 286; x_wconf 85' lang='lat' dir='ltr'>de</span> <span class='ocrx_word' id='word_1_9' title='bbox 88 262 159 284; x_wconf 92' lang='lat' dir='ltr'>non</span> <span class='ocrx_word' id='word_1_10' title='bbox 180 249 416 289; x_wconf 86' lang='lat' dir='ltr'>vindicando,</span> <span class='ocrx_word' id='word_1_11' title='bbox 442 257 613 294; x_wconf 86' lang='lat' dir='ltr'>quantum</span> <span class='ocrx_word' id='word_1_12' title='bbox 641 256 800 293; x_wconf 79' lang='lat' dir='ltr'>parerent</span> <span class='ocrx_word' id='word_1_13' title='bbox 819 248 1018 282; x_wconf 83' lang='lat' dir='ltr'>absurdita-</span> 
     </span>
     <span class='ocr_line' id='line_1_4' title="bbox 28 299 1017 345; baseline -0.004 -9"><span class='ocrx_word' id='word_1_14' title='bbox 28 303 84 343; x_wconf 87' lang='lat' dir='ltr'>tis,</span> <span class='ocrx_word' id='word_1_15' title='bbox 101 301 129 334; x_wconf 88' lang='lat' dir='ltr'>si</span> <span class='ocrx_word' id='word_1_16' title='bbox 146 313 219 334; x_wconf 92' lang='lat' dir='ltr'>non</span> <span class='ocrx_word' id='word_1_17' title='bbox 235 300 413 333; x_wconf 82' lang='lat' dir='ltr'>accederet</span> <span class='ocrx_word' id='word_1_18' title='bbox 429 300 565 334; x_wconf 87' lang='lat' dir='ltr'>erudita</span> <span class='ocrx_word' id='word_1_19' title='bbox 583 300 850 345; x_wconf 76' lang='lat' dir='ltr'>interpretatio?</span> <span class='ocrx_word' id='word_1_20' title='bbox 874 299 1017 342; x_wconf 86' lang='lat' dir='ltr'>Quanto</span> 
     </span>
     <span class='ocr_line' id='line_1_5' title="bbox 29 349 1019 396; baseline -0.004 -9"><span class='ocrx_word' id='word_1_21' title='bbox 29 352 135 396; x_wconf 84' lang='lat' dir='ltr'>magis</span> <span class='ocrx_word' id='word_1_22' title='bbox 152 362 240 396; x_wconf 90' lang='lat' dir='ltr'>opus</span> <span class='ocrx_word' id='word_1_23' title='bbox 257 357 306 385; x_wconf 86' lang='lat' dir='ltr'>est</span> <span class='ocrx_word' id='word_1_24' title='bbox 325 350 616 394; x_wconf 72' lang='lat' dir='ltr'>interpretatione</span> <span class='ocrx_word' id='word_1_25' title='bbox 634 352 670 384; x_wconf 92' lang='lat' dir='ltr'>in</span> <span class='ocrx_word' id='word_1_26' title='bbox 695 349 758 384; x_wconf 88' lang='lat' dir='ltr'>hac</span> <span class='ocrx_word' id='word_1_27' title='bbox 776 350 944 384; x_wconf 87' lang='lat' dir='ltr'>varietate</span> <span class='ocrx_word' id='word_1_28' title='bbox 965 351 1019 383; x_wconf 90' lang='lat' dir='ltr'>fo-</span> 
     </span>
     <span class='ocr_line' id='line_1_6' title="bbox 27 401 1019 447; baseline -0.004 -10"><span class='ocrx_word' id='word_1_29' title='bbox 27 403 183 437; x_wconf 87' lang='lat' dir='ltr'>rensium</span> <span class='ocrx_word' id='word_1_30' title='bbox 202 402 476 442; x_wconf 88' lang='lat' dir='ltr'>sententiarum,</span> <span class='ocrx_word' id='word_1_31' title='bbox 506 414 594 447; x_wconf 87' lang='lat' dir='ltr'>quae</span> <span class='ocrx_word' id='word_1_32' title='bbox 618 402 789 445; x_wconf 88' lang='lat' dir='ltr'>colligunt</span> <span class='ocrx_word' id='word_1_33' title='bbox 809 401 917 434; x_wconf 88' lang='lat' dir='ltr'>multa</span> <span class='ocrx_word' id='word_1_34' title='bbox 937 412 1019 445; x_wconf 90' lang='lat' dir='ltr'>par-</span> 
     </span>
     <span class='ocr_line' id='line_1_7' title="bbox 27 452 1018 496; baseline -0.004 -8"><span class='ocrx_word' id='word_1_35' title='bbox 27 453 198 488; x_wconf 86' lang='lat' dir='ltr'>ticularia.</span> <span class='ocrx_word' id='word_1_36' title='bbox 252 452 412 486; x_wconf 87' lang='lat' dir='ltr'>Fuerunt</span> <span class='ocrx_word' id='word_1_37' title='bbox 435 452 543 495; x_wconf 83' lang='lat' dir='ltr'>igitur</span> <span class='ocrx_word' id='word_1_38' title='bbox 566 452 680 486; x_wconf 89' lang='lat' dir='ltr'>statim</span> <span class='ocrx_word' id='word_1_39' title='bbox 699 452 802 485; x_wconf 89' lang='lat' dir='ltr'>initio</span> <span class='ocrx_word' id='word_1_40' title='bbox 826 458 903 496; x_wconf 87' lang='lat' dir='ltr'>post</span> <span class='ocrx_word' id='word_1_41' title='bbox 919 459 1018 485; x_wconf 90' lang='lat' dir='ltr'>natas</span> 
     </span>
     <span class='ocr_line' id='line_1_8' title="bbox 28 501 1016 549; baseline -0.003 -11"><span class='ocrx_word' id='word_1_42' title='bbox 28 505 134 548; x_wconf 85' lang='lat' dir='ltr'>leges,</span> <span class='ocrx_word' id='word_1_43' title='bbox 169 504 228 549; x_wconf 90' lang='lat' dir='ltr'>qui</span> <span class='ocrx_word' id='word_1_44' title='bbox 251 504 421 536; x_wconf 76' lang='lat' dir='ltr'>adderent</span> <span class='ocrx_word' id='word_1_45' title='bbox 446 503 770 547; x_wconf 68' lang='lat' dir='ltr'>interpretationes,</span> <span class='ocrx_word' id='word_1_46' title='bbox 806 509 840 536; x_wconf 89' lang='lat' dir='ltr'>et</span> <span class='ocrx_word' id='word_1_47' title='bbox 866 501 1016 536; x_wconf 84' lang='lat' dir='ltr'>Athenis</span> 
     </span>
     <span class='ocr_line' id='line_1_9' title="bbox 27 553 1015 597; baseline -0.001 -8"><span class='ocrx_word' id='word_1_48' title='bbox 27 567 44 589; x_wconf 85' lang='lat' dir='ltr'>a</span> <span class='ocrx_word' id='word_1_49' title='bbox 83 555 186 588; x_wconf 87' lang='lat' dir='ltr'>certis</span> <span class='ocrx_word' id='word_1_50' title='bbox 229 554 494 597; x_wconf 78' lang='lat' dir='ltr'>Magistratibus</span> <span class='ocrx_word' id='word_1_51' title='bbox 535 553 777 597; x_wconf 71' lang='lat' dir='ltr'>interpretatio</span> <span class='ocrx_word' id='word_1_52' title='bbox 821 554 1015 597; x_wconf 81' lang='lat' dir='ltr'>petebatur.</span> 
     </span>
     <span class='ocr_line' id='line_1_10' title="bbox 26 604 1018 649; baseline -0.003 -10"><span class='ocrx_word' id='word_1_53' title='bbox 26 605 217 639; x_wconf 85' lang='lat' dir='ltr'>Laudanda</span> <span class='ocrx_word' id='word_1_54' title='bbox 250 612 299 638; x_wconf 89' lang='lat' dir='ltr'>est</span> <span class='ocrx_word' id='word_1_55' title='bbox 331 605 438 645; x_wconf 78' lang='lat' dir='ltr'>igitur</span> <span class='ocrx_word' id='word_1_56' title='bbox 464 604 652 649; x_wconf 89' lang='lat' dir='ltr'>prudentia</span> <span class='ocrx_word' id='word_1_57' title='bbox 678 616 896 638; x_wconf 89' lang='lat' dir='ltr'>summorum</span> <span class='ocrx_word' id='word_1_58' title='bbox 922 604 1018 636; x_wconf 89' lang='lat' dir='ltr'>viro-</span> 
     </span>
     <span class='ocr_line' id='line_1_11' title="bbox 27 653 1017 701; baseline -0.001 -12"><span class='ocrx_word' id='word_1_59' title='bbox 27 668 121 697; x_wconf 88' lang='lat' dir='ltr'>rum,</span> <span class='ocrx_word' id='word_1_60' title='bbox 149 656 209 701; x_wconf 86' lang='lat' dir='ltr'>qni</span> <span class='ocrx_word' id='word_1_61' title='bbox 232 663 413 700; x_wconf 80' lang='lat' dir='ltr'>postquam</span> <span class='ocrx_word' id='word_1_62' title='bbox 434 654 658 699; x_wconf 88' lang='lat' dir='ltr'>Imperatoris</span> <span class='ocrx_word' id='word_1_63' title='bbox 675 653 835 688; x_wconf 81' lang='lat' dir='ltr'>Lotharii</span> <span class='ocrx_word' id='word_1_64' title='bbox 860 661 1017 699; x_wconf 87' lang='lat' dir='ltr'>tempore</span> 
     </span>
     <span class='ocr_line' id='line_1_12' title="bbox 26 703 1017 749; baseline -0.002 -9"><span class='ocrx_word' id='word_1_65' title='bbox 26 719 146 740; x_wconf 86' lang='lat' dir='ltr'>rursus</span> <span class='ocrx_word' id='word_1_66' title='bbox 171 719 210 740; x_wconf 80' lang='lat' dir='ltr'>ex</span> <span class='ocrx_word' id='word_1_67' title='bbox 235 703 458 740; x_wconf 80' lang='lat' dir='ltr'>bibliothecis</span> <span class='ocrx_word' id='word_1_68' title='bbox 482 706 637 749; x_wconf 88' lang='lat' dir='ltr'>prolatae</span> <span class='ocrx_word' id='word_1_69' title='bbox 659 712 742 739; x_wconf 86' lang='lat' dir='ltr'>sunt</span> <span class='ocrx_word' id='word_1_70' title='bbox 767 703 942 738; x_wconf 81' lang='lat' dir='ltr'>humanae</span> <span class='ocrx_word' id='word_1_71' title='bbox 966 706 1017 738; x_wconf 89' lang='lat' dir='ltr'>le-</span> 
     </span>
     <span class='ocr_line' id='line_1_13' title="bbox 25 756 1016 801; baseline -0.002 -11"><span class='ocrx_word' id='word_1_72' title='bbox 25 769 102 801; x_wconf 83' lang='lat' dir='ltr'>ges,</span> <span class='ocrx_word' id='word_1_73' title='bbox 128 765 160 791; x_wconf 91' lang='lat' dir='ltr'>et</span> <span class='ocrx_word' id='word_1_74' title='bbox 175 758 210 790; x_wconf 93' lang='lat' dir='ltr'>in</span> <span class='ocrx_word' id='word_1_75' title='bbox 228 758 362 796; x_wconf 88' lang='lat' dir='ltr'>sorum,</span> <span class='ocrx_word' id='word_1_76' title='bbox 387 769 425 788; x_wconf 88' lang='lat' dir='ltr'>ac</span> <span class='ocrx_word' id='word_1_77' title='bbox 442 757 574 789; x_wconf 87' lang='lat' dir='ltr'>curiam</span> <span class='ocrx_word' id='word_1_78' title='bbox 594 764 788 797; x_wconf 82' lang='lat' dir='ltr'>revocatae,</span> <span class='ocrx_word' id='word_1_79' title='bbox 815 756 931 789; x_wconf 88' lang='lat' dir='ltr'>statim</span> <span class='ocrx_word' id='word_1_80' title='bbox 954 757 1016 789; x_wconf 89' lang='lat' dir='ltr'>ad-</span> 
     </span>
     <span class='ocr_line' id='line_1_14' title="bbox 25 807 1014 851; baseline -0.002 -10"><span class='ocrx_word' id='word_1_81' title='bbox 25 810 106 841; x_wconf 80' lang='lat' dir='ltr'>dere.</span> <span class='ocrx_word' id='word_1_82' title='bbox 125 807 394 842; x_wconf 85' lang='lat' dir='ltr'>commentarios</span> <span class='ocrx_word' id='word_1_83' title='bbox 412 814 612 851; x_wconf 87' lang='lat' dir='ltr'>coeperunt.</span> <span class='ocrx_word' id='word_1_84' title='bbox 651 807 695 841; x_wconf 88' lang='lat' dir='ltr'>Ut</span> <span class='ocrx_word' id='word_1_85' title='bbox 713 814 826 841; x_wconf 89' lang='lat' dir='ltr'>autem</span> <span class='ocrx_word' id='word_1_86' title='bbox 846 807 1014 851; x_wconf 76' lang='lat' dir='ltr'>singulari</span> 
     </span>
     <span class='ocr_line' id='line_1_15' title="bbox 25 857 1016 893; baseline -0.003 0"><span class='ocrx_word' id='word_1_87' title='bbox 25 859 194 893; x_wconf 81' lang='lat' dir='ltr'>beneficio</span> <span class='ocrx_word' id='word_1_88' title='bbox 211 858 275 892; x_wconf 89' lang='lat' dir='ltr'>Dei</span> <span class='ocrx_word' id='word_1_89' title='bbox 292 858 445 890; x_wconf 83' lang='lat' dir='ltr'>arbitror</span> <span class='ocrx_word' id='word_1_90' title='bbox 463 864 545 891; x_wconf 88' lang='lat' dir='ltr'>tunc</span> <span class='ocrx_word' id='word_1_91' title='bbox 564 858 761 891; x_wconf 87' lang='lat' dir='ltr'>restitutum</span> <span class='ocrx_word' id='word_1_92' title='bbox 780 869 852 891; x_wconf 86' lang='lat' dir='ltr'>esse</span> <span class='ocrx_word' id='word_1_93' title='bbox 870 859 924 891; x_wconf 88' lang='lat' dir='ltr'>ius</span> <span class='ocrx_word' id='word_1_94' title='bbox 940 857 1016 892; x_wconf 84' lang='lat' dir='ltr'>Ro-</span> 
     </span>
     <span class='ocr_line' id='line_1_16' title="bbox 25 909 1015 953; baseline 0 -11"><span class='ocrx_word' id='word_1_95' title='bbox 25 921 186 949; x_wconf 83' lang='lat' dir='ltr'>manum,</span> <span class='ocrx_word' id='word_1_96' title='bbox 214 909 260 942; x_wconf 90' lang='lat' dir='ltr'>ita</span> <span class='ocrx_word' id='word_1_97' title='bbox 285 921 355 941; x_wconf 89' lang='lat' dir='ltr'>nun</span> <span class='ocrx_word' id='word_1_98' title='bbox 375 909 489 952; x_wconf 86' lang='lat' dir='ltr'>potuit</span> <span class='ocrx_word' id='word_1_99' title='bbox 509 909 581 942; x_wconf 89' lang='lat' dir='ltr'>fieri</span> <span class='ocrx_word' id='word_1_100' title='bbox 602 909 668 941; x_wconf 92' lang='lat' dir='ltr'>nisi</span> <span class='ocrx_word' id='word_1_101' title='bbox 687 909 878 953; x_wconf 80' lang='lat' dir='ltr'>divinitus,</span> <span class='ocrx_word' id='word_1_102' title='bbox 907 915 943 942; x_wconf 89' lang='lat' dir='ltr'>ut</span> <span class='ocrx_word' id='word_1_103' title='bbox 969 909 1015 942; x_wconf 85' lang='lat' dir='ltr'>si-</span> 
     </span>
     <span class='ocr_line' id='line_1_17' title="bbox 25 959 1012 1005; baseline -0.002 -12"><span class='ocrx_word' id='word_1_104' title='bbox 25 961 97 993; x_wconf 85' lang='lat' dir='ltr'>mul</span> <span class='ocrx_word' id='word_1_105' title='bbox 117 967 169 994; x_wconf 88' lang='lat' dir='ltr'>tot</span> <span class='ocrx_word' id='word_1_106' title='bbox 185 960 338 1003; x_wconf 83' lang='lat' dir='ltr'>preclara</span> <span class='ocrx_word' id='word_1_107' title='bbox 357 959 496 1002; x_wconf 89' lang='lat' dir='ltr'>ingenia</span> <span class='ocrx_word' id='word_1_108' title='bbox 516 959 748 1000; x_wconf 82' lang='lat' dir='ltr'>exorirentur,</span> <span class='ocrx_word' id='word_1_109' title='bbox 767 972 856 1005; x_wconf 89' lang='lat' dir='ltr'>quae</span> <span class='ocrx_word' id='word_1_110' title='bbox 871 971 1012 1004; x_wconf 80' lang='lat' dir='ltr'>operam</span> 
     </span>
     <span class='ocr_line' id='line_1_18' title="bbox 24 1010 1016 1044; baseline -0.002 0"><span class='ocrx_word' id='word_1_111' title='bbox 24 1011 251 1044; x_wconf 87' lang='lat' dir='ltr'>contulerunt</span> <span class='ocrx_word' id='word_1_112' title='bbox 290 1012 331 1043; x_wconf 88' lang='lat' dir='ltr'>ad</span> <span class='ocrx_word' id='word_1_113' title='bbox 373 1010 470 1042; x_wconf 91' lang='lat' dir='ltr'>illam</span> <span class='ocrx_word' id='word_1_114' title='bbox 507 1018 657 1043; x_wconf 77' lang='lat' dir='ltr'>veterem</span> <span class='ocrx_word' id='word_1_115' title='bbox 695 1011 895 1044; x_wconf 86' lang='lat' dir='ltr'>doctrinam</span> <span class='ocrx_word' id='word_1_116' title='bbox 930 1010 1016 1043; x_wconf 88' lang='lat' dir='ltr'>illu-</span> 
     </span>
     <span class='ocr_line' id='line_1_19' title="bbox 25 1060 1015 1107; baseline 0 -13"><span class='ocrx_word' id='word_1_117' title='bbox 25 1064 216 1095; x_wconf 86' lang='lat' dir='ltr'>strandam.</span> <span class='ocrx_word' id='word_1_118' title='bbox 266 1061 343 1103; x_wconf 81' lang='lat' dir='ltr'>Qua</span> <span class='ocrx_word' id='word_1_119' title='bbox 363 1061 400 1093; x_wconf 91' lang='lat' dir='ltr'>in</span> <span class='ocrx_word' id='word_1_120' title='bbox 417 1073 453 1093; x_wconf 88' lang='lat' dir='ltr'>re</span> <span class='ocrx_word' id='word_1_121' title='bbox 469 1060 496 1093; x_wconf 89' lang='lat' dir='ltr'>si</span> <span class='ocrx_word' id='word_1_122' title='bbox 516 1061 594 1106; x_wconf 88' lang='lat' dir='ltr'>quis</span> <span class='ocrx_word' id='word_1_123' title='bbox 612 1061 740 1105; x_wconf 85' lang='lat' dir='ltr'>cogitat</span> <span class='ocrx_word' id='word_1_124' title='bbox 755 1068 884 1107; x_wconf 87' lang='lat' dir='ltr'>quanta</span> <span class='ocrx_word' id='word_1_125' title='bbox 910 1061 1015 1094; x_wconf 89' lang='lat' dir='ltr'>fuerit</span> 
     </span>
     <span class='ocr_line' id='line_1_20' title="bbox 26 1111 1014 1156; baseline -0.002 -10"><span class='ocrx_word' id='word_1_126' title='bbox 26 1113 214 1146; x_wconf 70' lang='lat' dir='ltr'>difficultas</span> <span class='ocrx_word' id='word_1_127' title='bbox 233 1111 356 1151; x_wconf 83' lang='lat' dir='ltr'>initio,</span> <span class='ocrx_word' id='word_1_128' title='bbox 383 1123 456 1143; x_wconf 89' lang='lat' dir='ltr'>non</span> <span class='ocrx_word' id='word_1_129' title='bbox 475 1113 601 1154; x_wconf 82' lang='lat' dir='ltr'>poterit</span> <span class='ocrx_word' id='word_1_130' title='bbox 618 1124 690 1145; x_wconf 90' lang='lat' dir='ltr'>non</span> <span class='ocrx_word' id='word_1_131' title='bbox 711 1113 910 1156; x_wconf 89' lang='lat' dir='ltr'>vituperare</span> <span class='ocrx_word' id='word_1_132' title='bbox 927 1112 1014 1145; x_wconf 88' lang='lat' dir='ltr'>stul-</span> 
     </span>
     <span class='ocr_line' id='line_1_21' title="bbox 26 1159 1015 1207; baseline -0.002 -11"><span class='ocrx_word' id='word_1_133' title='bbox 26 1163 154 1201; x_wconf 83' lang='lat' dir='ltr'>ticiam,</span> <span class='ocrx_word' id='word_1_134' title='bbox 181 1169 285 1207; x_wconf 86' lang='lat' dir='ltr'>atque</span> <span class='ocrx_word' id='word_1_135' title='bbox 302 1162 589 1205; x_wconf 87' lang='lat' dir='ltr'>ingratitudinem</span> <span class='ocrx_word' id='word_1_136' title='bbox 607 1174 742 1202; x_wconf 88' lang='lat' dir='ltr'>eorum,</span> <span class='ocrx_word' id='word_1_137' title='bbox 764 1163 823 1207; x_wconf 93' lang='lat' dir='ltr'>qui</span> <span class='ocrx_word' id='word_1_138' title='bbox 843 1159 905 1195; x_wconf 86' lang='lat' dir='ltr'>hos</span> <span class='ocrx_word' id='word_1_139' title='bbox 922 1161 1015 1195; x_wconf 89' lang='lat' dir='ltr'>Her-</span> 
     </span>
     <span class='ocr_line' id='line_1_22' title="bbox 24 1213 1014 1256; baseline -0.002 -10"><span class='ocrx_word' id='word_1_140' title='bbox 24 1214 169 1246; x_wconf 88' lang='lat' dir='ltr'>culanos</span> <span class='ocrx_word' id='word_1_141' title='bbox 195 1213 332 1245; x_wconf 83' lang='lat' dir='ltr'>labores</span> <span class='ocrx_word' id='word_1_142' title='bbox 359 1225 431 1244; x_wconf 87' lang='lat' dir='ltr'>non</span> <span class='ocrx_word' id='word_1_143' title='bbox 459 1213 752 1256; x_wconf 85' lang='lat' dir='ltr'>magnipendunt.</span> <span class='ocrx_word' id='word_1_144' title='bbox 805 1213 910 1246; x_wconf 67' lang='lat' dir='ltr'>Vetus</span> <span class='ocrx_word' id='word_1_145' title='bbox 930 1225 1014 1246; x_wconf 90' lang='lat' dir='ltr'>con-</span> 
     </span>
     <span class='ocr_line' id='line_1_23' title="bbox 23 1263 1013 1298; baseline -0.002 -1"><span class='ocrx_word' id='word_1_146' title='bbox 23 1265 171 1298; x_wconf 86' lang='lat' dir='ltr'>suetudo</span> <span class='ocrx_word' id='word_1_147' title='bbox 189 1264 255 1296; x_wconf 84' lang='lat' dir='ltr'>sori</span> <span class='ocrx_word' id='word_1_148' title='bbox 273 1276 310 1295; x_wconf 90' lang='lat' dir='ltr'>ac</span> <span class='ocrx_word' id='word_1_149' title='bbox 328 1263 541 1296; x_wconf 87' lang='lat' dir='ltr'>iudiciorum</span> <span class='ocrx_word' id='word_1_150' title='bbox 559 1263 802 1298; x_wconf 83' lang='lat' dir='ltr'>Romanorum</span> <span class='ocrx_word' id='word_1_151' title='bbox 821 1263 934 1296; x_wconf 87' lang='lat' dir='ltr'>fuerat</span> <span class='ocrx_word' id='word_1_152' title='bbox 951 1276 1013 1295; x_wconf 89' lang='lat' dir='ltr'>an-</span> 
     </span>
     <span class='ocr_line' id='line_1_24' title="bbox 25 1311 1014 1360; baseline -0.002 -12"><span class='ocrx_word' id='word_1_153' title='bbox 25 1315 174 1360; x_wconf 84' lang='lat' dir='ltr'>tiquata,</span> <span class='ocrx_word' id='word_1_154' title='bbox 207 1321 305 1347; x_wconf 84' lang='lat' dir='ltr'>erant</span> <span class='ocrx_word' id='word_1_155' title='bbox 331 1314 469 1356; x_wconf 81' lang='lat' dir='ltr'>ignotae.</span> <span class='ocrx_word' id='word_1_156' title='bbox 495 1311 663 1347; x_wconf 85' lang='lat' dir='ltr'>historiae</span> <span class='ocrx_word' id='word_1_157' title='bbox 689 1320 839 1354; x_wconf 79' lang='lat' dir='ltr'>veteres,</span> <span class='ocrx_word' id='word_1_158' title='bbox 867 1327 956 1359; x_wconf 87' lang='lat' dir='ltr'>quae</span> <span class='ocrx_word' id='word_1_159' title='bbox 983 1321 1014 1346; x_wconf 88' lang='lat' dir='ltr'>et</span> 
     </span>
     <span class='ocr_line' id='line_1_25' title="bbox 27 1365 1014 1409; baseline -0.002 -11"><span class='ocrx_word' id='word_1_160' title='bbox 27 1366 120 1409; x_wconf 86' lang='lat' dir='ltr'>ipsae</span> <span class='ocrx_word' id='word_1_161' title='bbox 145 1366 263 1397; x_wconf 83' lang='lat' dir='ltr'>lumen</span> <span class='ocrx_word' id='word_1_162' title='bbox 289 1376 390 1407; x_wconf 87' lang='lat' dir='ltr'>saepe</span> <span class='ocrx_word' id='word_1_163' title='bbox 417 1365 568 1396; x_wconf 75' lang='lat' dir='ltr'>afferunt</span> <span class='ocrx_word' id='word_1_164' title='bbox 594 1365 748 1407; x_wconf 81' lang='lat' dir='ltr'>legibus,</span> <span class='ocrx_word' id='word_1_165' title='bbox 778 1365 896 1407; x_wconf 86' lang='lat' dir='ltr'>lingna</span> <span class='ocrx_word' id='word_1_166' title='bbox 915 1371 1014 1397; x_wconf 73' lang='lat' dir='ltr'>vetus</span> 
     </span>
     <span class='ocr_line' id='line_1_26' title="bbox 24 1411 1012 1459; baseline -0.003 -10"><span class='ocrx_word' id='word_1_167' title='bbox 24 1422 187 1459; x_wconf 73' lang='lat' dir='ltr'>corrupta</span> <span class='ocrx_word' id='word_1_168' title='bbox 209 1422 291 1448; x_wconf 76' lang='lat' dir='ltr'>omi.</span> <span class='ocrx_word' id='word_1_169' title='bbox 338 1414 376 1447; x_wconf 94' lang='lat' dir='ltr'>ln</span> <span class='ocrx_word' id='word_1_170' title='bbox 395 1411 449 1446; x_wconf 90' lang='lat' dir='ltr'>bis</span> <span class='ocrx_word' id='word_1_171' title='bbox 467 1415 572 1447; x_wconf 90' lang='lat' dir='ltr'>tantis</span> <span class='ocrx_word' id='word_1_172' title='bbox 592 1415 871 1458; x_wconf 77' lang='lat' dir='ltr'>impedimentis,</span> <span class='ocrx_word' id='word_1_173' title='bbox 899 1421 1012 1448; x_wconf 88' lang='lat' dir='ltr'>tamen</span> 
     </span>
     <span class='ocr_line' id='line_1_27' title="bbox 26 1464 1013 1510; baseline -0.003 -10"><span class='ocrx_word' id='word_1_174' title='bbox 26 1466 156 1510; x_wconf 82' lang='lat' dir='ltr'>ingenti</span> <span class='ocrx_word' id='word_1_175' title='bbox 181 1466 300 1498; x_wconf 82' lang='lat' dir='ltr'>animo</span> <span class='ocrx_word' id='word_1_176' title='bbox 325 1464 501 1505; x_wconf 65' lang='lat' dir='ltr'>Ismenus,</span> <span class='ocrx_word' id='word_1_177' title='bbox 533 1473 565 1499; x_wconf 90' lang='lat' dir='ltr'>et</span> <span class='ocrx_word' id='word_1_178' title='bbox 584 1465 713 1498; x_wconf 89' lang='lat' dir='ltr'>deinde</span> <span class='ocrx_word' id='word_1_179' title='bbox 738 1466 797 1498; x_wconf 88' lang='lat' dir='ltr'>alii</span> <span class='ocrx_word' id='word_1_180' title='bbox 824 1473 1013 1509; x_wconf 84' lang='lat' dir='ltr'>coeperunt</span> 
     </span>
     <span class='ocr_line' id='line_1_28' title="bbox 25 1515 1013 1560; baseline -0.005 -9"><span class='ocrx_word' id='word_1_181' title='bbox 25 1518 184 1551; x_wconf 87' lang='lat' dir='ltr'>conferre</span> <span class='ocrx_word' id='word_1_182' title='bbox 201 1523 330 1555; x_wconf 87' lang='lat' dir='ltr'>textus,</span> <span class='ocrx_word' id='word_1_183' title='bbox 357 1528 523 1560; x_wconf 86' lang='lat' dir='ltr'>quaerere</span> <span class='ocrx_word' id='word_1_184' title='bbox 540 1516 748 1549; x_wconf 85' lang='lat' dir='ltr'>sententiam</span> <span class='ocrx_word' id='word_1_185' title='bbox 768 1528 807 1549; x_wconf 92' lang='lat' dir='ltr'>ex</span> <span class='ocrx_word' id='word_1_186' title='bbox 825 1516 907 1559; x_wconf 90' lang='lat' dir='ltr'>ipsis</span> <span class='ocrx_word' id='word_1_187' title='bbox 928 1515 1013 1558; x_wconf 88' lang='lat' dir='ltr'>legi-</span> 
     </span>
     <span class='ocr_line' id='line_1_29' title="bbox 23 1565 1013 1610; baseline -0.004 -9"><span class='ocrx_word' id='word_1_188' title='bbox 23 1570 108 1608; x_wconf 88' lang='lat' dir='ltr'>bus,</span> <span class='ocrx_word' id='word_1_189' title='bbox 135 1569 248 1600; x_wconf 90' lang='lat' dir='ltr'>ideain</span> <span class='ocrx_word' id='word_1_190' title='bbox 274 1568 381 1599; x_wconf 87' lang='lat' dir='ltr'>totius</span> <span class='ocrx_word' id='word_1_191' title='bbox 405 1567 531 1599; x_wconf 89' lang='lat' dir='ltr'>veteris</span> <span class='ocrx_word' id='word_1_192' title='bbox 557 1565 788 1610; x_wconf 82' lang='lat' dir='ltr'>Reipublicae</span> <span class='ocrx_word' id='word_1_193' title='bbox 812 1567 932 1599; x_wconf 90' lang='lat' dir='ltr'>animo</span> <span class='ocrx_word' id='word_1_194' title='bbox 959 1566 1013 1598; x_wconf 89' lang='lat' dir='ltr'>in-</span> 
     </span>
     <span class='ocr_line' id='line_1_30' title="bbox 24 1616 1013 1662; baseline -0.003 -10"><span class='ocrx_word' id='word_1_195' title='bbox 24 1620 193 1656; x_wconf 87' lang='lat' dir='ltr'>formare,</span> <span class='ocrx_word' id='word_1_196' title='bbox 220 1625 252 1651; x_wconf 88' lang='lat' dir='ltr'>et</span> <span class='ocrx_word' id='word_1_197' title='bbox 271 1616 369 1662; x_wconf 88' lang='lat' dir='ltr'>qnasi</span> <span class='ocrx_word' id='word_1_198' title='bbox 396 1617 584 1660; x_wconf 88' lang='lat' dir='ltr'>imaginem</span> <span class='ocrx_word' id='word_1_199' title='bbox 601 1618 778 1662; x_wconf 87' lang='lat' dir='ltr'>quandam</span> <span class='ocrx_word' id='word_1_200' title='bbox 801 1617 940 1661; x_wconf 86' lang='lat' dir='ltr'>imperii</span> <span class='ocrx_word' id='word_1_201' title='bbox 958 1628 1013 1649; x_wconf 91' lang='lat' dir='ltr'>re-</span> 
     </span>
     <span class='ocr_line' id='line_1_31' title="bbox 24 1667 888 1713; baseline 0 -10"><span class='ocrx_word' id='word_1_202' title='bbox 24 1669 184 1705; x_wconf 83' lang='lat' dir='ltr'>stituere:</span> <span class='ocrx_word' id='word_1_203' title='bbox 212 1669 258 1703; x_wconf 89' lang='lat' dir='ltr'>ita</span> <span class='ocrx_word' id='word_1_204' title='bbox 277 1668 392 1713; x_wconf 90' lang='lat' dir='ltr'>coepit</span> <span class='ocrx_word' id='word_1_205' title='bbox 413 1668 532 1711; x_wconf 88' lang='lat' dir='ltr'>lingua</span> <span class='ocrx_word' id='word_1_206' title='bbox 551 1675 651 1702; x_wconf 84' lang='lat' dir='ltr'>vetus</span> <span class='ocrx_word' id='word_1_207' title='bbox 667 1668 742 1701; x_wconf 85' lang='lat' dir='ltr'>fieri</span> <span class='ocrx_word' id='word_1_208' title='bbox 758 1667 888 1703; x_wconf 86' lang='lat' dir='ltr'>notior.</span> 
     </span>
    </p>
   </div>
   <div class='ocr_carea' id='block_1_3' title="bbox 24 1742 1016 2601">
    <p class='ocr_par' dir='ltr' id='par_1_3' title="bbox 24 1742 1016 2601">
     <span class='ocr_line' id='line_1_32' title="bbox 114 1742 1013 1787; baseline -0.003 -10"><span class='ocrx_word' id='word_1_209' title='bbox 114 1743 243 1787; x_wconf 78' lang='lat' dir='ltr'>Magna</span> <span class='ocrx_word' id='word_1_210' title='bbox 259 1743 369 1787; x_wconf 87' lang='lat' dir='ltr'>gloria</span> <span class='ocrx_word' id='word_1_211' title='bbox 387 1749 437 1776; x_wconf 90' lang='lat' dir='ltr'>est</span> <span class='ocrx_word' id='word_1_212' title='bbox 453 1742 595 1776; x_wconf 90' lang='lat' dir='ltr'>Solonis</span> <span class='ocrx_word' id='word_1_213' title='bbox 611 1749 644 1776; x_wconf 91' lang='lat' dir='ltr'>et</span> <span class='ocrx_word' id='word_1_214' title='bbox 659 1742 822 1783; x_wconf 89' lang='lat' dir='ltr'>aliorum,</span> <span class='ocrx_word' id='word_1_215' title='bbox 851 1742 911 1787; x_wconf 90' lang='lat' dir='ltr'>qui</span> <span class='ocrx_word' id='word_1_216' title='bbox 927 1742 1013 1775; x_wconf 89' lang='lat' dir='ltr'>civi-</span> 
     </span>
     <span class='ocr_line' id='line_1_33' title="bbox 24 1792 1014 1838; baseline -0.005 -8"><span class='ocrx_word' id='word_1_217' title='bbox 24 1795 154 1830; x_wconf 87' lang='lat' dir='ltr'>tatibus</span> <span class='ocrx_word' id='word_1_218' title='bbox 170 1796 260 1838; x_wconf 83' lang='lat' dir='ltr'>leges</span> <span class='ocrx_word' id='word_1_219' title='bbox 277 1794 511 1838; x_wconf 88' lang='lat' dir='ltr'>scripserunt,</span> <span class='ocrx_word' id='word_1_220' title='bbox 538 1801 572 1827; x_wconf 89' lang='lat' dir='ltr'>et</span> <span class='ocrx_word' id='word_1_221' title='bbox 590 1792 822 1837; x_wconf 83' lang='lat' dir='ltr'>Respublicas</span> <span class='ocrx_word' id='word_1_222' title='bbox 841 1794 1014 1837; x_wconf 79' lang='lat' dir='ltr'>sapientes</span> 
     </span>
     <span class='ocr_line' id='line_1_34' title="bbox 25 1844 1014 1887; baseline -0.003 -8"><span class='ocrx_word' id='word_1_223' title='bbox 25 1846 294 1885; x_wconf 78' lang='lat' dir='ltr'>constituerunt,</span> <span class='ocrx_word' id='word_1_224' title='bbox 322 1857 385 1878; x_wconf 88' lang='lat' dir='ltr'>nec</span> <span class='ocrx_word' id='word_1_225' title='bbox 401 1844 549 1877; x_wconf 90' lang='lat' dir='ltr'>dubium</span> <span class='ocrx_word' id='word_1_226' title='bbox 567 1851 616 1876; x_wconf 89' lang='lat' dir='ltr'>est</span> <span class='ocrx_word' id='word_1_227' title='bbox 631 1844 803 1877; x_wconf 87' lang='lat' dir='ltr'>eiusmodi</span> <span class='ocrx_word' id='word_1_228' title='bbox 819 1856 906 1887; x_wconf 90' lang='lat' dir='ltr'>opus</span> <span class='ocrx_word' id='word_1_229' title='bbox 923 1844 1014 1876; x_wconf 85' lang='lat' dir='ltr'>inter</span> 
     </span>
     <span class='ocr_line' id='line_1_35' title="bbox 25 1894 1013 1938; baseline -0.004 -7"><span class='ocrx_word' id='word_1_230' title='bbox 25 1895 178 1931; x_wconf 88' lang='lat' dir='ltr'>humana</span> <span class='ocrx_word' id='word_1_231' title='bbox 211 1895 370 1928; x_wconf 90' lang='lat' dir='ltr'>oinniuiii</span> <span class='ocrx_word' id='word_1_232' title='bbox 399 1896 501 1938; x_wconf 82' lang='lat' dir='ltr'>longe</span> <span class='ocrx_word' id='word_1_233' title='bbox 527 1895 776 1928; x_wconf 83' lang='lat' dir='ltr'>difficillimum</span> <span class='ocrx_word' id='word_1_234' title='bbox 806 1902 841 1928; x_wconf 88' lang='lat' dir='ltr'>et</span> <span class='ocrx_word' id='word_1_235' title='bbox 868 1894 1013 1928; x_wconf 84' lang='lat' dir='ltr'>utilissi-</span> 
     </span>
     <span class='ocr_line' id='line_1_36' title="bbox 26 1945 1014 1989; baseline -0.003 -8"><span class='ocrx_word' id='word_1_236' title='bbox 26 1960 141 1988; x_wconf 83' lang='lat' dir='ltr'>mum,</span> <span class='ocrx_word' id='word_1_237' title='bbox 169 1947 340 1979; x_wconf 83' lang='lat' dir='ltr'>divinitus</span> <span class='ocrx_word' id='word_1_238' title='bbox 356 1945 438 1989; x_wconf 74' lang='lat' dir='ltr'>regi.</span> <span class='ocrx_word' id='word_1_239' title='bbox 492 1946 560 1980; x_wconf 77' lang='lat' dir='ltr'>Sed</span> <span class='ocrx_word' id='word_1_240' title='bbox 586 1958 658 1978; x_wconf 92' lang='lat' dir='ltr'>non</span> <span class='ocrx_word' id='word_1_241' title='bbox 685 1945 803 1978; x_wconf 88' lang='lat' dir='ltr'>minor</span> <span class='ocrx_word' id='word_1_242' title='bbox 825 1946 935 1989; x_wconf 88' lang='lat' dir='ltr'>gloria</span> <span class='ocrx_word' id='word_1_243' title='bbox 953 1947 1014 1978; x_wconf 88' lang='lat' dir='ltr'>de-</span> 
     </span>
     <span class='ocr_line' id='line_1_37' title="bbox 26 1996 1014 2041; baseline -0.005 -8"><span class='ocrx_word' id='word_1_244' title='bbox 26 2000 129 2033; x_wconf 87' lang='lat' dir='ltr'>betur</span> <span class='ocrx_word' id='word_1_245' title='bbox 151 2010 226 2031; x_wconf 90' lang='lat' dir='ltr'>meo</span> <span class='ocrx_word' id='word_1_246' title='bbox 252 1997 382 2030; x_wconf 88' lang='lat' dir='ltr'>iudicio</span> <span class='ocrx_word' id='word_1_247' title='bbox 408 1996 565 2035; x_wconf 83' lang='lat' dir='ltr'>lrnerio,</span> <span class='ocrx_word' id='word_1_248' title='bbox 601 2003 634 2030; x_wconf 87' lang='lat' dir='ltr'>et</span> <span class='ocrx_word' id='word_1_249' title='bbox 659 1996 803 2029; x_wconf 86' lang='lat' dir='ltr'>caeteris</span> <span class='ocrx_word' id='word_1_250' title='bbox 827 1996 886 2041; x_wconf 79' lang='lat' dir='ltr'>qui</span> <span class='ocrx_word' id='word_1_251' title='bbox 919 1996 1014 2030; x_wconf 90' lang='lat' dir='ltr'>illius</span> 
     </span>
     <span class='ocr_line' id='line_1_38' title="bbox 27 2047 1013 2094; baseline -0.004 -11"><span class='ocrx_word' id='word_1_252' title='bbox 27 2049 168 2094; x_wconf 85' lang='lat' dir='ltr'>gloriosi</span> <span class='ocrx_word' id='word_1_253' title='bbox 200 2048 330 2081; x_wconf 86' lang='lat' dir='ltr'>laboris</span> <span class='ocrx_word' id='word_1_254' title='bbox 354 2047 438 2080; x_wconf 81' lang='lat' dir='ltr'>socii</span> <span class='ocrx_word' id='word_1_255' title='bbox 471 2048 626 2081; x_wconf 87' lang='lat' dir='ltr'>fuerunt.</span> <span class='ocrx_word' id='word_1_256' title='bbox 680 2047 824 2080; x_wconf 77' lang='lat' dir='ltr'>Necesse</span> <span class='ocrx_word' id='word_1_257' title='bbox 849 2054 897 2080; x_wconf 85' lang='lat' dir='ltr'>est</span> <span class='ocrx_word' id='word_1_258' title='bbox 920 2048 1013 2080; x_wconf 90' lang='lat' dir='ltr'>euim</span> 
     </span>
     <span class='ocr_line' id='line_1_39' title="bbox 26 2098 1012 2144; baseline -0.002 -10"><span class='ocrx_word' id='word_1_259' title='bbox 26 2101 211 2144; x_wconf 81' lang='lat' dir='ltr'>scriptores</span> <span class='ocrx_word' id='word_1_260' title='bbox 227 2099 317 2137; x_wconf 88' lang='lat' dir='ltr'>illos,</span> <span class='ocrx_word' id='word_1_261' title='bbox 344 2111 415 2131; x_wconf 91' lang='lat' dir='ltr'>non</span> <span class='ocrx_word' id='word_1_262' title='bbox 435 2099 548 2131; x_wconf 77' lang='lat' dir='ltr'>solum</span> <span class='ocrx_word' id='word_1_263' title='bbox 566 2098 728 2141; x_wconf 83' lang='lat' dir='ltr'>ingeniis,</span> <span class='ocrx_word' id='word_1_264' title='bbox 752 2099 809 2131; x_wconf 91' lang='lat' dir='ltr'>sed</span> <span class='ocrx_word' id='word_1_265' title='bbox 829 2098 931 2132; x_wconf 89' lang='lat' dir='ltr'>etiam</span> <span class='ocrx_word' id='word_1_266' title='bbox 949 2110 1012 2132; x_wconf 89' lang='lat' dir='ltr'>usu</span> 
     </span>
     <span class='ocr_line' id='line_1_40' title="bbox 26 2148 1014 2196; baseline -0.002 -13"><span class='ocrx_word' id='word_1_267' title='bbox 26 2158 60 2185; x_wconf 86' lang='lat' dir='ltr'>et</span> <span class='ocrx_word' id='word_1_268' title='bbox 83 2150 206 2196; x_wconf 86' lang='lat' dir='ltr'>peritia</span> <span class='ocrx_word' id='word_1_269' title='bbox 232 2150 531 2183; x_wconf 83' lang='lat' dir='ltr'>administrandae</span> <span class='ocrx_word' id='word_1_270' title='bbox 548 2148 779 2192; x_wconf 77' lang='lat' dir='ltr'>Reipublicae</span> <span class='ocrx_word' id='word_1_271' title='bbox 797 2149 1014 2190; x_wconf 82' lang='lat' dir='ltr'>excelluisse3</span> 
     </span>
     <span class='ocr_line' id='line_1_41' title="bbox 28 2197 1013 2243; baseline -0.003 -8"><span class='ocrx_word' id='word_1_272' title='bbox 28 2214 91 2235; x_wconf 90' lang='lat' dir='ltr'>nec</span> <span class='ocrx_word' id='word_1_273' title='bbox 112 2201 188 2234; x_wconf 90' lang='lat' dir='ltr'>sine</span> <span class='ocrx_word' id='word_1_274' title='bbox 204 2201 376 2234; x_wconf 81' lang='lat' dir='ltr'>acerrimo</span> <span class='ocrx_word' id='word_1_275' title='bbox 394 2200 512 2233; x_wconf 90' lang='lat' dir='ltr'>studio</span> <span class='ocrx_word' id='word_1_276' title='bbox 529 2212 585 2232; x_wconf 88' lang='lat' dir='ltr'>ars</span> <span class='ocrx_word' id='word_1_277' title='bbox 603 2200 738 2243; x_wconf 80' lang='lat' dir='ltr'>integra</span> <span class='ocrx_word' id='word_1_278' title='bbox 762 2197 1013 2243; x_wconf 85' lang='lat' dir='ltr'>comprehendi</span> 
     </span>
     <span class='ocr_line' id='line_1_42' title="bbox 27 2250 1015 2295; baseline -0.003 -9"><span class='ocrx_word' id='word_1_279' title='bbox 27 2252 155 2286; x_wconf 88' lang='lat' dir='ltr'>animis</span> <span class='ocrx_word' id='word_1_280' title='bbox 173 2252 297 2295; x_wconf 83' lang='lat' dir='ltr'>potuit.</span> <span class='ocrx_word' id='word_1_281' title='bbox 351 2251 463 2284; x_wconf 87' lang='lat' dir='ltr'>Multa</span> <span class='ocrx_word' id='word_1_282' title='bbox 485 2251 649 2285; x_wconf 84' lang='lat' dir='ltr'>monebat</span> <span class='ocrx_word' id='word_1_283' title='bbox 673 2251 754 2284; x_wconf 89' lang='lat' dir='ltr'>illos</span> <span class='ocrx_word' id='word_1_284' title='bbox 774 2251 902 2294; x_wconf 88' lang='lat' dir='ltr'>peritos</span> <span class='ocrx_word' id='word_1_285' title='bbox 922 2250 1015 2283; x_wconf 83' lang='lat' dir='ltr'>viros</span> 
     </span>
     <span class='ocr_line' id='line_1_43' title="bbox 28 2300 1013 2348; baseline -0.003 -11"><span class='ocrx_word' id='word_1_286' title='bbox 28 2315 128 2342; x_wconf 87' lang='lat' dir='ltr'>usus,</span> <span class='ocrx_word' id='word_1_287' title='bbox 157 2314 260 2348; x_wconf 87' lang='lat' dir='ltr'>quem</span> <span class='ocrx_word' id='word_1_288' title='bbox 283 2300 478 2335; x_wconf 79' lang='lat' dir='ltr'>habuerant</span> <span class='ocrx_word' id='word_1_289' title='bbox 506 2302 542 2334; x_wconf 91' lang='lat' dir='ltr'>in</span> <span class='ocrx_word' id='word_1_290' title='bbox 576 2301 897 2342; x_wconf 60' lang='lat' dir='ltr'>administratione,</span> <span class='ocrx_word' id='word_1_291' title='bbox 934 2313 1013 2334; x_wconf 90' lang='lat' dir='ltr'>nam</span> 
     </span>
     <span class='ocr_line' id='line_1_44' title="bbox 30 2351 1016 2396; baseline -0.002 -8"><span class='ocrx_word' id='word_1_292' title='bbox 30 2353 185 2388; x_wconf 84' lang='lat' dir='ltr'>lrnerins</span> <span class='ocrx_word' id='word_1_293' title='bbox 209 2353 312 2395; x_wconf 85' lang='lat' dir='ltr'>longo</span> <span class='ocrx_word' id='word_1_294' title='bbox 343 2359 499 2396; x_wconf 86' lang='lat' dir='ltr'>tempore</span> <span class='ocrx_word' id='word_1_295' title='bbox 521 2353 593 2385; x_wconf 87' lang='lat' dir='ltr'>sere</span> <span class='ocrx_word' id='word_1_296' title='bbox 617 2359 723 2386; x_wconf 85' lang='lat' dir='ltr'>totam</span> <span class='ocrx_word' id='word_1_297' title='bbox 750 2351 885 2385; x_wconf 81' lang='lat' dir='ltr'>Italiam</span> <span class='ocrx_word' id='word_1_298' title='bbox 916 2352 1016 2387; x_wconf 85' lang='lat' dir='ltr'>rexit.</span> 
     </span>
     <span class='ocr_line' id='line_1_45' title="bbox 28 2402 1013 2446; baseline -0.004 -7"><span class='ocrx_word' id='word_1_299' title='bbox 28 2404 96 2440; x_wconf 85' lang='lat' dir='ltr'>Sed</span> <span class='ocrx_word' id='word_1_300' title='bbox 124 2411 238 2438; x_wconf 86' lang='lat' dir='ltr'>tamen</span> <span class='ocrx_word' id='word_1_301' title='bbox 259 2415 342 2437; x_wconf 90' lang='lat' dir='ltr'>usus</span> <span class='ocrx_word' id='word_1_302' title='bbox 362 2403 437 2435; x_wconf 89' lang='lat' dir='ltr'>sine</span> <span class='ocrx_word' id='word_1_303' title='bbox 456 2403 657 2446; x_wconf 82' lang='lat' dir='ltr'>diligentia,</span> <span class='ocrx_word' id='word_1_304' title='bbox 683 2403 759 2436; x_wconf 90' lang='lat' dir='ltr'>sine</span> <span class='ocrx_word' id='word_1_305' title='bbox 781 2402 916 2441; x_wconf 80' lang='lat' dir='ltr'>studio,</span> <span class='ocrx_word' id='word_1_306' title='bbox 943 2415 1013 2436; x_wconf 87' lang='lat' dir='ltr'>non</span> 
     </span>
     <span class='ocr_line' id='line_1_46' title="bbox 29 2453 1016 2496; baseline -0.003 -8"><span class='ocrx_word' id='word_1_307' title='bbox 29 2455 229 2489; x_wconf 74' lang='lat' dir='ltr'>sufficiebat.</span> <span class='ocrx_word' id='word_1_308' title='bbox 283 2453 400 2487; x_wconf 88' lang='lat' dir='ltr'>Tanto</span> <span class='ocrx_word' id='word_1_309' title='bbox 422 2454 541 2486; x_wconf 81' lang='lat' dir='ltr'>labore</span> <span class='ocrx_word' id='word_1_310' title='bbox 561 2454 744 2496; x_wconf 79' lang='lat' dir='ltr'>patefactas</span> <span class='ocrx_word' id='word_1_311' title='bbox 770 2460 803 2486; x_wconf 87' lang='lat' dir='ltr'>et</span> <span class='ocrx_word' id='word_1_312' title='bbox 827 2453 1016 2486; x_wconf 88' lang='lat' dir='ltr'>illustratas</span> 
     </span>
     <span class='ocr_line' id='line_1_47' title="bbox 30 2503 1015 2549; baseline -0.002 -10"><span class='ocrx_word' id='word_1_313' title='bbox 30 2505 118 2549; x_wconf 86' lang='lat' dir='ltr'>leges</span> <span class='ocrx_word' id='word_1_314' title='bbox 136 2517 256 2539; x_wconf 87' lang='lat' dir='ltr'>rursus</span> <span class='ocrx_word' id='word_1_315' title='bbox 273 2505 422 2537; x_wconf 86' lang='lat' dir='ltr'>obruent</span> <span class='ocrx_word' id='word_1_316' title='bbox 441 2504 590 2537; x_wconf 88' lang='lat' dir='ltr'>aeternis</span> <span class='ocrx_word' id='word_1_317' title='bbox 608 2505 778 2542; x_wconf 83' lang='lat' dir='ltr'>tenebris,</span> <span class='ocrx_word' id='word_1_318' title='bbox 808 2504 862 2537; x_wconf 91' lang='lat' dir='ltr'>isti</span> <span class='ocrx_word' id='word_1_319' title='bbox 883 2503 942 2548; x_wconf 91' lang='lat' dir='ltr'>qni</span> <span class='ocrx_word' id='word_1_320' title='bbox 960 2505 1015 2537; x_wconf 87' lang='lat' dir='ltr'>in-</span> 
     </span>
     <span class='ocr_line' id='line_1_48' title="bbox 30 2555 498 2601; baseline -0.006 -11"><span class='ocrx_word' id='word_1_321' title='bbox 30 2562 195 2601; x_wconf 81' lang='lat' dir='ltr'>terpretes</span> <span class='ocrx_word' id='word_1_322' title='bbox 211 2555 346 2589; x_wconf 81' lang='lat' dir='ltr'>aboleri</span> <span class='ocrx_word' id='word_1_323' title='bbox 363 2556 498 2589; x_wconf 72' lang='lat' dir='ltr'>volunt.</span> 
     </span>
    </p>
   </div>
   <div class='ocr_carea' id='block_1_4' title="bbox 130 2627 1041 2675">
    <p class='ocr_par' dir='ltr' id='par_1_4' title="bbox 130 2627 1041 2675">
     <span class='ocr_line' id='line_1_49' title="bbox 130 2627 1041 2675; baseline -0.001 -10"><span class='ocrx_word' id='word_1_324' title='bbox 130 2629 264 2665; x_wconf 86' lang='lat' dir='ltr'>Usitata</span> <span class='ocrx_word' id='word_1_325' title='bbox 289 2630 429 2675; x_wconf 85' lang='lat' dir='ltr'>querela</span> <span class='ocrx_word' id='word_1_326' title='bbox 456 2637 505 2664; x_wconf 84' lang='lat' dir='ltr'>est</span> <span class='ocrx_word' id='word_1_327' title='bbox 528 2642 599 2662; x_wconf 91' lang='lat' dir='ltr'>non</span> <span class='ocrx_word' id='word_1_328' title='bbox 627 2629 822 2671; x_wconf 83' lang='lat' dir='ltr'>intelligere</span> <span class='ocrx_word' id='word_1_329' title='bbox 856 2627 1016 2663; x_wconf 76' lang='lat' dir='ltr'>homines</span> <span class='ocrx_word' id='word_1_330' title='bbox 1039 2661 1041 2664; x_wconf 94' lang='lat'>.</span> 
     </span>
    </p>
   </div>
   <div class='ocr_carea' id='block_1_5' title="bbox 31 2666 1041 2725">
    <p class='ocr_par' dir='ltr' id='par_1_5' title="bbox 31 2666 1041 2725">
     <span class='ocr_line' id='line_1_50' title="bbox 31 2666 1041 2725; baseline -0.001 -9"><span class='ocrx_word' id='word_1_331' title='bbox 31 2681 224 2725; x_wconf 80' lang='lat' dir='ltr'>praesentia</span> <span class='ocrx_word' id='word_1_332' title='bbox 255 2682 366 2720; x_wconf 89' lang='lat' dir='ltr'>bona,</span> <span class='ocrx_word' id='word_1_333' title='bbox 403 2682 448 2715; x_wconf 89' lang='lat' dir='ltr'>ita</span> <span class='ocrx_word' id='word_1_334' title='bbox 476 2688 526 2715; x_wconf 86' lang='lat' dir='ltr'>est</span> <span class='ocrx_word' id='word_1_335' title='bbox 560 2681 726 2725; x_wconf 79' lang='lat' dir='ltr'>profecto,</span> <span class='ocrx_word' id='word_1_336' title='bbox 787 2681 826 2715; x_wconf 86' lang='lat' dir='ltr'>Si</span> <span class='ocrx_word' id='word_1_337' title='bbox 855 2666 1041 2715; x_wconf 61' lang='lat' dir='ltr'>deessent³</span> 
     </span>
    </p>
   </div>
   <div class='ocr_carea' id='block_1_6' title="bbox 595 108 1365 147">
    <p class='ocr_par' dir='ltr' id='par_1_6' title="bbox 595 108 1365 147">
     <span class='ocr_line' id='line_1_51' title="bbox 595 108 1365 147; baseline 0.001 -1"><span class='ocrx_word' id='word_1_338' title='bbox 595 109 755 146; x_wconf 90' lang='lat' dir='ltr'>DECL.</span> <span class='ocrx_word' id='word_1_339' title='bbox 809 108 882 146; x_wconf 88' lang='lat' dir='ltr'>DE</span> <span class='ocrx_word' id='word_1_340' title='bbox 923 108 1181 146; x_wconf 84' lang='lat' dir='ltr'>SCRtPTo</span> <span class='ocrx_word' id='word_1_341' title='bbox 1225 109 1365 147; x_wconf 78' lang='lat' dir='ltr'>IURE</span> 
     </span>
    </p>
   </div>
   <div class='ocr_carea' id='block_1_7' title="bbox 1407 117 2071 150">
    <p class='ocr_par' dir='ltr' id='par_1_7' title="bbox 1407 117 2071 150">
     <span class='ocr_line' id='line_1_52' title="bbox 1407 117 2071 150; baseline 0.005 -3"><span class='ocrx_word' id='word_1_342' title='bbox 1407 122 1490 147; x_wconf 76' lang='lat' dir='ltr'>ETc.</span> <span class='ocrx_word' id='word_1_343' title='bbox 1997 117 2071 150; x_wconf 67' lang='lat'>222</span> 
     </span>
    </p>
   </div>
   <div class='ocr_carea' id='block_1_8' title="bbox 1066 197 2066 1816">
    <p class='ocr_par' dir='ltr' id='par_1_8' title="bbox 1066 197 2066 1816">
     <span class='ocr_line' id='line_1_53' title="bbox 1073 197 2063 244; baseline 0.004 -15"><span class='ocrx_word' id='word_1_344' title='bbox 1073 203 1228 230; x_wconf 88' lang='lat' dir='ltr'>veterum</span> <span class='ocrx_word' id='word_1_345' title='bbox 1249 197 1502 239; x_wconf 88' lang='lat' dir='ltr'>commentarii,</span> <span class='ocrx_word' id='word_1_346' title='bbox 1531 198 1608 244; x_wconf 87' lang='lat' dir='ltr'>quis</span> <span class='ocrx_word' id='word_1_347' title='bbox 1624 210 1720 232; x_wconf 85' lang='lat' dir='ltr'>nunc</span> <span class='ocrx_word' id='word_1_348' title='bbox 1738 198 1935 242; x_wconf 82' lang='lat' dir='ltr'>intelligere</span> <span class='ocrx_word' id='word_1_349' title='bbox 1953 207 2063 233; x_wconf 67' lang='lat' dir='ltr'>artum</span> 
     </span>
     <span class='ocr_line' id='line_1_54' title="bbox 1072 248 2066 294; baseline 0.003 -13"><span class='ocrx_word' id='word_1_350' title='bbox 1072 248 1210 292; x_wconf 77' lang='lat' dir='ltr'>posset?</span> <span class='ocrx_word' id='word_1_351' title='bbox 1263 248 1382 291; x_wconf 81' lang='lat' dir='ltr'>Quare</span> <span class='ocrx_word' id='word_1_352' title='bbox 1407 261 1483 282; x_wconf 88' lang='lat' dir='ltr'>cum</span> <span class='ocrx_word' id='word_1_353' title='bbox 1508 250 1551 283; x_wconf 89' lang='lat' dir='ltr'>sit</span> <span class='ocrx_word' id='word_1_354' title='bbox 1577 262 1664 294; x_wconf 79' lang='lat' dir='ltr'>opus</span> <span class='ocrx_word' id='word_1_355' title='bbox 1687 251 1817 294; x_wconf 90' lang='lat' dir='ltr'>scripto</span> <span class='ocrx_word' id='word_1_356' title='bbox 1836 251 1912 284; x_wconf 90' lang='lat' dir='ltr'>iure</span> <span class='ocrx_word' id='word_1_357' title='bbox 1929 260 1960 283; x_wconf 88' lang='lat' dir='ltr'>et</span> <span class='ocrx_word' id='word_1_358' title='bbox 1979 264 2066 284; x_wconf 89' lang='lat' dir='ltr'>con—</span> 
     </span>
     <span class='ocr_line' id='line_1_55' title="bbox 1073 296 2065 345; baseline 0.004 -14"><span class='ocrx_word' id='word_1_359' title='bbox 1073 299 1204 331; x_wconf 80' lang='lat' dir='ltr'>servari</span> <span class='ocrx_word' id='word_1_360' title='bbox 1224 296 1285 332; x_wconf 90' lang='lat' dir='ltr'>has</span> <span class='ocrx_word' id='word_1_361' title='bbox 1295 298 1475 333; x_wconf 86' lang='lat' dir='ltr'>Romanas</span> <span class='ocrx_word' id='word_1_362' title='bbox 1490 301 1580 342; x_wconf 88' lang='lat' dir='ltr'>leges</span> <span class='ocrx_word' id='word_1_363' title='bbox 1593 313 1712 334; x_wconf 89' lang='lat' dir='ltr'>omnes</span> <span class='ocrx_word' id='word_1_364' title='bbox 1727 303 1916 345; x_wconf 87' lang='lat' dir='ltr'>prudentes</span> <span class='ocrx_word' id='word_1_365' title='bbox 1931 309 2065 345; x_wconf 83' lang='lat' dir='ltr'>optent,</span> 
     </span>
     <span class='ocr_line' id='line_1_56' title="bbox 1073 348 2065 395; baseline 0.003 -13"><span class='ocrx_word' id='word_1_366' title='bbox 1073 360 1212 382; x_wconf 87' lang='lat' dir='ltr'>necesse</span> <span class='ocrx_word' id='word_1_367' title='bbox 1237 358 1287 383; x_wconf 90' lang='lat' dir='ltr'>est</span> <span class='ocrx_word' id='word_1_368' title='bbox 1312 350 1416 383; x_wconf 90' lang='lat' dir='ltr'>etiaiu</span> <span class='ocrx_word' id='word_1_369' title='bbox 1442 348 1495 383; x_wconf 88' lang='lat' dir='ltr'>his</span> <span class='ocrx_word' id='word_1_370' title='bbox 1517 352 1726 395; x_wconf 86' lang='lat' dir='ltr'>interpretes</span> <span class='ocrx_word' id='word_1_371' title='bbox 1743 350 1928 391; x_wconf 83' lang='lat' dir='ltr'>adhibere,</span> <span class='ocrx_word' id='word_1_372' title='bbox 1955 365 1992 385; x_wconf 92' lang='lat' dir='ltr'>ac</span> <span class='ocrx_word' id='word_1_373' title='bbox 2011 365 2065 385; x_wconf 85' lang='lat' dir='ltr'>sc-</span> 
     </span>
     <span class='ocr_line' id='line_1_57' title="bbox 1072 400 2063 445; baseline 0.003 -13"><span class='ocrx_word' id='word_1_374' title='bbox 1072 400 1132 445; x_wconf 91' lang='lat' dir='ltr'>qui</span> <span class='ocrx_word' id='word_1_375' title='bbox 1158 407 1325 445; x_wconf 86' lang='lat' dir='ltr'>tanquam</span> <span class='ocrx_word' id='word_1_376' title='bbox 1352 401 1499 434; x_wconf 83' lang='lat' dir='ltr'>artifices</span> <span class='ocrx_word' id='word_1_377' title='bbox 1524 409 1556 435; x_wconf 89' lang='lat' dir='ltr'>et</span> <span class='ocrx_word' id='word_1_378' title='bbox 1581 410 1831 436; x_wconf 81' lang='lat' dir='ltr'>monstratores</span> <span class='ocrx_word' id='word_1_379' title='bbox 1857 404 1943 437; x_wconf 76' lang='lat' dir='ltr'>viae.</span> <span class='ocrx_word' id='word_1_380' title='bbox 1999 403 2063 436; x_wconf 85' lang='lat' dir='ltr'>Sa-</span> 
     </span>
     <span class='ocr_line' id='line_1_58' title="bbox 1071 451 2063 496; baseline 0.003 -13"><span class='ocrx_word' id='word_1_381' title='bbox 1071 451 1288 495; x_wconf 88' lang='lat' dir='ltr'>pientissime</span> <span class='ocrx_word' id='word_1_382' title='bbox 1307 451 1422 496; x_wconf 86' lang='lat' dir='ltr'>inquit</span> <span class='ocrx_word' id='word_1_383' title='bbox 1440 452 1694 486; x_wconf 86' lang='lat' dir='ltr'>Constantinus</span> <span class='ocrx_word' id='word_1_384' title='bbox 1712 455 1747 486; x_wconf 89' lang='lat' dir='ltr'>iii</span> <span class='ocrx_word' id='word_1_385' title='bbox 1765 454 1893 488; x_wconf 89' lang='lat' dir='ltr'>Codice</span> <span class='ocrx_word' id='word_1_386' title='bbox 1911 456 1953 487; x_wconf 88' lang='lat' dir='ltr'>de</span> <span class='ocrx_word' id='word_1_387' title='bbox 1968 454 2063 486; x_wconf 89' lang='lat' dir='ltr'>iudi-</span> 
     </span>
     <span class='ocr_line' id='line_1_59' title="bbox 1071 502 2061 548; baseline 0.003 -14"><span class='ocrx_word' id='word_1_388' title='bbox 1071 503 1149 542; x_wconf 88' lang='lat' dir='ltr'>ciis,</span> <span class='ocrx_word' id='word_1_389' title='bbox 1186 502 1278 545; x_wconf 87' lang='lat' dir='ltr'>lege,</span> <span class='ocrx_word' id='word_1_390' title='bbox 1313 503 1454 546; x_wconf 85' lang='lat' dir='ltr'>placuit.</span> <span class='ocrx_word' id='word_1_391' title='bbox 1518 502 1742 547; x_wconf 84' lang='lat' dir='ltr'>Aequitatein</span> <span class='ocrx_word' id='word_1_392' title='bbox 1769 506 1932 548; x_wconf 73' lang='lat' dir='ltr'>scriptam</span> <span class='ocrx_word' id='word_1_393' title='bbox 1962 512 2061 537; x_wconf 83' lang='lat' dir='ltr'>ante-</span> 
     </span>
     <span class='ocr_line' id='line_1_60' title="bbox 1070 553 2060 594; baseline 0.002 -9"><span class='ocrx_word' id='word_1_394' title='bbox 1070 553 1249 585; x_wconf 78' lang='lat' dir='ltr'>ferendam</span> <span class='ocrx_word' id='word_1_395' title='bbox 1277 565 1349 585; x_wconf 88' lang='lat' dir='ltr'>esse</span> <span class='ocrx_word' id='word_1_396' title='bbox 1371 554 1491 587; x_wconf 84' lang='lat' dir='ltr'>stricto</span> <span class='ocrx_word' id='word_1_397' title='bbox 1519 554 1604 594; x_wconf 83' lang='lat' dir='ltr'>iuri3</span> <span class='ocrx_word' id='word_1_398' title='bbox 1645 567 1722 587; x_wconf 80' lang='lat' dir='ltr'>cuin</span> <span class='ocrx_word' id='word_1_399' title='bbox 1749 556 1840 587; x_wconf 79' lang='lat' dir='ltr'>enini</span> <span class='ocrx_word' id='word_1_400' title='bbox 1870 556 1970 589; x_wconf 81' lang='lat' dir='ltr'>multi</span> <span class='ocrx_word' id='word_1_401' title='bbox 1998 553 2060 588; x_wconf 68' lang='lat' dir='ltr'>lizi-</span> 
     </span>
     <span class='ocr_line' id='line_1_61' title="bbox 1071 603 2060 650; baseline 0.004 -15"><span class='ocrx_word' id='word_1_402' title='bbox 1071 604 1175 637; x_wconf 84' lang='lat' dir='ltr'>beant</span> <span class='ocrx_word' id='word_1_403' title='bbox 1199 604 1235 636; x_wconf 91' lang='lat' dir='ltr'>in</span> <span class='ocrx_word' id='word_1_404' title='bbox 1254 616 1314 636; x_wconf 89' lang='lat' dir='ltr'>ore</span> <span class='ocrx_word' id='word_1_405' title='bbox 1331 616 1460 637; x_wconf 89' lang='lat' dir='ltr'>nomen</span> <span class='ocrx_word' id='word_1_406' title='bbox 1486 605 1688 650; x_wconf 79' lang='lat' dir='ltr'>aequitatis,</span> <span class='ocrx_word' id='word_1_407' title='bbox 1712 612 1743 638; x_wconf 91' lang='lat' dir='ltr'>et</span> <span class='ocrx_word' id='word_1_408' title='bbox 1764 603 1851 639; x_wconf 83' lang='lat' dir='ltr'>hanc</span> <span class='ocrx_word' id='word_1_409' title='bbox 1868 607 1976 639; x_wconf 77' lang='lat' dir='ltr'>velint</span> <span class='ocrx_word' id='word_1_410' title='bbox 1997 620 2060 639; x_wconf 88' lang='lat' dir='ltr'>an-</span> 
     </span>
     <span class='ocr_line' id='line_1_62' title="bbox 1070 655 2060 699; baseline 0.003 -12"><span class='ocrx_word' id='word_1_411' title='bbox 1070 655 1185 687; x_wconf 80' lang='lat' dir='ltr'>teferri</span> <span class='ocrx_word' id='word_1_412' title='bbox 1215 655 1367 697; x_wconf 78' lang='lat' dir='ltr'>legibus,</span> <span class='ocrx_word' id='word_1_413' title='bbox 1406 655 1598 699; x_wconf 84' lang='lat' dir='ltr'>lmperator</span> <span class='ocrx_word' id='word_1_414' title='bbox 1623 656 1680 688; x_wconf 88' lang='lat' dir='ltr'>illa</span> <span class='ocrx_word' id='word_1_415' title='bbox 1715 656 1842 689; x_wconf 86' lang='lat' dir='ltr'>iudicia</span> <span class='ocrx_word' id='word_1_416' title='bbox 1878 657 1986 697; x_wconf 81' lang='lat' dir='ltr'>laxat,</span> <span class='ocrx_word' id='word_1_417' title='bbox 2023 670 2060 690; x_wconf 86' lang='lat' dir='ltr'>ac</span> 
     </span>
     <span class='ocr_line' id='line_1_63' title="bbox 1070 706 2060 752; baseline 0.001 -14"><span class='ocrx_word' id='word_1_418' title='bbox 1070 712 1208 738; x_wconf 78' lang='lat' dir='ltr'>revocat</span> <span class='ocrx_word' id='word_1_419' title='bbox 1224 718 1288 739; x_wconf 89' lang='lat' dir='ltr'>nos</span> <span class='ocrx_word' id='word_1_420' title='bbox 1306 707 1347 738; x_wconf 88' lang='lat' dir='ltr'>ad</span> <span class='ocrx_word' id='word_1_421' title='bbox 1368 706 1548 749; x_wconf 74' lang='lat' dir='ltr'>scriptum,</span> <span class='ocrx_word' id='word_1_422' title='bbox 1572 707 1678 751; x_wconf 88' lang='lat' dir='ltr'>idque</span> <span class='ocrx_word' id='word_1_423' title='bbox 1695 707 1904 750; x_wconf 89' lang='lat' dir='ltr'>pronunciat</span> <span class='ocrx_word' id='word_1_424' title='bbox 1922 708 2060 752; x_wconf 85' lang='lat' dir='ltr'>aequis-</span> 
     </span>
     <span class='ocr_line' id='line_1_64' title="bbox 1068 757 2059 801; baseline 0.002 -13"><span class='ocrx_word' id='word_1_425' title='bbox 1068 757 1196 788; x_wconf 86' lang='lat' dir='ltr'>siiniiin</span> <span class='ocrx_word' id='word_1_426' title='bbox 1215 769 1306 795; x_wconf 82' lang='lat' dir='ltr'>esse,</span> <span class='ocrx_word' id='word_1_427' title='bbox 1339 758 1430 801; x_wconf 84' lang='lat' dir='ltr'>quod</span> <span class='ocrx_word' id='word_1_428' title='bbox 1453 758 1619 800; x_wconf 79' lang='lat' dir='ltr'>scriptum</span> <span class='ocrx_word' id='word_1_429' title='bbox 1641 765 1699 789; x_wconf 86' lang='lat' dir='ltr'>est.</span> <span class='ocrx_word' id='word_1_430' title='bbox 1754 757 1924 791; x_wconf 82' lang='lat' dir='ltr'>Fortassis</span> <span class='ocrx_word' id='word_1_431' title='bbox 1944 765 2059 790; x_wconf 83' lang='lat' dir='ltr'>autem</span> 
     </span>
     <span class='ocr_line' id='line_1_65' title="bbox 1070 804 2060 853; baseline 0.002 -14"><span class='ocrx_word' id='word_1_432' title='bbox 1070 804 1159 839; x_wconf 87' lang='lat' dir='ltr'>hauc</span> <span class='ocrx_word' id='word_1_433' title='bbox 1182 820 1300 840; x_wconf 79' lang='lat' dir='ltr'>vocem</span> <span class='ocrx_word' id='word_1_434' title='bbox 1317 806 1541 841; x_wconf 80' lang='lat' dir='ltr'>Constantini</span> <span class='ocrx_word' id='word_1_435' title='bbox 1568 806 1825 852; x_wconf 82' lang='lat' dir='ltr'>reprehendent</span> <span class='ocrx_word' id='word_1_436' title='bbox 1844 809 1971 853; x_wconf 87' lang='lat' dir='ltr'>aliqui,</span> <span class='ocrx_word' id='word_1_437' title='bbox 1999 809 2060 853; x_wconf 87' lang='lat' dir='ltr'>qui</span> 
     </span>
     <span class='ocr_line' id='line_1_66' title="bbox 1069 858 2061 903; baseline 0.002 -13"><span class='ocrx_word' id='word_1_438' title='bbox 1069 858 1185 893; x_wconf 76' lang='lat' dir='ltr'>dicent</span> <span class='ocrx_word' id='word_1_439' title='bbox 1210 861 1419 903; x_wconf 82' lang='lat' dir='ltr'>aequitatem</span> <span class='ocrx_word' id='word_1_440' title='bbox 1448 871 1519 891; x_wconf 86' lang='lat' dir='ltr'>esse</span> <span class='ocrx_word' id='word_1_441' title='bbox 1545 859 1822 891; x_wconf 66' lang='lat' dir='ltr'>moderationem</span> <span class='ocrx_word' id='word_1_442' title='bbox 1850 860 1994 903; x_wconf 84' lang='lat' dir='ltr'>scripti,</span> <span class='ocrx_word' id='word_1_443' title='bbox 2022 866 2061 893; x_wconf 88' lang='lat' dir='ltr'>ut</span> 
     </span>
     <span class='ocr_line' id='line_1_67' title="bbox 1068 906 2059 954; baseline 0.002 -13"><span class='ocrx_word' id='word_1_444' title='bbox 1068 910 1143 941; x_wconf 70' lang='lat' dir='ltr'>vult</span> <span class='ocrx_word' id='word_1_445' title='bbox 1168 906 1390 948; x_wconf 74' lang='lat' dir='ltr'>Aristoteles,</span> <span class='ocrx_word' id='word_1_446' title='bbox 1423 922 1495 942; x_wconf 89' lang='lat' dir='ltr'>non</span> <span class='ocrx_word' id='word_1_447' title='bbox 1524 910 1636 954; x_wconf 84' lang='lat' dir='ltr'>ipsiiiii</span> <span class='ocrx_word' id='word_1_448' title='bbox 1667 910 1853 952; x_wconf 79' lang='lat' dir='ltr'>scripturu3</span> <span class='ocrx_word' id='word_1_449' title='bbox 1889 912 1946 944; x_wconf 86' lang='lat' dir='ltr'>sed</span> <span class='ocrx_word' id='word_1_450' title='bbox 1975 910 2059 943; x_wconf 75' lang='lat' dir='ltr'>haec</span> 
     </span>
     <span class='ocr_line' id='line_1_68' title="bbox 1068 959 2059 1005; baseline 0.001 -13"><span class='ocrx_word' id='word_1_451' title='bbox 1068 960 1244 993; x_wconf 85' lang='lat' dir='ltr'>cavillatio</span> <span class='ocrx_word' id='word_1_452' title='bbox 1263 960 1362 992; x_wconf 87' lang='lat' dir='ltr'>facile</span> <span class='ocrx_word' id='word_1_453' title='bbox 1381 960 1468 992; x_wconf 82' lang='lat' dir='ltr'>dilui</span> <span class='ocrx_word' id='word_1_454' title='bbox 1490 968 1611 1004; x_wconf 83' lang='lat' dir='ltr'>potest.</span> <span class='ocrx_word' id='word_1_455' title='bbox 1672 959 1895 1003; x_wconf 62' lang='lat' dir='ltr'>Regiil⁴zriter</span> <span class='ocrx_word' id='word_1_456' title='bbox 1917 974 1952 993; x_wconf 88' lang='lat' dir='ltr'>ea</span> <span class='ocrx_word' id='word_1_457' title='bbox 1971 973 2059 1005; x_wconf 82' lang='lat' dir='ltr'>quae</span> 
     </span>
     <span class='ocr_line' id='line_1_69' title="bbox 1070 1011 2060 1056; baseline 0.001 -14"><span class='ocrx_word' id='word_1_458' title='bbox 1070 1011 1142 1053; x_wconf 80' lang='lat' dir='ltr'>lege</span> <span class='ocrx_word' id='word_1_459' title='bbox 1169 1011 1356 1043; x_wconf 76' lang='lat' dir='ltr'>constituta</span> <span class='ocrx_word' id='word_1_460' title='bbox 1379 1018 1460 1044; x_wconf 84' lang='lat' dir='ltr'>sunt</span> <span class='ocrx_word' id='word_1_461' title='bbox 1487 1012 1523 1043; x_wconf 89' lang='lat' dir='ltr'>in</span> <span class='ocrx_word' id='word_1_462' title='bbox 1547 1023 1586 1043; x_wconf 87' lang='lat' dir='ltr'>eo</span> <span class='ocrx_word' id='word_1_463' title='bbox 1605 1023 1702 1048; x_wconf 84' lang='lat' dir='ltr'>casu,</span> <span class='ocrx_word' id='word_1_464' title='bbox 1731 1017 1773 1043; x_wconf 83' lang='lat' dir='ltr'>de</span> <span class='ocrx_word' id='word_1_465' title='bbox 1792 1024 1861 1056; x_wconf 88' lang='lat' dir='ltr'>quo</span> <span class='ocrx_word' id='word_1_466' title='bbox 1882 1012 2060 1055; x_wconf 64' lang='lat' dir='ltr'>priucipa-</span> 
     </span>
     <span class='ocr_line' id='line_1_70' title="bbox 1070 1061 2059 1107; baseline 0.001 -14"><span class='ocrx_word' id='word_1_467' title='bbox 1070 1061 1150 1094; x_wconf 77' lang='lat' dir='ltr'>liter</span> <span class='ocrx_word' id='word_1_468' title='bbox 1172 1061 1225 1094; x_wconf 81' lang='lat' dir='ltr'>lex</span> <span class='ocrx_word' id='word_1_469' title='bbox 1251 1062 1427 1107; x_wconf 87' lang='lat' dir='ltr'>loquitur,</span> <span class='ocrx_word' id='word_1_470' title='bbox 1465 1069 1546 1095; x_wconf 90' lang='lat' dir='ltr'>sunt</span> <span class='ocrx_word' id='word_1_471' title='bbox 1568 1062 1797 1106; x_wconf 76' lang='lat' dir='ltr'>aequissima,</span> <span class='ocrx_word' id='word_1_472' title='bbox 1831 1069 1867 1095; x_wconf 90' lang='lat' dir='ltr'>ut</span> <span class='ocrx_word' id='word_1_473' title='bbox 1899 1074 1976 1095; x_wconf 87' lang='lat' dir='ltr'>cum</span> <span class='ocrx_word' id='word_1_474' title='bbox 2005 1062 2059 1095; x_wconf 87' lang='lat' dir='ltr'>lex</span> 
     </span>
     <span class='ocr_line' id='line_1_71' title="bbox 1069 1112 2059 1157; baseline 0.001 -14"><span class='ocrx_word' id='word_1_475' title='bbox 1069 1123 1190 1144; x_wconf 86' lang='lat' dir='ltr'>recens</span> <span class='ocrx_word' id='word_1_476' title='bbox 1205 1113 1316 1144; x_wconf 78' lang='lat' dir='ltr'>fui-em</span> <span class='ocrx_word' id='word_1_477' title='bbox 1334 1113 1471 1156; x_wconf 82' lang='lat' dir='ltr'>capitali</span> <span class='ocrx_word' id='word_1_478' title='bbox 1490 1112 1663 1156; x_wconf 70' lang='lat' dir='ltr'>supplicio</span> <span class='ocrx_word' id='word_1_479' title='bbox 1680 1113 1798 1156; x_wconf 84' lang='lat' dir='ltr'>puniri</span> <span class='ocrx_word' id='word_1_480' title='bbox 1817 1113 1923 1152; x_wconf 85' lang='lat' dir='ltr'>iubet,</span> <span class='ocrx_word' id='word_1_481' title='bbox 1943 1113 2059 1157; x_wconf 86' lang='lat' dir='ltr'>loqui-</span> 
     </span>
     <span class='ocr_line' id='line_1_72' title="bbox 1068 1162 2058 1208; baseline 0.001 -13"><span class='ocrx_word' id='word_1_482' title='bbox 1068 1169 1125 1195; x_wconf 89' lang='lat' dir='ltr'>tur</span> <span class='ocrx_word' id='word_1_483' title='bbox 1145 1162 1386 1205; x_wconf 88' lang='lat' dir='ltr'>principaliter</span> <span class='ocrx_word' id='word_1_484' title='bbox 1405 1165 1447 1196; x_wconf 91' lang='lat' dir='ltr'>de</span> <span class='ocrx_word' id='word_1_485' title='bbox 1465 1175 1523 1204; x_wconf 84' lang='lat' dir='ltr'>eo,</span> <span class='ocrx_word' id='word_1_486' title='bbox 1554 1165 1612 1208; x_wconf 87' lang='lat' dir='ltr'>qui</span> <span class='ocrx_word' id='word_1_487' title='bbox 1632 1164 1740 1195; x_wconf 81' lang='lat' dir='ltr'>atroci</span> <span class='ocrx_word' id='word_1_488' title='bbox 1759 1164 1905 1196; x_wconf 89' lang='lat' dir='ltr'>consilio</span> <span class='ocrx_word' id='word_1_489' title='bbox 1923 1164 2058 1196; x_wconf 82' lang='lat' dir='ltr'>furatus</span> 
     </span>
     <span class='ocr_line' id='line_1_73' title="bbox 1068 1214 2058 1258; baseline 0 -13"><span class='ocrx_word' id='word_1_490' title='bbox 1068 1221 1136 1252; x_wconf 87' lang='lat' dir='ltr'>est,</span> <span class='ocrx_word' id='word_1_491' title='bbox 1165 1225 1235 1245; x_wconf 86' lang='lat' dir='ltr'>non</span> <span class='ocrx_word' id='word_1_492' title='bbox 1254 1215 1295 1245; x_wconf 81' lang='lat' dir='ltr'>de</span> <span class='ocrx_word' id='word_1_493' title='bbox 1315 1226 1367 1253; x_wconf 87' lang='lat' dir='ltr'>eo,</span> <span class='ocrx_word' id='word_1_494' title='bbox 1395 1214 1455 1258; x_wconf 90' lang='lat' dir='ltr'>qui</span> <span class='ocrx_word' id='word_1_495' title='bbox 1473 1215 1526 1247; x_wconf 85' lang='lat' dir='ltr'>vel</span> <span class='ocrx_word' id='word_1_496' title='bbox 1546 1220 1655 1247; x_wconf 85' lang='lat' dir='ltr'>aetate</span> <span class='ocrx_word' id='word_1_497' title='bbox 1676 1215 1791 1257; x_wconf 88' lang='lat' dir='ltr'>lapsus</span> <span class='ocrx_word' id='word_1_498' title='bbox 1807 1221 1867 1253; x_wconf 86' lang='lat' dir='ltr'>est,</span> <span class='ocrx_word' id='word_1_499' title='bbox 1896 1215 1949 1247; x_wconf 80' lang='lat' dir='ltr'>vel</span> <span class='ocrx_word' id='word_1_500' title='bbox 1968 1215 2058 1246; x_wconf 82' lang='lat' dir='ltr'>same</span> 
     </span>
     <span class='ocr_line' id='line_1_74' title="bbox 1067 1263 2059 1310; baseline 0.001 -15"><span class='ocrx_word' id='word_1_501' title='bbox 1067 1263 1255 1306; x_wconf 84' lang='lat' dir='ltr'>impulsus;</span> <span class='ocrx_word' id='word_1_502' title='bbox 1289 1264 1392 1296; x_wconf 89' lang='lat' dir='ltr'>iudex</span> <span class='ocrx_word' id='word_1_503' title='bbox 1414 1264 1522 1307; x_wconf 87' lang='lat' dir='ltr'>igitur</span> <span class='ocrx_word' id='word_1_504' title='bbox 1545 1265 1580 1297; x_wconf 93' lang='lat' dir='ltr'>in</span> <span class='ocrx_word' id='word_1_505' title='bbox 1605 1275 1703 1305; x_wconf 86' lang='lat' dir='ltr'>casn,</span> <span class='ocrx_word' id='word_1_506' title='bbox 1732 1265 1775 1297; x_wconf 87' lang='lat' dir='ltr'>de.</span> <span class='ocrx_word' id='word_1_507' title='bbox 1792 1277 1862 1310; x_wconf 90' lang='lat' dir='ltr'>quo</span> <span class='ocrx_word' id='word_1_508' title='bbox 1888 1266 1939 1297; x_wconf 83' lang='lat' dir='ltr'>lex</span> <span class='ocrx_word' id='word_1_509' title='bbox 1961 1265 2059 1308; x_wconf 89' lang='lat' dir='ltr'>prin-</span> 
     </span>
     <span class='ocr_line' id='line_1_75' title="bbox 1067 1315 2057 1360; baseline 0 -13"><span class='ocrx_word' id='word_1_510' title='bbox 1067 1315 1226 1357; x_wconf 75' lang='lat' dir='ltr'>cipaliter</span> <span class='ocrx_word' id='word_1_511' title='bbox 1244 1315 1417 1360; x_wconf 86' lang='lat' dir='ltr'>loquitur,</span> <span class='ocrx_word' id='word_1_512' title='bbox 1444 1328 1515 1348; x_wconf 87' lang='lat' dir='ltr'>non</span> <span class='ocrx_word' id='word_1_513' title='bbox 1535 1316 1686 1348; x_wconf 83' lang='lat' dir='ltr'>discedat</span> <span class='ocrx_word' id='word_1_514' title='bbox 1704 1328 1721 1347; x_wconf 92' lang='lat' dir='ltr'>a</span> <span class='ocrx_word' id='word_1_515' title='bbox 1739 1315 1823 1358; x_wconf 87' lang='lat' dir='ltr'>lege.</span> <span class='ocrx_word' id='word_1_516' title='bbox 1868 1315 1956 1348; x_wconf 67' lang='lat' dir='ltr'>Nam</span> <span class='ocrx_word' id='word_1_517' title='bbox 1977 1328 2057 1348; x_wconf 84' lang='lat' dir='ltr'>cuin</span> 
     </span>
     <span class='ocr_line' id='line_1_76' title="bbox 1068 1365 2058 1408; baseline 0 -11"><span class='ocrx_word' id='word_1_518' title='bbox 1068 1365 1232 1408; x_wconf 85' lang='lat' dir='ltr'>legitimis</span> <span class='ocrx_word' id='word_1_519' title='bbox 1258 1365 1414 1408; x_wconf 88' lang='lat' dir='ltr'>imperiis</span> <span class='ocrx_word' id='word_1_520' title='bbox 1436 1366 1580 1398; x_wconf 88' lang='lat' dir='ltr'>obedire</span> <span class='ocrx_word' id='word_1_521' title='bbox 1606 1377 1670 1397; x_wconf 89' lang='lat' dir='ltr'>nos</span> <span class='ocrx_word' id='word_1_522' title='bbox 1695 1366 1833 1399; x_wconf 87' lang='lat' dir='ltr'>iusserit</span> <span class='ocrx_word' id='word_1_523' title='bbox 1855 1365 1968 1404; x_wconf 89' lang='lat' dir='ltr'>Deus,</span> <span class='ocrx_word' id='word_1_524' title='bbox 1995 1377 2058 1397; x_wconf 89' lang='lat' dir='ltr'>ne-</span> 
     </span>
     <span class='ocr_line' id='line_1_77' title="bbox 1069 1415 2057 1461; baseline 0.002 -14"><span class='ocrx_word' id='word_1_525' title='bbox 1069 1427 1160 1447; x_wconf 91' lang='lat' dir='ltr'>cesse</span> <span class='ocrx_word' id='word_1_526' title='bbox 1177 1422 1225 1448; x_wconf 86' lang='lat' dir='ltr'>est</span> <span class='ocrx_word' id='word_1_527' title='bbox 1243 1416 1365 1456; x_wconf 85' lang='lat' dir='ltr'>etiam,</span> <span class='ocrx_word' id='word_1_528' title='bbox 1393 1427 1514 1458; x_wconf 86' lang='lat' dir='ltr'>parere</span> <span class='ocrx_word' id='word_1_529' title='bbox 1528 1415 1604 1448; x_wconf 89' lang='lat' dir='ltr'>voci</span> <span class='ocrx_word' id='word_1_530' title='bbox 1623 1416 1748 1458; x_wconf 81' lang='lat' dir='ltr'>legum.</span> <span class='ocrx_word' id='word_1_531' title='bbox 1793 1415 1929 1449; x_wconf 88' lang='lat' dir='ltr'>Deinde</span> <span class='ocrx_word' id='word_1_532' title='bbox 1949 1428 2057 1461; x_wconf 85' lang='lat' dir='ltr'>quor-</span> 
     </span>
     <span class='ocr_line' id='line_1_78' title="bbox 1067 1465 2058 1509; baseline 0.001 -11"><span class='ocrx_word' id='word_1_533' title='bbox 1067 1477 1142 1498; x_wconf 89' lang='lat' dir='ltr'>sum</span> <span class='ocrx_word' id='word_1_534' title='bbox 1166 1465 1330 1499; x_wconf 84' lang='lat' dir='ltr'>attineret</span> <span class='ocrx_word' id='word_1_535' title='bbox 1353 1466 1503 1509; x_wconf 85' lang='lat' dir='ltr'>proponi</span> <span class='ocrx_word' id='word_1_536' title='bbox 1523 1467 1575 1499; x_wconf 89' lang='lat' dir='ltr'>ius</span> <span class='ocrx_word' id='word_1_537' title='bbox 1594 1467 1783 1509; x_wconf 90' lang='lat' dir='ltr'>scriptum,</span> <span class='ocrx_word' id='word_1_538' title='bbox 1810 1467 1839 1499; x_wconf 89' lang='lat' dir='ltr'>si</span> <span class='ocrx_word' id='word_1_539' title='bbox 1857 1467 1976 1500; x_wconf 83' lang='lat' dir='ltr'>liceret</span> <span class='ocrx_word' id='word_1_540' title='bbox 2003 1467 2058 1499; x_wconf 85' lang='lat' dir='ltr'>iu-</span> 
     </span>
     <span class='ocr_line' id='line_1_79' title="bbox 1066 1515 2058 1563; baseline 0.002 -16"><span class='ocrx_word' id='word_1_541' title='bbox 1066 1515 1135 1547; x_wconf 90' lang='lat' dir='ltr'>dici</span> <span class='ocrx_word' id='word_1_542' title='bbox 1170 1516 1304 1559; x_wconf 90' lang='lat' dir='ltr'>privato</span> <span class='ocrx_word' id='word_1_543' title='bbox 1339 1517 1486 1549; x_wconf 86' lang='lat' dir='ltr'>arbitrio</span> <span class='ocrx_word' id='word_1_544' title='bbox 1512 1517 1688 1549; x_wconf 87' lang='lat' dir='ltr'>discedere</span> <span class='ocrx_word' id='word_1_545' title='bbox 1718 1529 1736 1549; x_wconf 90' lang='lat' dir='ltr'>a</span> <span class='ocrx_word' id='word_1_546' title='bbox 1767 1518 1894 1561; x_wconf 87' lang='lat' dir='ltr'>scripto</span> <span class='ocrx_word' id='word_1_547' title='bbox 1921 1518 2058 1563; x_wconf 87' lang='lat' dir='ltr'>quoties</span> 
     </span>
     <span class='ocr_line' id='line_1_80' title="bbox 1067 1565 2057 1612; baseline 0.003 -14"><span class='ocrx_word' id='word_1_548' title='bbox 1067 1566 1196 1598; x_wconf 78' lang='lat' dir='ltr'>vellet?</span> <span class='ocrx_word' id='word_1_549' title='bbox 1228 1565 1323 1599; x_wconf 89' lang='lat' dir='ltr'>Haec</span> <span class='ocrx_word' id='word_1_550' title='bbox 1340 1566 1478 1600; x_wconf 90' lang='lat' dir='ltr'>licentia</span> <span class='ocrx_word' id='word_1_551' title='bbox 1498 1568 1580 1612; x_wconf 92' lang='lat' dir='ltr'>quid</span> <span class='ocrx_word' id='word_1_552' title='bbox 1600 1574 1699 1607; x_wconf 87' lang='lat' dir='ltr'>esset,</span> <span class='ocrx_word' id='word_1_553' title='bbox 1726 1567 1794 1600; x_wconf 90' lang='lat' dir='ltr'>nisi</span> <span class='ocrx_word' id='word_1_554' title='bbox 1814 1569 1926 1612; x_wconf 87' lang='lat' dir='ltr'>legum</span> <span class='ocrx_word' id='word_1_555' title='bbox 1945 1569 2057 1601; x_wconf 84' lang='lat' dir='ltr'>disso-</span> 
     </span>
     <span class='ocr_line' id='line_1_81' title="bbox 1067 1617 2056 1663; baseline 0.002 -14"><span class='ocrx_word' id='word_1_556' title='bbox 1067 1617 1155 1650; x_wconf 87' lang='lat' dir='ltr'>lutio</span> <span class='ocrx_word' id='word_1_557' title='bbox 1170 1623 1203 1650; x_wconf 89' lang='lat' dir='ltr'>et</span> <span class='ocrx_word' id='word_1_558' title='bbox 1218 1617 1425 1660; x_wconf 82' lang='lat' dir='ltr'>abrogatio&#39;?</span> <span class='ocrx_word' id='word_1_559' title='bbox 1458 1617 1526 1652; x_wconf 87' lang='lat' dir='ltr'>Sed</span> <span class='ocrx_word' id='word_1_560' title='bbox 1546 1630 1623 1650; x_wconf 89' lang='lat' dir='ltr'>cum</span> <span class='ocrx_word' id='word_1_561' title='bbox 1644 1618 1770 1652; x_wconf 88' lang='lat' dir='ltr'>incidit</span> <span class='ocrx_word' id='word_1_562' title='bbox 1786 1630 1900 1659; x_wconf 91' lang='lat' dir='ltr'>casus,</span> <span class='ocrx_word' id='word_1_563' title='bbox 1928 1621 1970 1651; x_wconf 91' lang='lat' dir='ltr'>de</span> <span class='ocrx_word' id='word_1_564' title='bbox 1986 1631 2056 1663; x_wconf 91' lang='lat' dir='ltr'>quo</span> 
     </span>
     <span class='ocr_line' id='line_1_82' title="bbox 1067 1668 2057 1715; baseline 0.002 -15"><span class='ocrx_word' id='word_1_565' title='bbox 1067 1668 1120 1700; x_wconf 88' lang='lat' dir='ltr'>lex</span> <span class='ocrx_word' id='word_1_566' title='bbox 1151 1680 1223 1700; x_wconf 91' lang='lat' dir='ltr'>non</span> <span class='ocrx_word' id='word_1_567' title='bbox 1255 1668 1497 1712; x_wconf 88' lang='lat' dir='ltr'>principaliter</span> <span class='ocrx_word' id='word_1_568' title='bbox 1529 1668 1706 1714; x_wconf 87' lang='lat' dir='ltr'>loquitur,</span> <span class='ocrx_word' id='word_1_569' title='bbox 1750 1676 1892 1714; x_wconf 88' lang='lat' dir='ltr'>propter</span> <span class='ocrx_word' id='word_1_570' title='bbox 1922 1669 2057 1715; x_wconf 88' lang='lat' dir='ltr'>aliquas</span> 
     </span>
     <span class='ocr_line' id='line_1_83' title="bbox 1066 1719 2058 1761; baseline 0.002 -10"><span class='ocrx_word' id='word_1_571' title='bbox 1066 1719 1363 1759; x_wconf 83' lang='lat' dir='ltr'>circumstantias,</span> <span class='ocrx_word' id='word_1_572' title='bbox 1390 1719 1439 1752; x_wconf 90' lang='lat' dir='ltr'>ibi</span> <span class='ocrx_word' id='word_1_573' title='bbox 1462 1719 1560 1753; x_wconf 90' lang='lat' dir='ltr'>locus</span> <span class='ocrx_word' id='word_1_574' title='bbox 1583 1725 1632 1753; x_wconf 91' lang='lat' dir='ltr'>est</span> <span class='ocrx_word' id='word_1_575' title='bbox 1656 1719 1708 1751; x_wconf 91' lang='lat' dir='ltr'>illi</span> <span class='ocrx_word' id='word_1_576' title='bbox 1732 1720 1987 1761; x_wconf 85' lang='lat' dir='ltr'>moderationi,</span> <span class='ocrx_word' id='word_1_577' title='bbox 2015 1721 2058 1753; x_wconf 88' lang='lat' dir='ltr'>de</span> 
     </span>
     <span class='ocr_line' id='line_1_84' title="bbox 1067 1768 1547 1816; baseline 0.006 -14"><span class='ocrx_word' id='word_1_578' title='bbox 1067 1781 1134 1815; x_wconf 90' lang='lat' dir='ltr'>qua</span> <span class='ocrx_word' id='word_1_579' title='bbox 1154 1768 1360 1803; x_wconf 84' lang='lat' dir='ltr'>Aristoteles</span> <span class='ocrx_word' id='word_1_580' title='bbox 1379 1770 1547 1816; x_wconf 87' lang='lat' dir='ltr'>loquitur.</span> 
     </span>
    </p>
   </div>
   <div class='ocr_carea' id='block_1_9' title="bbox 1065 1870 2059 2726">
    <p class='ocr_par' dir='ltr' id='par_1_9' title="bbox 1065 1870 2059 2726">
     <span class='ocr_line' id='line_1_85' title="bbox 1177 1870 2054 1916; baseline 0 -12"><span class='ocrx_word' id='word_1_581' title='bbox 1177 1870 1248 1904; x_wconf 82' lang='lat' dir='ltr'>Lex</span> <span class='ocrx_word' id='word_1_582' title='bbox 1282 1872 1324 1904; x_wconf 91' lang='lat' dir='ltr'>de</span> <span class='ocrx_word' id='word_1_583' title='bbox 1361 1870 1517 1905; x_wconf 89' lang='lat' dir='ltr'>Sabbato</span> <span class='ocrx_word' id='word_1_584' title='bbox 1553 1872 1788 1916; x_wconf 88' lang='lat' dir='ltr'>praecipiebat</span> <span class='ocrx_word' id='word_1_585' title='bbox 1824 1872 2054 1911; x_wconf 84' lang='lat' dir='ltr'>vacationem,</span> 
     </span>
     <span class='ocr_line' id='line_1_86' title="bbox 1068 1920 2057 1967; baseline 0.003 -14"><span class='ocrx_word' id='word_1_586' title='bbox 1068 1920 1228 1955; x_wconf 87' lang='lat' dir='ltr'>videlicet</span> <span class='ocrx_word' id='word_1_587' title='bbox 1259 1930 1297 1956; x_wconf 88' lang='lat' dir='ltr'>ut</span> <span class='ocrx_word' id='word_1_588' title='bbox 1327 1923 1481 1967; x_wconf 86' lang='lat' dir='ltr'>populiis</span> <span class='ocrx_word' id='word_1_589' title='bbox 1507 1923 1630 1955; x_wconf 87' lang='lat' dir='ltr'>audire</span> <span class='ocrx_word' id='word_1_590' title='bbox 1655 1923 1851 1956; x_wconf 86' lang='lat' dir='ltr'>doctrinam</span> <span class='ocrx_word' id='word_1_591' title='bbox 1876 1923 2057 1956; x_wconf 88' lang='lat' dir='ltr'>coelestem</span> 
     </span>
     <span class='ocr_line' id='line_1_87' title="bbox 1068 1971 2058 2017; baseline 0.001 -12"><span class='ocrx_word' id='word_1_592' title='bbox 1068 1979 1199 2017; x_wconf 88' lang='lat' dir='ltr'>posset;</span> <span class='ocrx_word' id='word_1_593' title='bbox 1241 1980 1274 2006; x_wconf 90' lang='lat' dir='ltr'>at</span> <span class='ocrx_word' id='word_1_594' title='bbox 1304 1986 1382 2006; x_wconf 90' lang='lat' dir='ltr'>cnm</span> <span class='ocrx_word' id='word_1_595' title='bbox 1413 1971 1611 2006; x_wconf 86' lang='lat' dir='ltr'>Antiochus</span> <span class='ocrx_word' id='word_1_596' title='bbox 1640 1973 1675 2006; x_wconf 91' lang='lat' dir='ltr'>in</span> <span class='ocrx_word' id='word_1_597' title='bbox 1705 1973 1859 2007; x_wconf 86' lang='lat' dir='ltr'>Sabbato</span> <span class='ocrx_word' id='word_1_598' title='bbox 1887 1981 2058 2007; x_wconf 86' lang='lat' dir='ltr'>cessantes</span> 
     </span>
     <span class='ocr_line' id='line_1_88' title="bbox 1067 2024 2059 2068; baseline 0.001 -13"><span class='ocrx_word' id='word_1_599' title='bbox 1067 2024 1214 2056; x_wconf 82' lang='lat' dir='ltr'>ludaeos</span> <span class='ocrx_word' id='word_1_600' title='bbox 1234 2024 1472 2064; x_wconf 84' lang='lat' dir='ltr'>adoriebatur,</span> <span class='ocrx_word' id='word_1_601' title='bbox 1500 2036 1562 2057; x_wconf 89' lang='lat' dir='ltr'>nec</span> <span class='ocrx_word' id='word_1_602' title='bbox 1581 2024 1648 2056; x_wconf 89' lang='lat' dir='ltr'>iam</span> <span class='ocrx_word' id='word_1_603' title='bbox 1667 2024 1817 2068; x_wconf 92' lang='lat' dir='ltr'>populus</span> <span class='ocrx_word' id='word_1_604' title='bbox 1833 2024 1955 2057; x_wconf 87' lang='lat' dir='ltr'>audire</span> <span class='ocrx_word' id='word_1_605' title='bbox 1973 2036 2059 2056; x_wconf 80' lang='lat' dir='ltr'>con-</span> 
     </span>
     <span class='ocr_line' id='line_1_89' title="bbox 1068 2074 2059 2118; baseline 0 -11"><span class='ocrx_word' id='word_1_606' title='bbox 1068 2074 1185 2107; x_wconf 89' lang='lat' dir='ltr'>ciones</span> <span class='ocrx_word' id='word_1_607' title='bbox 1211 2081 1346 2118; x_wconf 87' lang='lat' dir='ltr'>posset,</span> <span class='ocrx_word' id='word_1_608' title='bbox 1370 2076 1427 2108; x_wconf 87' lang='lat' dir='ltr'>sed</span> <span class='ocrx_word' id='word_1_609' title='bbox 1445 2076 1632 2107; x_wconf 83' lang='lat' dir='ltr'>defendere</span> <span class='ocrx_word' id='word_1_610' title='bbox 1657 2075 1764 2107; x_wconf 88' lang='lat' dir='ltr'>armis</span> <span class='ocrx_word' id='word_1_611' title='bbox 1781 2086 1896 2108; x_wconf 71' lang='lat' dir='ltr'>veram</span> <span class='ocrx_word' id='word_1_612' title='bbox 1917 2074 2059 2118; x_wconf 86' lang='lat' dir='ltr'>religio-</span> 
     </span>
     <span class='ocr_line' id='line_1_90' title="bbox 1067 2125 2059 2164; baseline 0.001 -7"><span class='ocrx_word' id='word_1_613' title='bbox 1067 2137 1146 2157; x_wconf 90' lang='lat' dir='ltr'>nem</span> <span class='ocrx_word' id='word_1_614' title='bbox 1165 2126 1324 2163; x_wconf 84' lang='lat' dir='ltr'>deberet,</span> <span class='ocrx_word' id='word_1_615' title='bbox 1353 2137 1396 2158; x_wconf 92' lang='lat' dir='ltr'>ne</span> <span class='ocrx_word' id='word_1_616' title='bbox 1415 2125 1574 2158; x_wconf 89' lang='lat' dir='ltr'>funditus</span> <span class='ocrx_word' id='word_1_617' title='bbox 1593 2125 1762 2164; x_wconf 84' lang='lat' dir='ltr'>interiret,</span> <span class='ocrx_word' id='word_1_618' title='bbox 1791 2133 1882 2159; x_wconf 85' lang='lat' dir='ltr'>recte</span> <span class='ocrx_word' id='word_1_619' title='bbox 1902 2126 2059 2159; x_wconf 82' lang='lat' dir='ltr'>fecerunt</span> 
     </span>
     <span class='ocr_line' id='line_1_91' title="bbox 1067 2176 2058 2221; baseline -0.001 -13"><span class='ocrx_word' id='word_1_620' title='bbox 1067 2177 1229 2209; x_wconf 88' lang='lat' dir='ltr'>ductores</span> <span class='ocrx_word' id='word_1_621' title='bbox 1252 2176 1374 2220; x_wconf 91' lang='lat' dir='ltr'>populi</span> <span class='ocrx_word' id='word_1_622' title='bbox 1398 2176 1460 2221; x_wconf 93' lang='lat' dir='ltr'>qui</span> <span class='ocrx_word' id='word_1_623' title='bbox 1483 2188 1554 2209; x_wconf 90' lang='lat' dir='ltr'>non</span> <span class='ocrx_word' id='word_1_624' title='bbox 1574 2176 1755 2209; x_wconf 79' lang='lat' dir='ltr'>observata</span> <span class='ocrx_word' id='word_1_625' title='bbox 1773 2176 1952 2209; x_wconf 87' lang='lat' dir='ltr'>vacatione</span> <span class='ocrx_word' id='word_1_626' title='bbox 1969 2176 2058 2210; x_wconf 69' lang='lat' dir='ltr'>Sali-</span> 
     </span>
     <span class='ocr_line' id='line_1_92' title="bbox 1067 2224 2057 2270; baseline 0.001 -12"><span class='ocrx_word' id='word_1_627' title='bbox 1067 2226 1159 2266; x_wconf 88' lang='lat' dir='ltr'>bati,</span> <span class='ocrx_word' id='word_1_628' title='bbox 1197 2224 1314 2260; x_wconf 87' lang='lat' dir='ltr'>hostes</span> <span class='ocrx_word' id='word_1_629' title='bbox 1337 2227 1549 2270; x_wconf 88' lang='lat' dir='ltr'>depulerunt</span> <span class='ocrx_word' id='word_1_630' title='bbox 1572 2238 1609 2259; x_wconf 90' lang='lat' dir='ltr'>ac</span> <span class='ocrx_word' id='word_1_631' title='bbox 1631 2227 1918 2270; x_wconf 81' lang='lat' dir='ltr'>profligavcrnnt.</span> <span class='ocrx_word' id='word_1_632' title='bbox 1971 2226 2057 2260; x_wconf 81' lang='lat' dir='ltr'>Nam</span> 
     </span>
     <span class='ocr_line' id='line_1_93' title="bbox 1068 2275 2058 2320; baseline 0 -11"><span class='ocrx_word' id='word_1_633' title='bbox 1068 2277 1120 2309; x_wconf 90' lang='lat' dir='ltr'>lex</span> <span class='ocrx_word' id='word_1_634' title='bbox 1141 2278 1184 2309; x_wconf 90' lang='lat' dir='ltr'>de</span> <span class='ocrx_word' id='word_1_635' title='bbox 1200 2276 1355 2311; x_wconf 74' lang='lat' dir='ltr'>Salibato</span> <span class='ocrx_word' id='word_1_636' title='bbox 1376 2289 1448 2311; x_wconf 90' lang='lat' dir='ltr'>non</span> <span class='ocrx_word' id='word_1_637' title='bbox 1475 2277 1721 2320; x_wconf 82' lang='lat' dir='ltr'>complectitur</span> <span class='ocrx_word' id='word_1_638' title='bbox 1744 2275 1837 2311; x_wconf 84' lang='lat' dir='ltr'>hunc</span> <span class='ocrx_word' id='word_1_639' title='bbox 1861 2289 1977 2311; x_wconf 86' lang='lat' dir='ltr'>casum</span> <span class='ocrx_word' id='word_1_640' title='bbox 1998 2290 2058 2309; x_wconf 86' lang='lat' dir='ltr'>ne-</span> 
     </span>
     <span class='ocr_line' id='line_1_94' title="bbox 1067 2327 2058 2373; baseline -0.001 -13"><span class='ocrx_word' id='word_1_641' title='bbox 1067 2328 1244 2361; x_wconf 81' lang='lat' dir='ltr'>cessitatis.</span> <span class='ocrx_word' id='word_1_642' title='bbox 1280 2327 1414 2370; x_wconf 81' lang='lat' dir='ltr'>Regula</span> <span class='ocrx_word' id='word_1_643' title='bbox 1431 2334 1481 2361; x_wconf 87' lang='lat' dir='ltr'>est</span> <span class='ocrx_word' id='word_1_644' title='bbox 1498 2328 1619 2371; x_wconf 88' lang='lat' dir='ltr'>igitur:</span> <span class='ocrx_word' id='word_1_645' title='bbox 1643 2327 1780 2371; x_wconf 87' lang='lat' dir='ltr'>Scripta</span> <span class='ocrx_word' id='word_1_646' title='bbox 1797 2328 1952 2373; x_wconf 84' lang='lat' dir='ltr'>aequitas</span> <span class='ocrx_word' id='word_1_647' title='bbox 1970 2340 2058 2360; x_wconf 76' lang='lat' dir='ltr'>sein-</span> 
     </span>
     <span class='ocr_line' id='line_1_95' title="bbox 1068 2379 2058 2423; baseline 0.001 -13"><span class='ocrx_word' id='word_1_648' title='bbox 1068 2390 1129 2422; x_wconf 93' lang='lat' dir='ltr'>per</span> <span class='ocrx_word' id='word_1_649' title='bbox 1151 2379 1186 2411; x_wconf 92' lang='lat' dir='ltr'>in</span> <span class='ocrx_word' id='word_1_650' title='bbox 1214 2379 1254 2411; x_wconf 89' lang='lat' dir='ltr'>iis</span> <span class='ocrx_word' id='word_1_651' title='bbox 1277 2379 1432 2419; x_wconf 86' lang='lat' dir='ltr'>casibus,</span> <span class='ocrx_word' id='word_1_652' title='bbox 1467 2379 1510 2411; x_wconf 86' lang='lat' dir='ltr'>de.</span> <span class='ocrx_word' id='word_1_653' title='bbox 1535 2379 1664 2423; x_wconf 91' lang='lat' dir='ltr'>quibus</span> <span class='ocrx_word' id='word_1_654' title='bbox 1691 2379 1858 2423; x_wconf 87' lang='lat' dir='ltr'>scriptum</span> <span class='ocrx_word' id='word_1_655' title='bbox 1889 2379 2058 2423; x_wconf 85' lang='lat' dir='ltr'>loquitur,</span> 
     </span>
     <span class='ocr_line' id='line_1_96' title="bbox 1067 2429 2057 2475; baseline 0.001 -14"><span class='ocrx_word' id='word_1_656' title='bbox 1067 2441 1131 2462; x_wconf 92' lang='lat' dir='ltr'>nec</span> <span class='ocrx_word' id='word_1_657' title='bbox 1154 2430 1196 2461; x_wconf 88' lang='lat' dir='ltr'>ab</span> <span class='ocrx_word' id='word_1_658' title='bbox 1223 2441 1259 2461; x_wconf 84' lang='lat' dir='ltr'>ea</span> <span class='ocrx_word' id='word_1_659' title='bbox 1293 2430 1410 2475; x_wconf 82' lang='lat' dir='ltr'>regula</span> <span class='ocrx_word' id='word_1_660' title='bbox 1435 2429 1686 2462; x_wconf 81' lang='lat' dir='ltr'>discedendum</span> <span class='ocrx_word' id='word_1_661' title='bbox 1712 2435 1772 2464; x_wconf 82' lang='lat' dir='ltr'>est.</span> <span class='ocrx_word' id='word_1_662' title='bbox 1832 2429 1900 2463; x_wconf 82' lang='lat' dir='ltr'>Sed</span> <span class='ocrx_word' id='word_1_663' title='bbox 1932 2429 2057 2462; x_wconf 84' lang='lat' dir='ltr'>omitto</span> 
     </span>
     <span class='ocr_line' id='line_1_97' title="bbox 1069 2478 2058 2524; baseline -0.001 -13"><span class='ocrx_word' id='word_1_664' title='bbox 1069 2478 1157 2512; x_wconf 87' lang='lat' dir='ltr'>hanc</span> <span class='ocrx_word' id='word_1_665' title='bbox 1183 2480 1477 2524; x_wconf 87' lang='lat' dir='ltr'>disputationem,</span> <span class='ocrx_word' id='word_1_666' title='bbox 1512 2479 1600 2512; x_wconf 88' lang='lat' dir='ltr'>illud</span> <span class='ocrx_word' id='word_1_667' title='bbox 1627 2487 1760 2513; x_wconf 86' lang='lat' dir='ltr'>tantum</span> <span class='ocrx_word' id='word_1_668' title='bbox 1784 2492 1910 2513; x_wconf 89' lang='lat' dir='ltr'>moneo</span> <span class='ocrx_word' id='word_1_669' title='bbox 1937 2481 2058 2512; x_wconf 75' lang='lat' dir='ltr'>adole-</span> 
     </span>
     <span class='ocr_line' id='line_1_98' title="bbox 1065 2528 2056 2573; baseline -0.001 -10"><span class='ocrx_word' id='word_1_670' title='bbox 1065 2538 1208 2567; x_wconf 68' lang='lat' dir='ltr'>scentes,</span> <span class='ocrx_word' id='word_1_671' title='bbox 1235 2538 1272 2564; x_wconf 89' lang='lat' dir='ltr'>ut</span> <span class='ocrx_word' id='word_1_672' title='bbox 1290 2531 1434 2573; x_wconf 83' lang='lat' dir='ltr'>infigant</span> <span class='ocrx_word' id='word_1_673' title='bbox 1450 2531 1577 2563; x_wconf 87' lang='lat' dir='ltr'>animis</span> <span class='ocrx_word' id='word_1_674' title='bbox 1596 2528 1685 2563; x_wconf 88' lang='lat' dir='ltr'>hanc</span> <span class='ocrx_word' id='word_1_675' title='bbox 1703 2543 1821 2564; x_wconf 86' lang='lat' dir='ltr'>vocem</span> <span class='ocrx_word' id='word_1_676' title='bbox 1832 2529 2056 2564; x_wconf 82' lang='lat' dir='ltr'>Constantini</span> 
     </span>
     <span class='ocr_line' id='line_1_99' title="bbox 1067 2579 2057 2626; baseline 0 -13"><span class='ocrx_word' id='word_1_677' title='bbox 1067 2582 1109 2614; x_wconf 94' lang='lat' dir='ltr'>de</span> <span class='ocrx_word' id='word_1_678' title='bbox 1126 2582 1250 2625; x_wconf 86' lang='lat' dir='ltr'>scripta</span> <span class='ocrx_word' id='word_1_679' title='bbox 1270 2582 1454 2626; x_wconf 85' lang='lat' dir='ltr'>aequitate,</span> <span class='ocrx_word' id='word_1_680' title='bbox 1483 2582 1663 2626; x_wconf 88' lang='lat' dir='ltr'>sciantque</span> <span class='ocrx_word' id='word_1_681' title='bbox 1682 2579 1776 2614; x_wconf 92' lang='lat' dir='ltr'>liunc</span> <span class='ocrx_word' id='word_1_682' title='bbox 1795 2593 1865 2614; x_wconf 87' lang='lat' dir='ltr'>esse</span> <span class='ocrx_word' id='word_1_683' title='bbox 1886 2582 2057 2623; x_wconf 82' lang='lat' dir='ltr'>interpre-</span> 
     </span>
     <span class='ocr_line' id='line_1_100' title="bbox 1067 2631 2058 2677; baseline -0.001 -13"><span class='ocrx_word' id='word_1_684' title='bbox 1067 2639 1139 2664; x_wconf 90' lang='lat' dir='ltr'>tum</span> <span class='ocrx_word' id='word_1_685' title='bbox 1159 2644 1299 2675; x_wconf 88' lang='lat' dir='ltr'>scopum</span> <span class='ocrx_word' id='word_1_686' title='bbox 1311 2659 1320 2671; x_wconf 92' lang='lat'><strong>‚</strong></span> <span class='ocrx_word' id='word_1_687' title='bbox 1347 2639 1385 2666; x_wconf 89' lang='lat' dir='ltr'>ut</span> <span class='ocrx_word' id='word_1_688' title='bbox 1401 2632 1498 2665; x_wconf 89' lang='lat' dir='ltr'>illam</span> <span class='ocrx_word' id='word_1_689' title='bbox 1514 2633 1678 2675; x_wconf 87' lang='lat' dir='ltr'>scriptam</span> <span class='ocrx_word' id='word_1_690' title='bbox 1695 2632 1904 2677; x_wconf 82' lang='lat' dir='ltr'>aequitatem</span> <span class='ocrx_word' id='word_1_691' title='bbox 1923 2631 2058 2664; x_wconf 83' lang='lat' dir='ltr'>collatis</span> 
     </span>
     <span class='ocr_line' id='line_1_101' title="bbox 1066 2683 1678 2726; baseline 0.002 -11"><span class='ocrx_word' id='word_1_692' title='bbox 1066 2683 1217 2716; x_wconf 78' lang='lat' dir='ltr'>textibus</span> <span class='ocrx_word' id='word_1_693' title='bbox 1232 2695 1270 2716; x_wconf 90' lang='lat' dir='ltr'>ac</span> <span class='ocrx_word' id='word_1_694' title='bbox 1288 2683 1484 2716; x_wconf 82' lang='lat' dir='ltr'>rationibus</span> <span class='ocrx_word' id='word_1_695' title='bbox 1501 2683 1678 2726; x_wconf 85' lang='lat' dir='ltr'>colligant.</span> 
     </span>
    </p>
   </div>
  </div>
 </body>
</html>
