2338 2958
71 149 143 184 701

172 231 266 265 Haec
288 237 369 264 sunt
392 235 486 272 grata
509 227 603 270 Deo,
629 229 692 263 etsi
713 230 866 263 mundus
891 227 956 262 hoc
979 235 1052 262 stu-

73 285 170 318 dium
186 289 218 315 et
233 279 316 313 haec
335 279 446 312 officia
463 279 612 321 superbe
628 280 785 323 despicit.

174 330 359 364 Gloriatur
382 329 492 363 Iulius
517 328 644 363 Caesar
672 330 763 363 victo
787 326 986 369 Pharnace,
1019 334 1054 361 et

73 380 335 424 inscriptionem
355 380 391 412 in
408 377 599 422 triumpho,
628 378 728 420 Veni,
754 378 852 418 Vidi,
871 377 960 418 vici,
984 377 1053 410 cir-

72 432 220 466 cunfert.
272 430 326 463 Sit
350 428 415 463 hoc
433 441 610 472 magnum,
635 430 694 462 sed
711 428 820 461 multo
837 428 950 460 maius
966 439 1053 471 opus

71 488 139 520 est,
165 488 199 514 et
218 479 292 513 Deo
315 480 464 522 gratius,
491 492 560 513 una
583 479 698 523 aliqua
721 490 801 511 vera
828 478 874 521 pii
899 477 1053 511 Pastoris

72 531 301 565 conciuncula
315 557 324 570 ‚
351 542 455 574 quam
481 530 539 562 illa
557 528 715 574 quamvis
731 528 881 571 gloriosa
897 528 1053 567 victoria,

70 582 118 614 sic
139 582 224 614 scito
249 587 348 614 tuum
372 578 436 612 hoe
461 579 632 618 studium,
659 590 737 611 cum
762 579 873 611 disces
890 576 1052 620 Evange-

71 631 178 671 lium,
214 631 326 663 multo
355 630 479 662 melius
505 640 592 672 opus
619 639 709 669 esse,
750 635 784 661 et
807 626 881 660 Deo
909 628 1052 670 gratius,

71 693 175 726 quam
200 681 383 724 plerosque
407 680 542 712 labores
559 679 796 722 parandorum
813 678 1053 721 imperiorum,

69 732 129 776 qui
146 731 238 763 inter
256 728 416 762 homines
431 729 576 762 maxime
592 728 734 771 gloriosi
755 739 826 760 esse
841 728 1016 761 dicuntur.

169 780 221 813 De
243 780 358 813 studio
383 778 538 812 discendi
562 784 594 811 et
620 778 834 822 propagandi
857 776 1052 820 Evangelii,

67 831 183 875 inquit
199 828 374 863 Christus:
400 827 442 861 In
459 827 524 861 hoc
540 828 753 870 glorificatur
768 827 870 861 Pater
884 829 1053 869 coelestis,

67 888 106 914 ut
123 881 272 913 fructum
289 879 467 922 copiosum
482 878 612 918 feratis,
641 885 673 911 et
689 878 778 911 fiatis
793 879 861 910 mei
877 878 1050 921 discipuli.

67 929 171 963 Hunc
187 929 271 962 dicit
289 929 514 972 praecipuum
533 940 604 961 esse
623 925 794 961 honorem
810 927 924 962 Patris
942 935 1052 961 aeter-

66 980 114 1018 ui,
139 980 213 1012 fieri
227 979 416 1022 discipulos
438 976 570 1011 Christi
595 985 626 1012 et
644 985 920 1022 propugnatores
931 977 1051 1011 Evan-

64 1030 156 1072 gelii.
200 1027 465 1072 Amplectamur
477 1040 558 1070 ergo
577 1026 823 1071 Evangelium,
847 1040 910 1061 nec
929 1039 1051 1071 super-

64 1080 117 1112 bis
134 1079 323 1122 impiorum
346 1079 505 1119 iudiciis,
532 1090 596 1111 nec
613 1078 855 1121 magnitudine
878 1078 1051 1121 periculo-

64 1141 143 1162 rum
162 1130 414 1162 dcterreamur:
442 1128 554 1161 aderit
571 1128 661 1160 enim
679 1128 780 1161 nobis
798 1126 910 1167 Deus,
938 1134 970 1160 et
986 1139 1047 1170 gu-

65 1179 227 1213 bernabit
253 1179 418 1219 consilia,
455 1178 608 1211 actiones
641 1184 673 1211 et
697 1178 825 1217 exitus,
855 1177 943 1210 sicut
965 1178 1050 1210 scri-

63 1236 159 1273 ptum
170 1235 235 1262 est:
255 1227 329 1271 Ego
349 1229 423 1272 ipse
437 1235 670 1261 senescentem
683 1226 873 1260 Ecclesiam
891 1228 1050 1270 portabo,

62 1291 123 1322 ego
141 1279 220 1319 feci,
247 1291 308 1321 ego
326 1280 434 1311 seram
447 1305 456 1317 ,
484 1289 547 1323 ego
565 1278 712 1320 portabo
730 1284 763 1310 et
780 1277 931 1310 salvabo.
977 1276 1050 1310 Hac

62 1330 204 1373 quidem
223 1341 280 1372 spe
298 1340 358 1370 ego
378 1334 519 1361 vocatus
543 1328 584 1360 ad
609 1327 900 1370 gubernationem
923 1325 1049 1359 harum

61 1377 314 1418 Ecclesiarum,
343 1390 414 1410 non
440 1377 629 1410 detrectavi
654 1377 891 1416 vocationem,
929 1377 964 1408 in
982 1388 1049 1421 qua

61 1430 132 1462 scio
160 1426 249 1460 mihi
276 1429 467 1461 multorum
493 1427 571 1460 odia
595 1427 775 1459 subeunda
809 1438 899 1466 esse,
934 1433 966 1459 et
992 1439 1049 1459 ex-

63 1479 230 1522 pectanda
257 1478 351 1510 varia
375 1477 544 1521 pericula,
572 1477 630 1509 sed
656 1477 862 1509 commendo
888 1488 943 1508 me
962 1475 1050 1516 Deo,

59 1529 205 1572 gestanti
225 1527 435 1567 Ecclesiam,
457 1539 497 1561 ac
523 1539 585 1560 oro
599 1552 607 1567 ,
633 1533 671 1560 ut
695 1538 750 1559 me
767 1533 881 1569 regat,
908 1526 1049 1559 adiuvet

60 1586 94 1613 et
113 1579 288 1612 defendat.

163 1628 235 1662 Vos
251 1639 390 1673 quoque
407 1625 577 1660 adhortor
594 1633 626 1660 et
642 1627 796 1660 obtestor
812 1633 954 1670 propter
973 1626 1049 1669 glo-

63 1679 150 1712 riam
170 1677 254 1717 Dei,
282 1685 316 1712 et
331 1677 477 1711 Domini
500 1678 610 1710 nostri
637 1676 711 1710 lesu
729 1675 880 1716 Christi,
906 1683 1049 1719 propter

63 1729 212 1762 salutem
238 1735 406 1768 vestram,
443 1734 586 1771 propter
612 1728 759 1770 patriam
787 1733 819 1759 et
850 1727 1048 1760 universam

63 1777 275 1819 Ecclesiam,
313 1785 351 1812 ut
382 1777 486 1811 etiam
511 1775 743 1820 Evangelium
768 1775 833 1809 Dei
861 1777 1049 1818 amplecta-

63 1828 172 1871 mini,
207 1835 239 1861 et
268 1838 440 1860 consensu
466 1833 580 1859 vestro
616 1827 740 1859 iuvetis
768 1825 1048 1858 emendationem

62 1876 311 1912 Ecclesiamm.
363 1876 467 1910 Scitis
496 1873 663 1908 hactenus
687 1876 877 1918 neglectam
903 1885 973 1907 esse
994 1875 1048 1906 in-

63 1928 275 1973 spectionem
292 1925 526 1960 Ecclesiarum
538 1952 547 1965 ,
574 1926 702 1958 multos
718 1925 823 1958 fuisse
840 1932 872 1958 et
894 1936 964 1958 esse
981 1923 1047 1957 Pa-

63 1985 172 2012 stores
194 1989 334 2021 prorsus
362 1976 500 2019 ignaros
521 1973 723 2018 Evangelii,
757 1975 948 2017 neglectam
977 1986 1047 2007 esse

62 2028 284 2072 disciplinam
308 2034 343 2060 et
369 2038 506 2059 morum
525 2037 729 2065 censuram,
750 2026 972 2058 autoritatem
992 2025 1047 2057 iu-

61 2079 235 2111 diciorum
258 2089 345 2120 pene
367 2076 526 2108 amissam
554 2087 635 2108 esse.
698 2074 763 2107 llis
786 2075 885 2107 malis
910 2086 1046 2107 necesse

61 2136 112 2162 est
139 2129 288 2165 mederi,
316 2139 383 2172 qua
408 2127 444 2158 iu
468 2138 505 2158 re
526 2125 688 2168 opitulari
706 2123 792 2157 mihi
811 2132 841 2158 et
858 2123 1046 2163 Ecclesiae,

62 2185 95 2212 et
110 2179 260 2222 patriae,
284 2188 472 2210 consensus
489 2182 619 2215 vester,
647 2175 837 2218 plurimum
857 2175 993 2218 poterit.

164 2227 316 2261 Addidit
350 2226 444 2260 Deus
486 2226 628 2267 collegia
667 2223 849 2269 Episcopis
883 2225 1046 2258 omnibus

63 2278 298 2322 temporibus,
330 2285 368 2310 ut
388 2274 529 2310 haberet
543 2276 756 2318 gubernator
772 2275 908 2307 consilii
924 2275 1045 2314 socios,

63 2335 230 2373 tanquam
251 2327 418 2361 Senatum
436 2334 582 2360 certum:
611 2338 717 2370 quare
743 2337 821 2358 cum
846 2323 907 2357 has
930 2336 1044 2367 geram

63 2379 174 2417 vices,
200 2377 348 2410 maxime
366 2383 464 2419 opto,
492 2376 614 2408 vestris
630 2388 683 2408 me
699 2375 854 2409 consiliis
870 2375 919 2408 nti
939 2387 1045 2418 posse,

64 2429 159 2472 quod
176 2428 250 2467 fiet,
276 2427 303 2460 si
324 2438 439 2459 veram
462 2433 494 2459 et
514 2438 633 2469 puram
650 2424 831 2469 Evangelii
851 2425 1043 2458 doctrinam

65 2478 218 2521 aniplexi
241 2477 395 2516 fueritis,
420 2477 513 2520 quod
539 2475 567 2507 si
591 2476 741 2516 facietis,
768 2483 799 2509 et
816 2475 961 2518 gloriam
979 2474 1044 2509 Dei

66 2528 254 2568 ornabitis,
281 2534 313 2560 et
333 2533 465 2559 vestrae
489 2526 588 2559 saluti
613 2527 819 2565 consuletis,
844 2533 876 2559 et
899 2526 1044 2568 patriam

67 2584 213 2610 vestram
230 2577 432 2621 ingentibus
449 2575 624 2609 beneficiis
640 2576 794 2609 afficietis
806 2600 814 2613 ,
836 2583 867 2608 et
886 2576 1044 2619 profutu—

65 2639 101 2660 ra
126 2635 174 2661 est
198 2629 305 2671 pietas
326 2634 438 2661 vestra
463 2627 646 2660 universae
668 2623 842 2660 Ecclesiae
873 2632 903 2658 et
929 2633 1043 2670 poste-

63 2678 167 2712 ritati.

674 140 828 179 DECL.
875 141 948 179 DE
984 140 1163 178 DICTO
1192 141 1370 180 MOSIS
1404 153 1486 183 ETC.

2015 148 2088 181 702

1205 227 1271 261 His
1289 229 1400 262 causis
1416 230 1548 263 moveri
1563 229 1724 266 honestas
1741 239 1873 266 mentes
1892 233 2000 273 decet,
2024 244 2084 275 ego

1106 285 1196 312 certe
1214 291 1375 320 moveor,
1402 287 1434 313 et
1452 279 1565 314 Deum
1585 293 1666 323 oro,
1686 289 1725 316 ut
1740 295 1794 316 me
1811 290 1918 326 regat.

1206 343 1252 379 Et
1269 346 1312 378 de
1328 357 1403 378 mea
1422 347 1632 380 conscientia
1651 355 1684 382 et
1703 349 1882 382 voluntate
1900 347 1965 382 hoc
1985 349 2088 392 polli-

1106 406 1205 435 ceor,
1232 407 1286 428 me
1310 402 1404 428 certo
1429 396 1532 436 scire,
1561 408 1668 439 genus
1695 399 1873 432 doctrinae
1897 400 1990 443 quod
2015 411 2087 431 am-

1105 445 1226 488 plexus
1250 457 1346 488 sum,
1382 457 1503 478 verum
1529 453 1561 479 et
1587 447 1682 489 pium
1714 461 1802 489 esse,
1837 456 1869 482 et
1894 460 2088 493 nunquam,

1104 494 1258 528 Domino
1273 495 1479 536 adiuvante,
1505 496 1569 529 ulli
1586 498 1695 529 errori
1713 498 1825 530 locum
1841 510 2085 531 concessurum

1105 556 1187 585 esse,
1214 546 1271 578 sed
1290 545 1439 578 fideliter
1454 553 1487 579 et
1504 546 1681 579 moderate
1697 548 1738 579 de
1756 548 1902 580 consilio
1923 549 2087 591 probato-

1105 607 1183 628 rum
1201 593 1385 628 hominum
1403 596 1522 628 omnia
1541 607 1628 640 quae
1647 597 1752 629 officii
1776 598 1863 630 ratio
1888 599 2088 642 postulabit,

1104 646 1277 679 facturum
1294 657 1374 678 esse.

1206 703 1277 736 Nec
1304 705 1413 736 debeo
1441 704 1585 749 reliquis
1610 706 1710 739 vobis
1735 707 1991 746 sacerdotibus,
2027 708 2086 751 qui

1104 754 1148 787 ad
1183 752 1418 787 Ecclesiarum
1459 756 1748 797 gubernationem
1791 757 1896 790 simul
1938 754 2087 790 adhibiti

1104 804 1203 845 estis,
1238 805 1405 845 consilio,
1444 803 1710 846 adhortatione,
1750 807 1936 840 autoritate
1960 807 2088 845 deesse,

1104 855 1191 899 quin
1220 865 1281 887 vos
1302 866 1440 899 quoque
1469 856 1798 896 commonefaciam,
1827 864 1865 890 ut
1897 857 2087 889 concrediti

1104 905 1220 937 oneris
1243 905 1522 947 magnitudinem
1545 906 1789 939 consideretis:
1817 919 1889 939 non
1910 907 2002 939 enim
2022 904 2087 939 llo-

1104 955 1260 994 minum,
1295 956 1354 987 sed
1385 954 1449 988 Dei
1482 956 1665 998 negocium
1698 956 1816 998 agitis,
1849 964 1961 990 vestra
1994 957 2087 989 enim

1103 1016 1225 1048 opera,
1266 1005 1424 1038 doctrina
1465 1017 1503 1038 ac
1535 1005 1748 1043 ministerio,
1795 1007 1838 1038 ad
1871 1007 2087 1039 excitandam

1104 1052 1436 1099 provehendamque
1468 1055 1607 1098 piorum
1642 1055 1678 1087 in
1706 1053 1885 1089 Christum
1914 1057 2088 1095 fiduciam,

1103 1103 1198 1136 Deus
1214 1104 1267 1137 uti
1283 1105 1409 1145 voluit,
1434 1104 1523 1138 sicut
1537 1104 1665 1138 Paulus
1682 1105 1812 1149 inquit:
1840 1104 1905 1138 Dei
1923 1117 2086 1149 coopera-

1103 1154 1146 1186 rii
1164 1165 1295 1187 sumus.
1331 1154 1449 1196 Quare
1467 1155 1697 1188 memineritis
1714 1167 1785 1195 vos,
1811 1168 1882 1188 non
1899 1156 2006 1188 ullius
2023 1154 2087 1188 ho-

1104 1204 1226 1241 minis,
1260 1216 1374 1248 neque
1398 1205 1484 1237 adeo
1507 1205 1615 1237 ullius
1635 1212 1830 1245 creaturae,
1863 1207 1922 1238 sed
1942 1205 2086 1239 Domini

1103 1254 1215 1286 nostri
1252 1253 1329 1287 Iesu
1363 1252 1496 1287 Christi
1530 1256 1700 1297 sanguine
1735 1256 1922 1299 redemptis
1963 1256 2087 1288 ovibus

1104 1304 1302 1347 pascendis,
1328 1304 1518 1347 praefectos
1538 1316 1629 1337 esse:
1660 1307 1815 1349 adeoque
1835 1306 1939 1338 vestri
1962 1318 2087 1338 mnne-

1103 1354 1150 1386 ris
1169 1354 1330 1396 inprimis
1353 1355 1503 1394 censeri,
1528 1361 1569 1387 ut
1591 1366 1703 1388 sacras
1729 1356 1846 1388 literas
1868 1356 1988 1388 sedulo
2013 1368 2086 1388 me-

1102 1404 1281 1443 ditemini,
1307 1410 1416 1447 utque
1439 1405 1482 1437 ab
1504 1405 1600 1436 omni
1623 1402 1779 1437 humano
1804 1413 2000 1438 commento
2024 1407 2086 1438 de-

1103 1460 1258 1496 puratas,
1286 1451 1461 1485 Ecclesiae
1484 1454 1631 1487 fideliter
1649 1467 1687 1487 ac
1705 1455 1890 1498 diligenter
1910 1468 2086 1499 propona-

1102 1504 1164 1543 tis,
1192 1515 1234 1535 ne
1260 1503 1366 1535 ullius
1390 1500 1541 1536 vestri'im
1561 1505 1614 1536 vel
1641 1505 1759 1548 culpa,
1787 1506 1839 1537 vel
1867 1506 2001 1548 ignavia
2023 1518 2084 1537 ne-

1102 1554 1231 1594 glectae
1243 1551 1373 1585 Christi
1391 1565 1471 1586 oves
1489 1552 1604 1598 (quod
1622 1555 1811 1587 clementer
1825 1563 1954 1588 avertat
1974 1555 2085 1600 Deus)

1103 1603 1191 1635 fame
1216 1609 1373 1645 pereant:
1409 1615 1489 1634 nam
1517 1604 1720 1645 sanguinem
1750 1605 1887 1637 illarum
1909 1607 1950 1637 de
1972 1606 2085 1637 niani-

1102 1654 1165 1685 bus
1192 1653 1320 1685 nostris
1350 1653 1504 1697 requiret
1532 1652 1724 1693 Dominus,
1764 1662 1802 1688 ut
1824 1653 1997 1698 Propheta
2024 1656 2084 1698 ait,

1103 1703 1198 1745 Quin
1218 1703 1333 1746 potius
1353 1703 1526 1748 spirituali
1551 1704 1719 1737 alimonia
1744 1706 1908 1743 resectae,
1937 1706 2082 1738 salutem

1102 1760 1360 1797 consequantur
1375 1761 1563 1787 aeternam.

1202 1811 1367 1852 Proinde,
1388 1820 1427 1846 ut
1442 1812 1571 1846 Paulus
1588 1813 1715 1858 inquit,
1744 1815 1970 1858 vosmetipsos
1984 1827 2083 1858 prae-

1101 1861 1210 1894 beatis
1225 1862 1370 1894 formam
1389 1863 1562 1896 bonorum
1582 1876 1736 1906 opernm,
1766 1865 1801 1896 in
1819 1865 1974 1897 doctrina
1995 1865 2084 1897 inte-

1101 1912 1278 1953 gritatem,
1306 1913 1526 1954 gravitatem,
1553 1925 1747 1946 sermonem
1766 1926 1907 1954 sanum,
1935 1915 2083 1958 irrepre-

1101 1959 1328 2001 hensibilem,
1353 1968 1390 1994 ut
1410 1962 1436 1995 is
1456 1963 1515 2007 qui
1532 1971 1699 2006 repugnat
1720 1965 1834 2003 vobis,
1861 1966 1988 1997 rubore
2010 1966 2083 1997 suf-

1099 2011 1286 2051 fundatur,
1311 2010 1402 2045 nihil
1420 2010 1563 2053 habens,
1590 2015 1683 2058 quod
1706 2015 1747 2046 de
1766 2015 1864 2047 vobis
1880 2016 1971 2048 dicat
1989 2015 2082 2051 mali.

1200 2076 1254 2110 Ad
1273 2075 1339 2111 hoc
1357 2079 1458 2111 etiam
1476 2080 1590 2112 modis
1613 2080 1777 2113 omnibus
1795 2082 1979 2121 studeatis,
2006 2094 2081 2113 mo-

1099 2139 1151 2160 res
1170 2135 1300 2160 vestros
1319 2129 1360 2160 ad
1381 2141 1559 2167 normam,
1588 2131 1631 2162 ab
1649 2129 1819 2174 Apostolo
1839 2132 1909 2164 suis
1927 2132 2080 2174 discipu-

1099 2177 1141 2210 lis
1157 2175 1345 2211 Timotheo
1367 2185 1398 2211 et
1414 2178 1498 2211 Tito
1517 2180 1760 2223 praescriptam
1774 2208 1782 2221 ‚
1808 2181 1957 2214 formare
1976 2189 2007 2215 et
2027 2182 2083 2214 in-

1098 2227 1258 2266 stituere,
1284 2235 1322 2262 ut
1346 2240 1448 2261 sanae
1472 2230 1651 2262 doctrinae
1674 2230 1849 2274 inculpata
1874 2238 1984 2264 vestra
2010 2233 2080 2265 vita

1098 2279 1324 2321 respondeat,
1351 2285 1382 2312 et
1409 2278 1500 2313 iuxta
1520 2280 1593 2312 divi
1608 2279 1701 2313 Petri
1718 2281 1922 2314 sententiam
1935 2308 1944 2321 ,
1967 2293 2080 2314 exem-

1097 2328 1207 2371 plaria
1229 2328 1339 2371 gregis
1357 2328 1573 2370 efficiamini,
1597 2342 1666 2374 quo
1691 2337 1724 2364 et
1746 2343 1844 2371 oves,
1869 2338 2000 2364 vestrae
2019 2344 2079 2364 cu-

1098 2390 1154 2410 rae
1188 2379 1410 2419 commissae,
1451 2378 1526 2412 Deo
1553 2381 1751 2420 credentes,
1791 2387 1904 2414 vestro
1940 2394 2078 2426 quoqne

1097 2428 1253 2471 exemplo
1277 2429 1379 2461 bonis
1401 2430 1566 2473 operibus
1589 2442 1744 2473 praeesse
1766 2431 1919 2471 discant,
1944 2444 1987 2464 ne
2010 2433 2078 2464 sint

1097 2478 1339 2520 infrugiferae,
1366 2486 1395 2512 et
1423 2479 1470 2512 sic
1493 2480 1650 2513 doctrina
1669 2479 1863 2514 Servatoris
1887 2482 1995 2514 nostri
2012 2480 2077 2514 Dei

1097 2535 1242 2561 ornetur
1265 2529 1300 2561 in
1323 2530 1505 2570 omnibus,
1531 2542 1617 2562 neve
1635 2537 1777 2574 propter
1795 2543 1859 2564 nos
1882 2544 1994 2565 sermo
2011 2531 2075 2564 Dei

1095 2578 1185 2610 male
1201 2579 1330 2619 audiat,
1357 2580 1447 2612 inter
1463 2592 1520 2613 eos
1536 2581 1594 2625 qui
1610 2581 1694 2613 soris
1712 2587 1803 2622 sunt,
1823 2580 1877 2627 (et
1893 2583 1984 2626 quod
2002 2593 2075 2613 ma-

1096 2628 1149 2660 ius
1169 2626 1235 2672 est)
1259 2641 1301 2661 ne
1323 2630 1514 2663 multorum
1540 2631 1770 2674 simplicium,
1798 2632 1936 2676 piorum
1962 2639 2074 2664 tamen

1094 2679 1199 2712 corda
1218 2679 1367 2720 offensa,
1397 2691 1416 2714 a
1430 2691 1512 2714 sana
1532 2681 1688 2715 doctrina
1705 2682 1910 2716 alienentur.
