2338 2958
0 2666 2 2683 ⁷
0 391 9 2659 Wffl—*ffl*ffiw——-„

53 132 128 167 797

53 218 134 259 dam
152 214 350 253 veritatem,
378 224 450 246 non
469 212 565 245 alant
588 209 703 245 studia
729 208 942 248 factionum,
970 218 1044 240 non

53 272 222 313 quaerant
241 264 383 308 plausus
400 263 453 297 sui
473 260 617 296 theatri:
648 262 707 294 sed
725 266 847 294 curent
872 266 986 292 extare
1010 263 1043 290 et

53 315 208 360 conspici
236 326 290 348 res
317 321 432 353 veraS,
467 321 506 347 ut
531 313 641 357 gloria
664 310 730 346 Dei
757 310 972 353 celebretur,
1009 314 1042 341 et

50 366 149 401 vDeus
183 377 263 398 vera
295 364 517 398 invocatione
543 364 698 401 colatur,
732 373 795 394 nec
821 361 1042 393 abducantur

51 423 187 450 mentes
214 427 231 448 a
256 427 340 448 vero
364 414 451 449 Deo.
512 413 610 447 Talis
643 410 828 456 explicatio
858 422 976 443 rerum
1007 415 1041 442 et

53 466 245 500 necessaria
284 472 354 506 est,
396 472 429 498 et
466 464 620 498 difficilis
653 471 686 498 et
724 461 936 506 periculosa:
980 460 1040 493 sed

50 517 145 552 docti
164 517 275 550 sciant
293 528 328 549 se
351 513 417 549 hoc
433 516 588 549 officium
606 513 679 547 Deo
703 513 841 546 debere..
893 510 940 543 Hi
965 522 1039 543 me-

50 568 222 602 minerint
243 565 305 600 bas
331 566 566 599 severissimas
583 563 785 598 conciones:
815 561 887 604 Qui
904 561 1039 594 conses-

50 630 109 653 sus
133 618 238 651 fuerit
262 629 317 650 me
342 629 459 650 coram
484 615 706 658 hominibus,
741 612 935 646 confitebor
959 623 1037 644 eum

51 676 85 704 et
101 680 162 712 ego
182 680 296 702 coram
316 674 413 712 patre
430 665 581 700 coelesti.
630 664 732 698 Item:
758 662 830 706 Qui
848 674 921 695 non
938 662 1039 695 colli-

49 719 101 764 git
115 731 269 759 mecum,
296 717 474 762 dispergit.
511 716 614 750 Item:
641 714 750 748 Labia
768 713 958 747 sacerdotis
977 724 1038 746 cu—

49 769 206 804 stodiant
231 769 421 802 scientiam.
475 766 581 801 Item:
610 764 844 805 Maledictus,
871 763 933 809 qui
956 763 1038 797 facit

49 833 138 865 opus
154 819 300 854 Domini
323 818 575 858 fraudulenter,
602 814 669 850 hoc
685 823 745 856 est,
773 815 834 860 qui
852 822 911 847 aut
927 814 1038 847 sciens

50 871 143 905 cedit
159 869 318 904 hostibus
335 867 541 912 Evangelii,
566 867 807 901 imbecillitate
823 865 950 898 animi:
979 870 1039 897 aut

49 923 110 967 qui
133 922 206 965 ipse
227 917 483 964 sophismatum
514 918 710 964 praestigiis
736 916 887 950 involvit
910 915 1040 949 verita-

49 979 137 1013 tem,
164 979 197 1006 et
217 971 401 1004 confirmat
423 981 568 1004 erroreS.

147 1029 266 1074 Quare
289 1030 327 1063 in
350 1029 509 1063 docendo
536 1036 570 1063 et
588 1028 624 1061 in
644 1027 810 1061 discendo
831 1026 941 1059 simus
957 1025 1040 1059 dili-

48 1081 243 1125 gentiores,
275 1092 340 1113 nec
363 1080 521 1113 sinamus
543 1079 665 1112 induci
691 1077 876 1120 caliginem
902 1076 1041 1109 veritati

48 1144 144 1174 nunc
161 1132 198 1164 in
215 1129 381 1165 Ecclesiis
397 1129 539 1164 lucenti.
591 1129 659 1163 Sed
681 1140 760 1162 cum
786 1138 839 1160 res
860 1126 931 1160 sint
947 1126 1041 1159 diffi-

48 1183 149 1223 ciles,
177 1179 388 1216 adhibeatur
404 1181 507 1214 etiam
526 1192 629 1220 cura,
656 1185 694 1212 ut
720 1185 752 1212 et
773 1177 842 1222 ipsi
867 1189 923 1211 eas
945 1184 1039 1210 recte

46 1234 239 1274 discamus,
265 1239 298 1266 et
314 1232 392 1265 aliis
408 1232 527 1266 dextre
544 1238 578 1264 et
595 1229 737 1275 proprie
754 1228 978 1273 explicemus.

150 1298 271 1344 Aliqui
297 1297 431 1331 indocti
459 1297 586 1332 stolide
609 1297 847 1330 vociferantur
868 1296 911 1328 de
935 1294 1040 1327 rebus

47 1362 121 1384 non
140 1349 345 1389 intellectis,
372 1360 436 1381 nec
456 1349 638 1382 veritatem
658 1354 690 1380 et
708 1346 855 1390 gloriam
871 1344 936 1378 Dei
956 1345 1039 1377 illu-

48 1409 157 1434 strare
176 1400 336 1437 student,
361 1400 421 1432 sed
444 1399 560 1432 stultis
582 1398 677 1442 vulgi
701 1396 894 1430 adfectibus
912 1397 1039 1429 adsen-

47 1458 186 1491 tantur,
226 1451 349 1483 dicunt
392 1449 550 1483 convicia
589 1449 626 1481 in
667 1447 901 1491 magistratus,
961 1445 1039 1479 Hoc

46 1504 156 1535 modo
189 1513 253 1534 nec
288 1500 520 1540 erudiuntur,
555 1512 618 1532 nec
653 1499 910 1534 confirmantur
937 1497 1038 1536 boni,

47 1553 107 1586 sed
131 1552 316 1585 irritantur
333 1551 531 1584 voluntates
554 1557 758 1594 potentum,
786 1548 879 1592 qnod
899 1559 971 1580 non
989 1553 1039 1579 est

46 1603 145 1638 utile.
198 1601 354 1635 Vincunt
380 1601 416 1633 in
440 1602 614 1641 docendo,
647 1611 720 1633 non
752 1598 931 1638 convicia,
964 1608 1037 1630 non

46 1660 188 1687 nostrae
212 1651 431 1695 tragoediae,
458 1657 517 1684 aut
539 1658 692 1696 satyrae,
718 1650 777 1682 sed
796 1647 964 1681 autoritas
982 1647 1038 1680 di—

47 1704 149 1744 vina,
191 1715 259 1736 vox
292 1701 379 1743 Dei,
419 1708 451 1734 et
491 1702 563 1745 ipsa
605 1700 762 1734 veritatis
798 1698 1038 1743 perspicuitas.

46 1753 150 1789 Certe
167 1754 228 1799 qui
246 1765 318 1786 non
335 1753 409 1786 vult
426 1753 546 1785 cedere
562 1751 740 1786 autoritati
759 1749 918 1789 divinae,
945 1760 1038 1781 nun-

47 1817 153 1850 quam
177 1805 275 1837 cedet
297 1809 425 1846 ineptis
449 1814 635 1842 conviciis,
663 1813 752 1847 quae
775 1797 938 1832 hommes
961 1809 1038 1831 sani
1062 1822 1065 1850 Ι
1088 1817 1268 1850 firmemus
1287 1828 1370 1857 nos,
1397 1823 1430 1850 et
1448 1824 1607 1861 petamus
1624 1825 1656 1850 et
1673 1825 1891 1861 expectemus
1906 1818 2081 1860 guberna·

47 1863 81 1890 et
104 1850 310 1899 prudentes,
343 1853 447 1886 etiam
478 1864 557 1885 cum
588 1864 668 1885 vere
697 1852 884 1887 dicuntur,
921 1855 1038 1881 tamen

46 1917 120 1939 non
137 1905 211 1938 sine
228 1904 349 1936 dolore
370 1902 530 1937 audiunt.
583 1901 752 1935 Amemus
775 1906 949 1944 utranque
967 1899 1039 1931 vir-

45 1963 156 1991 tutem
184 1954 365 1988 veritatem
395 1959 428 1986 et
451 1953 675 1986 modestiam:
709 1950 906 1985 doctrinam
935 1961 1039 1982 orne-

46 2019 125 2041 mus
142 2005 312 2050 gravitate
331 2011 364 2038 et
381 2003 562 2037 modestia.

149 2072 363 2116 Plerumque
395 2069 499 2104 etiam
533 2069 588 2109 fit,
623 2072 662 2100 ut
693 2067 826 2100 indocti
855 2073 1038 2111 propterea

47 2123 130 2169 quia
154 2134 208 2156 res
233 2124 377 2162 desunt,
409 2132 472 2164 pro
498 2118 714 2163 argumentis
734 2118 890 2151 convicia
913 2129 1037 2151 cumu-

47 2174 139 2216 lent,
166 2180 200 2207 et
215 2171 279 2207 hac
297 2173 370 2217 ipsa
386 2170 637 2204 vociferatione
655 2179 753 2201 suam
777 2168 951 2201 inscitiam
969 2175 1039 2201 tra-

47 2226 190 2265 ducant,
217 2231 251 2259 et
267 2234 389 2257 causae
406 2228 556 2254 noceant
573 2220 665 2264 apud
683 2230 740 2252 eos
757 2219 818 2263 qui
833 2226 1037 2262 argumenta

47 2275 240 2320 postulant.
292 2273 417 2308 Sciunt
441 2273 649 2315 prudentes,
680 2282 751 2302 non
781 2276 930 2309 temere,
965 2281 1037 2302 non

50 2326 127 2359 sine
160 2324 352 2369 perspicuis
386 2321 596 2356 testimoniis
631 2320 762 2353 divinis
796 2320 1036 2363 recipiendum

48 2387 121 2410 esse
145 2377 271 2419 dogma
294 2374 425 2408 ullum:
461 2373 542 2416 quia
566 2371 642 2405 Deo
666 2371 844 2404 reddenda
874 2376 923 2404 est
948 2370 1037 2403 ratio

48 2428 92 2461 de
112 2425 367 2471 approbatione
386 2431 419 2458 et
437 2423 624 2456 reiectione
642 2423 858 2464 dogmatum.
911 2419 1038 2454 Sciunt

48 2485 83 2512 et
98 2475 181 2511 hoc:
211 2475 370 2519 Qui-cito
389 2473 499 2508 credit
515 2472 602 2506 levis
619 2479 669 2506 est
684 2472 800 2506 corde.
855 2470 939 2504 Ideo
955 2470 1038 2504 sun-

48 2528 214 2561 dameuta
237 2538 317 2560 vera
336 2532 370 2560 et
394 2525 516 2559 divina
539 2522 739 2557 testimonia
763 2522 917 2567 prudens
936 2521 1038 2555 audi-

49 2584 106 2612 tor
126 2578 269 2621 flagitat.

148 2633 369 2669 Extruantur
398 2644 480 2677 ergo
514 2631 699 2666 conciones
724 2641 766 2663 ex
790 2629 881 2663 veris
909 2629 1037 2663 sunda-

49 2685 195 2721 mentis:
221 2685 293 2720 sint
315 2690 518 2729 argumenta
542 2685 629 2717 adeo
653 2680 856 2726 perspicua,
882 2687 921 2715 ut
945 2692 1036 2714 con-

459 124 620 162 DECL.
666 122 742 160 DE
774 121 972 159 DICTO:
1007 117 1129 156 EGO
1166 118 1282 156 PRO
1315 119 1388 156 TE:
1423 118 1608 157 ORAVI
1644 131 1728 159 ETC.

2011 124 2083 159 798

1095 204 1190 238 vinci
1214 205 1350 239 animos
1375 207 1572 251 intelligant
1596 219 1718 240 omnes
1743 206 1837 248 sani,
1869 214 1901 241 et
1925 207 1999 240 sine
2026 220 2082 241 ra-

1095 255 1241 288 lumniis
1256 257 1459 291 iudicantes.
1513 257 1650 291 Deinde
1667 270 1746 291 cum
1763 259 1805 290 de
1821 258 1979 291 doctrina
1996 270 2080 291 con-

1094 306 1250 339 firmatae
1278 314 1361 340 sunt
1389 314 1538 346 mentes,
1575 309 1724 341 addatur
1751 308 1958 342 consolatio:
1988 307 2079 350 Quia

1094 355 1196 388 etiam
1220 363 1310 390 recte
1335 358 1481 398 eruditi,
1514 365 1629 391 tamen
1661 370 1760 402 saepe
1792 359 1829 392 in
1862 358 2080 392 confessione

1093 413 1174 439 sunt
1200 407 1346 450 trepidi,
1381 415 1543 441 metuunt
1573 409 1627 441 vel
1660 409 1725 441 sihi
1751 410 1805 442 vel
1831 410 1902 442 suis
1927 409 2080 448 familiis,

1092 456 1148 488 vel
1173 457 1309 489 amicis:
1338 458 1391 490 vel
1417 465 1579 492 metuunt
1601 459 1750 493 maiores
1768 460 1990 492 confusiones
2015 471 2080 502 pu—

1091 506 1218 547 blicas,
1245 507 1299 539 vel
1315 508 1442 541 nolunt
1461 508 1571 541 videri
1588 509 1692 541 nimis
1714 510 1862 550 morosi,
1890 510 1987 550 duri,
2016 507 2080 541 ho-

1091 563 1158 589 stes
1177 559 1384 590 concordiae
1402 565 1437 591 et
1454 558 1556 602 pacis,
1581 559 1733 601 denique
1751 560 1859 592 multa
1877 566 2080 602 argumenta

1090 604 1246 640 humana
1264 608 1451 642 debilitant
1468 608 1616 643 animos,
1670 608 1736 642 Hic
1756 609 1857 642 etiam
1875 610 2080 653 magnitudo

1089 658 1258 692 bonitatis
1275 659 1416 692 divinae
1430 659 1680 694 consideretur.

1193 725 1360 760 Promisit
1396 733 1557 759 aeternus
1592 725 1696 759 Pater
1723 737 1758 759 se
1789 737 1830 759 ex
1849 732 1988 770 pectore
2017 738 2079 760 suo

1089 776 1281 810 effusurum
1298 789 1369 810 esse
1387 775 1558 821 Spiritum
1583 783 1742 810 sanctum
1761 776 1798 809 in
1814 787 1895 817 nOS,
1922 784 1960 810 ut
1977 784 2008 810 et
2026 777 2081 810 lu-

1089 840 1163 861 cem
1180 827 1336 861 veritatis
1355 827 1391 860 in
1409 828 1585 860 mentibus
1601 828 1778 867 accendat,
1805 834 1837 860 et
1857 827 1953 860 cordi
1974 828 2081 860 robur

1089 878 1215 918 addat,
1243 884 1277 911 et
1292 878 1457 911 exuscitet
1480 878 1649 922 impetus,
1675 885 1715 911 ut
1733 877 1907 911 testificari
1923 878 1966 910 de
1988 877 2080 910 veri-

1090 935 1159 962 tate
1188 929 1328 962 fortiter
1360 929 1495 969 ausint,
1532 940 1595 961 nec
1617 929 1859 961 deterreantur
1884 928 1989 960 minis
2021 935 2080 961 aut

1090 986 1204 1019 metu,
1240 979 1311 1012 imo
1345 991 1389 1012 ne
1421 978 1643 1023 decipiantur
1673 979 1856 1012 blanditiis
1884 984 2079 1022 potentum,

1090 1041 1154 1062 nec
1170 1028 1355 1072 capiantur
1369 1029 1502 1074 laqueis
1521 1026 1784 1073 sophismatum.
1831 1027 1968 1071 Pugnat
1985 1028 2079 1061 enim

1091 1079 1253 1113 diabolus
1275 1080 1380 1113 variis
1405 1080 1539 1121 modis,
1566 1079 1714 1120 astutia,
1740 1078 1940 1119 blanditiis,
1968 1085 2080 1111 terro—

1091 1130 1201 1164 ribus.
1255 1129 1326 1164 Nec
1341 1137 1401 1165 aut
1419 1130 1491 1163 doli
1509 1136 1646 1163 tantum
1662 1127 1815 1163 humana
1831 1129 2000 1172 sapientia
2018 1130 2079 1161 de-

1091 1179 1263 1225 prehendi
1279 1188 1313 1222 et
1327 1180 1447 1221 vitari,
1475 1187 1534 1214 aut
1548 1180 1671 1213 ruinae
1696 1178 1850 1212 humana
1872 1179 2080 1213 fortitudine

1089 1231 1268 1264 contemni
1290 1238 1452 1275 possunt:
1480 1231 1537 1264 sed
1555 1230 1654 1263 Deus
1671 1230 1808 1263 addidit
1829 1230 1932 1263 nobis
1957 1231 2078 1263 docto-

1089 1293 1182 1321 rem,
1209 1288 1241 1315 et
1267 1282 1547 1315 confirmatorem
1571 1280 1766 1324 Spiritum,
1790 1292 1831 1313 ex
1855 1291 1918 1314 suo
1942 1287 2080 1325 pectore

1091 1332 1254 1365 effusum.

1177 1397 1274 1442 Quid
1293 1404 1408 1432 autem
1426 1398 1539 1432 maius
1556 1404 1588 1432 et
1605 1398 1731 1431 melius
1747 1398 1829 1431 dare
1845 1403 1959 1442 potest
1974 1397 2080 1440 Deus,

1089 1461 1193 1494 quam
1213 1450 1307 1494 qnod
1327 1456 1359 1482 et
1384 1449 1494 1483 filium
1519 1449 1621 1483 nobis
1639 1449 1803 1489 donavit,
1827 1455 1860 1481 et
1884 1449 2081 1483 societatem

1090 1511 1170 1533 suae
1195 1507 1356 1539 naturae,
1382 1512 1461 1532 cum
1480 1500 1517 1532 in
1543 1501 1647 1533 corda
1670 1505 1789 1533 nostra
1808 1498 1980 1542 Spiritum
1999 1511 2080 1533 san-

1089 1556 1183 1583 ctum
1211 1550 1377 1584 effundit:
1412 1562 1516 1594 quem
1542 1551 1685 1595 quidem
1717 1549 1852 1582 effundi
1882 1549 1918 1582 in
1940 1561 2018 1590 vos,
2051 1550 2079 1583 si

1089 1601 1195 1633 modo
1231 1600 1366 1644 petitis,
1403 1600 1502 1633 nullo
1540 1601 1645 1633 modo
1679 1599 1846 1632 dubitate.
1900 1598 1957 1632 Sic
1985 1600 2079 1632 enim

1087 1650 1256 1694 scriptum
1276 1657 1342 1683 est:
1387 1650 1530 1693 Quanto
1550 1650 1660 1693 magis
1681 1649 1778 1684 dabit
1801 1656 1900 1693 pater
1920 1650 2077 1683 coelestis

1090 1700 1264 1744 Spiritum
1284 1707 1444 1734 sanctum
1464 1700 1687 1744 petentibus?

1191 1766 1267 1799 Hac
1290 1767 1531 1800 consolatione
1556 1767 1688 1811 nosipsi
1715 1778 1809 1800 nunc
1831 1779 1972 1812 quoque
1994 1779 2079 1800 con-

1091 1868 1244 1908 tionem,
1271 1867 1531 1907 defensionem,
1558 1867 1728 1902 auxilium
1744 1867 1782 1900 in
1804 1865 1859 1901 his
1875 1868 2004 1902 nostris
2020 1880 2080 1912 pe-

1091 1918 1222 1953 riculis.

1192 1984 1245 2018 Te
1269 1984 1377 2027 igitur
1398 1984 1447 2016 fili
1466 1984 1529 2018 Dei
1548 1983 1701 2018 Domine
1720 1984 1797 2019 Iesu
1813 1982 1972 2026 Christe,
1999 1997 2079 2019 ora-

1089 2047 1168 2069 mus
1183 2035 1374 2078 supplices,
1401 2041 1440 2067 ut
1456 2047 1534 2068 cum
1562 2036 1736 2078 professus
1751 2035 1816 2076 sis,
1843 2042 1875 2068 te
1900 2042 2077 2079 precatum

1090 2098 1182 2125 esse,
1215 2093 1247 2119 et
1276 2084 1409 2128 precari
1430 2097 1492 2129 pro
1518 2084 1674 2118 Ecclesia
1698 2092 1776 2127 tua,
1809 2087 2012 2129 deprecator
2033 2087 2080 2119 sis

1091 2145 1121 2170 et
1141 2147 1203 2181 pro
1221 2135 1340 2168 nobis:
1371 2135 1431 2180 qui
1451 2148 1529 2168 cum
1544 2134 1779 2178 Evangelium
1796 2143 1896 2170 tuum
1914 2148 2079 2169 reveren-

1090 2195 1142 2221 ter
1165 2186 1349 2219 audiamus
1376 2193 1410 2219 et
1433 2186 1501 2218 fide
1533 2187 1806 2229 amplectamur,
1843 2193 1933 2220 certe
1959 2198 2079 2220 sumus

1089 2236 1266 2271 Ecclesiae
1291 2244 1370 2270 tuae
1389 2236 1562 2269 membra:
1591 2244 1623 2270 et
1648 2249 1719 2269 non
1743 2237 1923 2282 relinquas
1942 2248 2006 2270 nos
2020 2250 2079 2270 or-

1092 2286 1246 2332 phanos,
1274 2287 1331 2319 sed
1359 2286 1517 2327 erudias,
1553 2298 1668 2329 regas,
1702 2287 1869 2320 defendas
1896 2294 1929 2320 et
1951 2288 2078 2320 confir-

1089 2350 1161 2371 mes
1178 2349 1251 2370 nos.
1306 2335 1460 2379 Colligas
1480 2337 1583 2369 etiam
1603 2337 1667 2370 tibi
1688 2336 1879 2370 Ecclesiam
1897 2337 1933 2370 in
1953 2335 2006 2370 his
2024 2350 2079 2371 re-

1090 2389 1254 2432 gionibus
1271 2394 1304 2420 et
1324 2398 1437 2419 serves
1453 2399 1548 2427 eam,
1573 2394 1611 2421 ut
1628 2394 1660 2420 te
1677 2387 1827 2421 celebret
1844 2400 1924 2421 vera
1942 2388 2077 2432 pietate,

1088 2438 1303 2484 gratitudine
1319 2443 1353 2471 et
1371 2437 1506 2471 laeticia
1524 2437 1560 2470 in
1578 2437 1675 2471 omni
1692 2438 1907 2474 aeternitate.
1960 2437 2054 2472 Dixi.
