2338 2958
121 131 192 169 821

120 215 271 260 ceptoris
286 220 432 247 mortem
451 213 575 254 deflet,
599 221 632 247 et
650 214 724 247 eius
742 214 923 257 ingenium
945 215 991 247 ita
1011 226 1112 258 prae-

120 267 231 304 dicat,
257 271 297 299 ut
311 264 477 298 omnibus
493 264 614 298 aetatis
636 276 719 298 suae
736 263 996 299 Mathematicis
1013 271 1112 298 ante-

121 318 220 350 ferat.

221 365 411 399 Incesserat
435 372 549 399 autem
569 366 710 411 utrique
732 367 904 410 cupiditas
929 366 1111 400 adeundae

118 416 260 457 Italiae,
288 414 507 450 Purbacchio
524 424 557 450 et
573 415 870 460 Regiomontano,
899 424 973 450 tum
991 424 1029 450 ut
1046 418 1110 449 (lo-

81 500 91 511 ,
117 475 190 502 ctos
214 469 309 501 viros
333 468 370 500 in
396 467 496 501 Italia
528 468 691 501 audirent
721 466 987 513 (celebrabatur
1014 467 1109 500 enim

116 517 309 552 Blanchini
324 517 438 564 fama)
451 545 460 559 ,
482 525 556 552 tum
574 525 613 552 ut
633 517 786 552 Graecae
807 519 947 562 linguae
966 529 1108 561 operam

116 570 252 609 darent,
275 570 312 602 in
330 581 398 614 qua
415 570 530 602 fontes
546 566 670 602 harum
687 570 815 602 artium
832 569 1005 602 contineri
1023 569 1109 601 scie-

115 621 219 661 bant,
247 627 280 654 et
295 620 535 653 Ptolemaeum
553 632 614 653 sua
633 619 752 662 lingua
776 621 977 664 loquentem
996 620 1109 662 legere

114 672 294 706 volebant.
347 670 503 716 Eratque
529 668 687 703 hortator
701 669 906 712 Bessarion,
934 678 973 704 ut
990 682 1106 704 secum

115 723 430 767 proficiscerentur.
465 720 593 755 Narrat
611 721 715 753 etiam
731 720 1047 765 RegiomontanuS,
1073 733 1108 754 se

115 774 389 813 adolescentem,
426 784 504 805 cum
533 771 668 805 videret
693 772 782 805 duos
808 773 1108 815 ingeniosissimos

114 825 228 863 viros,
265 821 521 858 Purbacchium
552 829 584 856 et
614 821 839 856 Franciscmn
869 823 1106 857 Mantuanum

114 876 152 908 in
186 875 407 922 versionibus
449 871 690 917 geographicis
727 873 919 907 Ptolemaei
954 872 1106 912 haerere,

113 934 258 971 propter
275 925 449 959 inscitiam
471 924 626 958 Graecae
644 924 796 967 linguae,
823 927 924 959 valde
941 926 1107 965 doluisse,

112 978 208 1023 quod
236 977 351 1010 sontes
380 976 552 1019 inspicere
587 987 657 1008 non
696 983 828 1019 posset,
862 989 924 1010 nec
952 976 1107 1010 Graecae

111 1028 253 1071 linguae
273 1033 514 1072 praeceptores
538 1024 700 1065 haberet,
729 1039 874 1072 eamque
900 1029 945 1061 ob
967 1039 1106 1060 causam

111 1090 148 1112 se
162 1079 355 1112 decrevisse
370 1078 560 1122 aliquando
580 1076 715 1110 Italiam
732 1077 840 1110 adire.
882 1077 1031 1111 Moleste
1049 1084 1106 1110 tu-

111 1130 200 1164 lerat
217 1130 428 1168 adolescens,
457 1128 494 1160 in
511 1128 671 1160 versione
688 1128 932 1171 descriptionis
948 1128 1106 1162 Danubii

111 1181 213 1215 toties
231 1187 383 1213 erratum
404 1191 489 1212 esse.
542 1177 630 1211 Nam
649 1191 727 1211 cum
744 1179 781 1211 in
800 1186 895 1213 textu
912 1180 955 1213 sit
980 1179 1106 1225 ἐκτρο-

110 1229 181 1276 πὴ,
209 1243 297 1276 quae
320 1237 371 1264 est
389 1236 542 1269 meatus,
569 1229 632 1262 ubi
659 1230 780 1263 inssuit
802 1230 891 1263 alius
907 1230 1039 1267 amnis,
1067 1236 1106 1263 ut

111 1284 153 1316 ad
174 1282 356 1316 Patavium
375 1278 499 1314 Oenus
517 1280 636 1313 influit
653 1280 690 1312 in
706 1279 929 1314 Danubium:
955 1288 1105 1314 verterat

111 1333 284 1377 interpres
303 1332 424 1366 multis
442 1331 528 1364 locis
546 1331 740 1371 scissiones,
769 1332 868 1377 quasi
886 1339 1018 1365 caetera
1037 1332 1105 1364 ssu-

111 1384 208 1417 mina
223 1384 293 1417 sint
309 1382 468 1416 Danubii
486 1379 640 1416 brachia.
690 1382 808 1415 Simili
826 1380 1104 1416 hallucinatione

111 1435 301 1478 descriptio
328 1433 417 1466 Padi
452 1433 634 1466 obscurata
672 1440 733 1468 est.
786 1433 854 1467 Sed
893 1431 1103 1467 Purbacchii

110 1486 298 1520 consilium
323 1486 365 1518 de
394 1481 458 1517 hac
484 1484 768 1528 peregrinatione
792 1496 886 1517 mors
917 1485 1103 1517 immatura

110 1536 313 1570 antevertit:
349 1548 418 1580 quo
447 1535 599 1568 extincto
626 1535 738 1567 luctus
759 1535 863 1567 etiam
885 1534 1104 1578 Regiomon-

110 1595 231 1622 tanum
264 1586 392 1626 movit,
431 1593 469 1619 ut
498 1585 635 1618 facilius
664 1585 838 1618 Viennam
875 1587 1103 1630 relinqueret.

109 1638 308 1673 Comitatur
335 1638 442 1680 igitur
467 1635 712 1669 Bessarionem
738 1637 941 1669 redeuntem
969 1637 1005 1669 in
1035 1636 1098 1669 lta-

110 1690 212 1730 liam,
236 1701 314 1722 cum
335 1688 404 1720 iam
424 1699 495 1719 non
520 1687 642 1731 procul
660 1700 677 1720 a
697 1687 872 1720 tricesimo
891 1699 985 1720 anno
1003 1688 1101 1721 abes-

109 1747 169 1775 set.
224 1739 359 1774 Romae
391 1750 471 1772 cum
501 1737 740 1782 Trapezontio
770 1749 871 1782 saepe
899 1749 1102 1781 congressus

110 1799 170 1825 est.
225 1790 405 1824 Lustravit
428 1796 460 1822 et
477 1786 725 1828 bibliothecas,
752 1801 840 1832 quae
866 1789 974 1830 magis
999 1789 1101 1822 etiam

110 1842 346 1875 accenderunt
364 1852 441 1872 eum
454 1866 462 1879 ,
489 1849 528 1871 ut
545 1838 700 1871 Graecae
726 1839 865 1881 linguae
883 1851 1022 1883 operam
1040 1840 1102 1872 da-

110 1899 173 1927 ret.
204 1892 344 1925 Ardens
361 1891 468 1933 igitur
486 1886 549 1922 hac
567 1890 768 1932 cupiditate,
792 1890 899 1922 multa
918 1902 977 1922 sua
994 1902 1100 1923 manu

109 1943 310 1987 descripsit,
338 1949 369 1975 et
388 1940 576 1975 Ptolemaei
594 1940 702 1973 libros
721 1940 787 1972 sibi
806 1941 993 1974 familiares
1006 1941 1102 1974 fecit.

109 1994 213 2028 Tunc
238 2000 270 2027 et
288 1993 474 2035 Dialogum
499 1998 618 2024 contra
637 1990 884 2024 Cremonensis
909 1989 1102 2024 Theoricas

109 2045 258 2089 scripsit.
310 2042 504 2088 Aliquanto
540 2049 618 2085 post
646 2041 842 2074 Ferrariam
875 2054 910 2075 se
943 2043 1102 2084 contulit,

109 2096 170 2131 ubi
187 2103 271 2130 tunc
293 2102 391 2128 erant
409 2091 627 2126 Blanchinus
650 2099 682 2125 et
701 2090 911 2125 Theodorus
928 2092 1041 2134 Gaza,
1068 2100 1102 2127 et

111 2146 293 2181 Guarinus
317 2146 365 2178 ibi
385 2144 518 2179 Graece
537 2145 694 2177 docebat.
748 2142 815 2176 llic
842 2145 983 2178 navavit
1004 2155 1101 2188 egre-

568 127 727 164 DECL.
776 127 849 164 DE
884 127 1151 165 IOHANNE
1185 129 1695 169 REGIOMONTANO.

1135 285 1137 291 .
1162 272 1284 301 tutem.

1133 294 1137 367 l
1160 315 1347 349 Bessarion
1367 330 1407 350 ex
1425 316 1572 351 Graecia
1591 320 1770 362 rediisset,
1798 322 1947 356 contulit
1967 334 2001 356 se
2018 321 2149 367 Regio-

110 2198 201 2241 giam
231 2209 372 2242 operam
408 2197 443 2228 in
475 2195 608 2229 Graeca
639 2195 776 2237 lingua,
812 2195 962 2238 amplius
989 2208 1126 2228 annom

111 2255 319 2293 tantumque
341 2247 483 2287 didicit,
518 2254 554 2280 ut
579 2253 612 2280 et
636 2257 754 2278 versus
781 2257 900 2287 graece
925 2247 1102 2287 scriberet,
1124 2272 1128 2328 ἱ

111 2299 172 2344 qui
191 2296 307 2332 adhuc
326 2304 461 2337 extant,
494 2304 526 2330 et
552 2297 707 2340 expedite
733 2296 862 2328 versari
884 2297 919 2329 in
938 2294 1100 2331 Philoso-

112 2348 191 2394 phis
203 2349 348 2383 Graecis
363 2355 489 2393 posset.
520 2347 587 2381 llic
605 2349 671 2380 iam
682 2347 922 2380 Ptolemaeum
939 2346 1101 2381 etTheo-

110 2402 166 2434 nis
184 2400 456 2434 commentarios
473 2400 632 2432 conferre
650 2399 773 2438 coepit.
816 2397 1008 2443 Aliquanto
1026 2406 1103 2443 post

110 2452 292 2487 discedens
316 2450 496 2489 Ferraria,
530 2450 624 2483 venit
647 2450 683 2482 in
711 2449 935 2482 Academiam
962 2449 1103 2483 Patavi-

111 2516 204 2543 nam,
231 2503 293 2537 ubi
310 2516 327 2534 a
346 2498 597 2544 Philosophiae
614 2501 781 2534 studiosis
799 2507 957 2543 rogatus,
984 2501 1104 2534 Alfra-

112 2565 241 2597 ganum
257 2553 396 2598 publice
412 2552 602 2586 enarravit.
658 2550 761 2584 Extat
788 2551 955 2594 praefatio
982 2552 1031 2585 ibi
1050 2565 1104 2586 re-

113 2605 226 2643 citata,
247 2604 284 2637 in
302 2617 369 2649 qna
387 2616 459 2637 non
478 2603 591 2635 solum
609 2601 814 2644 disciplinas
831 2603 1019 2646 praedicat,
1044 2605 1102 2637 sed

113 2655 216 2689 etiam
241 2666 367 2698 magno
389 2655 540 2689 candore
557 2653 708 2686 celebrat
727 2649 1015 2693 Mathematicos,
1043 2654 1103 2699 qui

112 2714 196 2741 tunc
224 2706 261 2739 in
279 2704 377 2739 ltalia
396 2705 480 2740 clari
505 2706 667 2741 fuerunt,
696 2711 725 2737 et
749 2715 836 2749 quos
851 2704 917 2737 sibi
939 2705 1106 2739 devinxe-

2079 139 2151 176 822

1162 221 1215 249 rat
1239 216 1392 250 amicitia
1418 223 1561 260 propter
1579 205 1783 252 ‘societatem
1807 220 2005 255 studiorum
2023 229 2058 262 et
2079 224 2150 258 vir-

1337 266 1509 301 Absoluta
1528 269 1749 303 enarratione
1764 268 1961 314 Alsragani,
1988 284 2066 305 cum
2082 274 2148 307 iam

1161 373 1348 400 montanus
1367 367 1550 407 venetias,
1579 382 1672 403 anno
1701 371 1887 407 millesimo
1910 374 2149 418 quadringen-

1159 417 1306 458 tesimo,
1334 426 1458 463 quarto
1485 426 1517 451 et
1533 422 1754 463 sexagesimo.
1808 422 1875 457 Hic
1900 432 1932 458 et
1956 425 2087 458 librum
2107 427 2150 459 de

1160 468 1344 511 triangulis
1364 480 1487 511 magna
1506 470 1687 513 diligentia
1707 474 1931 518 conscripsit,
1960 483 1992 510 et
2017 477 2150 511 refuta-

1159 518 1271 551 tiones
1288 521 1523 564 quadraturae
1540 521 1678 561 circuli,
1706 535 1791 567 quas
1807 523 1972 559 Nicolaus
1989 525 2150 561 Cusanus

1159 570 1414 603 demonstrasse
1447 572 1654 614 putabatur:
1698 571 1849 607 Romam
1883 583 2001 619 postea
2035 579 2150 619 rediit,

1158 620 1219 653 ubi
1238 621 1348 654 libros
1360 620 1513 654 Graecos
1531 629 1563 656 et
1581 621 1724 656 Latinos
1741 625 1867 667 partim
1886 637 1945 659 sua
1964 640 2071 662 manu
2089 631 2150 662 de-

1158 672 1316 716 scripsit,
1342 672 1475 717 (pinxit
1500 673 1593 705 enim
1621 674 1802 707 literarum
1829 676 1956 719 figuras
1980 686 2012 712 et
2038 692 2150 713 venu-

1158 729 1243 755 state
1276 730 1308 756 et
1334 723 1500 756 facilitate
1524 723 1683 771 magna,)
1701 726 1827 769 partim
1855 739 1980 771 magna
2003 732 2149 773 pecunia

1158 774 1308 807 describi
1325 774 1471 808 curavit.
1523 773 1591 808 Hic
1608 783 1641 810 et
1659 777 1849 810 certamina
1868 778 1899 810 ei
1916 791 1994 812 cum
2014 779 2150 826 Trape-

1158 825 1274 858 zontio
1311 825 1479 858 acerrima
1511 827 1672 867 suerunt,
1713 827 1813 861 cuius
1846 826 2149 871 hallucinationes,

1158 888 1235 908 cum
1255 873 1438 910 Theonem
1457 874 1783 921 reprehendissent,
1806 879 1955 923 ingenue
1974 882 2149 919 refutavit.

1158 926 1342 970 Peragrata
1363 927 1482 968 ltalia,
1509 929 1614 961 rediit
1632 928 1825 971 Viennam,
1852 931 1913 964 ubi
1939 933 2001 965 etsi
2026 934 2150 967 docere

1157 985 1338 1021 coeperat,
1374 985 1490 1011 tamen
1506 986 1668 1012 evocatus
1692 992 1709 1013 a
1729 979 1825 1024 Rege
1844 980 2016 1024 Matthia,
2051 992 2083 1018 et
2106 987 2150 1019 ab

1156 1026 1332 1072 Episcopo
1358 1028 1612 1072 Strigoniensi‚
1648 1031 1784 1074 magnis
1809 1032 1852 1065 ab
1875 1039 2024 1078 utroque
2048 1048 2148 1079 prae-

1157 1079 1236 1111 miis
1262 1080 1412 1112 donatus
1435 1087 1493 1114 est.
1548 1080 1622 1114 Rex
1650 1081 1753 1114 etiam
1786 1083 1991 1125 pensionem
2025 1086 2054 1118 ei
2085 1099 2149 1119 an-

1157 1142 1263 1162 nuam
1289 1129 1465 1171 decrevit,
1493 1143 1617 1165 aureos
1639 1131 1861 1176 Hungaricos
1882 1134 1967 1169 200.
2023 1135 2090 1170 Hie
2116 1146 2149 1171 et

1157 1181 1228 1223 regi
1253 1188 1285 1214 et
1310 1179 1487 1226 Episcopo
1510 1182 1741 1216 instrumenta
1765 1185 1947 1219 fabricavit
1969 1188 2011 1220 ad
2029 1189 2149 1221 obser-

1156 1233 1290 1264 vandos
1309 1239 1434 1265 motus.
1474 1231 1562 1265 Nam
1580 1232 1746 1278 Episcopi
1764 1247 1888 1279 magna
1906 1244 1978 1270 erat
1995 1240 2146 1273 eruditio

1156 1283 1192 1315 in
1216 1280 1271 1315 his
1288 1282 1496 1326 disciplinis,
1549 1283 1595 1317 Et
1620 1283 1715 1323 Rex,
1744 1287 1902 1330 quamvis
1922 1300 2024 1322 nemo
2044 1289 2148 1323 Prin-

1156 1334 1272 1377 cipum
1290 1334 1363 1367 eius
1380 1333 1501 1367 aetatis
1518 1334 1720 1369 bellicosior
1737 1344 1819 1377 erat,
1847 1344 1963 1371 tamen
1982 1352 2054 1373 non
2075 1349 2148 1374 erat

1157 1385 1254 1417 rudis
1278 1385 1458 1418 doctrinae
1477 1385 1520 1417 (le
1543 1386 1697 1420 motibus
1722 1388 1941 1422 coelestibus.
1995 1390 2147 1425 Narrant

1156 1442 1187 1468 et
1212 1436 1417 1477 gravissimo
1441 1437 1567 1469 morbo
1600 1444 1774 1470 servatum
1807 1450 1878 1472 esse
1904 1438 2149 1476 Blathematici

1156 1487 1316 1527 consilio.
1369 1486 1456 1519 'Nam
1475 1499 1553 1520 cum
1574 1486 1706 1521 Medici
1724 1490 1858 1522 nullam
1877 1491 1913 1523 in
1938 1489 2148 1527 humoribus

1155 1550 1294 1570 causam
1322 1538 1435 1570 morbi
1463 1535 1788 1581 deprehenderent,
1813 1552 1851 1573 ac
1876 1542 2148 1577 animadvertis-

1155 1595 1230 1621 sent
1248 1595 1383 1626 tantum
1400 1588 1586 1621 mirificum
1603 1601 1674 1622 esse
1690 1590 1892 1633 languorem
1911 1594 2044 1634 cordis,
2068 1595 2148 1628 Ma-

1155 1636 1362 1672 thematicus
1379 1639 1530 1680 monuit,
1556 1647 1700 1684 propter
1715 1639 1885 1685 Eclipsin,
1911 1656 1999 1688 quae
2017 1645 2146 1679 minata

1154 1691 1268 1722 fuerat
1292 1689 1401 1732 Regis
1422 1690 1530 1729 vitae,
1560 1688 1650 1724 hanc
1674 1692 1949 1727 imbecillitatem
1975 1696 2145 1730 virtutum

1155 1741 1316 1773 vitalium
1337 1741 1503 1774 extitisse:
1527 1753 1590 1774 nec
1610 1754 1747 1775 cansam
1769 1743 1804 1776 in
1827 1741 2022 1779 honoribus
2040 1761 2146 1792 quae-

1155 1793 1299 1823 rendam
1317 1803 1407 1831 esse,
1435 1793 1494 1824 sed
1513 1797 1648 1824 tantum
1665 1794 1781 1826 cordis
1798 1794 1888 1828 vires
1905 1797 2009 1830 rebus
2028 1799 2146 1831 suavi-

1155 1843 1218 1874 bus
1236 1842 1415 1876 fovendas,
1470 1841 1518 1876 Ita
1537 1841 1613 1876 Rex
1629 1845 1819 1879 convaluit.

1255 1913 1307 1948 Eo
1332 1922 1488 1958 tempore
1511 1915 1813 1959 Regiomontanus
1840 1926 1872 1953 et
1896 1919 2072 1965 Episcopo
2093 1923 2143 1955 illi

1154 1966 1290 1999 tabulas
1324 1966 1559 2000 directionum
1597 1968 1822 2012 conscripsit,
1859 1983 2006 2015 quarum
2045 1974 2143 2007 initia

1154 2017 1289 2050 etiamsi
1308 2018 1351 2049 ab
1372 2017 1451 2049 aliis
1468 2018 1634 2062 sumpsit,
1662 2025 1779 2052 tamen
1798 2032 1922 2065 magna
1941 2035 2022 2066 pars
2045 2024 2145 2058 lucu-

1153 2068 1326 2101 brationis
1348 2065 1454 2101 huius
1475 2076 1526 2102 est
1550 2069 1658 2113 ipsius
1678 2067 1833 2114 propria.
1884 2071 1929 2106 Et
1945 2071 2029 2108 haec
2048 2075 2145 2108 labo-

1154 2131 1231 2152 rum
1249 2119 1522 2153 communicatio
1550 2120 1639 2154 iusta
1669 2128 1702 2155 et
1733 2122 1836 2155 laude
1856 2123 2059 2167 dignissima
2083 2134 2144 2163 est.

1153 2170 1286 2214 priores
1311 2170 1439 2203 artium
1464 2170 1596 2203 semina
1622 2173 1759 2205 tradere
1783 2175 1947 2217 posteris,
1976 2183 2008 2210 et
2031 2185 2144 2221 poste-

1153 2232 1262 2254 rosea
1288 2221 1439 2254 fideliter
1459 2233 1665 2255 conservare
1694 2229 1725 2256 et
1751 2223 1939 2261 illustrare.

1255 2294 1307 2329 Eo
1340 2295 1415 2339 ipso
1447 2302 1603 2340 tempore
1628 2296 1705 2331 Rex
1734 2297 1939 2334 Pannoniae
1976 2301 2144 2338 Matthias

1153 2348 1285 2381 bellum
1305 2347 1416 2380 movit
1431 2347 1598 2380 adversus
1614 2346 1813 2390 Bohem0s‚
1841 2364 1929 2397 quae
1944 2365 1998 2386 res
2018 2356 2143 2389 multa-

1154 2411 1233 2432 rum
1251 2398 1447 2431 vicinarum
1466 2397 1649 2440 regionum
1668 2401 1960 2445 tranquillitatem
1980 2407 2144 2439 turbavit.

1155 2446 1304 2483 Bohemi
1323 2449 1449 2492 partim
1466 2447 1677 2482 Casimirnm
1694 2450 1864 2486 Poloniae
1880 2453 2012 2497 Regem
2031 2469 2143 2488 accer-

1155 2502 1297 2537 sebaut,
1343 2498 1468 2543 partim
1501 2511 1647 2543 regnum
1675 2499 1765 2534 Duci
1798 2504 1970 2538 Saxoniae
1998 2505 2143 2539 Alborto

1156 2553 1291 2585 tradere
1311 2550 1547 2590 conabantur,
1576 2552 1700 2594 partim
1727 2553 1923 2589 invitabant
1947 2555 2146 2597 Matthiam,

1156 2603 1229 2648 qui,
1257 2608 1295 2634 ut
1313 2608 1385 2634 erat
1403 2601 1610 2643 acerrimus,
1636 2606 1822 2639 antevertit
1842 2614 2002 2639 caeteros.
2056 2607 2143 2640 Cum

1157 2654 1264 2697 igitur
1294 2651 1498 2692 Pannonia,
1535 2651 1675 2686 Austria
1713 2661 1746 2688 et
1771 2662 1839 2690 tota
1869 2657 1993 2689 vicinia
2025 2658 2146 2700 plenae

1157 2711 1270 2739 essent
1305 2703 1541 2743 tumultuum,
1581 2702 1884 2748 Regiomontanus
1919 2709 2146 2753 tranquillam

1451 2752 1534 2787 52*
