2338 2958
143 110 240 146 1009

138 196 348 230 deteriorem
380 196 534 239 faciunt,
571 202 604 230 et
635 196 775 230 irritant
807 202 927 229 contra
955 207 990 229 se
1015 195 1128 228 multo

138 248 268 292 plures,

238 320 328 356 Cum
345 321 392 355 ita
409 333 549 355 accensa
564 329 678 355 essent
695 319 879 355 hominum
896 320 1027 361 studia,
1055 319 1126 353 Te-

137 372 245 406 celius
268 371 365 405 ali‘ud
391 372 595 406 incendium
618 372 731 405 maius
751 372 894 412 excitat,
921 371 1034 404 irritat
1052 370 1124 404 Lu-

135 421 296 463 therum,
339 430 378 456 ut
408 423 621 466 imposturas
652 422 953 465 indulgentiarum
986 421 1124 456 refutet.

134 471 204 505 Hic
228 472 398 517 explicata
423 473 583 506 doctrina
607 474 649 506 de
673 473 909 516 poenitentia,
946 479 977 505 et
1001 471 1124 505 taxatis

135 523 464 567 superstitionibus,
492 524 600 567 magis
623 523 726 557 etiam
751 524 954 556 labefactata
974 528 1024 555 est
1045 534 1123 554 mo-

133 571 330 606 nachorum
361 574 539 607 autoritas.
605 571 652 607 Et
682 572 817 608 Romae
847 572 1024 616 occupatis
1053 571 1120 603 iam

133 623 263 656 animis
279 635 369 657 nova
385 635 467 657 cura
479 650 488 665 ,
514 635 658 668 prorsus
673 623 841 657 conticuit
856 634 956 655 causa
966 620 1122 666 Capnio-

133 673 209 714 nis,
238 680 277 707 ut
300 685 400 718 saepe
422 675 460 708 fit
482 675 575 708 iuxta
601 675 750 708 dictum:
779 670 854 707 λύει
877 670 917 707 δὲ
943 670 1120 719 συμφορὰ

132 721 201 768 τὴν
219 722 430 771 συμφορὰν.
484 723 534 758 Ita
553 724 709 768 periculo
728 724 868 757 tandem
886 723 1054 757 liberatus
1070 730 1121 756 est

132 773 288 818 Capnio,
314 775 351 807 in
376 775 497 808 ultima
522 781 676 813 senecta,
705 782 847 818 propter
864 774 955 807 bella
973 773 1119 808 Suevica

131 824 300 858 invitatus
323 837 340 858 a
363 824 460 858 Duce
478 823 648 858 Bavariae
664 823 829 858 Guielmo
841 851 849 864 ,
877 824 913 856 in
930 822 1120 857 Academia

131 873 400 917 Ingolstadiensi
411 873 582 908 Graecam
598 882 631 908 et
648 874 800 908 Ebream
817 875 972 917 linguam
987 875 1119 915 docuit,

130 932 249 969 postea
273 932 306 958 et
324 925 525 969 Tubingam
545 926 730 959 accersitus
750 932 818 964 est,
843 926 902 957 sed
920 925 987 958 iam
1005 936 1118 968 egres-

129 986 188 1008 sus
203 976 495 1019 septuagesimum
511 988 644 1009 annum
659 976 783 1019 morbo
803 975 942 1008 icterico
959 975 1118 1008 laborare

130 1026 240 1069 cepit,
266 1038 305 1058 ac
321 1027 489 1069 paulatim
504 1027 742 1069 languefactus
760 1025 981 1068 Stutgardiae
1000 1025 1035 1057 in
1056 1037 1117 1058 sua

129 1075 236 1109 domo
254 1087 347 1109 anno
366 1074 472 1112 1521.
487 1089 526 1110 ex
543 1074 608 1110 hac
626 1077 695 1110 vita
714 1076 873 1110 decessit.

234 1150 275 1184 ln
298 1157 506 1187 testamento
528 1163 607 1184 cum
633 1152 701 1183 alia
729 1151 785 1194 pie.
803 1151 1005 1190 mandavit,
1042 1157 1115 1184 tum

129 1213 213 1234 vero
241 1203 352 1234 libros
380 1200 514 1235 Ebreos
543 1208 576 1235 et
607 1200 761 1234 Graecos
792 1202 939 1234 donavit
969 1201 1116 1244 collegio

127 1249 341 1293 Phorcensi,
366 1252 414 1285 ita
437 1258 477 1285 ut
499 1252 548 1284 ibi
566 1252 603 1284 in
620 1252 751 1295 templo
766 1252 905 1295 publice
924 1259 1116 1292 serventur,

128 1308 161 1334 et
183 1303 226 1334 ab
243 1302 408 1335 omnibus
425 1302 551 1346 inspici
568 1303 714 1346 possint.
767 1302 980 1347 Quanquam
998 1310 1114 1335 autem

127 1364 225 1385 nunc
248 1353 407 1397 quidem,
438 1359 621 1398 postquam
654 1353 813 1385 officinae
844 1351 1115 1398 typographicae

127 1400 360 1436 bibliothecas
384 1403 517 1448 ubique
541 1403 820 1447 locupletarunt,
846 1403 964 1437 minor
989 1411 1038 1437 est
1054 1404 1115 1436 ad-

128 1453 269 1486 miratio
293 1453 366 1486 eius
389 1451 563 1493 thesauri,
591 1461 707 1487 tamen
733 1461 766 1487 et
782 1454 943 1487 voluntas
960 1452 1115 1498 Capnio-

126 1503 184 1536 nis
203 1503 378 1537 laudanda
400 1511 468 1544 est,
496 1505 589 1548 quod
608 1516 679 1536 non
698 1504 810 1537 voluit
824 1504 986 1548 dissipari
1005 1505 1115 1537 libros

127 1554 171 1587 ab
190 1551 413 1594 haeredibus,
439 1555 497 1587 sed
518 1554 553 1586 in
575 1554 649 1587 loco
669 1561 763 1587 certo
779 1555 966 1591 custodiri,
993 1555 1054 1587 ubi
1073 1556 1114 1587 ad

126 1610 286 1649 posteros
310 1604 412 1638 etiam
436 1604 599 1648 plurimis
619 1605 698 1637 usui
724 1616 797 1637 esse
820 1612 970 1648 possent.
1023 1604 1114 1639 Sunt

127 1661 243 1688 autem
266 1655 317 1687 ibi
341 1662 374 1689 et
395 1655 521 1698 scripta
545 1656 705 1688 nondum
729 1655 821 1689 edita
839 1655 875 1687 in
893 1655 1043 1688 officinis
1059 1661 1115 1700 ty-

126 1702 366 1750 pographicis,
400 1705 564 1739 videlicet
589 1704 704 1739 Marci
721 1705 897 1739 Antonini
922 1705 1114 1750 Imperato-

126 1755 176 1789 ris
196 1753 302 1793 liber,
329 1755 428 1788 cuius
450 1763 484 1789 et
506 1762 658 1790 vetustas
674 1757 888 1790 mentionem
905 1756 1002 1794 fecit,
1030 1767 1114 1788 ora—

125 1804 235 1839 tionis
260 1804 408 1838 Maximi
435 1805 545 1846 Titii,
579 1813 612 1839 et
637 1806 703 1838 alia
729 1807 921 1851 quaedam,
954 1818 993 1839 ac
1012 1813 1051 1839 ut
1072 1807 1114 1839 de

126 1855 270 1889 caeteris
285 1866 358 1887 non
375 1855 502 1890 dicam.
555 1853 615 1888 Est
634 1856 681 1887 ibi
698 1853 842 1889 historia
859 1856 983 1900 synodi
996 1854 1113 1899 Ephe-

125 1907 224 1939 sinae
255 1905 362 1948 digna
391 1905 488 1946 luce,
516 1905 669 1939 ostendit
700 1906 794 1938 enim
826 1906 904 1950 quis
935 1905 1112 1944 indixerit,

127 1957 205 2002 quis
223 1955 430 1999 praefuerit,
456 1968 526 2001 quo
544 1956 686 1995 ordine,
713 1963 746 1989 et
763 1956 823 2001 qui
842 1957 907 1989 viri
924 1957 1113 1990 sententias

126 2007 292 2041 dixerint.
351 2003 397 2039 Et
421 2007 612 2040 recitantur
639 2007 829 2039 multorum
857 2007 1008 2050 integrae
1032 2020 1111 2041 ora·

126 2058 260 2098 tiones,
285 2057 321 2089 in
346 2057 474 2101 quibus
497 2063 534 2090 ut
559 2057 602 2090 ab
621 2057 680 2090 illa
699 2057 836 2090 erudita
853 2058 1060 2102 antiquitate
1080 2065 1112 2092 et

125 2108 189 2143 ubi
213 2114 264 2141 tot
287 2107 421 2141 lumina
440 2105 616 2141 Ecclesiae
641 2119 738 2140 suam
764 2108 1015 2141 consessionem
1037 2109 1109 2141 edi-

127 2160 274 2198 derunt,
310 2158 498 2201 diligenter
522 2158 709 2202 exponitur
732 2159 845 2203 qualis
868 2159 909 2192 sit
936 2160 1111 2203 copulatio

126 2209 267 2243 divinae
291 2214 324 2241 et
346 2205 520 2241 humanae
546 2216 690 2242 naturae
717 2209 753 2241 in
778 2209 848 2242 filio
875 2208 938 2242 Dei
965 2213 1046 2243 nat'o
1072 2222 1110 2243 ex

126 2260 275 2303 virgine.
329 2257 418 2292 Cum
439 2259 544 2292 einim
564 2259 744 2292 Nestorius
769 2266 911 2293 naturas
937 2257 1110 2294 distrahe-

125 2318 200 2350 ret,
225 2316 258 2343 et
277 2310 505 2343 contenderet
522 2317 682 2343 naturam
701 2309 856 2343 divinam
876 2311 1027 2344 adfuisse
1045 2309 1111 2344 hu-

126 2373 269 2399 manae,
302 2368 468 2405 tanquam
483 2361 611 2393 sociam
625 2385 633 2398 ‚
659 2368 696 2394 ut
714 2360 810 2394 adest
826 2359 920 2393 Deus
937 2360 1110 2402 Abrahae,

126 2411 258 2451 Moisi,
286 2410 410 2449 Petro,
436 2410 547 2444 Paulo
573 2418 604 2444 et
627 2411 705 2444 aliis
731 2411 815 2455 piis,
842 2409 897 2444 hic
924 2412 1110 2445 luculentis

126 2461 419 2507 explicationibus
443 2462 632 2502 refutatur,
659 2474 697 2494 ac
718 2462 914 2495 ostenditur
930 2463 1110 2496 dissimili-

125 2515 212 2548 tudo
230 2513 322 2546 iuter
337 2512 617 2555 adsumptionem
635 2519 779 2545 naturae
795 2510 968 2545 humanae
984 2514 1019 2546 in
1038 2514 1110 2548 filio

127 2562 212 2604 Dei,
239 2571 272 2597 et
287 2563 516 2607 praesentiam
533 2574 600 2607 qua
617 2563 710 2595 adest
730 2562 821 2596 Deus
841 2562 967 2603 Moisi,
995 2564 1110 2604 Petro,

126 2613 260 2654 Paulo,
285 2621 320 2648 et
344 2614 421 2647 aliis
446 2613 590 2646 renatis:
616 2613 802 2656 exponitur
825 2626 913 2657 quae
931 2614 973 2647 sit
991 2627 1105 2658 perso-

125 2677 192 2699 nae
209 2665 341 2705 unitas,
368 2677 446 2698 cum
464 2663 623 2696 videlicet
640 2664 684 2696 ita
701 2670 915 2697 sustentatur
930 2666 1109 2709 adsumpta

176 2718 354 2749 Manna.
382 2717 484 2748 Orza.
513 2716 594 2746 Vm..
613 2715 673 2746 XI.

659 108 817 146 DECL.
851 109 926 146 DE
957 106 1259 145 CAPNIONE
1293 105 1644 144 PHORCENSI.

2070 116 2167 152 1010

1180 199 1303 226 natura
1330 193 1367 226 in
1392 194 1614 233 adsumente,
1641 198 1679 226 ut
1696 193 1913 237 redigeretur
1929 197 2108 244 adsumpta
2126 203 2163 235 in

1178 241 1344 282 nihilum,
1371 244 1398 276 si
1417 244 1460 276 ab
1478 245 1682 277 adsumente
1699 256 1770 276 non
1790 252 2050 282 sustentaretur.
2106 252 2163 285 Si-

1177 294 1341 327 militudo
1378 295 1631 339 qualiscunque
1663 296 1884 338 proponitur.
1961 296 2007 331 Ut
2037 312 2162 344 corpus

1176 341 1330 377 hominis
1348 345 1562 385 dissolvitur,
1589 356 1667 377 cum
1683 345 1727 377 ab
1744 345 1859 379 anima
1879 347 2060 385 deseritur.
2089 350 2162 386 Hac

1175 394 1409 427 similitudine
1433 402 1466 428 et
1493 394 1646 428 Iustinus
1671 395 1797 437 utitur,
1830 398 1888 430 sed
1915 404 2032 432 tamen
2054 402 2162 443 addit,

1175 441 1242 477 hoc
1274 445 1470 488 exemplum
1505 457 1576 478 non
1609 457 1751 488 prorsus
1780 459 1980 490 congruere.
2034 449 2161 486 Narrat

1174 501 1290 527 autem
1312 495 1404 528 liber
1427 495 1485 527 ille
1503 496 1677 540 synodum
1696 496 1739 527 ab
1760 495 1970 540 Imperatore
1990 498 2161 535 Theodo-

1174 544 1225 577 sio
1247 545 1387 577 iuniore
1412 552 1637 578 convocatam
1661 556 1750 586 esse,
1782 548 2052 588 gubernatorem
2078 565 2160 587 vero

1173 595 1278 627 fuisse
1308 594 1482 640 Cyrillum
1513 594 1794 628 Alexandrinum
1829 598 2048 643 episcopum,
2088 615 2158 637 non

1172 643 1388 686 Romanum,
1447 644 1491 678 Et
1515 645 1703 679 sententias
1727 646 1836 679 dictas
1862 660 1952 688 esse,
1985 663 2056 683 non
2082 660 2159 686 tan-

1172 703 1245 729 tum
1271 697 1314 729 ab
1339 696 1527 740 episcopis,
1554 697 1611 728 sed
1635 695 1738 728 etiam
1764 698 1808 729 ab
1835 699 1912 731 aliis
1938 701 2157 746 presbyteris,

1171 758 1322 790 quorum
1345 747 1394 779 ibi
1413 753 1638 779 recensentur
1655 747 1811 783 nomina.
1866 747 1962 782 L‘tile
1978 758 2026 784 est
2042 760 2155 788 autem
2182 745 2184 754 '

1172 803 1287 830 extare
1303 804 1531 830 monumenta
1551 797 1654 837 talia,
1682 797 1718 829 in
1739 798 1868 842 quibus
1885 799 2013 833 iudicia
2033 806 2158 839 veteris

1170 845 1347 880 Ecclesiae
1379 849 1421 880 de
1448 847 1664 891 gravissimis
1684 850 1931 884 controversiis
1955 852 2157 890 recitantur.

1171 896 1323 940 Magnus
1348 898 1451 932 etiam
1475 909 1619 931 acervus
1643 905 1693 931 est
1718 898 1768 931 ibi
1793 900 1965 933 librorum
1990 910 2157 943 veterum,

1170 948 1228 991 qui
1257 948 1375 990 lingua
1395 947 1512 981 Ebrea
1535 948 1655 992 scripti
1677 956 1775 990 sunt,
1802 951 1861 982 sed
1881 951 2003 993 ingens
2019 951 2158 989 thesau-

1170 1009 1229 1030 rus
1253 1005 1302 1032 est
1327 1010 1419 1032 unus
1444 999 1569 1039 codex,
1595 999 1768 1032 librorum
1790 999 1898 1034 Moisi
1921 1009 1953 1037 et
1977 1003 2158 1050 propheti-

1169 1059 1290 1080 corum
1316 1047 1551 1092 pulcherrime
1575 1056 1607 1082 et
1623 1050 1904 1085 emendatissime
1920 1054 2089 1097 scriptus,
2115 1060 2157 1092 de

1169 1110 1238 1142 quo
1272 1106 1372 1131 antea
1404 1099 1489 1133 dixi.
1545 1098 1737 1132 Gratitudo
1765 1101 1873 1144 igitur
1894 1102 2071 1148 Capnioni
2095 1110 2157 1142 de-

1168 1149 1288 1189 betur,
1316 1151 1409 1193 quod
1436 1147 1499 1182 hos
1524 1149 1633 1182 libros
1651 1150 1687 1182 in
1706 1150 1782 1183 loco
1801 1153 1943 1195 publico
1962 1158 2156 1199 posteritati

1168 1200 1337 1232 custodiri
1356 1200 1480 1233 voluit.
1528 1197 1532 1202 ’

1269 1249 1370 1283 Hanc
1400 1251 1474 1283 eius
1501 1247 1683 1283 historiam
1709 1262 1810 1294 spero
1839 1266 1899 1287 vos
1924 1255 2074 1292 libenter
2097 1273 2156 1294 co-

1167 1311 1349 1342 gnoscere:
1377 1313 1457 1333 nam
1476 1307 1509 1333 et
1528 1307 1670 1343 propter
1690 1301 1801 1345 ipsius
1828 1304 1989 1339 virtutem
2018 1315 2051 1342 et
2075 1323 2157 1354 pro..

1167 1358 1244 1395 pter
1259 1351 1380 1384 merita
1396 1353 1494 1385 decet
1510 1352 1583 1383 eius
1599 1353 1804 1386 memoriam
1821 1359 2032 1393 conservari.
2073 1361 2155 1395 Ser-

1167 1401 1253 1434 vivit
1272 1400 1505 1444 Reipublicae
1527 1402 1562 1433 in
1586 1402 1682 1435 curia
1706 1410 1739 1436 et
1764 1404 1921 1447 iudiciis,
1948 1414 2154 1454 propagavit

1166 1451 1322 1495 linguam
1338 1451 1490 1486 Ebream
1507 1450 1683 1486 Ecclesiae
1700 1456 1950 1497 necessariam,
1977 1459 2061 1495 vixit
2078 1474 2154 1496 mo-

1167 1503 1278 1542 deste,
1306 1509 1339 1536 et
1355 1515 1432 1546 erga
1451 1504 1572 1546 inopes
1587 1515 1626 1536 ac
1645 1505 1829 1549 praecipue
1841 1504 2074 1545 Scholasticos
2092 1514 2153 1546 be-

1166 1553 1295 1585 neficus
1320 1554 1397 1587 suit.
1451 1553 1594 1587 Candor
1618 1554 1654 1586 in
1679 1566 1718 1587 eo
1737 1556 1885 1589 eximius
1902 1558 1986 1598 fuit,
2011 1568 2042 1595 et
2061 1561 2152 1598 nihil

1165 1603 1287 1635 livoris
1315 1611 1347 1637 et
1377 1604 1683 1638 obtrectationum.
1744 1605 1862 1648 Quare
1892 1620 1910 1640 a
1944 1610 2153 1648 doctissimis

1166 1653 1250 1686 viris
1273 1654 1404 1698 ubique
1427 1654 1650 1697 diligebatur.
1705 1655 1762 1688 Ab
1787 1656 1976 1693 Hermolao
1995 1659 2150 1699 Barbaro

1169 1703 1302 1737 Veneto
1331 1717 1461 1737 nomen
1487 1704 1681 1748 Capnionis
1704 1707 1833 1740 factum
1857 1719 1928 1742 esse
1951 1711 2087 1747 dicebat
2113 1728 2151 1749 ex

1167 1753 1398 1795 Germanico,
1426 1757 1516 1798 apud
1542 1768 1644 1799 quem
1670 1757 1816 1790 adsidue
1833 1759 1898 1792 fuit
1918 1767 1989 1794 toto
2006 1763 2151 1807 legatio-

1166 1805 1221 1837 nis
1247 1812 1403 1848 tempore
1426 1807 1469 1838 ad
1492 1806 1756 1839 coronationem
1782 1807 2029 1846 Maximiliani.
2090 1815 2150 1849 Pi-

1166 1867 1225 1887 cus
1256 1854 1531 1889 'Mirandulanus
1562 1856 1644 1900 quia
1668 1854 1819 1891 Ebream
1850 1859 2006 1903 linguam
2040 1875 2150 1909 norat,

1165 1906 1274 1938 multa
1300 1906 1343 1939 ab
1369 1918 1408 1939 eo
1431 1907 1623 1940 sciscitatus
1644 1914 1695 1940 est
1711 1909 1753 1941 de
1771 1909 1929 1955 reliquiis
1944 1915 2068 1948 veteris
2087 1918 2150 1950 do-

1165 1956 1315 1994 ctrinae,
1349 1969 1452 2001 quam
1478 1956 1643 1990 Cabalam
1669 1960 1866 1995 nominant.
1919 1962 1971 1996 Ac
1995 1965 2147 2009 singula-

1164 2006 1212 2038 ris
1233 2006 1402 2040 foelicitas
1424 2008 1491 2041 suit
1512 2009 1585 2041 eius
1605 2010 1792 2052 temporis,
1820 2012 2038 2048 eruditorum
2057 2018 2148 2052 inter

1164 2057 1256 2100 ipsos
1279 2058 1481 2091 coniunctio
1506 2065 1537 2091 et
1562 2060 1703 2092 candor.
1766 2060 1869 2095 Nunc
1895 2067 2056 2100 successit
2080 2069 2146 2102 alia

1164 2108 1273 2140 ferrea
1295 2115 1407 2149 aetas,
1443 2108 1479 2141 in
1506 2121 1571 2154 qua
1606 2116 1643 2142 ut
1667 2108 1809 2143 Cadmei
1841 2112 1963 2147 fratres
1991 2117 2082 2150 inter
2112 2132 2146 2153 se

1164 2159 1350 2200 dimicant,
1384 2156 1419 2191 hi
1448 2171 1536 2203 quos
1560 2167 1703 2203 propter
1723 2163 1919 2196 studiorum
1943 2165 2147 2202 similitudi-

1164 2221 1262 2246 nem,
1302 2216 1334 2242 et
1372 2209 1494 2242 foedus
1530 2210 1708 2250 religionis
1741 2213 2044 2250 coniunctissimos
2074 2231 2146 2253 esse

1163 2260 1355 2302 oportebat.
1409 2259 1475 2292 Sed
1502 2267 1533 2292 te
1551 2261 1597 2292 fili
1618 2259 1699 2299 Dei,
1725 2261 1877 2296 Domine
1900 2265 1973 2298 lesu
1995 2265 2143 2311 Christe,

1164 2309 1307 2350 invoco,
1333 2310 1392 2354 qui
1415 2317 1593 2343 aeternum
1612 2319 1742 2353 patrem
1760 2314 1886 2357 orasti,
1912 2322 1948 2348 ut
1967 2317 2084 2359 faciat,
2108 2329 2143 2354 ut

1163 2372 1272 2392 unum
1292 2360 1398 2393 simus
1417 2361 1452 2392 in
1471 2361 1564 2404 ipso,
1590 2368 1693 2406 teque
1712 2374 1792 2400 oro,
1821 2370 1855 2396 ut
1875 2365 2009 2409 mitiges
2027 2371 2143 2411 publi-

1163 2422 1216 2443 cas
1234 2418 1265 2444 et
1282 2411 1434 2454 privatas
1452 2423 1596 2454 poena5‚
1624 2423 1738 2445 serves
1754 2421 1785 2446 et
1802 2414 1942 2457 colligas
1954 2415 2141 2453 Ecclesiam

1164 2461 1255 2494 iuter
1280 2473 1360 2501 nos,
1389 2468 1419 2494 et
1445 2462 1675 2505 plurimorum
1695 2463 1830 2496 animos
1849 2467 1890 2498 ad
1909 2479 2021 2500 veram
2040 2477 2070 2502 et
2088 2483 2142 2503 sa-

1162 2512 1308 2545 lutarem
1327 2513 1548 2545 concordiam
1566 2512 1691 2547 flectas.
1745 2512 1835 2549 Dixi.

1586 2714 1636 2748 64
