2338 2958
126 135 202 172 917

125 221 228 266 cipua
256 221 324 255 fuit
355 221 590 256 consideratio
621 222 837 256 difficultatis
867 219 1120 263 honestissimi,

125 279 160 307 et
175 284 265 317 pene
281 272 409 305 summi
429 273 522 306 inter
539 270 701 306 homines
719 273 845 317 operis.
889 273 934 306 Ut
951 273 1044 306 enim
1064 272 1119 305 lex

124 330 176 357 est
197 323 316 357 radius
338 323 531 367 sapientiae
556 324 698 357 divinae
722 324 860 367 fulgens
888 323 924 355 in
954 321 1017 356 hac
1037 322 1118 364 vita,

124 374 292 418 ne‘genus
309 371 505 408 humanum
523 375 731 419 dissipatum
748 375 907 414 intereat,
934 376 991 407 sed
1009 380 1047 407 ut
1063 374 1118 407 iu-

123 425 218 459 stitia
241 425 480 459 consociatum
509 426 552 458 ad
580 425 794 468 agnitionem
814 425 898 464 Dei,
926 426 967 457 ad
988 432 1116 457 certam

122 475 370 518 coniugiorum
390 476 540 510 formam
569 483 602 509 et
628 477 670 509 ad
695 476 855 509 omnium
874 475 1043 509 virtutum
1060 475 1117 507 in-

122 526 300 560 tellectum
326 533 359 560 et
381 527 495 560 officia
518 527 696 567 assuefiat,
730 533 763 560 et
786 527 857 559 sint
881 538 919 558 ac
950 532 1115 558 maneant

121 574 263 611 honesti
287 574 472 611 hominum
498 585 635 618 coetus,
662 578 699 610 in
724 577 852 622 quibus
878 577 1032 615 luceant,
1059 587 1115 609 sa-

120 628 274 672 pientia,
302 628 455 669 iustitia,
481 629 630 669 castitas,
658 627 904 667 beneficentia,
933 633 965 660 et
983 627 1039 660 fiat
1059 639 1114 659 re-

119 690 199 712 rum
215 679 487 712 communicatio
505 679 670 722 legitimis
686 678 936 717 contractibus,
966 684 999 710 et
1017 678 1112 711 iudi-

119 741 198 763 cum
216 731 359 763 vocede
377 730 506 763 iustitia
527 730 678 774 populus
696 729 895 769 erudiatur,
923 736 955 762 et
974 729 1112 761 soboles

119 780 279 821 educari,
307 793 345 814 ac
361 780 491 820 foveri,
517 793 555 813 ac
573 780 734 814 doctrina
753 780 862 812 excoli
884 780 1002 823 possit.
1060 779 1110 813 lta

76 830 83 835 “
118 830 236 874 legum
254 831 506 875 interpretatio,
535 843 613 864 cum
630 831 726 864 illam
743 831 949 874 sapientiam
968 829 1032 863 Dei
1051 842 1111 863 ru—

118 882 280 915 dioribus
305 889 477 926 exponat,
505 893 559 915 res
586 882 794 915 difficillima
822 889 890 919 est,
918 888 951 914 et
975 893 1109 914 summa

117 933 313 966 reverentia
339 932 572 976 suscipienda.
625 932 764 966 Deinde
788 932 912 965 videtis
937 939 1108 977 quantum

117 994 206 1016 onus
236 983 273 1015 in
297 982 492 1027 Republica
526 984 614 1017 ordo
639 983 974 1016 Iurisconsultorum
1005 982 1109 1015 susti-

116 1040 207 1067 neat.
239 1033 447 1067 Consulitur
465 1035 557 1067 enim
576 1036 618 1067 de
634 1034 832 1078 praecipuis
849 1034 952 1066 rebus
972 1033 1007 1065 in
1027 1034 1108 1071 vita,

117 1085 160 1117 de
185 1085 376 1127 religione,
411 1086 454 1118 de
478 1086 644 1118 omnibus
669 1084 820 1117 vinculis
839 1084 932 1127 pacis
949 1091 980 1117 et
1005 1083 1107 1116 iusti-

116 1135 202 1173 tiae,
233 1137 275 1168 de
299 1135 490 1178 coniugiis,
527 1137 570 1168 de
593 1135 704 1168 causis
734 1134 930 1175 bellorum,
965 1135 1007 1167 de
1032 1134 1108 1167 iure

114 1186 347 1225 defensionis,
378 1187 420 1218 de
451 1186 662 1219 dirimendis
695 1185 814 1225 hellis,
849 1186 892 1217 de
925 1186 1106 1218 foederum

114 1236 404 1280 interpretatione
420 1243 452 1269 et
470 1237 667 1277 autoritate,
695 1238 738 1269 de
757 1236 976 1278 singulorum
998 1235 1106 1279 patri-

114 1288 244 1320 moniis
262 1294 295 1320 et
309 1287 498 1320 domiciliis
514 1288 665 1322 tuendis.
718 1285 770 1319 Ac
789 1287 982 1319 multorum
1001 1298 1106 1318 even-

114 1343 170 1371 tus
187 1338 391 1377 ostendunt,
419 1350 523 1382 quam
547 1339 591 1371 sit
614 1337 759 1370 infoelix
776 1337 952 1370 temeritas
968 1337 1005 1368 in
1022 1348 1106 1369 con-

114 1388 202 1421 siliis
225 1388 352 1421 dandis
375 1388 551 1421 discedere
574 1401 591 1421 a
614 1401 737 1421 norma
756 1388 871 1431 legum
893 1394 1105 1422 nostrarum.

114 1438 234 1481 Quare
258 1439 320 1472 etsi
346 1439 416 1471 scio
443 1436 728 1472 honestissimum
753 1450 840 1482 opus
858 1450 949 1478 esse,
977 1446 1009 1472 et
1032 1438 1104 1471 Deo

115 1496 252 1533 gratum
271 1490 391 1522 iuvare
415 1490 626 1524 discentium
651 1489 788 1529 studia,
822 1497 939 1522 tamen
965 1497 1106 1533 propter

112 1540 329 1574 difficultatis
345 1541 642 1583 magnitudinem,
664 1541 834 1586 quaedam
861 1552 916 1572 me
932 1540 986 1572 vel
1010 1540 1105 1572 timi-

112 1591 213 1631 ditas,
237 1592 290 1623 vel
312 1592 504 1625 reverentia
522 1599 692 1624 remorata
712 1598 772 1631 est,
793 1603 862 1633 quo
883 1591 1000 1622 miuus
1015 1589 1104 1622 hanc

111 1642 291 1686 publicam
309 1642 569 1675 enarrationem
588 1639 803 1674 inchoarem.
841 1641 910 1674 Sed
931 1638 1021 1673 hanc
1038 1642 1106 1674 du-

110 1692 317 1726 bitationem
344 1693 427 1729 ,vicit
449 1694 588 1726 tandein
614 1693 782 1725 autoritas
798 1690 995 1725 Clarissimi
1016 1691 1105 1732 Viri,

109 1741 256 1777 Domini
289 1742 453 1777 Doctoris
483 1743 692 1788 Hieronymi
730 1741 891 1780 Seliurff,
932 1754 1035 1787 quem
1072 1748 1105 1774 et

110 1801 255 1837 propter
287 1794 511 1837 sapientiam,
558 1794 724 1827 virtutem
761 1800 791 1825 et
825 1793 1030 1835 gravitatem
1067 1793 1103 1824 in

111 1844 278 1877 omnibus
295 1844 429 1883 officiis,
457 1856 579 1876 omnes
598 1844 682 1876 boni
700 1844 766 1875 viri
784 1845 916 1887 ubique
934 1854 1105 1875 veneran-

112 1902 187 1933 tur,
213 1902 246 1927 et
266 1906 327 1935 ego
347 1901 489 1937 propter
510 1901 688 1937 paternam
712 1905 790 1936 erga
812 1906 865 1925 me
891 1894 1104 1926 benevolen-

110 1945 195 1979 tiam
224 1952 257 1979 et
282 1945 434 1987 ingentia
462 1945 627 1977 beneficia
657 1952 821 1988 tanquam
844 1952 975 1987 patrem
994 1944 1103 1987 diligo

111 2003 145 2030 et
162 1997 258 2034 colo,
287 1995 432 2040 Deoque
451 1996 579 2038 gratias
597 2006 672 2038 ago,
700 1996 794 2039 quod
814 1992 908 2027 hunc
926 1992 1013 2027 mihi
1031 2008 1103 2027 non

109 2047 224 2080 solum
251 2044 357 2079 huius
381 2047 559 2080 doctrinae
592 2053 878 2085 monstratorem,
911 2047 969 2078 sed
998 2046 1104 2079 totius

110 2099 202 2132 vitae
220 2105 390 2131 rectorem
409 2097 519 2130 dedit.
558 2095 627 2130 Nec
646 2096 739 2128 enim
757 2103 893 2129 tantum
911 2096 947 2128 in
965 2097 1103 2130 discen-

110 2149 155 2182 do
173 2149 248 2182 eius
270 2149 411 2191 vestigia
429 2160 577 2193 sequor,
605 2154 637 2180 et
656 2147 776 2180 iudicii
797 2147 1042 2180 rectitudinem
1072 2155 1104 2181 ct

110 2199 371 2235 dexteritatem,
411 2207 443 2233 et
469 2199 625 2232 veritatis
649 2199 799 2231 tuendae
826 2210 944 2230 curam
971 2198 1102 2232 imitari

110 2251 255 2291 studeo,
291 2251 349 2282 sed
375 2250 411 2282 in
438 2250 508 2283 vita
537 2249 641 2282 etiam
666 2249 702 2281 in
736 2249 896 2294 eligenda
923 2249 1103 2292 religionis

110 2301 281 2345 puritate,
308 2307 340 2333 ct
364 2300 399 2332 iu
426 2301 588 2343 regendis
612 2300 771 2333 moribus
800 2300 836 2332 in
862 2300 997 2343 ipsum,
1024 2307 1103 2334 tan-

109 2364 215 2397 quam
235 2352 270 2384 in
287 2351 468 2395 speculum
490 2351 640 2384 intueor.
692 2350 760 2383 llic
777 2363 854 2384 cum
872 2348 959 2383 mihi
983 2349 1104 2385 horta-

109 2409 166 2436 tor
183 2409 270 2435 esset
288 2402 462 2435 subeundi
482 2400 547 2435 hoc
564 2413 668 2444 onuS,
696 2408 896 2435 reverenter
915 2401 1022 2445 ipsius
1040 2404 1103 2436 ad-

110 2451 304 2487 hortationi
326 2454 520 2497 parendum
537 2464 608 2485 esse
629 2453 759 2485 censui.
818 2451 927 2496 quue
943 2464 982 2485 eo
1000 2454 1102 2487 etiam

108 2505 174 2538 feci
192 2504 373 2543 libentius,
399 2505 494 2548 quod
513 2501 597 2536 milii
620 2503 654 2535 in
673 2505 791 2535 eadem
812 2503 1013 2543 Academia,
1041 2505 1102 2537 ubi
1127 2530 1130 2540 ,

108 2552 214 2589 huius
231 2555 361 2590 summi
378 2555 444 2587 viri
463 2566 619 2594 censura,
649 2566 731 2586 voce
761 2562 791 2587 et
821 2554 968 2587 consilio
990 2553 1104 2589 adime
1128 2558 1129 2563 ’

109 2606 225 2639 iuvari
259 2618 421 2650 possum,
459 2605 608 2638 docendi
638 2617 768 2637 munus
800 2605 1008 2639 attributum
1042 2614 1103 2645 est,

109 2668 350 2702 magnumque
366 2656 431 2690 Dei
450 2656 657 2690 beneficium
675 2667 747 2688 esse
767 2656 867 2691 duco,
894 2657 987 2700 quod
1005 2664 1038 2691 et
1055 2665 1105 2691 tot

110 2719 223 2742 annos
247 2708 371 2741 audire
395 2705 492 2741 hunc
516 2708 651 2747 virum,
680 2713 714 2740 et
741 2718 810 2739 una
830 2707 964 2745 vivere,
1001 2715 1032 2741 et
1051 2720 1100 2742 sa—

551 135 710 173 DECL.
745 135 817 171 DE
851 135 1057 172 LEGUM
1093 136 1393 175 FONTIBUS
1428 139 1502 176 ET
1537 142 1755 181 CAUSlS.

2097 153 2170 189 918

1146 264 1147 267 Ἴ
1173 223 1303 267 pientia
1325 226 1398 259 eius
1421 227 1491 259 frui
1510 230 1699 268 concessit,
1728 238 1760 265 et
1777 243 1872 266 nunc
1897 246 1976 267 eum
2004 236 2039 268 in
2061 235 2166 272 huius

1144 276 1147 327 ¹2
1172 275 1304 309 laboris
1327 276 1429 310 initio
1455 290 1655 320 censorem,
1692 288 1862 317 rectorem
1891 292 1924 318 et
1953 287 2163 321 monitorem

1170 322 1298 359 habere
1318 339 1470 370 possum.
1525 330 1643 372 Quare
1659 332 1762 365 etiam
1781 334 1818 367 in
1839 332 1904 368 hoc
1921 338 2064 371 exordio
2083 351 2165 382 pro-

1143 398 1146 427 ὓ
1169 375 1286 432 frteor,
1316 390 1369 409 me
1398 378 1507 420 ipsius
1532 380 1662 415 iudicio
1688 396 1809 417 omnes
1834 398 1927 418 nxeas
1954 387 2164 432 interpreta-

1143 430 1145 449 Ι
1169 433 1281 459 tiones
1299 437 1331 461 et
1347 428 1619 464 diiudicationes
1634 434 1815 468 subiicere.
1851 436 1984 481 Turpis
2001 447 2051 472 est
2067 440 2162 472 enim

1168 478 1379 519 arrogantia,
1408 479 1443 511 in
1464 486 1558 513 tanta
1576 483 2005 525 amplitudinedoctrinae
2023 491 2110 523 iuris
2128 497 2162 524 et

1168 526 1457 565 difficillimarum
1475 533 1812 575 controversiarum,
1839 537 1994 571 iuniores
2013 552 2084 574 sese
2103 553 2160 574 so-

1166 577 1218 611 los
1235 579 1347 612 facere
1363 579 1517 621 iudices,
1549 594 1611 615 nec
1635 584 1814 617 seniorum
1833 594 1865 619 et
1889 589 2080 630 peritorum
2104 592 2160 624 iu-

1166 629 1256 661 dicia
1285 631 1475 674 requirere.
1538 632 1687 666 Adferre
1711 642 1827 669 autem
1848 639 1891 670 ad
1918 636 1983 672 hoc
2007 642 2158 675 docendi

1167 692 1296 713 munus
1315 680 1407 726 (Deo
1432 682 1596 729 iuvante)
1614 686 1756 726 studeo,
1785 699 1858 720 non
1877 689 1989 722 solum
2008 692 2159 735 diligen-

1166 730 1262 771 tiam,
1289 733 1347 764 sed
1367 732 1470 766 etiam
1487 734 1604 775 fidem,
1633 748 1787 769 amorem
1806 738 1958 773 iustitiae
1978 748 2011 775 et
2032 743 2158 776 verita-

1165 782 1228 821 tis,
1260 794 1298 815 ac
1326 784 1545 819 modestiam.
1608 785 1659 819 Ac
1683 786 1796 821 Deum
1820 797 2000 824 aeternum
2027 801 2157 836 patrem

1163 830 1309 865 Domini
1340 835 1450 867 nostri
1478 834 1553 869 lesu
1579 834 1729 876 Christi,
1765 841 1983 874 conditorem
2011 845 2097 877 coeli
2125 852 2158 879 et

1163 890 1275 917 terrae
1304 891 1338 918 et
1364 883 1508 918 luunani
1532 888 1683 930 generis,
1713 895 1745 923 et
1769 887 1873 924 huius
1894 892 2002 936 ipsius
2020 895 2156 929 ordinis

1163 940 1196 979 et
1219 935 1426 978 sapientiae,
1456 949 1544 981 quae
1567 940 1721 971 ostendit
1740 940 1929 976 discrimen
1952 944 2104 978 iustitiae
2124 954 2157 981 et

1162 985 1373 1025 iniustitiae,
1402 993 1434 1019 et
1454 988 1541 1020 iusta
1565 990 1755 1033 praecipit,
1783 999 1814 1025 et
1833 991 1997 1036 prohibet
2016 995 2156 1038 iniusta,

1161 1042 1195 1068 et
1218 1037 1406 1070 denunciat
1433 1035 1622 1072 horribiles
1649 1053 1778 1084 poenas
1804 1043 2020 1078 violantibus
2054 1047 2154 1080 iusti—

1161 1086 1263 1125 tiam,
1289 1099 1369 1127 oro,
1397 1095 1435 1121 ut
1462 1101 1515 1121 me
1541 1097 1637 1132 regat
1663 1090 1698 1123 in
1727 1093 1886 1126 docendo
1913 1103 1945 1129 et
1973 1096 2008 1128 in
2028 1098 2155 1131 dandis

1161 1137 1335 1177 consiliis,
1363 1151 1401 1170 ac
1420 1151 1473 1171 me
1499 1140 1600 1174 faciat
1618 1154 1674 1174 vas
1696 1142 1976 1184 misericordiae,
2005 1148 2155 1182 salutare

1160 1185 1246 1220 mihi
1275 1195 1308 1221 et
1328 1188 1570 1231 Reipublicae.
1708 1226 1716 1234 ³

1262 1238 1450 1283 Postquam
1480 1238 1563 1273 haec
1594 1243 1637 1274 de
1665 1256 1742 1276 mea
1770 1245 1952 1280 voluntate
1979 1250 2154 1291 praefatus

1159 1300 1254 1329 sum,
1283 1301 1378 1322 nunc
1395 1299 1535 1334 propter
1552 1292 1732 1326 iuniorum
1754 1296 1940 1330 utilitatem
1958 1299 2091 1345 aliquid
2111 1303 2153 1335 de

1158 1339 1213 1373 his
1232 1340 1315 1384 ipsis
1335 1341 1469 1384 legibus
1485 1349 1517 1375 et
1533 1345 1576 1375 de
1594 1355 1713 1376 earum
1731 1347 1847 1379 studio
1863 1348 1989 1381 dicam.
2026 1350 2153 1386 Annos

1160 1391 1228 1423 iam
1255 1391 1379 1434 viginti
1409 1400 1585 1436 spectator
1613 1395 1663 1427 fni
1690 1397 1906 1431 tumultuum
1926 1398 2153 1444 Germaniae,

1159 1442 1194 1473 in
1213 1442 1342 1486 quibus
1363 1455 1440 1475 cmn
1467 1444 1569 1477 initio
1591 1457 1646 1477 res
1662 1449 1875 1481 necessariae
1891 1452 2080 1493 patefactae
2100 1466 2152 1486 es-

1158 1499 1253 1547 sent,
1285 1500 1402 1536 postea
1439 1507 1455 1526 a
1490 1496 1704 1529 turbulentis
1729 1505 1761 1531 et
1792 1500 1964 1534 seditiosis
1992 1503 2154 1546 ingeniis,

1158 1550 1261 1576 etiam
1286 1545 1415 1576 multae
1437 1545 1542 1578 salsae
1567 1547 1753 1590 opiniones
1782 1558 1897 1583 motae
1928 1560 2030 1594 sunt,
2066 1568 2153 1599 quas

1158 1601 1274 1626 tamen
1292 1592 1388 1627 Deus
1406 1595 1596 1629 clementer
1614 1600 1794 1641 repressit,
1822 1614 1859 1634 ac
1876 1613 1994 1635 earum
2020 1605 2151 1639 refuta-

1158 1644 1206 1676 tio
1225 1644 1405 1677 veritatem
1430 1646 1630 1681 illustravit.
1684 1648 1834 1683 Memini
1861 1651 1996 1686 furores
2020 1657 2151 1689 multo—

1157 1707 1247 1734 rum,
1266 1696 1325 1739 qui
1342 1707 1485 1739 prorsus
1500 1705 1612 1731 totum
1629 1700 1789 1733 ordinem
1808 1703 1990 1745 politicum
2004 1706 2151 1740 damna-

1159 1746 1254 1784 bant,
1283 1746 1440 1788 imperia‚
1466 1749 1700 1791 magistratus,
1729 1751 1831 1794 leges,
1858 1761 2067 1797 contractus,
2096 1759 2151 1792 iu-

1157 1795 1246 1828 dicia
1259 1822 1267 1835 ,
1294 1808 1433 1839 poenaS.
1470 1797 1541 1831 Nec
1557 1805 1694 1833 tantum
1714 1814 1812 1835 error
1830 1801 2005 1838 humanus
2022 1805 2150 1842 horum

1158 1853 1290 1879 mentes
1306 1855 1500 1890 occuparat,
1519 1850 1578 1893 qui
1597 1848 1680 1883 haec
1698 1860 1897 1896 portentosa
1916 1856 2146 1893 deliramenta

1155 1897 1383 1940 spargebant,
1423 1900 1481 1931 sed
1508 1900 1701 1934 diabolicae
1731 1904 1843 1937 furiae
1879 1917 1936 1938 eos
1962 1908 2150 1951 agitabant,

1157 1955 1193 1980 ut
1217 1948 1287 1980 vita
1313 1945 1496 1982 homiuum
1523 1952 1632 1994 magis
1665 1953 1886 1998 turbaretur,
1922 1965 1953 1991 et
1986 1961 2148 1994 tenebrae

1156 1998 1304 2031 maiores
1322 2000 1527 2042 religionem
1548 2003 1798 2046 opprimerent.
1853 2006 2148 2051 Proponebantur

1156 2049 1248 2105 euim
1277 2061 1410 2083 errores
1434 2051 1487 2083 illi
1510 2061 1689 2096 praetextu
1713 2056 1859 2089 eximiae
1876 2058 2025 2102 pietatis.
2078 2062 2146 2096 Sed

1156 2100 1236 2132 vicit
1264 2107 1379 2133 tamen
1398 2102 1524 2135 veritas
1550 2104 1721 2139 illustrata
1744 2108 1937 2141 multorum
1956 2123 2058 2153 voce,
2086 2114 2147 2158 qui

1155 2152 1380 2184 ostenderunt
1401 2153 1568 2187 fanaticos
1587 2155 1678 2195 illos,
1696 2169 1767 2190 non
1779 2159 1897 2192 solum
1918 2168 2063 2196 naturae
2082 2161 2146 2196 ho-

1154 2201 1309 2241 minum,
1335 2203 1393 2234 sed
1413 2204 1516 2236 etiam
1540 2204 1616 2238 Deo
1638 2207 1768 2240 bellum
1795 2210 1971 2252 intulisse,
1998 2225 2036 2246 ac
2052 2216 2147 2249 velut

1155 2251 1326 2294 Gigantes
1357 2255 1503 2296 aggestis
1538 2257 1737 2299 montibus,
1774 2261 1910 2293 coelum
1944 2275 2146 2307 oppugnare

1155 2310 1297 2335 conatos
1318 2315 1399 2338 esse.
1453 2304 1529 2338 Etsi
1554 2314 1666 2339 autem
1688 2316 1809 2342 natura
1837 2311 1908 2355 ipsa
1928 2325 1990 2346 nos
2009 2317 2144 2360 perspi-

1155 2365 1217 2386 cue
1232 2355 1343 2393 docet,
1371 2355 1465 2387 nasci
1483 2353 1644 2390 homines
1661 2361 1702 2391 ad
1721 2360 1860 2393 civilem
1879 2364 2089 2404 societatem,
2114 2375 2146 2401 et

1156 2404 1294 2437 vincula
1327 2406 1501 2439 societatis
1533 2419 1605 2440 esse
1641 2409 1808 2453 imperia,
1852 2413 1961 2455 leges,
2006 2417 2145 2457 iudicia,

1155 2467 1299 2499 poenas:
1329 2463 1445 2489 tamen
1474 2469 1544 2489 non
1571 2465 1706 2492 tantum
1727 2461 1906 2496 videamus
1921 2466 2004 2509 quid
2027 2480 2144 2500 neces-

1155 2506 1237 2538 sitas
1257 2507 1435 2546 docuerit,
1461 2510 1518 2540 sed
1540 2509 1637 2542 iuitia
1658 2511 1771 2553 legum
1790 2514 1894 2546 altius
1915 2525 2118 2559 repetamus.

1257 2557 1423 2590 Summae
1445 2565 1477 2591 et
1495 2560 1648 2601 optimae
1666 2574 1718 2594 res
1738 2563 1772 2595 in
1789 2573 1904 2598 mente
1922 2567 2039 2600 divina
2057 2580 2142 2601 cou-

1129 2611 1130 2614 ’
1155 2608 1278 2640 ditrice
1305 2609 1441 2649 generis
1473 2606 1618 2644 humani
1650 2621 1752 2654 sunt,
1788 2616 1978 2659 sapientia,
2013 2619 2143 2652 discer-

1157 2670 1242 2691 nens
1263 2656 1405 2692 honesta
1425 2667 1455 2692 et
1475 2662 1590 2705 turpia
1604 2690 1611 2702 ,
1638 2670 1669 2695 et
1688 2664 1839 2705 iustitia,
1868 2668 2010 2707 veritas,
2038 2670 2142 2703 bene-

1157 2710 1292 2742 ficentia
1307 2737 1315 2750 ,
1342 2711 1545 2748 clementia,
1575 2715 1723 2749 castitas,
1776 2715 1910 2749 Harum
1931 2719 2142 2762 optimarum

1466 2761 1548 2797 58·
