2338 2958
204 148 278 184 527

210 234 309 267 diurn
335 232 510 265 bonorum
533 227 590 261 vel
614 225 754 271 imperii
777 226 850 269 pro'
865 224 1061 269 baptismo,
1095 235 1199 269 quem

210 282 380 317 historiae
397 288 477 314 ante
494 279 712 324 Sylvestrum
730 289 750 310 a
766 274 968 310 Melchiade
987 275 1201 318 baptizatum

211 346 282 368 esse
300 330 531 366 confirmant?
582 328 657 364 Aut
674 340 744 373 quo
768 327 844 360 iure
859 326 1114 361 Constantinus
1134 325 1201 358 im-

212 385 346 429 perinm
365 380 597 425 deposuisset,
623 386 662 412 ut
678 381 825 411 donaret
845 377 1098 417 sacerdotibus,
1122 388 1200 410 cum

213 435 338 468 borum
358 432 585 476 imperiorum
604 441 790 474 possessor,
806 429 956 461 vicarius
974 424 1120 466 Christi,
1142 433 1201 459 aut

212 484 305 518 Petri
325 495 397 516 non
414 482 476 523 sit,
503 482 596 515 iuxta
617 481 723 513 illud:
748 479 911 521 Regnum
927 489 1045 510 meum
1063 489 1135 510 non
1153 483 1204 510 est

213 537 258 568 de
275 533 341 567 boc
362 533 511 566 mundo.
564 530 699 574 Quare,
726 542 804 563 cum
823 528 999 562 Ecclesiae
1022 528 1202 561 ministros

212 598 229 619 a
259 584 397 628 Repub.
426 583 598 626 scriptura
633 582 716 614 velit
750 581 886 620 abesse,
928 580 1126 612 laudandus
1154 584 1204 610 est

214 634 323 675 Otto,
351 635 464 679 quod,
489 633 525 665 in
550 640 644 666 tanta
668 631 879 664 Pontificum
904 630 1040 663 insania
1068 640 1204 661 memor

214 686 318 719 officii
343 685 416 725 sui,
443 684 577 717 nullam
596 682 661 715 sibi
687 681 874 714 amicitiam
894 692 967 713 esse
983 692 1061 713 cum
1079 677 1204 712 Ponti-

213 739 274 770 fiee
292 735 462 775 voluerit,
490 733 551 779 qui
574 734 616 766 de
641 731 921 776 possessionibus
938 730 1203 773 magistratuum

213 788 378 820 decedere
397 785 516 818 nollet.
561 783 737 828 Quodque
753 779 946 814 monachos
963 781 1066 814 etiam
1087 778 1146 825 (ut
1168 779 1205 812 in
1228 781 1232 790 '

213 837 371 872 bistoriis
390 834 461 881 est)
484 834 577 868 bello
597 833 748 866 voluerit
775 833 957 877 persequi,
985 832 1066 876 quia
1086 830 1205 863 existi-

212 888 361 922 maverit
379 884 470 919 nibil
487 897 562 926 eos,
596 883 835 928 voluptatibus
855 882 891 915 in
908 881 1088 916 coenobiis
1105 881 1206 915 dedi-

216 948 286 979 tos,
315 950 377 983 pro
396 949 479 969 sano
506 937 637 976 facere,
663 935 846 979 multoque
869 944 941 966 esse
967 933 1092 972 satius,
1119 943 1206 975 pau-

214 1002 271 1023 cos
283 1017 292 1030 ‚
320 1000 446 1033 eosque
465 987 540 1030 pios
558 993 591 1019 et
609 987 741 1026 doctos,
768 985 813 1017 ali
831 984 935 1017 bonis
952 984 994 1016 ad
1011 981 1204 1016 Ecclesiam

215 1040 494 1085 pertinentibus,
530 1048 634 1081 quam
667 1048 722 1076 ea,
758 1047 846 1080 quae
873 1032 1048 1068 Ecclesiae
1078 1034 1233 1080 donata,

215 1098 315 1129 sunt,
339 1089 502 1123 scelerate
519 1087 688 1131 profundi
707 1099 724 1119 a
750 1093 846 1119 tanta
865 1084 1094 1118 multitudine
1111 1083 1209 1117 ocio-

216 1154 334 1175 sorum
353 1138 558 1176 hominum,
586 1138 646 1184 qui
666 1137 765 1170 nullo
794 1136 910 1169 officio
937 1142 999 1168 aut
1020 1134 1207 1178 disciplina

217 1191 417 1229 assuefacti,
444 1200 556 1233 neque
577 1187 772 1228 Ecclesiae,
798 1198 913 1231 neque
933 1185 1088 1229 Reipub.
1105 1185 1208 1218 utiles

217 1250 349 1280 essent,
371 1242 429 1274 sed
453 1241 569 1283 fruges
585 1245 722 1272 tantum
738 1248 942 1270 consumere
959 1235 1050 1274 nati,
1077 1241 1117 1268 ut
1131 1234 1209 1267 Ho-

215 1294 325 1328 ratius
342 1291 469 1336 inquit.
524 1289 648 1327 Addo,
674 1288 787 1333 quod,
812 1286 918 1320 tantis
946 1285 1115 1319 restitutis
1140 1285 1209 1317 im—

217 1344 321 1389 periis
348 1350 380 1375 et
403 1340 539 1374 infinita
556 1338 766 1372 Pontificum
785 1337 930 1370 avaritia
947 1347 1116 1380 repressa,
1144 1348 1207 1368 vo-

218 1394 325 1429 luerit
337 1405 400 1438 pro
415 1390 670 1425 consuetudine
689 1389 862 1422 maiorum
877 1399 1021 1421 suorum
1034 1385 1209 1420 Ecclesias

216 1447 253 1479 in
280 1443 470 1477 Germania
503 1453 576 1474 non
599 1441 705 1473 modo
735 1439 789 1473 sui
813 1435 903 1472 nibil
938 1437 1115 1476 amittere,
1149 1437 1209 1470 sed

218 1497 361 1541 opibus,
401 1492 571 1537 dignitate
599 1498 632 1524 et
660 1488 796 1524 honore
827 1488 999 1522 auctiores
1024 1499 1108 1522 esse.
1162 1485 1211 1520 Ut

218 1548 312 1581 euim
345 1545 538 1590 plurimum
566 1541 724 1575 beneficii
751 1540 937 1574 collocaret
962 1539 999 1572 in
1023 1536 1211 1578 Ecclesias,

219 1597 410 1633 celebrium
427 1595 561 1639 aliquot
577 1592 842 1637 pontificatuum
861 1596 963 1623 autor
976 1588 1054 1627 suit,
1073 1600 1113 1621 ex
1130 1589 1210 1633 qui-
1233 1594 1237 1645 Ι

218 1651 284 1683 bus
311 1646 427 1680 vocari
460 1650 602 1689 possent
627 1643 669 1675 ad
700 1641 875 1675 docendas
901 1637 1093 1677 Ecclesias,
1131 1650 1209 1671 cum
1232 1661 1236 1667 .

221 1711 308 1743 opns
345 1704 452 1735 esset,
489 1694 579 1727 docti
610 1693 676 1725 viri
713 1699 746 1725 et
773 1689 995 1725 Christianae
1029 1689 1237 1729 doctrinae,

220 1749 335 1795 periti.
391 1746 546 1780 Multum
567 1744 659 1776 enim
679 1755 739 1776 sua
765 1743 930 1775 interesse
953 1740 1100 1780 sciebat,
1127 1740 1210 1772 dare

220 1811 382 1845 operam,
407 1805 445 1830 ut
466 1796 704 1829 retinerentur
728 1791 886 1830 scholae,
914 1798 1005 1824 recte
1027 1791 1212 1824 doceretur
1236 1834 1237 1838 Ἰ

221 1854 403 1887 inventus,
437 1858 634 1890 magnoque
660 1845 694 1877 in
721 1855 869 1877 numero
892 1849 925 1876 et
958 1839 1094 1875 bonore
1117 1841 1211 1885 apud
1236 1857 1237 1861 ¹

219 1913 341 1936 omnes
356 1898 589 1935 haberentur,
614 1896 649 1928 in
671 1895 799 1941 quibus
817 1892 973 1927 liberalis
995 1899 1081 1926 esset
1099 1892 1212 1925 hona-

221 1966 298 1987 rum
325 1951 453 1984 artium
480 1947 656 1991 cognitio,
683 1953 788 1991 atque
813 1957 853 1978 ex
880 1944 922 1977 iis
941 1955 1045 1989 quam
1065 1941 1211 1988 plurimi

220 2005 267 2049 pii
293 2001 592 2035 constituerentur
615 1998 776 2030 doctores
793 1995 911 2032 verbi,
938 2005 1090 2039 quorum
1111 1993 1210 2037 copia

222 2068 264 2088 ne
281 2054 464 2094 deficeret,
492 2049 714 2094 pontificatus
738 2045 938 2085 constituit,
965 2055 1053 2089 quos
1078 2055 1212 2088 nequa-

220 2118 322 2151 qnam
350 2102 461 2135 votuit
482 2100 589 2134 teneri
616 2099 659 2131 ab
682 2095 889 2130 bominibus
914 2095 1064 2128 indoctis
1087 2101 1119 2127 et
1145 2094 1212 2126 im-

222 2155 357 2201 probis,
385 2153 513 2198 quibus
532 2151 628 2183 nulla
646 2147 790 2182 honesta
809 2146 1013 2191 disciplina,
1040 2145 1137 2178 nulla
1158 2156 1212 2177 rc-

222 2207 324 2249 ligio,
359 2204 453 2236 nulla
480 2209 699 2246 peccatorum
727 2197 903 2235 remissio,
938 2197 1034 2229 nulla
1060 2195 1213 2241 denique

223 2260 336 2291 lutura
366 2255 455 2294 vita,
493 2265 572 2297 prae
593 2263 729 2284 sutntno
753 2249 835 2283 odio
863 2247 929 2281 Dei
958 2254 990 2280 et
1016 2244 1213 2290 Evangelii,

223 2320 324 2340 curae
348 2317 438 2343 esse,
471 2304 522 2339 xel
552 2303 586 2335 in
613 2309 763 2335 mentem
783 2300 902 2332 venire
920 2305 1041 2343 potest.
1095 2297 1211 2331 Taceo

223 2360 375 2403 reliquos
409 2356 642 2399 episcopatus,
677 2353 736 2397 qui
767 2349 912 2384 Ottonis
945 2361 1070 2393 opera,
1111 2359 1211 2381 causa

223 2409 467 2441 ‹lisso-inlarorn
501 2405 648 2440 artium,
701 2410 729 2435 et
768 2401 996 2435 illustrandae
1032 2375 1241 2448 doctrinar!

222 2459 369 2495 Christi,
397 2457 474 2489 {mi
494 2456 618 2500 partim
639 2455 673 2486 in
691 2453 856 2498 (Iyrnbris
873 2459 966 2490 sunt,
988 2451 1113 2495 partim
1131 2462 1212 2483 vcro

225 2513 258 2544 in
304 2508 481 2540 Vandalis.
550 2503 933 2546 §laudaebnrgensibns
978 2513 1049 2534 non
1089 2501 1214 2538 sotum,
1238 2449 1242 2552 Ι

224 2573 327 2607 qnam
352 2559 544 2603 possident,
574 2558 695 2588 urbem
719 2553 1029 2599 praeclarissimam
1055 2551 1215 2589 extruxit,

225 2612 339 2650 anxit,
369 2608 664 2645 ttt‚··r,.=11rtt··«-it‚
694 2617 813 2639 verum
844 2604 1085 2649 pontificatum
1115 2603 1150 2635 in
1176 2614 1212 2634 ca

226 2661 491 2695 celeberrimum
513 2657 632 2690 baberi
659 2656 789 2689 curavit
804 2682 811 2692 ,
837 2655 871 2687 in
893 2667 961 2699 qno
981 2654 1025 2686 ali
1050 2664 1213 2696 magnum
1240 2678 1241 2687 ,

228 2724 412 2746 nvnrwrutn
447 2721 569 2743 cortun
602 2708 703 2740 bonis
728 2705 904 2740 Ecclesiae
931 2705 1060 2742 soluit,
1093 2704 1152 2750 qui
1179 2703 1212 2735 in
1239 2694 1244 2739 l

1237 2242 1239 2265 ἱ

696 137 858 174 DECL.
893 137 966 173 DE
999 133 1400 174 IMPERATORE
1434 134 1681 176 OTTONE
1717 138 1744 176 1.

1250 221 1361 256 literis
1383 228 1628 263 versarentur,
1652 229 1686 257 et
1703 222 1889 268 diligenter
1908 232 2158 271 cognoscerent
2175 227 2246 260 do-·

1251 273 1401 306 ctrinam
1417 272 1460 305 de
1478 270 1641 314 Christo,
1664 279 1704 306 ut
1719 281 1918 319 suppeteret
1931 278 2029 322 copia
2045 276 2242 322 Episcopo-

1251 335 1350 363 rum,
1376 319 1444 356 hoc
1467 330 1518 356 est
1540 329 1741 367 pastorum,
1767 325 1828 369 qui
1846 329 1977 361 evocati
2001 329 2044 362 ad
2066 329 2242 362 docendas

1251 372 1424 407 Ecclesias
1441 374 1612 417 populum
1629 381 1721 408 recte
1738 376 1904 410 docerent
1918 377 1960 410 de
1984 378 2078 422 lege,
2103 380 2146 412 de
2161 390 2244 422 pec-

1253 431 1340 464 cato,
1357 424 1400 456 de
1417 424 1585 457 beneficio
1601 422 1734 458 Christi
1751 426 1916 459 omnibus
1930 429 2035 470 gratis
2048 429 2241 473 proposito,

1253 475 1370 518 Quam
1393 473 1538 518 quidem
1566 486 1739 508 summam
1765 476 1958 510 conditoris
1978 472 2037 511 sui
2066 480 2241 513 autorita-

1252 532 1344 566 tem,
1378 524 1415 557 in
1444 525 1506 563 iis,
1534 537 1624 570 quae
1646 526 1687 558 ad
1716 524 1896 560 habendas
1927 525 2064 562 scholas
2092 536 2125 563 et
2150 537 2243 564 recte

1253 576 1447 609 docendam
1478 575 1668 619 puericiam
1699 584 1874 621 spectant,
1915 579 2097 612 detrectari
2128 579 2172 613 ab
2203 591 2243 614 ea

1253 626 1392 660 civitate
1420 625 1567 659 minime
1599 627 1747 661 decebit.
1808 627 1983 673 Reliqua,
2021 641 2111 674 quae
2138 640 2244 673 opera

1253 674 1400 710 Ottonis
1431 685 1648 712 accesserunt
1677 676 1871 719 Ecclesiae,
1906 679 1988 724 quia
2021 679 2166 723 longum
2194 686 2246 714 est

1255 738 1481 768 enumerare,
1508 727 1671 772 relinquo
1689 741 1729 763 ex
1745 726 1810 762 hac
1827 729 1926 762 brevi
1945 726 2092 763 historia
2105 729 2246 764 audito-

1256 778 1354 810 ribus
1376 776 1618 812 existimanda.

1357 824 1445 861 Otto
1463 828 1500 860 in
1518 828 1610 861 bello
1629 826 1779 869 Gallico,
1806 830 1905 864 cuius
1922 830 1991 863 iam
2009 831 2099 865 facta
2114 829 2247 864 mentio

1255 884 1316 918 est,
1332 877 1459 921 partim
1479 891 1498 911 a
1515 879 1687 912 militibus
1703 879 1847 914 aliunde
1862 881 1901 914 in
1917 881 2086 915 auxilium
2104 880 2248 921 vocatis,

1256 931 1363 973 quod,
1380 928 1461 973 quia
1477 941 1549 962 non
1567 940 1733 972 magnum
1748 943 1850 964 usum
1868 931 1905 964 in
1920 943 1957 965 re
1975 931 2121 965 militari
2137 928 2250 965 babe-
2301 966 2306 971 ,

1256 986 1354 1019 rent,
1381 978 1506 1012 Gallos
1526 987 1742 1024 metuerent,
1771 982 1898 1025 partim
1923 994 1941 1015 a
1958 982 2065 1016 fratre
2080 981 2249 1022 Jlenrico,

1257 1031 1350 1074 quod
1370 1041 1450 1062 cum
1468 1027 1632 1064 hostibus
1650 1033 1900 1073 consensisset,
1927 1032 2120 1076 plurimum
2140 1031 2250 1065 desti-

1258 1081 1432 1114 tuebatur.
1473 1080 1550 1114 Hoc
1568 1093 1646 1115 cum
1665 1082 1957 1116 animadverteret
1973 1094 2089 1117 comes
2104 1082 2249 1128 quidam

1258 1128 1365 1164 bomo
1383 1131 1479 1165 vaser
1504 1138 1536 1165 et
1561 1139 1705 1175 potens,
1733 1133 1813 1177 qui,
1840 1134 1933 1178 quod
1959 1140 2028 1167 tam
2055 1133 2250 1166 necessario

1258 1189 1433 1225 tempore,
1457 1189 1490 1215 et
1506 1189 1576 1215 tam
1598 1183 1809 1228 propinquis
1829 1181 2012 1224 hostibus,
2038 1195 2101 1218 suo
2119 1183 2249 1217 auxilio

1258 1232 1453 1275 plurimum
1476 1239 1615 1276 putaret
1636 1233 1811 1266 sublevari
1830 1233 2251 1278 imperatoremfspera-

1260 1284 1318 1314 bat
1335 1293 1370 1314 se
1392 1279 1484 1315 nihit
1505 1283 1549 1316 ab
1567 1282 1784 1327 Imperatore
1800 1285 1870 1317 iam
1888 1297 1960 1317 nou
1979 1285 2251 1328 impetraturum

1259 1344 1349 1373 esse,
1383 1340 1499 1376 rogat,
1533 1341 1573 1367 ut
1594 1335 1847 1368 monasterium
1871 1337 2048 1379 quoddam
2073 1335 2193 1369 nobile
2219 1341 2250 1368 et

1260 1383 1439 1427 copiosum
1478 1396 1556 1417 cum
1588 1384 1761 1418 fructibus
1795 1386 2016 1431 sequentium
2053 1392 2252 1429 temporum

1259 1434 1326 1466 sibi
1347 1433 1516 1467 attribuat
1532 1433 1740 1478 Imperator,
1768 1447 1840 1468 non
1859 1437 1940 1469 satis
1956 1435 2146 1469 ostendens
2168 1446 2253 1479 sup-

1260 1489 1376 1528 petere
1393 1483 1526 1529 alioqui
1543 1484 1660 1527 copias
1679 1484 1759 1526 sibi,
1786 1497 1826 1518 ex
1842 1486 1970 1530 quibus
1986 1485 2063 1519 dari
2080 1485 2253 1519 militibus

1260 1540 1449 1578 oporteret.
1511 1533 1724 1579 Imperator,
1760 1537 1852 1581 qnod
1881 1536 2092 1583 intelligeret
2116 1548 2184 1581 qua
2209 1537 2254 1569 de

1261 1596 1361 1617 causa
1387 1584 1656 1619 eadicerentur:
1692 1585 1785 1627 Non,
1813 1586 1940 1632 inquit,
1971 1587 2007 1620 in
2031 1583 2086 1620 bis
2101 1587 2255 1620 difficul-

1262 1635 1393 1668 tatibus
1428 1635 1474 1668 ita
1508 1635 1812 1670 circumventurus
1849 1649 1884 1669 es
1914 1636 2085 1670 Ottonem
2119 1637 2254 1681 vulpes.

1263 1682 1358 1719 Mihi
1378 1686 1582 1719 mandatum
1601 1694 1650 1720 est
1668 1685 1742 1720 Deo
1761 1687 1904 1720 obedire
1920 1688 2043 1725 magis,
2065 1699 2169 1732 quam
2189 1685 2255 1721 bo-

1262 1736 1430 1769 minibus.
1459 1735 1579 1781 ltaqne
1596 1749 1674 1770 cum
1689 1735 1877 1781 probibeat
1889 1738 2076 1782 scriptura,
2094 1744 2253 1772 sanctum

1263 1786 1340 1819 (lari
1363 1787 1528 1827 canibus,
1562 1799 1782 1832 nequaquam
1808 1789 1972 1832 permitto
1997 1800 2035 1822 ea
2059 1800 2078 1822 a
2098 1795 2132 1822 te
2151 1800 2256 1822 occu-

1264 1837 1358 1882 pari„
1386 1849 1474 1882 quae
1490 1837 1580 1870 nosti
1599 1838 1642 1870 ad
1660 1836 1853 1872 Ecclesiam
1871 1846 2037 1883 spectare.
2088 1838 2125 1874 Si
2148 1839 2256 1882 igitur

1264 1885 1353 1920 nibil
1373 1888 1466 1932 apud
1484 1894 1517 1921 te
1536 1888 1650 1932 pudor
1665 1895 1698 1922 et
1722 1889 1875 1923 osticium
1891 1890 2029 1930 valent,
2056 1889 2205 1923 deserito
2223 1896 2257 1923 et

1265 1939 1406 1983 prodito
1448 1937 1607 1972 hostibus
1650 1940 1834 1973 dominum
1877 1947 1988 1974 tuum,
2046 1938 2123 1983 Ego
2164 1946 2256 1974 certe

1265 2001 1380 2022 meum
1398 1987 1552 2033 Reipub.
1569 1989 1722 2023 officium
1740 1991 1956 2035 praestitero,
1992 1989 2039 2025 Et
2053 2002 2255 2036 quanquam

1266 2046 1302 2073 tu
1323 2052 1394 2072 non
1413 2040 1589 2085 sequaris,
1618 2041 1690 2084 ipse
1714 2049 1829 2075 tamen
1848 2053 1925 2075 cum
1945 2041 2145 2075 Saxonibus
2161 2041 2260 2082 meis,

1265 2092 1308 2123 dc
1335 2103 1487 2136 quorum
1517 2091 1645 2125 virtute
1673 2104 1746 2125 non
1775 2092 1921 2133 dubito,
1966 2093 2008 2125 ad
2035 2089 2154 2126 hostes
2178 2103 2256 2126 sum

1266 2148 1390 2176 iturus.

1367 2191 1497 2226 Probat
1522 2190 1604 2227 llaec
1633 2189 1778 2226 bistoria
1809 2193 2002 2237 plurimum
2025 2193 2257 2238 religionibus

1266 2242 1425 2276 deditum
1452 2244 1557 2277 fuisse
1582 2241 1774 2283 ottonem,
1801 2251 1905 2288 atque
1930 2255 2051 2277 omues
2073 2251 2257 2289 propterea

1266 2301 1410 2327 conatus
1434 2306 1515 2328 suos
1539 2306 1579 2328 eo
1599 2294 1748 2327 voluisse
1774 2302 1948 2339 spectare,
1974 2301 2013 2329 ut
2040 2295 2256 2339 privatarum

1267 2357 1383 2378 rerum
1409 2346 1567 2379 omnium
1594 2345 1779 2388 dispendio
1812 2346 1934 2384 etiam,
1975 2345 2002 2378 si
2030 2357 2083 2379 res
2110 2345 2258 2385 tulisset.

2305 2339 2309 2399 f

1267 2408 1402 2429 summa
1427 2409 1444 2429 a
1469 2408 1504 2429 se
1527 2407 1663 2439 semper
1686 2393 1874 2431 baberetur
1896 2394 2131 2430 Ecclesiarurn
2158 2395 2258 2433 ratio,
2305 2409 2307 2419 ¹

1268 2448 1381 2492 qnod,
1408 2448 1488 2492 quia
1513 2453 1648 2490 tempus
1672 2448 1843 2491 postulat,
1870 2447 1993 2480 desino
2019 2447 2181 2490 pluribus
2195 2447 2257 2479 de-

1269 2504 1483 2537 =n‹nistra1·e,
1510 2505 1542 2531 ct
1563 2509 1685 2541 precor
1702 2496 1894 2534 Cbristum.
1927 2505 1963 2531 ut
1979 2497 2105 2540 spiritu
2124 2494 2256 2531 Clu-isti
2302 2510 2305 2531 ῑ

1268 2549 1378 2582 adiuti
1417 2547 1542 2582 borum
1581 2555 1776 2593 temporum
1814 2548 2038 2590 Magistratus
2071 2547 2258 2582 imitentur

1269 2599 1414 2633 Ottonis
1441 2601 1590 2639 sactum,
1619 2599 1652 2632 in
1679 2599 1909 2644 procurandis
1930 2598 2031 2631 rebus
2048 2599 2090 2631 ad
2116 2598 2257 2641 religio-

1271 2663 1350 2683 netn
1369 2651 1638 2695 pertint-ntilms.

1271 2703 1296 2734 si
1333 2709 1533 2735 nostrorum
1564 2710 1759 2745 temporum
1794 2699 2017 2744 Principibus
2044 2701 2254 2744 probaretur

2300 2565 2304 2585 t

1692 2650 1779 2684 Nam
1799 2647 1864 2683 boc
1882 2647 2030 2682 Ottonis
2049 2650 2257 2693 exemplum.
2298 2668 2301 2682 t
