2338 2958
272 137 346 173 237
709 122 869 162 DECL.
918 120 994 159 DE
1033 119 1240 160 PRAEF.
1275 121 1332 157 IN
1367 119 1849 161 ARITHMETICEN.
2221 123 2298 161 288

275 235 347 257 non
372 221 451 255 dico
477 216 592 262 magni
617 219 807 252 mercatus,
834 217 895 244 aut
919 221 1086 243 venarum
1105 208 1258 242 metalli-
1311 207 1491 254 speciesin
1505 213 1578 241 arte
1596 207 1808 242 numerandi
1824 208 1969 245 discere.
2018 208 2086 244 His
2104 209 2293 244 mediocri.

275 285 393 309 carum
407 300 416 313 ‚
442 271 499 305 sed
518 266 665 302 alicuius
682 261 866 296 mediocris
883 260 1134 295 oeconomiae?
1171 257 1259 293 Exi-
1311 266 1364 294 ter
1379 258 1546 302 cognitis,
1571 259 1829 303 propemodum
1848 266 1919 294 tota
1935 259 2162 295 Astronomia
2181 260 2298 295 statim

275 326 455 360 stimemus
481 331 525 352 ne
555 330 574 350 a
595 316 724 350 talibus
751 324 851 357 posse
886 312 1039 345 rationes
1074 310 1259 355 paululum
1312 309 1443 356 percipi
1461 309 1536 342 sine
1550 310 1624 343 ulla
1640 309 1846 343 difficultate
1863 316 1986 354 potest„

275 377 380 409 modo
399 371 579 407 intricatas
596 364 712 400 evolvi
728 371 761 399 et
777 362 967 408 explicari?
1018 361 1261 407 Nequaquam.

275 427 343 462 Sed
361 423 489 457 horum
506 416 686 453 Thracum
703 415 835 450 similes
849 420 931 448 sunt
948 413 984 446 in
1002 413 1137 457 magnis
1152 412 1261 446 ratio—

275 478 381 510 nibus
395 481 428 507 et
445 469 602 505 obscuris
619 478 761 507 omnes,
785 465 846 511 qui
868 464 1025 498 destituti
1043 470 1124 497 sunt
1147 459 1256 496 huius

275 527 360 561 artis
386 521 570 568 praesidio.
621 518 702 552 Non
726 517 840 550 solum
863 517 899 547 in
926 521 1098 553 mercatu,
1126 514 1163 546 in
1186 525 1261 546 me-

275 576 419 613 tallicis,
454 574 491 606 in
518 570 677 605 cudenda
704 573 863 605 moneta,
896 566 952 598 sed
976 565 1013 597 in
1040 565 1160 598 multis
1183 563 1261 596 aliis

275 626 427 673 publicis
453 631 487 658 et
510 620 657 666 privatis
680 620 784 653 rebus
800 615 1064 660 computandis,
1095 621 1169 648 arte
1187 614 1260 658 ipsa

275 690 362 723 opus
380 683 441 710 est.
495 673 566 716 Qui
587 677 772 705 versantur
785 668 820 700 in
839 666 976 710 Repub.
1003 665 1127 698 aerarii
1153 665 1261 698 ratio-

274 742 335 764 nes
360 739 461 761 nosse
483 725 621 758 debent.
682 721 790 763 Saepe
814 718 851 750 in
874 717 1015 750 iudiciis
1039 715 1262 761 quaestiones

274 780 457 815 incidunt,
499 787 587 819 quae
615 771 802 817 requirunt
832 768 1003 801 eruditam
1028 766 1262 810 computatio-

275 844 368 866 nem.
426 829 506 861 ldeo
534 836 605 858 non
631 823 714 856 satis
741 827 791 854 est
812 830 913 852 nosse
929 829 1096 851 numeros
1115 824 1261 850 naturae

275 879 462 916 beneficio,
496 877 554 909 sed
581 886 636 907 ars
665 871 823 906 addenda
851 876 919 910 est,
946 869 1021 902 sine
1048 881 1114 913 qua
1142 868 1260 900 nullae
1287 893 1289 911 ἶ

275 931 434 967 difficiles
458 927 611 961 rationes
630 921 795 968 explicari
819 927 912 954 certo
930 925 1088 964 possunt.
1142 918 1262 961 Quare

275 984 436 1019 Socrates
452 978 542 1023 apud
563 976 743 1009 Platonem
764 972 800 1004 in
820 971 956 1013 legibus
977 970 1081 1003 etiam
1100 968 1191 1003 banc
1205 976 1262 1002 tu-

274 1036 315 1068 lit
327 1059 335 1070 ,
363 1039 400 1065 ut
417 1031 508 1063 cives
525 1034 694 1070 cogantur
710 1023 842 1057 discere
858 1019 1138 1055 Aritbmeticam.
1191 1018 1260 1053 Sed

275 1085 359 1131 quid
387 1081 508 1116 attinet
536 1079 579 1111 de
603 1090 639 1110 re
665 1083 746 1109 nota
767 1073 937 1117 prolixius
955 1071 1096 1105 dicere?
1147 1069 1260 1104 Nemo

275 1136 369 1169 euim
388 1143 461 1166 non
480 1130 575 1163 videt
592 1129 628 1161 in
645 1126 742 1160 omni
760 1124 829 1157 vita
845 1122 1036 1156 maximum
1059 1133 1163 1155 usum
1189 1132 1262 1154 esse

276 1182 544 1221 Aritltmetices,
571 1178 639 1212 nisi
657 1178 701 1211 sit
716 1175 881 1209 stolidior
899 1172 1166 1206 'l'liracensibus
1182 1171 1262 1212 illis,

275 1237 334 1282 qui
357 1247 428 1268 non
454 1237 585 1265 norunt
610 1239 794 1262 numerare
812 1224 961 1269 amplius
979 1231 1139 1269 quatuor.

276 1300 344 1333 que
369 1284 432 1318 liae
459 1283 618 1325 vulgares
640 1279 808 1312 utilitates
827 1275 976 1308 invitare
993 1275 1124 1319 pariter
1140 1284 1262 1307 omnes

274 1338 512 1371 adolescentes
530 1334 572 1365 ad
589 1329 679 1364 hanc
697 1336 804 1362 artem
825 1326 1024 1359 discendam
1051 1331 1084 1358 et
1099 1335 1262 1357 exercen-
1288 1342 1289 1357 ι

275 1392 355 1423 dam
379 1385 571 1423 debebant3
624 1380 726 1413 multi
753 1377 846 1411 enirn
873 1376 1029 1410 incidere
1052 1386 1150 1408 casus
1180 1386 1262 1418 pos-

276 1447 376 1476 sunt,
411 1436 471 1469 ulii
504 1432 651 1475 singulis
677 1441 802 1471 magno
828 1427 907 1460 usui
931 1423 1163 1460 Arithmetica
1190 1436 1262 1457 esse

275 1496 399 1536 potest.
451 1485 607 1519 Proinde
632 1489 663 1515 et
690 1479 864 1515 Romanis
888 1488 1034 1519 magnae
1059 1488 1162 1509 curae
1185 1475 1263 1515 suit,

276 1549 315 1575 ut
335 1538 437 1573 liberi
453 1547 574 1569 eorum
591 1545 668 1565 cum
689 1529 814 1574 primis
832 1529 941 1561 literis
958 1527 1061 1560 etiam
1079 1523 1262 1559 Aritlnne—
1288 1525 1289 1535 ¹

277 1593 367 1626 ticeu
394 1588 624 1633 perciperent.
685 1579 900 1615 Meministis
925 1578 1018 1610 euim
1043 1589 1162 1609 versus
1187 1575 1261 1609 llo-

274 1642 352 1676 ratii
364 1655 369 1673 ἶ

343 1713 459 1743 ‘tomani
477 1709 561 1749 pueri
576 1706 674 1745 longis
691 1703 856 1732 rationibus
872 1710 964 1729 assem

329 1764 457 1794 Discunt
476 1764 505 1790 in
523 1766 619 1799 partes
635 1763 754 1786 centum
770 1753 908 1782 diducere
919 1774 926 1788 ‚
954 1751 1031 1780 dicut

331 1816 425 1845 Filius
441 1812 548 1843 Albini
560 1834 567 1847 ,
594 1811 618 1838 si
640 1807 675 1836 de
691 1809 857 1847 quincunce
876 1808 988 1832 remota
1005 1808 1047 1830 est

328 1867 421 1897 [noia
435 1889 442 1902 ‚
465 1863 537 1904 quid
559 1857 701 1900 superat?

279 1932 468 1977 Multiplex
486 1928 588 1962 etiam
609 1921 831 1957 Geometriae
855 1919 990 1953 utilitas
1015 1924 1083 1957 est,
1111 1929 1182 1949 non
1205 1927 1263 1949 so-
1289 1951 1290 1954 Ἰ

279 1987 351 2019 lum
371 1984 407 2018 in
426 1977 683 2015 aedificatione,
701 1975 736 2006 in
753 1970 939 2005 metiendis
955 1969 1062 2007 vasis,
1082 1969 1139 2000 sed
1158 1967 1262 2000 etiam

278 2038 354 2069 viro
374 2032 516 2078 politico
542 2030 577 2061 iu
596 2020 891 2067 Cosmograpbia‚
918 2021 952 2053 in
972 2021 1130 2053 locorum
1156 2018 1262 2051 iuter-

281 2087 380 2119 vallis
405 2078 652 2123 intelligendis.
706 2075 775 2109 Sed
799 2073 938 2106 discedo
963 2071 1006 2104 ab
1030 2067 1084 2103 liis
1109 2068 1262 2112 vulgari-

281 2140 345 2170 bus
366 2133 586 2168 utilitatibus.

383 2202 427 2235 lli
449 2199 506 2245 qui
527 2199 560 2230 in
581 2194 705 2228 studiis
726 2197 919 2227 versanturu,
944 2196 973 2221 et
995 2188 1181 2231 perfectam
1198 2187 1263 2219 do-

281 2257 369 2289 ctriu
384 2267 427 2285 un
445 2254 607 2294 expetunt
621 2271 628 2282 ,
648 2246 741 2277 ittam
761 2243 824 2275 sibi
844 2241 1032 2274 utilitatem
1051 2245 1263 2282 proponant,

282 2307 374 2353 (lllfflti
411 2305 451 2336 ilii
816 2344 820 2348 Ι
945 2342 948 2346 Ι
1131 2340 1138 2348 Ἰ

282 2359 395 2391 „ditus
430 2359 539 2397 p.·tet,
574 2349 638 2381 ni>i
673 2358 733 2390 per
760 2341 1028 2398 Aritiimettcam
1054 2348 1085 2373 et
1112 2341 1263 2397 (imme-

282 2410 396 2443 niun».
451 2402 490 2437 Et
518 2400 657 2446 quidem
684 2403 776 2429 tauta
801 2395 851 2426 vis
881 2400 928 2426 est
957 2389 1204 2425 Arttltmettces
1228 2403 1262 2423 tn

284 2459 441 2492 doctriua
469 2456 509 2485 de
532 2453 634 2484 rel-us
651 2447 877 2482 coelestibus,
901 2450 936 2476 ut
955 2443 1120 2475 mediocri
1143 2439 1262 2475 Aridi-

284 2510 408 2542 ,ιη-εἰσι»
433 2517 518 2549 pene
543 2500 660 2532 ‹uuuia
686 2500 720 2530 iu
747 2496 905 2529 doctriua
931 2506 1046 2527 rerum
1063 2493 1263 2525 coelestium

280 2563 346 2596 sint
369 2557 502 2601 pervia:
529 2560 618 2584 certe
648 2561 807 2589 maguam
834 2554 966 2590 partem
991 2545 1063 2577 eius
1085 2544 1264 2577 doctrinae

281 2614 356 2645 ,ςηρ
374 2609 446 2640 ..110
465 2599 757 2644 110·g‹=‹·i‹1.·=s«=cpii
785 2605 904 2642 potest⁴
962 2595 1033 2628 latu
1058 2595 1137 2627 vide
1160 2607 1262 2639 quam

281 2664 403 2700 origum
432 2659 550 2690 lalmre
566 2661 734 2697 tlttssttltittt
760 2649 912 2692 pret-itttn
934 2659 1057 2689 operat*
1078 2645 1186 2689 possis
1214 2645 1262 2677 [θ-

281 2727 366 2746 ‹.·10-,
424 2705 516 2742 [Nihil
545 2703 677 2736 facilius
707 2708 771 2738 est¹
806 2712 909 2744 quain
948 2696 1027 2737 lias,
1055 2704 1090 2730 ut
1127 2702 1264 2733 vocant,

1195 1221 1261 1256 At·
1287 1211 1290 1230 ³

488 2299 681 2333 doctrinam
709 2296 750 2326 de
781 2293 883 2325 rebus
911 2291 1116 2323 coelestibus
1145 2290 1263 2322 nullus
1290 2307 1291 2310 ¹

1401 359 1502 394 Plato
1521 359 1559 393 in
1573 357 1737 394 Phaedro
1754 359 1854 404 fingit
1870 359 2027 405 duplices
2042 360 2196 402 animas,
2211 373 2299 407 qua-

1312 423 1392 444 rum
1415 411 1541 444 alteras
1565 411 1614 445 ait
1637 411 1746 444 alatas
1767 422 1857 453 esse,
1882 410 2019 453 alteris,
2041 410 2177 458 inquit,
2202 412 2298 446 deci-

1285 478 1288 509 Ι
1314 462 1405 495 disse
1425 462 1508 495 alas.
1570 460 1683 495 Porro
1710 461 1819 495 alatas
1847 462 1895 496 ait
1917 461 2066 496 volitare
2085 462 2123 495 in
2146 463 2296 504 coelum,

1285 514 1289 524 '
1313 513 1468 546 fruentes
1487 523 1673 556 congressu
1698 512 1946 558 colloquioque
1963 511 2050 553 Dei,
2077 519 2110 546 et
2132 510 2297 558 pulcher—

1286 570 1290 616 :
1312 563 1404 597 rimo
1431 563 1626 607 spectaculo
1651 574 1817 596 cursuum
1837 563 2058 603 coelestium,
2087 569 2120 597 et
2137 563 2297 598 conside-

1313 626 1391 647 rare
1414 625 1533 648 causas
1555 614 1715 648 omnium
1738 614 1975 648 mutationum
1995 614 2032 647 in
2050 613 2216 648 inferiore
2234 625 2299 648 na-

1284 646 1289 709 ξ
1313 671 1410 705 tura,
1438 665 1474 697 in
1494 673 1590 706 aere,
1613 665 1650 698 in
1670 664 1904 699 animantium
1922 665 2146 709 corporibus,
2172 665 2209 698 in
2233 662 2300 698 ho-

1287 717 1289 755 }
1313 715 1451 748 minum
1472 715 1598 749 studiis
1620 722 1652 748 et
1677 715 1857 757 moribus,
1884 715 1921 748 in
1941 715 2046 748 variis
2068 715 2298 760 imperiorum

1286 758 1289 787 Ι
1315 772 1347 798 et
1365 766 1546 800 civitatum
1562 767 1709 800 casibus.
1761 765 1879 812 Atque
1902 763 1967 799 hae
1983 765 2120 799 animae
2145 772 2218 800 toto
2235 778 2300 799 vo-

1285 792 1289 858 i
1314 816 1454 850 litantes
1477 816 1575 850 coelo
1600 823 1720 861 captae
1742 815 2008 861 pulchritudine
2027 816 2228 850 divinarum
2244 828 2301 850 re-

1314 879 1414 907 rum,
1441 873 1474 900 et
1492 867 1588 900 illius
1602 867 1800 900 admirandi
1827 868 1963 901 ordinis
1987 874 2019 901 et
2042 867 2212 901 suavitate
2235 867 2302 900 do-

1315 917 1448 951 ctrinae
1480 924 1512 951 et
1536 918 1696 958 virtutis,
1734 915 1799 950 liae
1822 931 1892 951 una
1918 918 2097 962 voluptate
2132 924 2301 963 perpetuo

1314 968 1384 1001 frui
1403 968 1568 1012 cupiunt,
1596 980 1658 1001 nec
1676 975 1825 1001 onerant
1844 969 1980 1002 animos
1997 969 2180 1002 obscoenis
2197 968 2300 1002 volu-

1315 1019 1486 1063 pultibus,
1513 1031 1601 1064 quae
1624 1019 1831 1063 perturbant
1855 1016 2078 1053 harmoniam
2096 1019 2235 1053 virtutis
2263 1019 2301 1052 in

1315 1070 1461 1108 animis,
1489 1077 1522 1103 et
1545 1069 1720 1104 obiiciunt
1738 1070 1942 1113 caliginem,
1968 1082 2012 1103 ne
2029 1069 2190 1104 coelestia
2207 1069 2301 1114 aspi-

1315 1133 1390 1153 cere
1409 1121 1554 1164 possint.
1607 1118 1656 1154 At
1674 1120 1754 1153 illae
1776 1120 1931 1160 animae,
1959 1121 2088 1166 quibus
2111 1121 2185 1154 alae
2208 1119 2304 1154 deci-

1288 1182 1289 1197 2
1315 1173 1462 1212 derunt,
1493 1169 1594 1204 humi
1625 1178 1815 1215 vagantur,
1848 1178 1882 1205 et
1905 1179 2079 1216 quaerunt
2106 1171 2302 1215 voluptates

1288 1238 1289 1242 =
1315 1222 1471 1265 impuras
1496 1234 1536 1255 ex
1555 1222 1660 1255 rebus
1683 1222 1850 1262 terrenis,
1884 1234 1947 1255 nec
1979 1222 2073 1255 enim
2101 1222 2196 1255 illam
2221 1221 2302 1266 pul-

1315 1270 1526 1305 cherrimam
1566 1273 1680 1306 lucem
1721 1284 1838 1305 rerum
1877 1272 2080 1306 coelestium
2115 1271 2303 1315 aspiciunt.

1314 1322 1390 1356 Etsi
1415 1330 1531 1356 autem
1556 1322 1657 1357 Plato
1679 1323 1750 1356 alas
1776 1323 1941 1366 intelligit
1965 1321 2125 1356 heroicos
2152 1323 2302 1367 impetus

1287 1369 1290 1409 ζ
1315 1373 1540 1416 ingeniorum
1556 1400 1565 1414 ‚
1599 1381 1715 1407 tamen
1742 1385 1785 1406 ne
1811 1373 1864 1405 illi
1890 1373 2034 1418 quidem
2060 1374 2211 1418 impetus
2234 1373 2301 1407 soli

1315 1424 1454 1458 animos
1476 1420 1695 1463 subvehunt,
1732 1425 1790 1456 sed
1823 1435 1911 1467 opus
1937 1431 1988 1458 est
2019 1424 2124 1458 etiam
2155 1424 2303 1465 artibus,

1317 1475 1445 1519 quibus
1471 1474 1522 1507 illi
1547 1474 1612 1518 ipsi
1639 1474 1789 1518 impetus
1814 1474 2031 1508 attollantur.
2083 1474 2173 1508 Sunt
2195 1475 2304 1519 igitur

1316 1526 1391 1558 alae
1407 1525 1532 1558 mentis
1554 1523 1748 1565 humanae,
1777 1522 2009 1558 Arithmetica
2034 1532 2065 1559 et
2089 1525 2305 1561 Geometria.

1316 1575 1389 1608 llas
1414 1576 1440 1608 si
1472 1576 1666 1619 alligaverit
1692 1575 1758 1608 sibi
1783 1575 1910 1620 aliquis
1944 1577 2124 1619 praeditus
2158 1577 2301 1621 ingenio

1288 1635 1290 1671 'i
1317 1639 1388 1659 non
1405 1626 1566 1666 sordido,
1592 1626 1744 1660 facilime
1760 1627 1957 1670 penetrabit
1977 1627 2011 1659 in
2038 1628 2174 1661 coelum
2199 1641 2237 1662 ac
2259 1630 2303 1663 li-

1286 1682 1289 1728 t
1316 1678 1398 1709 bere
1416 1677 1450 1709 in
1469 1677 1669 1710 coelestium
1687 1684 1786 1710 coetu
1803 1677 2003 1720 vagabitur,
2029 1685 2061 1712 et
2076 1679 2137 1712 illa
2163 1679 2240 1714 luce
2263 1693 2302 1715 ac

1316 1727 1485 1772 sapientia
1500 1728 1648 1761 fruetur.

1419 1778 1538 1820 Quare
1564 1779 1617 1811 illi
1643 1778 1704 1823 qui
1728 1785 1809 1812 sunt
1833 1778 1983 1822 ingeniis
2002 1791 2073 1812 non
2094 1783 2302 1818 monstrosis

1318 1829 1486 1873 praediti,
1519 1836 1551 1862 et
1577 1840 1630 1862 res
1655 1828 1806 1872 optimas
1829 1829 2047 1875 maximeque
2064 1832 2301 1873 admirandas,

1317 1887 1347 1913 et
1364 1879 1696 1922 cognitionediguas
1714 1879 1867 1923 aspicere
1883 1881 2042 1924 cupiunt,
2071 1879 2132 1915 lias
2149 1883 2219 1917 alas
2233 1885 2299 1918 sihi

1317 1932 1467 1970 addant,
1501 1931 1679 1970 videlicet,
1714 1928 1969 1964 Aritluueticen
1994 1938 2026 1965 et
2052 1932 2305 1970 Geometriam.

1317 1980 1452 2014 llarum
1472 1994 1537 2025 ope.
1551 1981 1678 2015 sublati
1698 1981 1733 2013 iu
1754 1982 1907 2021 coelum,
1929 1982 2076 2015 lustrare
2091 1985 2203 2018 oculis
2218 1987 2299 2021 uni-

1317 2045 1450 2065 versam
1477 2045 1595 2065 rerum
1621 2038 1802 2072 naturam,
1830 2044 1972 2065 cernere
1993 2033 2107 2077 spacia
2124 2042 2302 2082 metasque

1317 2083 1550 2116 maximorum
1586 2095 1793 2126 corporum,
1831 2083 1950 2115 videre
1983 2085 2149 2128 syderum
2180 2087 2301 2121 fatales

1288 2146 1538 2176 ieongrcssus,
1571 2133 1725 2178 denique
1754 2145 1873 2166 causas
1907 2146 2024 2166 rerum
2057 2136 2302 2179 maximarum,

1318 2197 1406 2229 quae
1432 2185 1466 2217 iu
1496 2183 1558 2217 ltac
1576 2182 1760 2217 hominum
1782 2184 1851 2216 vita
1870 2185 2053 2225 accidunt,
2080 2187 2303 2223 animadver-

1318 2243 1389 2268 tere
1421 2235 1591 2279 poteritis.
1651 2233 1823 2268 Existimo
1848 2246 2032 2275 generosas
2068 2245 2201 2272 mentes
2236 2236 2301 2274 hac

1320 2294 1412 2319 mm.
1436 2287 1585 2319 utilitato
1601 2286 1694 2329 capi.
1723 2292 1753 2318 et
1771 2285 1908 2318 incitari
1937 2299 2035 2330 posse
2056 2289 2097 2320 ad
2124 2286 2186 2322 lias
2210 2297 2300 2324 artes

1321 2339 1503 2370 discendas
1526 2344 1556 2370 et
1584 2337 1760 2369 amand-is.
1814 2337 1894 2369 Scio
1916 2338 2009 2370 euim
2033 2339 2133 2372 iobis
2156 2340 2297 2386 quidem

1290 2385 1292 2428 ζ
1319 2390 1400 2421 ,satis
1419 2400 1619 2432 persuasum
1637 2399 1727 2427 esse,
1758 2400 1918 2428 magnam
1942 2389 2148 2430 dignitatem
2173 2398 2204 2424 ct
2229 2391 2299 2425 uti·

1290 2441 1293 2484 ἰ
1321 2441 1450 2473 litatem
1477 2451 1547 2472 esse
1574 2438 1755 2471 doctrinae
1780 2439 1822 2471 de
1846 2439 1949 2472 rebus
1966 2440 2192 2481 coelestibus,
2220 2455 2299 2476 vos-

1290 2499 1293 2530 ξ
1319 2504 1403 2534 que.
1443 2497 1479 2523 ut
1505 2491 1621 2527 decet,
1655 2489 1800 2522 auribus
1827 2497 1931 2535 atque
1962 2490 2088 2524 animis
2112 2489 2301 2527 abliorrere

1319 2543 1361 2574 al»
1397 2540 1538 2585 Epicuri
1576 2541 1833 2578 deliramentis,
1866 2541 1926 2585 qui
1957 2540 2092 2576 deridet
2128 2541 2301 2577 Astrono-

1290 2587 1292 2615 ἶ
1320 2593 1441 2629 vniam,
1470 2599 1498 2625 et
1520 2591 1671 2625 somniat
1690 2591 1807 2624 Solem
1825 2602 1896 2624 esse
1912 2604 2093 2635 vaporem,
2121 2594 2180 2639 qui
2198 2607 2300 2629 mane

1319 2645 1530 2676 accendatur
1566 2650 1680 2681 tuom,
1714 2649 1829 2686 postea
1866 2649 1922 2674 aut
1958 2642 2141 2685 ‹lessagret.
2175 2652 2232 2679 aut
2262 2645 2296 2678 iu

1318 2707 1406 2739 aqua
1439 2694 1677 2736 extinguatur:
1732 2693 1777 2726 ita
1806 2700 1836 2726 et
1871 2693 1986 2726 stellas
2017 2706 2088 2727 esse
2111 2696 2300 2730 nubeculas
