2338 2958
210 141 281 177 991

211 227 309 266 facit,
334 233 375 261 ut
393 225 420 259 si
437 232 530 260 totus
546 221 699 256 mundus
724 220 847 264 flagret
868 219 1054 259 incendio,
1081 225 1197 253 tamen

210 285 324 321 speret
339 289 373 309 se
389 287 510 309 sanum
527 280 557 306 et
576 280 690 307 tutum
706 272 800 312 sore,
824 277 885 305 aut
899 270 928 304 si
942 270 1059 304 videat
1075 281 1200 304 navem

212 340 308 361 suam
334 328 446 371 perire
475 325 512 357 in
536 325 625 363 alto,
656 334 690 355 se
708 329 825 355 tamen
850 327 963 366 speret
985 321 1201 354 incolumem

212 389 428 411 emersurum
453 387 545 415 esse,
575 373 721 418 pei-iude.
743 384 782 405 ac
803 384 882 405 cum
906 380 1063 416 tempore
1078 367 1200 404 Nohae

211 437 303 463 totus
326 427 421 461 orbis
447 426 664 459 obruebatur
687 423 842 461 diluvio,
879 422 989 467 aliqui
1021 421 1202 467 potuerint

212 479 322 512 securi
352 489 444 517 esse,
479 475 576 521 quasi
602 476 643 508 ad
672 486 706 507 se
730 474 819 507 illud
844 473 1043 506 universale
1066 472 1199 505 malum

210 527 301 562 nihil
326 529 499 561 attineret.
552 525 621 560 Sed
650 525 812 569 privatim
835 531 876 557 ut
899 523 1058 558 omittam
1085 523 1201 556 dicere

210 584 252 612 de
278 592 341 612 sno
367 579 535 623 cuiusque
563 587 667 609 sensu
691 587 826 619 poenae
850 582 1032 616 aeternae,
1060 580 1202 618 propter

209 637 348 674 peccata
365 640 480 661 coram
499 628 583 667 Deo,
608 633 778 672 quantum
799 632 849 657 est
866 625 1040 657 malorum
1059 625 1095 656 in
1113 635 1201 669 quo-

208 681 341 714 tidiana
378 679 472 712 vitaâ€˜?
507 685 676 723 quantum
712 675 951 719 angustiarum
987 675 1140 719 primum
1164 673 1202 706 in

209 743 271 763 suo
292 732 462 775 cuiusque
488 735 645 773 pectore,
673 727 775 760 etiam
800 733 943 770 propter
959 725 1200 758 difficultatem

208 795 325 815 rerum
353 779 611 825 praesentium?
647 778 771 811 Postea
794 788 883 821 quae
905 775 1119 821 perpetuitas
1145 774 1201 807 vet

209 833 325 876 potins
348 831 548 875 perennitas
571 829 831 870 calamitatum,
859 839 938 861 cum
956 837 1092 871 semper
1109 837 1200 859 nova

208 890 358 916 veterem
378 882 593 926 insequatur.

309 941 366 975 Sic
384 941 478 973 enim
498 938 591 973 Deus
615 949 724 982 genus
741 935 940 971 humanum
955 936 1109 979 flagellat
1126 941 1202 969 cot-

207 993 292 1025 tidie
319 991 458 1032 volens,
492 997 531 1023 nt
556 1001 618 1023 nos
644 990 831 1022 admoneat
857 987 969 1021 nostri
987 985 1114 1027 officii,
1139 985 1203 1019 ad-

207 1049 348 1076 moneat
376 1043 417 1074 de
445 1041 612 1086 peccatis,
651 1040 693 1072 de
719 1038 956 1083 poenitentia,
985 1038 1138 1082 denique
1162 1042 1203 1070 ut

207 1106 270 1126 nos
291 1093 455 1126 exuscitet
474 1092 515 1125 ad
538 1091 820 1130 invocationem,
848 1089 911 1134 qui
935 1088 1068 1132 alioqui
1091 1087 1201 1120 altum

207 1151 441 1182 necteremus,
459 1149 490 1174 et
505 1141 615 1174 securi
632 1141 788 1172 fortassis
797 1140 995 1171 viveremus
1008 1138 1203 1181 epicurum.

311 1210 389 1244 Non
413 1210 526 1243 solum
545 1215 662 1241 autem
679 1214 820 1239 externa
837 1205 992 1249 pericula
1014 1211 1114 1245 sunt,
1142 1203 1201 1236 sed

208 1263 311 1295 etiam
337 1273 438 1304 saepe
467 1267 652 1293 struuntur
675 1257 740 1301 piis
759 1258 907 1290 insidiae
923 1268 1070 1289 arcanae
1086 1268 1106 1288 a
1125 1254 1204 1288 dia-

210 1314 303 1351 bolo,
332 1312 460 1356 quibus
479 1317 510 1343 et
528 1321 649 1343 eorum
667 1308 813 1341 consilia
830 1314 863 1341 et
879 1313 1012 1340 mentes
1031 1304 1204 1350 praecipi-

210 1371 282 1397 tare
317 1369 464 1396 conatur
494 1361 530 1393 in
559 1366 716 1404 peccata,
751 1367 785 1393 et
815 1357 1074 1391 inextricabilia
1100 1355 1230 1397 mala,i

209 1426 299 1459 quae
316 1424 499 1457 nunquam
516 1411 598 1444 satis
619 1409 769 1453 prospici
788 1415 954 1453 possunt,
982 1407 1050 1441 nisi
1070 1406 1204 1441 divini-

209 1472 265 1497 tus
289 1471 383 1508 petas
403 1471 434 1497 te
455 1461 643 1505 gubernari
665 1472 684 1494 a
706 1459 843 1505 Spiritu
866 1465 1005 1498 sancto,
1032 1464 1071 1492 ut
1088 1464 1204 1491 custo-

210 1517 282 1549 diat
306 1522 356 1554 te,
384 1526 426 1546 ne
450 1513 587 1557 uspiam
613 1511 763 1550 labaris,
797 1511 990 1555 impingas,
1018 1508 1204 1553 decipiaris

209 1579 226 1599 a
244 1565 404 1603 diabolo,
431 1564 536 1597 etiam
552 1563 664 1607 specie
681 1563 798 1607 aliqua
817 1561 1054 1607 qualicunque
1072 1559 1168 1593 recti.

311 1631 450 1665 Omitto
469 1629 838 1664 commemorationem
858 1628 1129 1661 cottidianarum
1147 1638 1204 1659 ae-
1228 1631 1230 1637 '

686 133 845 172 DECL.
886 131 959 170 DE
990 130 1387 170 DEFINITIONE
1419 132 1742 170 IUSTITIAE.

2165 136 2242 171 992

1252 219 1444 265 tranquillo
1454 218 1523 253 Dei
1539 217 1800 260 obliviscamur,
1817 219 1905 254 sicut
1918 227 1951 255 et
1970 220 2007 254 in
2017 219 2141 266 Moyse
2150 220 2239 254 dici-

1251 277 1325 304 tur:
1352 269 1452 304 Sedit
1468 270 1620 315 populus
1637 270 1860 309 manducare,
1885 282 1923 304 ac
1939 271 2088 305 surrexit
2107 271 2238 305 ludere.

1354 327 1472 371 Quare
1499 328 1554 361 vel
1584 328 1735 361 maxime
1766 329 1872 361 rebus
1896 329 2041 373 quietis,
2073 341 2161 375 opus
2190 336 2242 364 est

1253 379 1411 413 oratione
1435 380 1478 412 ad
1502 377 1637 419 Deum,
1676 385 1715 412 ut
1742 391 1807 411 nos
1831 386 1925 422 regat
1948 386 1982 412 et
2005 381 2179 414 contineat
2203 381 2240 413 in

1252 429 1387 468 officio,
1421 442 1464 463 ne
1487 429 1693 462 abiiciamus
1719 429 1793 462 eius
1817 429 1997 473 timorem,
2025 437 2058 464 et
2080 431 2241 475 {rigidius

1252 493 1288 514 ac
1306 481 1418 513 levius
1435 491 1594 513 curemus
1613 479 1688 513 eius
1707 479 1935 513 voluntatem.

1354 539 1501 573 Nullum
1525 538 1633 582 igitur
1657 546 1794 582 tempus
1811 539 1915 572 debet
1931 551 2052 572 vacare
2075 539 2142 584 piis
2162 551 2242 583 pre-

1253 590 1367 631 cibus,
1395 590 1523 635 qui'ous
1543 601 1561 622 a
1580 588 1654 622 Deo
1673 595 1849 633 petamus,
1874 596 1911 623 ut
1929 590 1982 622 vel
2005 590 2110 623 rebus
2134 590 2242 624 tristi-

1253 642 1318 674 bus
1338 649 1449 675 servet
1468 651 1533 673 nos
1553 646 1587 673 et
1602 637 1813 678 Ecclesiam,
1841 640 1894 672 vel
1918 640 2153 673 mediocribus
2178 652 2242 674 nos

1253 692 1443 729 custodiat,
1476 703 1521 723 ne
1544 691 1619 724 eius
1641 691 1798 724 bonitate
1820 690 2025 730 abutamur,
2056 702 2145 735 quae
2170 702 2242 724 non

1253 749 1303 775 est
1320 754 1397 775 rara
1414 741 1519 786 pestis
1535 741 1695 774 omnium
1715 738 1910 776 hominum.

1355 800 1425 834 Sed
1449 811 1493 832 ne
1513 799 1653 842 longior
1678 797 1760 839 sim,
1793 798 1899 832 finem
1922 799 2067 840 faciam,
2101 806 2134 833 et
2157 800 2244 833 ado-

1253 852 1420 885 lescentes
1439 847 1574 891 hortor,
1599 856 1638 884 ut
1652 860 1686 883 se
1705 849 1891 892 diligenter
1907 862 1925 883 a
1942 849 2065 893 primis
2081 850 2184 883 annis
2199 851 2245 883 ad

1253 900 1348 936 hunc
1372 901 1507 935 cultum
1528 899 1741 945 precationis
1759 900 1836 933 Deo
1856 901 1999 934 cottidie
2024 901 2246 935 offerendum

1253 951 1496 987 assuefaciant.
1531 951 1674 984 Addant
1693 961 1775 983 vero
1794 956 1874 983 ante
1889 951 2009 984 omnia
2027 958 2059 985 et
2075 953 2245 985 emendaâ€”

1255 1003 1388 1038 tionem
1410 1003 1501 1035 vitae
1523 1013 1562 1035 ac
1586 1012 1745 1041 morum,
1774 1001 1927 1045 dentque
1952 1013 2113 1046 operam,
2145 1009 2185 1035 ut
2208 1012 2245 1034 se

1255 1055 1430 1088 instruant
1454 1052 1656 1095 cognitione
1679 1050 1860 1084 doctrinae
1883 1051 2060 1092 coelestis,
2095 1063 2184 1097 quae
2209 1052 2246 1084 in

1253 1103 1409 1137 Ecclesia
1425 1103 1594 1141 traditur,
1620 1108 1660 1135 ut
1676 1102 1807 1142 sciant,
1834 1102 1938 1136 fidem
1951 1103 2078 1136 debere
2093 1102 2131 1135 in
2146 1102 2246 1135 omni

1254 1151 1477 1187 invocatione
1492 1151 1705 1196 praelucere.
1739 1151 1821 1184 Non
1837 1152 1929 1185 enim
1947 1153 2058 1197 placet
2074 1151 2149 1186 Deo
2166 1164 2247 1186 ora-

1255 1204 1302 1237 tio
1318 1201 1475 1236 hominis
1498 1201 1658 1245 profani,
1684 1201 1814 1244 securi,
1842 1202 2051 1245 negligentis
2070 1210 2101 1237 et
2122 1214 2247 1247 parum

1253 1254 1387 1298 sobrii,
1419 1252 1575 1296 denique
1598 1248 1820 1296 hypocritae,
1854 1252 1915 1297 qui
1939 1259 1990 1286 est
2012 1253 2087 1286 sine
2111 1254 2178 1286 fide
2208 1253 2246 1286 in

1253 1305 1366 1338 filium
1384 1301 1462 1337 Dei.
1515 1301 1585 1337 Sed
1602 1308 1643 1336 ut
1658 1300 1829 1336 Salomon
1852 1302 1984 1348 iuquit:
2016 1302 2246 1337 Abominatio

1255 1362 1305 1390 est
1323 1355 1401 1390 talis
1415 1353 1528 1389 oratio
1552 1364 1670 1386 coram
1684 1351 1771 1386 Deo.

1356 1413 1436 1449 Sint
1468 1413 1577 1456 igitur
1605 1412 1643 1445 in
1673 1417 1860 1456 conspectu
1893 1423 2030 1456 semper
2055 1424 2135 1446 cum
2160 1413 2248 1448 aliae

1255 1477 1393 1507 causae,
1425 1475 1515 1510 quae
1538 1473 1603 1497 nos
1625 1462 1669 1497 ad
1691 1462 1905 1507 precandum
1926 1462 2138 1504 exuscitent,
2172 1470 2248 1498 tum

1227 1541 1231 1557 ,
1254 1529 1339 1550 vero
1354 1515 1541 1561 praecipue
1562 1514 1770 1547 mandatum
1786 1511 1872 1552 Dei,
1906 1520 1939 1546 et
1961 1513 2012 1547 vis
2039 1520 2072 1547 et
2097 1513 2248 1549 efficacia

1227 1559 1231 1571 â€™
1256 1566 1487 1613 precationis,
1521 1572 1554 1599 et
1583 1571 1722 1598 nostrae
1762 1563 1984 1598 necessitates
2023 1563 2184 1609 publicae
2214 1573 2249 1599 et

1256 1619 1411 1663 privatae
1426 1616 1552 1662 quovis
1570 1621 1741 1659 tempore.

209 1695 416 1719 rumnarum
430 1709 438 1723 â€š
466 1693 554 1726 quae
571 1680 714 1713 cuilibet
731 1680 909 1718 accidunt,
937 1679 973 1711 in
991 1677 1204 1716 valetudine,
1228 1692 1232 1709 1
1359 1676 1466 1718 DeuS,
1484 1681 1581 1718 pater
1599 1673 1748 1707 Domini
1765 1672 1876 1706 nostri
1894 1671 1971 1706 Iesu
1982 1670 2127 1714 Christi,
2155 1681 2251 1717 regat

211 1737 247 1769 in
262 1748 298 1768 re
316 1733 503 1771 familiari,
532 1731 567 1763 in
589 1731 754 1775 periculis
775 1731 846 1764 suis
870 1736 902 1762 et
920 1729 1090 1769 aliorum,
1117 1739 1205 1774 quos
1229 1715 1232 1755 i
1258 1733 1393 1762 nostras
1412 1731 1563 1765 mentes,
1589 1732 1627 1758 ut
1652 1735 1730 1757 eum
1749 1735 1833 1757 vero
1848 1730 1986 1768 pectore
2003 1724 2189 1764 invocent,
2216 1731 2250 1757 et

210 1787 357 1831 quisquc
371 1781 496 1817 charos
513 1779 630 1817 babet.
1228 1772 1232 1821 Î¾
1258 1785 1296 1812 ut
1318 1778 1389 1811 vita
1414 1782 1534 1809 nostra
1556 1775 1673 1808 omnis
1696 1775 1729 1807 ei
1751 1774 1905 1819 placeat,
1937 1774 2155 1819 gloriamque
2177 1774 2251 1808 eius

307 1852 467 1895 Denique
485 1855 521 1882 ut
537 1846 628 1881 nibil
644 1848 780 1879 adversi
798 1859 862 1879 nos
877 1847 1068 1888 adfligeret,
1085 1845 1205 1877 omnia
1228 1830 1232 1883 á¾–,
1260 1829 1425 1869 Î¹Ï…Ï…Î´á¿–á¿—Î¸á¿‘Â»
1460 1824 1588 1860 AmenÎ‡

214 1911 326 1939 essent
343 1901 494 1935 secunda
513 1906 545 1933 et
561 1898 754 1942 tranquilla
771 1897 866 1930 domi
887 1903 917 1929 et
935 1896 1033 1930 soi-is.
1067 1893 1204 1928 Tamen
1229 1888 1233 1957 á¼¸

213 1956 267 1989 sel
288 1953 471 1999 praecipue
491 1951 525 1983 iu
547 1951 651 1983 rebus
672 1948 835 1982 secundis
850 1947 1036 1992 oportebat
1054 1957 1118 1978 uos
1135 1955 1207 1977 esse

214 2009 370 2042 intentos
395 2003 430 2035 in
449 2001 649 2038 diabolum,
679 1999 739 2044 qui
762 2006 834 2032 tum
855 1997 1123 2031 insidiosissime
1142 2006 1206 2028 nos

1230 1997 1234 2008 '
1260 2011 1324 2046 No.
1357 2010 1436 2046 126.

1265 2058 1436 2072 â€žN

2063 2023 2111 2042 ou.
2138 2014 2230 2046 1551.

2049 2058 2252 2077 m,

215 2063 346 2101 captat,
388 2066 465 2087 eum
498 2059 581 2085 suut
613 2050 772 2084 induciae
803 2051 848 2084 ab
875 2051 1019 2081 adversa
1050 2048 1206 2080 fortuna.

1231 2095 1233 2111 Î™
1453 2113 1526 2153 De
1552 2110 1817 2167 definitione
1843 2110 2060 2152 iustitiae.

214 2108 308 2141 'l'um
329 2105 422 2138 enim
444 2103 591 2135 maxime
611 2099 770 2134 homines
786 2108 866 2135 sunt
890 2099 1022 2136 securi,
1051 2098 1206 2130 iuduunt
1231 2113 1233 2135 Ï‚

215 2164 454 2199 contemptum
478 2153 562 2193 Dei,
591 2153 725 2185 dedunt
749 2163 783 2184 se
799 2150 1059 2194 voluptatibus,
1086 2154 1121 2181 ut
1147 2148 1205 2181 tali
1231 2146 1233 2178 â€™1

215 2218 370 2252 tempore
397 2206 472 2249 plus
499 2203 644 2248 periculi
670 2205 729 2241 sit,
768 2216 810 2235 nc
834 2201 972 2235 facilius
998 2199 1206 2245 praecipite-

214 2272 293 2293 mur
313 2271 347 2290 111
367 2264 524 2290 exitium.

1331 2202 1358 2227 ln
1379 2201 1470 2228 aelect.
1490 2201 1640 2227 Declamat.
1668 2200 1700 2225 T.
1724 2199 1770 2227 Î™Î™Î™.
1792 2209 1818 2234 p.
1839 2199 1890 2225 652
1907 2209 1980 2234 sqq.,
2012 2198 2128 2226 serven.
2153 2199 2184 2227 T.
2207 2200 2253 2227 Î™Î™Î™.

1361 2246 1387 2270 p.
1401 2236 1461 2262 646.
1481 2241 1506 2262 et
1529 2235 1653 2262 tttctmrd.
1674 2235 1706 2263 T.
1724 2234 1770 2260 ltl.
1798 2243 1824 2268 p.
1840 2233 1899 2259 420.

316 2316 424 2349 Vetus
440 2326 560 2347 versus
576 2311 685 2347 Ennii
704 2313 857 2345 declarat
873 2311 1127 2354 cogitantibus,
1155 2320 1208 2342 res

672 2364 677 2369 Î¿
711 2364 716 2369 Î‡
1261 2319 1389 2350 Oratio
1408 2315 1452 2349 de
1463 2314 1680 2363 clefinae'tinne
1697 2316 1889 2356 insliriae,
1916 2326 2007 2359 quae
2026 2318 2133 2349 extat
2152 2315 2254 2359 apud

215 2371 320 2403 lactas
341 2368 489 2399 maxime
509 2377 578 2398 esse
596 2365 784 2397 terribiles.

1232 2351 1486 2419 {Clementem
1523 2365 1844 2409 Alexandrinum,
1894 2369 2060 2400 recitata
2095 2377 2119 2399 Î±
2151 2367 2252 2413 Î›á¿1Î±9.

314 2434 364 2468 At-
390 2433 573 2467 Romanus
599 2429 724 2470 bomo,
760 2437 841 2463 tuuc
866 2441 944 2462 cum
974 2439 1027 2461 res
1045 2433 1095 2460 est
1120 2427 1208 2459 bene
1233 2429 1236 2474 j
1379 2421 1501 2453 Luca
1528 2421 1724 2459 Ilei-701â¶,
1754 2418 1919 2454 venemo,
1945 2428 2005 2450 an.
2028 2416 2135 2453 1551Î‡

211 2494 324 2528 á¼”ÏÎ´Ï‰Î‡
353 2485 457 2519 cmm?
474 2495 535 2516 Î´Ï…â€™)
555 2483 718 2526 â€œW'â€˜lâ€˜stÎ‡
1233 2491 1236 2515 Â¹
1261 2487 1373 2527 Initio
1394 2493 1520 2535 gratias
1539 2503 1601 2534 ago
1618 2489 1692 2524 Deo
1719 2498 1880 2530 aeterno,
1913 2490 2002 2535 patri
2024 2488 2169 2524 Domini
2190 2503 2254 2525 no-

317 2553 364 2587 lta
385 2552 460 2597 pios
483 2551 534 2583 wl
564 2550 712 2582 maxime
733 2548 962 2581 ronwnicbat
987 2558 1056 2579 esse
1077 2546 1207 2578 solliri-
1263 2545 1323 2577 stri
1356 2542 1429 2576 lesu
1458 2541 1612 2580 Christi,
1654 2542 1829 2575 conditori
1864 2542 1950 2575 cocti
1986 2547 2018 2574 et
2054 2547 2188 2581 terrae,
2223 2549 2255 2575 et

212 2616 283 2644 tos,
312 2613 342 2638 et
368 2602 466 2648 quasi
494 2602 528 2633 iu
555 2601 718 2638 suaniamâ€ž
748 2607 866 2631 contra
895 2597 1038 2630 iusidias
1064 2597 1209 2633 diaboli,

214 2666 297 2689 tunc
325 2667 402 2687 cum
435 2655 522 2685 sorte.
552 2650 645 2684 Deus
681 2651 844 2682 laxiorem
872 2649 1023 2694 quin-tem
1051 2648 1208 2680 domuit.
1234 2670 1237 2675 .

219 2710 269 2741 Î‘Î•
287 2719 384 2749 saepe
403 2710 546 2737 mouent
564 2713 678 2735 sacrae
697 2701 827 2740 literae,
845 2713 888 2733 ne
906 2699 1034 2733 incauti
1054 2706 1209 2742 tempore
1234 2729 1237 2737 Î¹

1262 2595 1423 2627 omnium
1449 2600 1707 2633 creaturarum,
1734 2605 1803 2626 una
1822 2605 1901 2626 cum
1924 2592 1995 2625 silio
2019 2603 2082 2624 suo
2103 2592 2255 2626 Domino

1263 2653 1384 2678 nostro
1406 2644 1481 2678 lesu
1501 2643 1665 2682 Christo,
1693 2650 1723 2677 et
1746 2643 1883 2688 Spiritu
1908 2654 1969 2675 suo
1991 2650 2132 2683 sancto,
2160 2646 2253 2688 quod

1264 2696 1456 2731 Ecclesiam
1471 2695 1539 2730 sibi
1559 2695 1729 2730 internos
1745 2693 1888 2738 colligit,
1907 2700 1939 2728 et
1956 2694 2109 2739 optimae
2124 2695 2255 2729 doctriÎ‡
