2338 2958
181 143 254 183 355

185 232 228 265 de
262 231 338 264 iure
372 227 625 274 responderim.
684 224 823 259 Deinde
856 225 1022 259 vicesimo
1057 225 1172 269 primo

184 294 278 316 anno
301 280 434 315 Doctor
459 285 592 312 creatus
613 289 705 311 sum.
757 274 803 311 Et
827 289 867 310 ex
889 288 1019 320 magno
1044 287 1174 316 amore,

186 345 290 379 quem
324 344 402 374 erga
430 330 526 362 illius
554 328 672 362 fratris
700 328 795 362 Petri
826 328 1021 362 bonitatem
1050 325 1174 365 haben,

187 396 265 418 eum
288 383 441 416 calamus
468 378 554 413 haec
575 379 716 421 scribit,
750 379 866 412 cordis
889 379 1011 413 oculus
1035 376 1176 424 lachry-

186 447 259 467 mas
283 438 416 472 movet3
457 431 600 476 ipseque
622 431 678 464 vir
705 430 918 463 venerabilis
939 429 1064 463 Petrus
1089 429 1177 462 dixit

187 482 289 524 mihi,
309 495 343 516 se
360 483 477 526 plures
491 494 531 515 ex
549 482 620 515 illis
638 482 755 526 pueris
767 481 975 525 exposititiis
992 479 1059 514 hoc
1077 487 1177 525 pacto

188 536 264 568 aliis
297 533 503 574 tradidisse,
541 541 580 568 ut
607 544 667 566 eos
698 544 771 566 non
799 532 917 573 aliter,
953 544 1059 577 quam
1087 531 1179 564 filios

188 591 388 620 tractarent.

288 660 383 694 Haec
398 666 481 694 sunt
496 660 632 694 Bartoli
651 659 768 699 verba,
795 670 883 703 quae
899 658 1092 692 ostendunt
1108 669 1180 690 non

188 713 295 745 modo
322 712 392 744 vim
420 711 571 754 ingenii,
606 723 673 756 qua
697 709 853 742 mirabili
871 709 1046 743 celeritate
1065 709 1108 741 ad
1128 708 1181 741 fa-

189 763 331 806 stigium
350 762 583 806 amplissimae
594 761 775 795 doctrinae
791 761 984 800 contendit,
1000 760 1060 792 sed
1077 759 1180 792 etiam

191 814 266 847 eius
295 813 461 857 pietatem
491 825 570 855 erga
596 811 729 852 Deum,
765 818 797 845 et
823 811 1076 854 gratitudinem
1102 821 1182 853 erga

190 871 465 910 praeceptorem.
518 863 650 897 Paulus
673 864 716 896 de
741 860 884 896 Christo
906 868 1043 900 narrat,
1071 862 1115 894 ab
1141 872 1181 893 eo

190 915 439 960 repetitionem
474 915 560 958 legis
594 915 637 947 de
671 920 782 947 aetate
818 913 864 948 .ff.
899 914 941 946 de
970 912 1183 952 minoribus,

191 967 239 1001 ita
273 966 487 999 elaboratam
525 977 614 1006 esse,
653 971 693 999 ut
720 964 969 1010 quinquennio
997 976 1073 997 eam
1098 963 1184 996 reti—

191 1017 311 1051 nuerit
337 1024 417 1051 ante
449 1017 660 1055 editionem,
694 1022 728 1049 et
755 1015 907 1049 subinde
936 1015 1124 1048 correxerit
1152 1020 1184 1046 et

191 1068 438 1114 perpoliverit5
477 1068 584 1113 idque
606 1067 655 1101 ait
680 1066 896 1111 praedicasse
920 1066 1033 1110 ipsum
1059 1064 1185 1099 Barto-

192 1121 286 1160 lum,
321 1119 490 1164 additque
526 1118 807 1162 obiurgationem
844 1117 1056 1156 iuventutis,
1097 1128 1185 1161 quae

192 1183 287 1205 nunc
303 1170 406 1203 stulte
423 1170 594 1213 gloriatur
609 1170 652 1202 de
669 1168 855 1209 celeritate,
871 1168 1054 1213 inquiens:
1082 1166 1186 1200 Nunc

193 1223 341 1267 puderet
368 1221 521 1265 aliquem
553 1221 582 1253 si
610 1221 777 1254 fateretur
803 1231 838 1252 se
871 1231 1008 1252 menses
1040 1229 1098 1252 sex
1122 1218 1186 1252 tri-

192 1273 309 1306 buisse
334 1272 394 1305 tali
417 1272 533 1316 operi,
567 1272 626 1304 sed
653 1270 814 1304 scribunt
845 1270 960 1303 subito
993 1269 1186 1314 pereuntia.

194 1322 258 1357 Illa
276 1322 413 1355 Bartoli
439 1323 601 1366 repetitio
618 1321 762 1356 durabit
783 1322 824 1354 ad
841 1333 983 1354 omnem
1002 1321 1188 1365 posterita-

194 1381 275 1408 tem.
328 1372 424 1406 Haec
440 1372 571 1407 Paulus
586 1374 628 1406 de
645 1371 781 1406 Castro.

297 1445 438 1481 Omitto
469 1447 638 1492 pleraque
666 1446 830 1491 preconia
854 1445 1013 1486 Bartoli,
1047 1446 1090 1478 de
1114 1446 1189 1479 eius

194 1499 338 1543 ingenio
365 1505 397 1532 et
422 1498 576 1542 scriptis,
602 1510 641 1531 ac
665 1505 804 1532 tantum
829 1498 977 1530 referam
1001 1495 1188 1530 Panormi-

195 1551 270 1586 tani
287 1550 420 1583 dictum
433 1577 442 1590 ,
470 1549 506 1582 in
523 1548 610 1593 Cap.
629 1561 707 1582 cum
725 1548 828 1581 nobis
845 1549 888 1581 de
909 1547 1110 1592 praescript.
1127 1547 1188 1592 qui

196 1603 262 1643 ait,
288 1601 447 1634 omnium
468 1599 599 1633 iudicio
618 1598 785 1633 Bartolus
802 1610 924 1632 omnes
943 1598 1135 1632 scribentes
1152 1599 1188 1630 in

197 1652 370 1698 aequitate
387 1657 418 1684 et
435 1651 579 1684 veritate
603 1650 792 1685 antecellit.
843 1649 915 1683 Nec
940 1649 1095 1693 profecto
1122 1649 1189 1681 mi-

197 1715 264 1737 nus
291 1702 372 1735 fidei
399 1709 431 1736 et
458 1701 653 1735 autoritatis
684 1698 751 1734 hoc
783 1701 1025 1734 testimoninm
1060 1698 1190 1733 habere

198 1754 414 1789 censendum
438 1760 506 1793 est,
534 1764 639 1798 quam
666 1753 759 1797 quod
781 1750 905 1785 Cicero
931 1752 1086 1795 impertit
1106 1751 1190 1785 Ser-

198 1806 256 1839 vio
272 1804 444 1847 Sulpitio,
471 1816 549 1836 cum
572 1803 635 1837 ait:
662 1803 734 1836 Nec
753 1814 834 1835 vero
849 1802 1019 1836 silebatur
1036 1802 1190 1835 admira-

198 1857 281 1890 bilis
299 1862 331 1889 et
348 1854 584 1895 incredibilis,
610 1860 642 1887 et
661 1866 748 1898 pene
767 1854 886 1887 divina
908 1854 982 1886 eius
1006 1853 1042 1886 in
1071 1854 1185 1895 legen-

200 1909 270 1948 dis,
297 1905 591 1950 interpretandis,
617 1905 792 1951 aequitate
814 1904 1050 1949 explicandis,
1077 1905 1188 1937 scien-

200 1959 265 1998 tia;
294 1969 408 2002 neque
430 1957 524 1989 enim
553 1957 611 1989 ille
637 1957 745 1999 magis
765 1955 1057 1996 Iurisconsultus,
1085 1967 1189 2000 quam

200 2009 356 2043 iustitiae
377 2008 453 2043 fuit.
506 2007 608 2041 Hanc
636 2007 745 2051 ipsam
771 2007 910 2040 landem
936 2019 1040 2051 quam
1067 2006 1190 2039 Servio

201 2060 326 2095 tribuit
343 2058 487 2099 Cicero,
514 2059 673 2093 doctores
692 2058 929 2103 probatissimi
958 2069 1084 2101 magno
1107 2070 1190 2091 con-

202 2124 303 2145 sensu
320 2111 482 2144 tribuunt
499 2109 654 2143 Bartolo.
707 2108 784 2143 Etsi
803 2116 918 2143 autem
942 2121 1014 2141 non
1033 2109 1190 2152 pervenit

203 2164 244 2196 ad
262 2168 455 2200 senectam,
482 2168 642 2195 mortuus
656 2167 707 2193 cst
725 2160 760 2193 in
779 2172 873 2193 anno
898 2160 1020 2193 aetatis
1036 2171 1117 2193 snae
1133 2159 1192 2194 46.

204 2221 317 2247 tamen
333 2211 483 2256 lleipub.
510 2212 684 2256 praeclare
705 2211 891 2252 satisfecit,
918 2224 989 2244 non
1015 2211 1128 2244 solum
1155 2211 1190 2243 in

204 2262 343 2303 schola,
369 2264 427 2296 sed
449 2263 552 2296 etiam
571 2263 606 2295 in
626 2263 701 2295 soro
719 2269 751 2296 ot
767 2263 875 2297 curia.
930 2261 1009 2297 Fuit
1027 2262 1121 2295 enim
1137 2273 1192 2295 as-

204 2327 315 2348 sessor
332 2314 480 2347 'l'mlerti
506 2321 539 2348 et
557 2313 663 2353 Pisis;
692 2314 756 2346 suit
783 2321 813 2346 ct
834 2313 1056 2346 consiliarius
1076 2312 1185 2358 lnipe—

205 2365 468 2399 1·.·toris(]ai·oli
497 2365 622 2407 Quarti
647 2365 874 2397 laudatissimi
905 2364 1098 2408 Principis,
1132 2365 1191 2409 qui

206 2430 328 2458 magna
343 2417 469 2448 virtute
489 2416 620 2460 pacavit
636 2414 771 2449 ltaliam
791 2415 850 2447 diu
864 2415 1096 2448 conllirtatarn
1118 2416 1191 2448 lwt-

206 2468 248 2500 lis
273 2467 446 2500 ints-stiriis
473 2468 537 2499 sul·
563 2467 743 2500 Luduvico
768 2466 921 2507 Ravar03
951 2467 985 2499 in
1013 2467 1053 2499 iis
1074 2465 1192 2499 ltaliae

205 2519 358 2551 motibus
376 2518 549 2555 sedandis,
571 2518 604 2550 in
624 2518 879 2551 constituendis
896 2518 1045 2555 indiciis,
1063 2525 1091 2550 et
1111 2530 1191 2561 pare

207 2569 417 2605 munia-uda,
444 2569 589 2600 l'arolus
613 2569 762 2601 marinu-
783 2581 864 2601 usus
884 2576 931 2601 ost
950 2568 1086 2603 Bartoli
1107 2581 1191 2600 von·

208 2621 304 2657 silio,
334 2620 479 2663 pvrindc·
505 2627 538 2652 ut
562 2618 738 2659 Augustus
762 2620 970 2662 Capitonem
1001 2627 1030 2651 ot
1055 2619 1188 2652 Tre-ha-

207 2673 291 2705 tium
310 2669 469 2703 adhibuit
489 2678 560 2713 post
584 2671 713 2702 lwtlum
733 2671 854 2709 cixilo,
881 2673 921 2703 ad
950 2671 1062 2712 logum
1082 2677 1113 2703 ot
1138 2671 1191 2703 in-

206 2723 376 2756 diciorum
404 2729 435 2755 et
459 2721 564 2754 totius
583 2722 696 2753 ‹ivilis
714 2729 822 2754 status
848 2722 1140 2755 emendationem.

686 138 846 175 DECL.
899 137 972 174 DE
1007 137 1262 175 IRNERIO
1296 137 1368 173 ET
1402 135 1702 174 BARTOLO.

2141 141 2216 179 356

1325 223 1423 257 Ilaec
1449 224 1492 257 de
1518 222 1664 258 Bartolo
1691 225 1845 259 breviter
1871 237 1912 259 ex
1940 226 2032 260 veris
2058 224 2217 262 historiis

1227 276 1444 319 collegimus,
1491 274 1564 308 Iam
1582 275 1729 318 cogitate
1745 276 1858 320 qualis
1875 289 1974 311 error
1989 278 2043 319 sit,
2069 285 2109 312 ut
2124 276 2217 312 nihil

1228 328 1351 361 durius
1381 326 1517 364 dicam,
1544 332 1660 359 tantos
1684 326 1779 359 viros
1802 327 1845 359 de
1862 333 1933 361 toto
1956 340 2081 372 genere
2100 326 2218 363 homi—

1230 391 1315 411 num
1334 377 1465 422 optime
1481 377 1638 418 meritos,
1659 389 1732 409 non
1747 377 1992 420 magnifacere,
2013 391 2078 413 nec
2095 391 2218 414 eorum

1230 430 1377 462 virtutes
1410 434 1444 461 et
1467 428 1595 461 merita
1622 427 1832 471 intelligere.
1893 427 2114 464 Iuventutem
2135 443 2218 465 vero

1232 478 1419 520 adhortor,
1445 485 1484 512 ut
1507 479 1617 512 discat
1640 479 1800 512 venerari
1819 476 1884 512 hos
1901 477 2107 514 excellentes
2125 481 2220 515 viros

1233 531 1409 576 praeditos
1425 529 1664 572 singularibus
1680 537 1714 563 et
1730 529 1938 564 coelestibus
1954 530 2070 571 donis,
2084 538 2118 565 et
2131 532 2222 566 bene

1234 588 1406 615 merentes
1435 581 1478 613 de
1504 580 1685 614 communi
1717 580 1892 615 societate.
1947 580 2019 614 Nec
2041 593 2123 615 vero
2149 582 2222 616 ulla

1234 646 1318 666 voce
1348 630 1503 665 humana
1537 631 1621 665 satis
1655 631 1848 676 praedicari
1878 638 1990 675 potest
2015 633 2222 676 magnitudo

1235 681 1341 717 huius
1356 683 1491 724 meriti,
1518 684 1614 728 qnod
1631 694 1705 715 non
1730 682 1846 716 solum
1865 694 1964 716 suam
1980 689 2126 717 aetatem
2144 695 2226 717 eru-

1235 735 1318 773 diit,
1346 741 1379 768 et
1403 734 1553 767 contulit
1577 733 1808 774 industriam,
1835 740 1868 767 et
1889 745 2029 777 pacem,
2055 735 2099 768 ad
2119 734 2225 768 disci-

1235 785 1369 830 plinam
1389 784 1631 825 retinendam,
1657 785 1699 817 ad
1718 784 2010 829 tranquillitatem
2029 784 2227 819 communis

1237 835 1429 875 societatis,
1455 847 1561 880 quam
1578 834 1675 868 Deus
1694 836 1772 869 vult
1791 835 1895 868 nobis
1919 847 2022 869 curae
2047 847 2138 875 esse,
2165 836 2227 869 sed

1237 887 1341 920 etiam
1366 898 1507 919 omnem
1528 885 1766 929 posteritatem
1789 886 1927 931 scriptis
1945 887 2064 928 docet,
2090 887 2128 920 in
2146 886 2227 932 qui-

1237 938 1302 971 bus
1319 948 1447 970 nervos
1463 937 1568 970 tradit
1587 936 1678 981 pacis
1694 943 1728 971 et
1743 937 1961 982 disciplinae.

1338 1037 1485 1073 [Jtinam
1508 1039 1633 1072 talium
1657 1039 1816 1072 virorum
1838 1038 1984 1072 consilia
2008 1032 2167 1073 valerent
2191 1039 2230 1073 in

1239 1090 1379 1134 Repub.
1440 1089 1540 1124 Sicut
1575 1091 1669 1134 apud
1705 1087 1915 1124 Lotharium
1950 1088 2098 1130 Irnerii,
2136 1091 2230 1134 apud

1240 1141 1437 1175 Ilenricum
1458 1141 1780 1180 Lucelburgensem
1803 1140 1967 1185 Bulgari,
2003 1141 2096 1184 apud
2120 1140 2232 1175 Caro-

1241 1193 1312 1226 lum
1325 1191 1499 1234 Quartum
1514 1190 1649 1225 Bartoli
1667 1191 1835 1226 autoritas
1855 1192 1976 1226 valuit.
2028 1191 2118 1225 Nam
2135 1199 2232 1226 vete-

1241 1255 1296 1277 res
1313 1243 1456 1283 omitto,
1481 1241 1623 1283 lulium,
1648 1241 1860 1285 Augustum,
1886 1242 2095 1286 Traianum,
2124 1241 2230 1277 Seve-

1242 1307 1339 1334 rum,
1372 1292 1634 1333 Alexandrum,
1667 1294 1728 1338 qui
1756 1291 1847 1327 nihil
1877 1294 2128 1334 decernebant,
2162 1293 2233 1327 nisi

1243 1343 1411 1378 adhibitis
1432 1345 1568 1390 aliquot
1586 1343 1856 1378 Iurisconsultis.
1907 1343 1998 1378 Cum
2017 1344 2111 1377 enim
2127 1342 2233 1378 Prin-

1243 1407 1322 1440 ceps
1351 1396 1395 1428 sit
1424 1403 1540 1428 custos
1567 1395 1683 1438 legum
1713 1401 1745 1428 et
1770 1395 1948 1435 institiae,
1983 1401 2015 1428 et
2037 1393 2142 1439 Resp.
2168 1393 2234 1429 ha-

1243 1447 1324 1481 beat
1345 1457 1434 1490 opus
1454 1446 1583 1490 scripto
1600 1446 1694 1487 iure,
1718 1458 1790 1479 non
1808 1452 1920 1490 potest
1936 1445 2012 1479 sine
2029 1457 2132 1484 voce,
2157 1446 2234 1480 sine

1244 1498 1394 1531 consilio
1433 1496 1678 1531 Iurisconsulti
1709 1504 1800 1531 recte
1833 1497 1924 1531 tueri
1961 1508 2063 1530 suum
2093 1508 2232 1533 munuS.

1244 1549 1312 1583 Sed
1328 1555 1367 1582 ut
1385 1545 1646 1581 Demosthenes
1667 1548 1797 1593 inquit:
1825 1546 1890 1581 Dei
1907 1547 1981 1581 sedi
2003 1554 2114 1581 astare
2132 1547 2233 1582 iusti·

1244 1599 1332 1633 ciam
1351 1599 1632 1642 gubernatricem
1656 1596 1861 1638 hominum,
1888 1599 1936 1632 sic
1958 1599 2078 1632 adesse
2095 1597 2235 1633 Princi-

1245 1651 1347 1695 pibus
1364 1651 1556 1684 monitores
1573 1649 1730 1683 eruditos
1747 1649 1783 1682 in
1800 1649 1936 1693 legibus
1952 1656 2099 1694 oportet.

1346 1757 1429 1792 Dixi
1458 1758 1501 1790 de
1534 1757 1674 1791 duobus
1703 1757 1983 1799 Iurisconsultis,
2016 1759 2060 1790 de
2090 1757 2235 1792 caeteris

1244 1809 1401 1843 fortassis
1427 1809 1514 1842 alias
1533 1809 1703 1842 dicturus.
1757 1808 1860 1843 Nunc
1883 1806 2054 1843 adhortor
2072 1807 2233 1842 iuvenes:

1246 1860 1401 1904 primum
1434 1867 1471 1894 ut
1495 1860 1654 1893 venerari
1681 1857 1746 1893 hos
1777 1857 1938 1893 heroicos
1961 1860 2056 1893 viros
2079 1859 2234 1901 discant3

1245 1911 1374 1945 deinde
1405 1918 1445 1945 ut
1478 1911 1580 1944 avide
1613 1922 1735 1944 eorum
1768 1911 1929 1945 doctrina
1959 1911 2029 1945 frui
2059 1910 2235 1946 studeant.

1246 1968 1439 2006 postremo,
1477 1968 1516 1995 ut
1545 1968 1717 2007 quantum
1746 1961 1895 2007 quisque
1924 1974 1988 2007 pro
2017 1961 2152 2005 ingenii
2181 1961 2235 1995 sui

1246 2013 1382 2046 viribus
1399 2019 1531 2057 potest,
1558 2013 1780 2056 diligentiam
1798 2025 1921 2047 eorum
1954 2019 1986 2046 et
2011 2011 2235 2046 sedulitatem

1247 2064 1377 2097 imitari
1397 2071 1587 2102 conentur,
1614 2065 1728 2109 qnod,
1751 2071 1788 2098 ut
1803 2064 1942 2103 faciant.
1969 2063 2100 2097 multae
2114 2074 2236 2107 graves

1247 2127 1369 2150 causae
1385 2115 1542 2159 singulos
1559 2112 1641 2148 huic
1659 2114 1866 2158 professioni
1884 2115 2023 2148 deditos
2042 2111 2236 2149 adhortan-

1246 2174 1316 2201 tur.
1367 2166 1525 2200 Pertinet
1550 2166 1644 2199 enirn
1667 2163 1751 2199 haec
1768 2177 1823 2199 ars
1838 2166 1880 2198 ad
1905 2166 2100 2199 custodiam
2117 2165 2236 2210 publi-

1246 2230 1305 2251 cae
1325 2218 1435 2262 pacis,
1454 2230 1558 2263 quarn
1578 2218 1606 2250 si
1623 2217 1843 2253 adiuvainus.
1872 2217 1916 2250 ita
1934 2223 1971 2250 ut
1985 2216 2099 2250 officia
2116 2223 2235 2250 nostra

1247 2269 1437 2302 reseramus
1460 2281 1519 2306 eo,
1554 2275 1593 2302 ut
1615 2279 1780 2301 ornemus
1800 2267 2028 2311 religionem,
2059 2273 2098 2301 ut
2123 2266 2236 2301 luceat

1247 2327 1366 2353 nostra
1388 2320 1471 2353 fides
1496 2320 1530 2352 in
1557 2317 1610 2352 liis
1634 2319 1849 2357 actionibus,
1878 2326 1909 2353 ot
1938 2319 2114 2363 prosimus
2134 2329 2236 2351 verae

1248 2370 1441 2411 Ecclesiae,
1475 2370 1623 2403 sciamus
1650 2382 1713 2403 nos
1737 2369 1812 2403 Deo
1840 2370 2076 2414 gratissimum
2100 2369 2234 2402 cultum

1247 2429 1431 2466 praestare.
1485 2420 1588 2454 llunc
1607 2422 1700 2454 enim
1719 2422 1822 2454 linem
1841 2433 1913 2454 esse
1928 2421 2041 2454 civilis
2061 2419 2234 2453 societatis

1248 2473 1341 2506 Deus
1364 2473 1494 2511 voluit,
1521 2480 1556 2506 ut
1579 2485 1657 2505 vcra
1680 2473 1788 2517 ipsius
1807 2473 1935 2506 noticia
1959 2472 2050 2505 inter
2072 2468 2234 2504 homines

1248 2525 1466 2561 illucescere.
1495 2532 1524 2557 ct
1549 2525 1616 2557 late
1633 2524 1747 2568 spargi
1766 2524 1883 2568 possit.
1927 2521 2032 2556 Hunc
2048 2522 2152 2555 finem
2170 2533 2235 2555 nos

1247 2575 1282 2608 in
1307 2575 1474 2608 oninibns
1496 2575 1661 2609 cix-ilibus
1684 2575 1807 2609 officiis
1833 2574 1962 2609 intueri
1981 2573 2128 2607 omnino
2149 2584 2234 2607 con-

1247 2627 1352 2662 venit.
1406 2626 1498 2660 Dixi.
