2338 2958
92 134 165 170 569

190 218 300 252 Porro
324 227 404 249 cum
436 214 504 248 iam
528 217 571 249 de
601 223 806 260 argumento
830 217 1074 256 deliberarem,

90 283 153 305 nec
170 276 286 304 tamen
310 265 438 299 abduci
459 267 597 300 animus
615 267 714 312 quasi
737 279 757 300 a
779 274 966 311 conspectu
982 265 1074 299 Pan-

89 320 215 355 noniae
232 322 364 362 posset,
389 316 427 348 in
442 329 510 361 qua
531 318 653 351 videor
675 315 763 350 mihi
783 318 919 351 assidue
943 316 1074 350 intueri

89 369 214 415 passim
234 373 338 401 strata
360 367 633 401 fortissimorum
656 368 814 401 virorum
837 379 1000 412 corpora,
1027 367 1074 400 si-

88 420 230 464 mulque
254 418 458 451 recordarer
485 425 642 462 tempora
673 430 880 462 magnorum
904 418 1074 458 virorum,

90 470 152 515 qui
174 468 305 502 similes
341 468 505 501 viderunt
536 480 725 512 regnorum
755 480 873 509 casus,
906 476 944 502 ut
979 467 1070 501 Iere-

88 520 195 560 miae,
224 518 364 552 loannis
390 516 572 562 Apostoli,
600 518 807 562 Augustini:
842 519 939 552 venit
968 518 1072 550 etiam

88 571 124 604 in
150 576 300 602 mentem
318 566 480 609 Acholii,
508 581 611 614 quem
634 576 751 602 narrat
774 569 982 603 Ambrosius
1007 568 1073 611 piis

87 620 249 665 precibus
265 619 434 653 delevisse
453 617 638 653 Gotthicos
655 619 824 654 exercitus
847 619 884 651 in
904 618 1072 652 Macedo-

87 670 157 707 nia.
211 668 299 704 Eam
324 667 506 703 historiam
526 671 608 702 dum
627 670 758 713 cogito,
784 669 921 703 institui
940 670 1072 702 oratio-

86 733 168 754 nem
194 722 237 754 de
262 721 338 764 ipso
354 718 560 757 Ambrosio,
588 719 687 753 cuius
711 727 744 754 et
763 720 852 753 vitae
874 732 1015 753 cursum
1040 726 1073 753 et

86 772 202 805 studia
229 778 263 804 et
286 782 339 803 res
357 777 465 813 gestas
492 781 592 802 nosse
612 770 892 804 adolescentibus
910 771 994 804 utile
1012 777 1073 811 est,

88 829 121 856 et
138 830 176 856 ut
193 819 282 854 mihi
299 821 437 853 videtur
451 817 506 852 his
523 821 741 865 temporibus
758 834 830 854 non
846 822 1012 856 alienum.

189 895 299 929 Natus
316 901 364 927 est
375 893 595 935 Ambrosius,
619 902 716 939 patre
735 903 893 929 senatore
908 894 1072 930 Romano

87 955 119 981 et
143 946 300 991 praeside
325 945 432 988 partis
457 943 674 986 Galliarum,
701 954 876 991 tempore,
904 953 940 980 ut
964 946 1071 979 ratio-

87 998 204 1035 cinor,
231 994 429 1029 Constantii
454 994 687 1040 Imperatoris.
740 996 937 1030 Narrantur
965 998 1073 1029 mira-

87 1048 183 1087 cula,
215 1057 304 1091 quae
329 1046 366 1078 in
393 1046 501 1088 ipsius
528 1047 674 1080 infautia
699 1048 852 1080 futuram
878 1047 1071 1080 claritatem

87 1097 338 1141 significarunt.
392 1094 468 1129 Etsi
491 1107 591 1140 saepe
607 1109 751 1140 magnae
769 1110 822 1130 res
840 1098 942 1130 novis
959 1104 991 1131 et
1014 1098 1071 1129 in-

87 1148 221 1182 usitatis
239 1147 420 1180 eventibus
437 1148 706 1190 portenduntur,
728 1155 766 1181 ut
780 1147 896 1182 Eliam
914 1148 1073 1180 scribunt

88 1199 256 1232 infantem
278 1209 316 1230 ac
340 1198 551 1230 lambentem
577 1199 696 1231 matris
722 1199 829 1232 ubera
850 1206 1071 1242 conspectum

87 1261 160 1283 esse
187 1260 259 1280 non
293 1248 363 1288 lac,
400 1249 459 1280 sed
487 1248 646 1281 flammas
674 1249 718 1281 ab
744 1250 913 1282 uberibus
940 1260 1071 1292 rapere.

88 1299 208 1343 Quare
230 1299 288 1330 illa
314 1297 475 1330 acerrimi
502 1298 644 1342 spiritus
671 1299 707 1331 in
731 1311 771 1332 eo
797 1300 956 1339 flamma,
985 1311 1073 1343 quae

89 1361 184 1392 reges
202 1355 234 1381 et
249 1348 430 1391 pontifices
445 1348 521 1380 sine
545 1355 640 1382 metu
666 1350 854 1393 corripuit,
881 1350 1072 1392 significata

90 1408 158 1437 est,
187 1406 301 1431 tamen
323 1398 357 1429 in
377 1399 569 1441 praesentia
596 1411 787 1443 properans
813 1401 853 1432 ad
879 1400 1073 1443 graviorem

89 1449 256 1484 historiae
272 1455 404 1492 partem
417 1475 425 1488 ,
456 1460 562 1482 cunas
579 1449 761 1482 Ambrosii
776 1451 985 1495 relinquam.

190 1523 382 1557 Florebant
411 1520 527 1556 adhuc
555 1523 779 1556 mediocriter
801 1523 936 1558 Romae
960 1525 1075 1558 studia

90 1575 292 1614 literarum,
323 1580 355 1606 et
377 1573 506 1606 nobilis
529 1574 692 1606 iuventus
724 1574 909 1617 praecipue
933 1575 969 1606 in
1000 1576 1074 1607 elo-

91 1625 234 1671 quentia
244 1624 367 1657 Latina
385 1630 417 1656 et
428 1622 560 1656 Graeca
577 1624 816 1662 exercebatur,
839 1632 877 1657 ut
892 1625 935 1657 ad
959 1625 1074 1658 forum

91 1683 126 1710 et
150 1675 280 1708 curiam
307 1686 346 1706 ac
376 1673 515 1717 imperii
537 1674 828 1715 gubernationem
853 1686 1076 1718 praeparare-

91 1734 162 1761 tur.
217 1724 256 1758 ln
281 1724 401 1768 primis
423 1731 538 1757 autem
561 1725 698 1757 nobiles
714 1723 905 1758 Christiani
932 1733 1015 1758 tunc
1039 1733 1075 1758 ut

92 1773 326 1822 proveherent
341 1775 471 1806 liberos
487 1775 530 1806 ad
553 1773 782 1818 Reipublicae
799 1776 1077 1808 administratio-

92 1839 184 1867 nem,
206 1838 250 1858 ne
265 1825 308 1858 ab
327 1822 476 1858 ethnicis
488 1823 752 1867 Magistratibus
766 1823 940 1858 Ecclesiae
958 1827 1076 1869 oppri-

92 1883 291 1915 merentur,
320 1875 490 1907 curabant
515 1886 595 1907 suos
617 1875 759 1917 optimis
778 1875 912 1908 artibus
930 1875 1078 1916 institui,

92 1935 132 1962 ut
153 1924 313 1961 ethnicos
336 1937 406 1957 non
423 1924 535 1957 solum
551 1926 719 1967 gravitate
735 1938 871 1958 morum
890 1933 923 1959 et
937 1926 1079 1966 iustitia,

93 1979 153 2011 sed
188 1977 291 2010 etiam
326 1976 487 2008 doctriua
522 1981 556 2008 et
584 1975 754 2008 industria
788 1976 977 2009 vincerent.
1032 1976 1079 2010 Ut

94 2028 269 2073 praecepit
286 2025 435 2063 Paulus,
463 2037 540 2058 cum
557 2027 598 2058 ad
620 2025 741 2060 Titum
759 2026 885 2070 inquit,
911 2025 1077 2070 Cap.lll:

95 2079 244 2113 Discant
266 2084 299 2110 et
317 2076 428 2109 nostri
453 2073 607 2109 honestis
624 2077 748 2109 officiis
772 2087 928 2120 praeesse
951 2079 992 2110 ad
1017 2089 1079 2109 ne-

96 2129 262 2163 cessarios
287 2138 387 2166 usus,
413 2138 456 2159 ne
473 2127 544 2159 siut
561 2127 714 2161 inutiles,
757 2126 840 2160 vult
861 2127 952 2160 enim
972 2125 1078 2161 Chri-

96 2180 227 2213 stianos
250 2189 321 2210 non
337 2177 500 2219 defugere
525 2177 721 2210 communis
739 2177 830 2210 vitae
854 2179 1079 2220 gubernatio·

97 2241 196 2269 nem,
222 2235 261 2262 ut
284 2225 447 2270 Epicurei
474 2227 617 2268 inertia,
645 2225 806 2261 monachi
834 2228 1080 2271 superstitione

96 2279 291 2313 faciebant:
346 2278 404 2309 sed
447 2277 620 2320 suscipere
662 2285 793 2322 partem
840 2279 1079 2311 communium

97 2339 366 2367 aerumnarum,
400 2334 438 2360 ut
461 2327 496 2359 in
520 2324 575 2360 his
599 2329 751 2371 negociis
775 2329 977 2362 inclarescat
1001 2341 1080 2362 vera

97 2379 164 2414 Dei
186 2378 332 2418 noticia,
357 2384 392 2410 et
409 2377 521 2410 virtus
542 2387 761 2419 nostrorum,
788 2380 822 2412 in
841 2381 952 2412 arduo
971 2380 1081 2422 posita

98 2431 194 2468 loco,
221 2427 375 2472 conspici
402 2427 526 2471 possit,
553 2435 587 2462 et
604 2436 641 2462 ut
658 2430 767 2463 nostri
788 2430 948 2463 exercitia
968 2431 1033 2463 fide
1049 2436 1081 2464 et

99 2479 298 2514 dilectionis
319 2476 488 2516 habeant,
518 2489 557 2510 ac
582 2479 715 2512 discant
739 2480 910 2513 divinitus
931 2481 1080 2513 circum-

99 2531 175 2564 dari
194 2529 415 2564 autoritatem
440 2529 525 2572 piis,
561 2536 593 2562 et
622 2530 690 2572 regi
717 2538 880 2564 eventus:
918 2530 1005 2564 sicut
1026 2530 1081 2563 lo-

99 2578 202 2624 seph,
228 2579 372 2620 Daniel,
399 2577 546 2618 Esdras,
573 2577 775 2621 Netum-inias,
804 2581 838 2614 in
857 2581 992 2622 maguis
1015 2581 1080 2614 im-

100 2630 206 2675 periis
228 2630 398 2663 divinitus
420 2629 547 2670 evecti,
583 2642 636 2663 res
662 2631 828 2664 maximas
852 2631 1025 2675 sapienter
1047 2638 1077 2665 et

99 2680 270 2715 foeliciter
286 2680 538 2723 gubernarunt.

792 130 950 168 DECL.
984 129 1058 166 DE
1091 129 1416 168 AMBROSIO.

2044 136 2118 174 570

1230 214 1282 249 Ac
1305 217 1411 251 fuisse
1437 219 1598 252 eximiam
1615 218 1901 257 Christianorum
1925 222 1962 255 in
1987 223 2114 265 guber-

1129 265 1271 299 natione
1295 268 1590 311 moderationem,
1626 271 1708 305 inde
1729 275 1892 317 adparet,
1916 274 2011 317 quod
2035 285 2114 305 cum

1129 313 1340 350 Ambrosius
1365 319 1401 351 in
1420 317 1602 361 Liguriam
1626 323 1842 364 mitteretur,
1865 323 2005 357 abeunti
2026 322 2113 367 Pro-

1127 366 1192 399 bus
1218 368 1411 409 praefectus
1433 371 1607 411 praetorio
1626 373 1729 406 dixit:
1754 374 1850 407 Vade
1870 386 1908 406 ac
1930 385 2012 417 age,
2039 385 2113 406 non

1127 423 1166 449 ut
1190 416 1310 457 iudex,
1337 420 1397 451 sed
1422 425 1461 451 ut
1477 418 1683 464 Episcopus.
1737 424 1836 467 Quae
1855 437 1920 457 vox
1943 424 2113 467 significat

1127 478 1205 499 cum
1233 466 1510 512 Episcoporum,
1546 477 1618 503 tum
1655 485 1736 506 vero
1765 482 1978 508 caeterorum
2006 471 2112 507 Chri-

1127 517 1322 551 stianorum
1349 518 1619 562 Magistratuum
1644 523 1982 557 administrationem
2005 524 2111 557 fuisse

1126 568 1341 612 aequiorem.
1394 569 1485 603 Cum
1520 571 1626 612 igitur
1661 575 1948 616 praestantissimi
1980 575 2111 619 quique

1125 629 1206 651 suos
1230 618 1362 652 liberos
1386 627 1530 664 propter
1553 634 1627 654 eam
1652 635 1790 657 causam
1813 637 1917 669 quam
1941 625 2110 665 recensui,

1125 668 1285 702 doctrina
1309 671 1419 703 excoli
1442 671 1650 714 voluerunt,
1682 682 1954 708 consentaneum
1974 681 2023 708 est
2049 687 2110 717 pa-

1125 725 1212 752 trem
1229 717 1411 754 Ambrosii
1433 733 1506 755 non
1532 724 1681 757 defuisse
1703 725 1802 766 filiis,
1828 725 2030 770 praesertim
2055 725 2109 757 iu-

1125 780 1288 812 geniosls,

1225 827 1365 861 Fratres
1389 829 1459 862 duo
1492 830 1635 865 fuerunt
1661 831 1870 867 Ambrosius
1899 840 1932 866 et
1953 832 2110 877 Satyrus,

1125 889 1274 922 quorum
1305 879 1392 912 alter
1416 880 1560 925 Satyrus
1591 882 1627 914 iu
1654 883 1730 916 foro
1755 895 1878 927 magna
1903 896 1981 917 cum
2007 884 2109 916 laude

1126 929 1328 967 consenuit,
1357 930 1467 963 maior
1490 938 1573 964 natu
1591 931 1818 974 Ambrosius,
1844 934 1912 968 cito
1931 946 1948 967 e
1971 935 2047 966 foro
2065 935 2108 966 ad

1124 979 1414 1021 gubernationem
1431 980 1595 1023 Liguriae
1613 985 1791 1017 traductus
1810 992 1870 1018 est.
1905 985 2019 1029 Satyri
2037 984 2109 1016 elo-

1125 1030 1303 1073 quentiam
1323 1030 1408 1063 etin
1427 1031 1536 1064 causis
1559 1034 1781 1075 prudentiam
1809 1042 1843 1068 et
1871 1035 2110 1068 dexteritatem

1125 1079 1302 1123 praedicat
1316 1081 1432 1113 frater.

1226 1136 1294 1170 Sed
1319 1137 1500 1171 Ambrosii
1531 1140 1682 1174 eruditio
1711 1150 1888 1186 comparet
1910 1143 1946 1175 in
1973 1143 2110 1187 scriptis

1127 1187 1253 1231 ipsius,
1282 1188 1318 1219 in
1335 1189 1462 1232 quibus
1487 1190 1549 1223 etsi
1575 1191 1723 1224 sormam
1746 1193 1915 1226 orationis
1934 1193 2108 1226 forensem

1126 1238 1163 1270 in
1189 1238 1427 1270 ecclesiasticis
1448 1240 1620 1279 materiis,
1646 1248 1683 1274 ut
1699 1242 1772 1286 ipse
1791 1251 1924 1284 narrat,
1951 1244 2110 1284 mutavit,

1126 1296 1240 1322 tamen
1259 1289 1366 1321 multa
1383 1295 1467 1322 sunt
1487 1291 1637 1324 oratoria
1656 1300 1880 1334 ornamenta,
1907 1294 2108 1337 praesertim

1127 1339 1163 1370 in
1178 1337 1359 1381 Epistolis.
1394 1338 1464 1371 Nec
1481 1341 1603 1373 rudem
1619 1339 1869 1386 Philosophiae
1884 1344 1990 1377 fuisse
2006 1351 2110 1377 testa-

1127 1396 1185 1422 tur
1203 1389 1474 1422 commentarius
1490 1391 1532 1423 de
1547 1390 1752 1433 Creafione,
1776 1394 1812 1426 in
1827 1406 1896 1439 quo
1913 1401 1945 1427 et
1971 1393 2112 1439 physica

1128 1439 1236 1471 multa
1252 1446 1334 1472 sunt
1349 1445 1382 1472 et
1395 1441 1602 1482 anatomica,
1630 1455 1700 1475 non
1719 1456 1737 1476 a
1753 1444 1857 1487 vulgo
1875 1452 2025 1489 sumpta,
2053 1446 2111 1477 sed

1128 1501 1167 1521 ex
1196 1500 1276 1521 vera
1303 1489 1483 1530 doctrina,
1522 1491 1620 1525 cuius
1648 1493 1697 1525 rei
1724 1495 1833 1527 inulta
1862 1501 1943 1528 sunt
1970 1495 2112 1530 indicia.

1127 1536 1278 1571 Erudite
1303 1538 1395 1571 enim
1414 1540 1581 1575 discernit
1604 1554 1728 1584 venas,
1756 1545 1900 1577 arterias
1928 1553 1960 1578 et
1974 1558 2113 1586 nervos,

1128 1600 1167 1620 ac
1202 1588 1357 1630 origines
1384 1589 1538 1623 diversas
1570 1593 1677 1626 tradit
1710 1605 1750 1626 ex
1786 1593 1914 1627 Galeni
1942 1596 2114 1636 doctrina,

1129 1650 1256 1671 nervos
1283 1651 1323 1671 ex
1341 1640 1482 1673 cerebro
1505 1642 1650 1683 extruit,
1677 1645 1822 1678 arterias
1837 1646 1953 1680 educit
1977 1658 2015 1679 ex
2035 1658 2112 1680 cor-

1129 1691 1190 1729 de,
1215 1701 1321 1721 venas
1341 1701 1379 1721 ex
1397 1697 1504 1732 epate.
1539 1690 1614 1726 Etsi
1632 1700 1747 1726 autem
1767 1695 1803 1727 in
1821 1708 1860 1728 eo
1879 1696 1970 1729 libro
1987 1702 2111 1740 magua

1130 1752 1169 1772 ex
1194 1746 1289 1781 parte
1316 1738 1437 1772 Basilii
1462 1744 1752 1777 commentarium
1780 1746 1883 1779 latina
1910 1744 2113 1791 paraphrasi

1130 1789 1302 1827 reddidit,
1330 1802 1407 1822 cum
1427 1803 1496 1835 quo
1518 1792 1548 1824 ei
1574 1794 1724 1827 amicitia
1747 1795 1832 1836 fuit,
1862 1803 1977 1830 tamen
2003 1798 2113 1831 multa

1130 1839 1284 1879 addidit,
1316 1848 1453 1884 sumpta
1480 1853 1519 1874 ex
1538 1841 1681 1877 Graecis
1702 1845 1762 1889 qui
1786 1847 1829 1878 de
1853 1859 1968 1880 rerum
1990 1855 2114 1881 natura

1131 1889 1364 1933 scripserunt,
1391 1903 1468 1923 cum
1487 1893 1579 1925 enim
1597 1894 1753 1938 linguam
1770 1894 1927 1939 graecam
1945 1898 2115 1939 calluerit,

1130 1940 1231 1972 facile
1257 1940 1324 1974 fuit
1348 1937 1483 1974 homiui
1510 1943 1666 1977 studioso
1686 1946 1789 1979 etiam
1813 1958 1973 1990 magnam
1992 1946 2117 1981 Philo-

1131 1987 1276 2034 sophiae
1289 1997 1423 2034 partem
1443 1999 1477 2026 et
1493 1991 1728 2028 Historiarum
1747 2008 1963 2040 cognoscere.

1232 2056 1416 2090 Praeclare
1440 2057 1546 2101 igitur
1569 2062 1801 2096 adolescentia
1820 2072 1894 2098 acta
1916 2073 1966 2099 est
1984 2066 2019 2098 iu
2041 2067 2118 2100 iite-

1132 2107 1200 2147 ris,
1234 2107 1270 2140 in
1293 2108 1466 2142 exercitiis
1490 2110 1728 2155 eloquentiae,
1760 2113 1796 2146 in
1814 2115 1978 2150 discenda
1997 2115 2120 2149 Philo-

1133 2155 1256 2201 sophia
1287 2165 1321 2192 et
1354 2159 1516 2192 doctrina
1539 2159 1750 2197 Christiana.
1813 2165 1867 2198 Ad
1900 2164 1982 2200 haec
2014 2180 2120 2201 orua-

1133 2215 1249 2241 menta
1273 2209 1416 2242 accessit
1440 2207 1585 2244 honesta
1614 2213 1821 2256 disciplina,
1848 2217 1953 2259 digna
1977 2218 2120 2252 nomine

1133 2256 1354 2300 Christiano,
1379 2272 1467 2303 quae
1484 2261 1550 2294 suit
1568 2274 1705 2296 morum
1723 2272 1847 2298 custos.

1237 2325 1356 2368 Quare
1373 2338 1451 2359 cum
1469 2327 1627 2371 ingenio,
1655 2331 1826 2373 doctrina,
1853 2346 1991 2368 morum
2008 2337 2124 2379 gravi-

1133 2383 1202 2410 tate
1218 2377 1418 2417 excelleret,
1447 2377 1572 2411 missus
1591 2386 1641 2413 est
1658 2380 1794 2415 iuvenis
1819 2381 1954 2425 adhuc,
1979 2399 2018 2420 ex
2038 2389 2124 2421 urhe

1133 2426 1247 2461 Roma
1265 2428 1306 2459 ad
1324 2428 1510 2470 regendam
1529 2428 1722 2472 Liguriam,
1750 2429 1815 2466 hoc
1834 2441 1884 2468 est
1902 2437 2029 2470 bonam
2047 2451 2124 2481 par-

1134 2484 1202 2511 tem
1219 2477 1384 2519 regionis,
1411 2489 1516 2521 quam
1535 2491 1629 2512 nunc
1647 2494 1810 2516 vocamus
1829 2484 2125 2528 Longobardiam,

1134 2535 1289 2570 tempore
1306 2527 1566 2570 Valentiniani,
1595 2532 1655 2575 qui
1673 2544 1750 2565 cum
1768 2535 1874 2567 fratre
1895 2528 2041 2571 Valente
2060 2539 2126 2571 im-

1134 2578 1269 2622 perium
1297 2577 1498 2611 Romanum
1537 2582 1658 2615 tenuit.
1722 2583 1761 2617 ln
1791 2582 1856 2619 hoc
1890 2599 2033 2621 munere
2063 2586 2126 2621 hoc

1134 2629 1268 2662 illustre
1284 2636 1528 2671 argumentum
1547 2639 1595 2664 est
1614 2633 1767 2668 iustitiae
1792 2636 1905 2679 ipsius
1918 2665 1926 2677 ,
1954 2639 2045 2681 quod
2069 2651 2127 2681 pa—

1132 2680 1216 2713 riter
1239 2687 1271 2713 et
1287 2678 1493 2723 Imperatori
1512 2688 1543 2715 et
1562 2685 1693 2727 populo
1712 2687 1878 2728 probatus
1901 2689 1982 2721 suit.
2038 2687 2124 2721 Nam
