2338 2958
180 143 252 180 451

183 242 200 263 a
213 228 391 263 Praefecto
407 228 570 264 Romano
586 225 845 269 Mediolanum,
872 234 911 261 ut
929 234 1102 262 exerceret
1120 226 1169 262 ibi

183 281 418 314 adolescentes
440 280 475 311 in
500 278 660 311 dicendo.
724 276 936 324 Quanquam
961 286 1076 312 autem
1094 279 1171 313 ani-

184 343 241 364 mo
268 331 336 364 iam
362 336 433 363 erat
457 328 627 362 alieniore
652 340 670 361 a
688 327 926 370 Manichaeis‚
954 336 1070 363 tamen
1089 342 1171 374 por-

184 388 259 415 tum
277 387 394 414 tenere
415 379 552 412 nullum
576 376 691 413 adhuc
709 385 856 423 poterat.
909 378 955 414 Et
972 393 1011 413 ex
1031 382 1172 414 dubita-

184 432 279 465 tione
295 430 374 469 illa,
401 436 440 463 ut
457 430 511 470 fit,
538 429 574 462 in
593 427 819 463 Academicas
834 431 1019 475 opiniones
1038 431 1173 472 incidit,

184 482 246 514 diu
279 478 370 512 nihil
402 480 578 513 affirmans
609 481 652 513 de
682 481 862 524 religione.
931 481 1047 525 Quam
1069 482 1172 516 multi

185 542 279 564 nunc
303 542 443 575 quoque
467 542 545 564 cum
571 542 606 564 se
628 531 788 564 evolvere
813 543 853 564 ex
876 532 1174 575 disputationibus

186 593 257 614 non
277 587 441 625 possunt,
469 592 610 625 prorsus
628 581 714 614 fiunt
732 580 865 616 c'z't‘hoc?
917 581 984 616 Sed
1003 583 1174 616 divinitus

186 644 226 665 ex
248 629 315 665 hoc
331 632 512 674 naufragio
530 630 749 674 Augustinus
773 639 912 676 ereptus
929 640 999 673 est,
1027 634 1121 677 quod
1143 639 1174 666 et

186 682 307 716 matris
332 679 531 728 lachrymae
561 694 624 725 pro
650 694 689 715 eo
715 682 1005 726 interpellabant,
1033 689 1067 716 et
1092 683 1176 727 ipse,

187 744 388 778 quanquam
412 733 448 765 in
473 732 694 766 dubitatione
726 733 946 772 versabatur,
980 734 1102 767 audire
1123 741 1176 767 ta-

186 795 268 816 men
293 784 406 817 bonos
425 781 612 822 Doctores,
647 794 685 815 ac
709 783 821 826 legere
838 795 951 817 sacras
969 783 1086 818 literas
1101 796 1175 817 non

186 833 331 869 destitit.
383 833 509 867 Narrat
524 844 559 866 se
578 839 659 866 tunc
678 833 714 865 in
725 832 856 867 Plotini
875 834 985 868 libros
1000 835 1176 876 incidisse,

187 884 224 917 in
249 885 376 929 quibus
400 884 532 917 suerint
553 884 723 929 quaedam
756 885 798 917 de
824 891 947 919 natura
977 884 1044 918 Dei
1071 892 1103 919 et
1133 886 1176 918 de

186 935 295 968 verbo
321 941 482 973 aeterno,
515 946 603 979 quae
630 935 757 968 imitati
787 943 869 969 sunt
886 933 1113 979 Philosophi,
1143 942 1176 969 et

187 992 297 1019 astute
316 985 570 1019 transtulerunt
587 986 629 1018 ad
644 997 733 1027 sese,
757 993 794 1019 ut
806 984 1028 1020 Christianae
1045 987 1178 1020 doctri-

188 1048 252 1069 nae
279 1036 448 1069 autoritas
471 1043 726 1070 extenuaretur.
780 1035 847 1070 Sed
873 1043 988 1070 tamen
1007 1035 1176 1080 Augusti-

187 1098 253 1120 nus
270 1087 317 1120 ait
337 1097 371 1119 se
389 1084 603 1129 deprehensa
626 1087 766 1127 fraude,
795 1099 852 1120 eos
874 1088 983 1120 libros
1001 1088 1176 1120 abiecisse.

187 1137 322 1171 Mirum
337 1144 510 1170 certamen
528 1137 564 1169 in
591 1137 656 1170 hac
672 1135 818 1170 historia
837 1139 1051 1182 conspicitur
1067 1138 1175 1170 animi

187 1187 353 1233 inquieti,
382 1187 499 1220 omnia
516 1188 730 1232 exquirentis
744 1194 776 1220 et
797 1188 1026 1232 explorantis,
1053 1194 1092 1221 ut
1115 1200 1176 1221 ve-

185 1239 325 1272 ritatem
356 1238 524 1272 inveniat.
583 1237 697 1270 Multa
728 1245 847 1272 monet
870 1236 936 1271 hoc
967 1239 1176 1281 exemplum,

186 1289 368 1328 videlicet,
391 1288 551 1321 doctrina
569 1295 600 1321 et
615 1287 842 1321 meditatione
857 1300 944 1332 opus
962 1300 1054 1327 esse,
1081 1295 1113 1321 et
1132 1289 1173 1321 ad

185 1339 440 1381 agnoscendam
470 1345 501 1371 et
526 1339 568 1371 ad
594 1339 814 1372 retinendam
843 1339 1037 1372 veritatem.
1099 1339 1175 1372 Au-

186 1391 286 1424 diens
312 1389 419 1432 igitur
441 1387 669 1423 Ambrosium
697 1395 827 1423 attente
844 1402 880 1423 ac
899 1390 979 1430 diu,
1006 1402 1083 1423 cum
1103 1401 1173 1423 una

185 1448 271 1475 esset
296 1440 399 1474 etiam
428 1447 556 1478 mater,
595 1441 737 1473 tandem
765 1437 1011 1473 Manichaeam
1046 1446 1172 1473 sectam

185 1499 303 1536 aperte
326 1491 512 1535 relinquit,
548 1497 581 1523 et
605 1491 813 1525 sententiam
836 1490 1022 1535 Evangelii
1042 1491 1174 1535 ample-

185 1543 300 1577 ctitur.
352 1540 491 1585 Cogitat
509 1541 612 1575 etiam
631 1543 673 1574 de
691 1542 851 1575 ducenda
868 1554 995 1582 uxore,
1018 1541 1173 1584 ablegata

185 1593 394 1627 concubina.
449 1590 642 1636 Aliquanto
660 1599 738 1636 post
753 1592 872 1626 relicta
888 1593 972 1625 artis
988 1592 1175 1635 professio-

186 1657 230 1677 ne
260 1650 371 1677 totum
397 1654 433 1675 se
458 1643 553 1676 dedit
572 1653 747 1676 sacrarum
767 1643 947 1676 literarum
966 1643 1109 1682 studiis,
1142 1649 1173 1675 et

187 1695 278 1727 veris
308 1691 497 1738 lachrymis
525 1693 684 1737 deplorat
715 1698 847 1737 priores
887 1705 966 1726 suas
1003 1693 1173 1726 tenebraS.

185 1745 275 1779 Tam
301 1745 361 1777 diu
385 1751 495 1778 mater
519 1756 589 1777 una
615 1751 751 1782 manet,
780 1745 891 1777 donec
911 1745 1084 1788 baptismo
1105 1743 1174 1776 ini-

186 1796 263 1830 tiari
292 1795 402 1827 filium
431 1795 528 1829 vidit.
583 1794 706 1828 Postea
733 1807 810 1828 cum
834 1795 948 1827 redire
968 1795 1003 1827 in
1024 1794 1172 1837 patriam

185 1852 344 1891 cuperet,
379 1857 449 1878 non
477 1845 588 1879 voluit
617 1845 688 1889 ipse
713 1846 756 1878 ab
776 1857 813 1878 ea
831 1845 964 1878 divelli.
1014 1843 1174 1889 Cumque

185 1905 295 1931 mater
321 1897 355 1929 in
379 1896 504 1930 itinere
527 1905 664 1929 mortua
688 1903 792 1936 esset,
834 1896 942 1929 multa
969 1895 1066 1939 prius
1094 1907 1172 1928 cum

185 1949 256 1981 filio
275 1949 316 1980 de
339 1947 618 1985 immortalitate,
644 1947 687 1979 de
709 1947 867 1981 doctrina
885 1944 1105 1985 Christiana,
1132 1946 1174 1977 de

185 1997 360 2033 Ecclesiae
379 1998 557 2030 aerumnis
576 1998 767 2036 collocuta,
793 1998 865 2041 ipse
887 2003 1083 2040 susceptum
1110 1997 1175 2028 iter

185 2063 257 2083 non
274 2049 410 2088 omisit,
437 2049 645 2093 rediensque
663 2049 698 2081 in
717 2047 871 2081 Africam
889 2060 966 2081 cum
985 2047 1056 2080 suis
1072 2047 1173 2079 soda—

188 2102 297 2140 libus,
333 2100 368 2131 in
404 2100 513 2143 patria
543 2099 750 2143 aliquandiu
778 2106 943 2143 tanquam
975 2099 1010 2131 in
1040 2108 1174 2131 secessu

187 2152 283 2185 vixit.
338 2149 423 2183 lnde
444 2158 584 2194 propter
601 2151 781 2183 doctrinae
802 2150 928 2182 famam
947 2155 1109 2182 evocatus
1126 2154 1175 2181 est

191 2203 234 2233 ab
253 2199 426 2243 Episcopo
454 2200 674 2245 llipponensi
696 2201 835 2233 Valerio
861 2201 902 2232 ad
931 2211 1057 2233 munus
1080 2210 1175 2242 pres-

190 2253 329 2297 byterii:
361 2252 394 2284 in
421 2264 487 2296 qna
506 2252 685 2284 functione
704 2263 782 2283 cum
807 2248 945 2283 scholae.
965 2251 1038 2283 eius
1054 2248 1175 2283 Eccle-

188 2304 257 2335 siae
275 2310 461 2346 praeesset„
487 2303 615 2335 dicitur
631 2302 794 2335 sodalitio
813 2302 908 2333 illam
927 2301 1082 2344 regulam
1099 2311 1174 2333 mo-

189 2367 264 2386 rinn
299 2360 327 2385 et
358 2353 601 2386 exercitiorum
634 2352 913 2397 praescripsisse,
956 2363 1044 2397 quae
1073 2357 1174 2385 extat.

190 2404 258 2437 Nec
283 2403 376 2437 aliud
403 2411 485 2437 tunc
509 2404 572 2437 fuit
602 2404 688 2436 illud
717 2402 936 2446 Collegium,
971 2403 1039 2436 nisi
1057 2408 1176 2435 coetus

189 2453 430 2491 scholasticus,
459 2467 494 2486 ex
515 2467 584 2499 quo
601 2455 751 2487 liberum
771 2454 984 2487 eratdiscere
1000 2452 1175 2490 omnibus,

188 2505 246 2549 qni
266 2505 360 2537 alind
381 2505 469 2537 vit-«e
487 2517 594 2545 genus
610 2505 829 2549 appetebant.
886 2503 959 2537 Etsi
978 2511 1092 2538 autem
1110 2503 1173 2536 soli

188 2555 353 2598 Episcopi
375 2556 676 2589 concionabantur
693 2568 770 2589 cum
785 2557 927 2588 aderant
940 2583 948 2594 ,
976 2562 1090 2587 tamen
1105 2553 1173 2586 Va-

188 2607 293 2639 lerius
321 2606 415 2638 iussit
443 2603 698 2646 Augustinnm.
735 2618 771 2639 se
802 2613 1000 2649 praesente,
1035 2604 1175 2638 concio-

189 2659 280 2690 nari:
318 2658 410 2702 quod
439 2669 638 2700 quanquam
657 2658 825 2698 gravatim
843 2657 986 2689 faciebat
1008 2654 1173 2699 Augusti-

189 2721 268 2748 nus,
297 2720 340 2741 ne
356 2706 520 2752 Episcopi
538 2707 830 2742 existimationem
842 2708 1033 2749 minueret,
1059 2713 1173 2741 tamen

782 139 941 179 DECL.
976 139 1051 177 DE
1087 140 1227 177 VITA
1257 138 1601 177 AUGUSTINI.

2134 145 2210 184 452

1223 233 1408 271 postquam
1433 227 1523 261 vidit
1545 227 1636 262 serio
1658 226 1725 262 hoc
1744 228 1867 274 vpetere
1885 229 2122 277 Episcopum,
2148 233 2214 267 ob-

1225 283 1403 321 temperat.
1468 277 1521 311 lbi
1543 290 1622 311 cum
1647 277 1877 315 Manichaeos
1894 289 1928 316 et
1944 282 2147 317 Donatistas
2164 284 2213 317 ita

1223 328 1423 368 refutasset,
1449 334 1489 361 ut
1513 329 1671 374 plerique
1688 330 1845 364 redirent
1868 333 1910 365 ad
1927 333 2130 373 sanitatem,
2158 345 2214 367 re-

1225 378 1314 423 liqui
1333 390 1414 411 vero
1431 378 1563 423 oppido
1579 381 1802 420 excederent,
1832 383 2020 416 constituta
2038 385 2214 429 tranquil·

1225 429 1320 461 litate
1344 429 1418 461 eius
1441 427 1635 471 Ecclesiae,
1672 430 1833 464 Valerius
1855 443 1890 464 se
1908 431 1988 466 vivo
2006 442 2103 468 curat
2119 432 2214 468 hunc

1226 479 1304 521 eligi
1328 477 1562 523 Episcopum,
1598 486 1638 514 ut
1662 481 1874 525 prospiceret
1909 479 2015 515 huius
2039 482 2216 518 Ecclesiae

1226 529 1460 563 incolumitati
1478 530 1581 563 etiam
1597 531 1634 563 in
1651 538 1840 575 posterum.
1894 530 1933 564 Id
1958 544 2086 566 munus
2104 535 2216 568 admi—

1227 580 1390 614 nistravit
1414 580 1552 614 circiter
1568 582 1799 626 quadraginta
1820 593 1950 623 annos,
1976 595 2046 627 quo
2062 590 2216 628 tempore

1228 630 1323 663 varia
1348 631 1379 663 ei
1402 643 1479 663 cum
1502 632 1623 665 multis
1645 629 1830 666 haereticis
1853 633 2043 666 certamina
2063 634 2216 669 suerunt.

1229 679 1396 724 Magnam
1413 681 1679 715 multitudinem
1699 695 1737 716 ex
1748 680 1911 716 Ethnicis
1921 682 2024 716 etiam
2043 684 2086 716 ad
2097 682 2218 718 Evan-

1228 731 1358 774 gelium
1387 732 1575 775 pertraxit,
1609 745 1698 778 quos
1719 733 1856 766 facilius
1880 733 1995 774 flexit,
2020 745 2100 767 cum
2119 734 2218 768 vide-

1228 787 1306 814 rent
1323 781 1397 814 eius
1415 782 1611 816 doctrinam
1636 783 1806 817 divinitus
1828 783 2050 828 comprobari
2067 784 2219 819 miracu-

1228 831 1282 864 lis.
1335 831 1474 865 Delevit
1488 833 1653 878 reliquias
1672 833 1908 867 Arrianorum
1933 834 1971 866 in
1990 840 2062 867 tota
2079 835 2220 876 vicinia,

1228 881 1367 926 publice
1392 882 1576 916 revincens
1599 883 1774 918 Foelicem
1795 883 1988 918 Arrianum
2004 896 2120 918 coram
2137 884 2220 919 Ma-

1228 932 1385 975 gistratu.
1436 931 1641 977 Profligavit
1662 941 1695 968 et
1707 932 1950 968 Manichaeos:
1978 936 2037 968 sed
2056 935 2218 969 omnium

1229 983 1457 1016 durissimum
1480 991 1656 1018 certamen
1679 985 1710 1018 ei
1729 985 1796 1019 fuit
1821 996 1899 1019 cum
1915 984 2129 1026 Donatistis,
2156 986 2217 1031 qui

1229 1045 1302 1066 non
1320 1040 1456 1067 tantum
1473 1035 1703 1069 concionibus
1730 1042 1763 1069 et
1787 1035 1924 1079 scriptis
1940 1035 2131 1070 turbabant
2147 1034 2220 1070 Ec-

1229 1084 1370 1125 clesias,
1389 1085 1447 1117 sed
1462 1085 1645 1119 manifesta
1663 1086 1698 1119 vi
1715 1086 1974 1130 grassabantur.
2015 1084 2218 1120 Eratfactio

1229 1133 1584 1175 Circumcellionum,
1612 1137 1672 1181 qui
1687 1148 1749 1180 per
1763 1137 1859 1169 illam
1877 1148 1973 1169 oram
1986 1133 2126 1170 Africae
2139 1147 2219 1180 pas-

1229 1184 1293 1216 sim
1311 1185 1474 1218 seditiose
1490 1186 1722 1229 vagabantur,
1742 1193 1774 1220 et
1790 1198 1807 1219 a
1825 1197 1860 1219 se
1876 1187 2121 1221 dissentientes
2131 1187 2220 1220 alios

1230 1234 1504 1277 interficiebant,
1530 1243 1591 1270 aut
1617 1237 1707 1270 male
1731 1237 1959 1271 mulctabant.
2019 1235 2066 1269 Hi
2084 1237 2219 1271 tumul-

1228 1291 1284 1318 tus
1317 1285 1438 1319 edictis
1471 1293 1503 1320 et
1533 1288 1716 1321 severitate
1739 1286 2013 1331 Imperatorum,
2049 1287 2106 1321 vix
2137 1293 2216 1321 tan-

1229 1336 1308 1368 dem
1331 1336 1440 1370 sedati
1465 1344 1556 1371 sunt.
1618 1336 1773 1371 Maxime
1794 1344 1910 1371 autem
1937 1336 2137 1380 Augustino
2160 1338 2219 1371 in-

1228 1386 1305 1419 festi
1331 1393 1431 1420 erant
1454 1387 1678 1426 Donatistae,
1716 1396 1747 1422 et
1775 1388 1856 1433 quia
1879 1389 1922 1421 ab
1947 1387 2022 1431 ipso
2050 1388 2218 1422 acerrime

1227 1437 1490 1479 refutabantur,
1529 1445 1561 1471 et
1591 1439 1672 1484 quia
1705 1439 1779 1472 eius
1810 1437 1992 1481 diligentia
2026 1439 2218 1481 perfectum

1228 1494 1319 1525 erat,
1346 1494 1383 1521 ut
1399 1487 1592 1533 Imperator
1607 1489 1786 1523 saevitiam
1805 1500 1926 1523 eorum
1944 1485 2161 1527 coherceret,
2183 1496 2218 1523 et

1227 1538 1407 1572 facultates
1425 1551 1510 1584 quas
1526 1537 1702 1574 Ecclesiae
1718 1541 1880 1584 ipsorum·
1893 1539 2076 1580 tenebant,
2103 1546 2217 1573 trans—

1227 1588 1402 1621 ferrentur
1426 1592 1469 1622 ad
1496 1590 1570 1633 pias
1592 1589 1784 1630 Ecclesias,
1813 1602 1858 1623 ne
1880 1589 1980 1635 impii
1998 1588 2167 1624 Doctores
2184 1596 2219 1624 et

1228 1650 1349 1671 eorum
1382 1641 1565 1681 satellites,
1600 1642 1660 1686 qui
1691 1641 1725 1673 in
1747 1641 1929 1684 provincia
1959 1641 2218 1683 grassabantur,

1228 1689 1296 1721 illis
1312 1689 1523 1725 fruerentur.
1575 1689 1664 1724 Cum
1690 1698 1805 1725 autem
1831 1702 1931 1734 saepe
1949 1703 2027 1724 cum
2046 1691 2117 1723 illis
2131 1703 2218 1725 con-

1227 1751 1362 1782 gressus
1378 1741 1419 1774 sit
1437 1742 1673 1783 Augustinus,
1700 1743 1912 1784 disputando
1928 1741 1964 1774 in
1981 1741 2132 1784 publicis
2150 1741 2218 1787 Sy-

1229 1791 1330 1823 nodis
1358 1798 1391 1824 et
1421 1805 1537 1825 coram
1566 1792 1849 1835 Magistratibus,
1883 1804 1962 1825 cum
1996 1803 2097 1835 saepe
2127 1791 2217 1825 insi-

1227 1841 1294 1874 diis
1318 1841 1386 1874 vita
1410 1843 1483 1875 eius
1505 1843 1610 1886 petita
1635 1843 1696 1881 sit,
1731 1841 1815 1875 haec
1841 1842 1983 1885 negocia
2004 1848 2035 1875 et
2063 1842 2218 1885 pericula

1227 1891 1363 1924 duriter
1388 1905 1465 1925 enm
1499 1900 1739 1927 exercuerunt.
1794 1892 1914 1935 Quare
1939 1903 2010 1926 non
2040 1892 2218 1926 existime-

1228 1953 1306 1974 mus
1322 1942 1428 1976 fuisse
1445 1945 1602 1976 ociosum
1619 1942 1833 1987 Episcopum
1847 1970 1856 1982 ,
1883 1950 1941 1976 aut
1959 1949 2096 1976 tantum
2122 1954 2218 1976 cere-

1227 1993 1356 2025 moniis
1379 1995 1450 2027 suis
1475 2001 1696 2038 occupatum.
1758 1994 1874 2037 Longe
1900 1994 2002 2027 aliter
2023 1993 2067 2026 de
2082 2004 2122 2026 eo
2140 1993 2218 2027 viro

1227 2044 1449 2077 sentiendum
1474 2053 1542 2083 est,
1578 2045 1636 2089 qui
1662 2053 1745 2078 tunc
1775 2046 1845 2078 fere
1867 2045 1962 2077 solus
1995 2044 2031 2076 in
2062 2043 2218 2078 excubiis

1227 2095 1291 2127 suit
1314 2107 1378 2138 pro
1395 2094 1549 2129 Ecclesia
1568 2093 1720 2133 Christi,
1754 2097 1815 2141 qui
1834 2095 2018 2138 puritatem
2036 2094 2217 2128 doctrinae

1227 2153 1349 2178 contra
1376 2153 1427 2180 tot
1454 2147 1577 2191 impias
1602 2147 1788 2185 sactiones,
1816 2157 1904 2190 qnae
1929 2145 2156 2179 multitudine
2182 2151 2217 2179 et

1228 2198 1382 2239 potentia
1398 2198 1587 2231 instructae
1603 2204 1719 2236 erant,
1745 2204 1777 2230 et
1796 2209 1873 2229 cnm
1899 2196 1965 2240 piis
1986 2196 2164 2230 assiduum
2182 2201 2218 2230 et

1228 2246 1431 2282 ἄσπονδιον
1454 2248 1585 2281 bellum
1610 2248 1796 2290 gerebant.
1831 2247 2009 2287 defendit,
2043 2246 2103 2291 qui
2130 2257 2216 2280 con-

1227 2297 1303 2330 sitia
1315 2297 1452 2332 Ducum
1472 2307 1503 2333 et
1517 2298 1768 2343 imperatorum
1788 2299 1821 2330 in
1841 2297 1960 2331 nndtis
1975 2297 2100 2335 rebus.
2125 2308 2217 2342 quae

1228 2349 1268 2381 ad
1289 2351 1463 2392 publicam
1482 2362 1600 2394 pacem
1617 2349 1857 2393 pertinebant.
1882 2347 2099 2391 gubernavit.
2141 2345 2215 2382 Ex-

1228 2407 1300 2433 tant
1319 2401 1412 2433 enim
1429 2401 1558 2433 multae
1572 2401 1646 2433 eius
1664 2401 1705 2432 ad
1725 2399 1898 2443 praesides
1917 2398 2082 2441 epistolae
2099 2398 2215 2441 gravi-

1229 2456 1280 2482 ter
1298 2452 1462 2495 scriptae:
1495 2451 1594 2483 cuius
1621 2451 1790 2483 iudicium
1814 2457 1846 2483 et
1868 2448 2004 2483 italicos
2018 2446 2214 2492 Episcopos

1229 2503 1396 2535 reveritos
1417 2513 1489 2535 esse
1515 2501 1684 2536 videmus.
1747 2501 1793 2535 [ῗῑ
1815 2500 1921 2543 igitur
1939 2499 2112 2533 Homerus
2128 2498 2214 2533 boni

1229 2551 1401 2596 Principis
1416 2553 1527 2585 officia
1547 2552 1746 2595 complexus
1763 2557 1813 2584 est
1832 2548 1896 2583 hoc
1913 2549 2100 2583 versiculo:

1270 2599 1458 2642 Λμφόῐιρον
1471 2599 1616 2638 βασιλεύς
1632 2612 1660 2630 τι
1677 2598 1800 2639 ἀγαθὸς
1814 2597 1962 2637 κρατερός
1976 2609 2006 2629 n
2023 2596 2183 2638 αἱχμῆτης,

1227 2655 1273 2687 sie
1292 2657 1334 2688 de
1351 2656 1444 2688 bono
1462 2653 1637 2699 Episcopo
1653 2653 1721 2687 dici
1749 2657 1876 2695 potest:

1270 2710 1463 2753 Αμφόῐιρον
1479 2709 1604 2746 σιϊιτὸς
1617 2706 1782 2747 κοσμήῐωρ
1799 2705 1846 2746 ἧδ’
1863 2705 2027 2746 ἀγορητὴς.
