2338 2958
75 133 151 171 497

76 218 249 255 studiosos
274 220 446 260 quantum
474 225 616 259 possum
648 212 834 255 adhortor,
865 223 906 250 ut
933 215 1062 249 debent

76 271 188 304 facere
210 276 331 300 omnes
353 265 441 298 boni
457 266 541 307 viri,
567 273 606 301 ut
625 263 717 300 hanc
738 267 934 300 doctrinam
956 273 989 300 et
1004 276 1062 298 ar-

77 322 200 354 denter
215 322 380 360 expetant
393 322 427 350 et
443 316 576 357 colant,
609 317 708 351 cuius
725 317 877 360 cognitio
895 329 968 350 non
987 328 1064 348 mo-

77 372 123 405 do
139 368 294 402 iucunda
308 373 369 409 est,
397 367 456 400 sed
475 367 579 401 etiam
595 367 751 402 infinitas
768 368 936 402 utilitates
953 367 1065 400 adfert

76 420 180 455 vitae.
232 416 308 451 Imo
324 424 359 451 et
373 429 489 451 mores
508 424 652 452 naturae
677 418 845 463 inspectio
863 419 1064 452 considera-

76 470 197 515 tioque
220 468 330 502 flectit
354 469 399 502 ad
422 469 718 510 moderationem,
752 476 786 503 et
819 470 862 502 ad
889 469 1065 513 pietatem,

77 533 116 556 ac
138 525 274 553 mentes
298 519 342 552 ad
363 517 431 552 Dei
455 519 723 553 admirationem
746 519 923 554 exuscitat.
975 517 1066 552 Cum

77 571 173 605 enim
188 568 284 604 Deus
307 581 372 603 nos
396 570 434 602 in
457 567 523 604 hoc
543 569 739 614 spectaculo
758 570 954 609 collocarit,
982 580 1065 602 nos-

79 633 147 668 que
160 620 301 654 iusserit
316 620 493 665 opificium
511 632 613 654 suum
635 620 764 653 intueri
783 627 816 654 et
833 621 1066 660 considerare,

78 684 153 706 non
171 670 410 705 existimemus
423 669 490 705 hoc
501 671 655 704 studium
674 671 800 704 inutile
817 682 889 704 esse
913 683 976 704 nec
993 671 1068 703 sine

80 723 183 767 culpa
207 722 396 756 contemni.
448 720 516 754 Hic
541 721 626 766 quid
652 722 765 754 dicam
788 723 831 755 de
854 721 1069 767 Cyclopibus

79 773 170 814 illis,
200 772 262 817 qui
287 783 360 805 non
383 772 497 805 solum
524 771 790 816 inquisitionem
822 780 1069 816 aspernantur,

81 826 140 858 sed
164 823 267 857 etiam
295 834 398 856 usum
420 829 454 855 et
475 822 645 855 remedia:
673 835 751 855 cum
776 824 954 857 saevitiam
973 836 1069 856 exer-

82 881 183 909 ceant
207 873 243 906 in
268 884 329 906 sua
353 884 499 916 corpora
522 873 667 905 immani
693 874 869 914 ingluvie,
897 875 1071 907 immode-

82 925 166 959 ratis
188 923 317 966 vigiliis
341 929 374 956 et
398 923 475 956 aliis
504 924 634 965 modis,
669 932 805 968 postea,
841 925 928 959 sicut
951 925 1072 965 Stoici,

81 977 154 1008 fato
178 974 280 1007 aiunt
306 973 380 1017 regi
402 974 638 1007 valetudinem
663 983 695 1008 et
713 976 838 1016 vitam,
866 988 930 1009 nec
943 976 1072 1009 accersi

82 1025 225 1059 morbos
244 1024 373 1057 nostris
389 1025 505 1068 vitiis,
534 1037 596 1058 nec
612 1026 739 1069 depelli
759 1027 941 1069 diligentia
961 1039 999 1059 ac
1018 1039 1074 1060 re-

83 1075 231 1115 mediis,
266 1075 324 1107 sed
351 1075 434 1110 fato.
498 1075 574 1109 Hae
607 1088 708 1109 voces
737 1089 815 1110 cum
849 1078 1074 1110 manifestum

82 1127 238 1160 furorem
253 1125 460 1168 significent,
488 1126 655 1168 indignae
669 1132 751 1159 sunt
767 1127 989 1167 refutatione,
1015 1129 1072 1158 sed

85 1184 201 1211 tamen
227 1176 405 1208 interdum
429 1176 585 1219 exempla
603 1183 731 1209 nocent
751 1176 935 1220 imperitis.
991 1176 1073 1209 Ideo

85 1227 322 1262 adolescentes
339 1227 532 1266 admoneo,
556 1233 595 1260 ut
614 1224 698 1260 haec
722 1227 902 1260 barbarica
921 1228 1075 1261 convitia

86 1277 170 1312 artis
184 1278 416 1316 detestentur,
443 1289 531 1320 quae
548 1277 760 1310 contumelia
778 1278 934 1311 afficiunt
951 1278 1076 1318 Deum,

87 1329 149 1374 qui
175 1334 209 1360 et
243 1327 334 1368 leges
365 1327 512 1360 tradidit
539 1328 668 1372 quibus
695 1329 766 1371 regi
793 1329 863 1362 vita
889 1331 1010 1369 debet,
1045 1337 1077 1363 et

88 1377 260 1422 praesidia
278 1389 317 1409 ac
333 1377 486 1410 remedia
504 1379 660 1418 addidit,
687 1379 815 1423 quibus
832 1380 1076 1413 admirabilem

89 1435 122 1462 et
132 1439 212 1461 vere
227 1438 389 1460 arcanam
400 1427 471 1460 vim
486 1428 617 1462 imfflit
637 1429 780 1462 iuvandi
799 1442 957 1474 corpora,
976 1443 1078 1464 mon-

89 1478 212 1512 stravit
236 1484 269 1510 et
291 1483 402 1511 artem
433 1485 472 1511 ut
503 1476 557 1512 his
582 1479 759 1513 beneficiis
785 1488 863 1524 apte
890 1489 1079 1517 uteremur.

89 1528 212 1573 Itaque
234 1526 300 1561 Dei
321 1528 601 1572 ordinationem,
631 1543 670 1562 ac
687 1529 750 1563 Dei
775 1532 942 1564 beneficia
961 1544 1079 1574 asper—

90 1586 222 1613 nantur
239 1577 409 1623 Cyclopes
429 1579 499 1619 illi,
534 1580 562 1612 si
589 1587 712 1622 putant
736 1578 829 1613 nihil
847 1594 918 1614 esse
937 1583 1080 1623 virium,

90 1630 129 1663 in
153 1630 256 1662 rebus
277 1629 448 1662 divinitus
465 1630 617 1663 conditis
642 1631 685 1663 ad
709 1629 892 1665 hominum
915 1633 1078 1666 salutem:

90 1687 131 1714 ut
159 1679 242 1713 certi
268 1678 337 1711 cibi
368 1691 407 1712 ac
434 1686 537 1723 potus
564 1677 722 1714 humano
746 1683 884 1726 corpori
910 1684 1080 1728 propositi

91 1737 183 1771 suut,
211 1729 273 1775 qui
288 1741 350 1763 cur
364 1729 402 1762 in
419 1730 625 1773 sanguinem
641 1739 824 1767 vertantur
838 1741 877 1766 ut
892 1734 988 1767 alant
1003 1746 1081 1767 cor-

92 1793 196 1826 pora,
222 1780 338 1814 dicere
362 1792 435 1813 non
458 1792 663 1824 possumus,
692 1784 750 1815 sed
772 1784 945 1817 mirabilis
968 1785 1081 1818 indita

93 1832 146 1864 vis
167 1838 217 1865 est
247 1830 376 1864 talibus
399 1831 525 1871 rebus,
559 1839 593 1866 et
618 1834 778 1875 cognatio
807 1841 840 1867 et
866 1831 1082 1878 συμπάθεια

94 1893 173 1916 cum
190 1879 347 1914 humano
363 1893 520 1925 corpore,
547 1890 586 1916 ut
601 1883 736 1916 misceri
754 1891 787 1917 et
804 1885 839 1916 in
855 1897 962 1917 unam
978 1894 1082 1919 natu-

95 1944 169 1965 ram
204 1930 380 1964 confluere
414 1932 560 1975 possint.
621 1932 670 1966 lta
706 1934 741 1966 in
778 1947 814 1967 re
842 1936 965 1968 mediis
993 1937 1083 1970 inest

95 1978 312 2025 συμπάθεια
335 1994 460 2015 arcana
485 1983 522 2016 in
539 1983 640 2016 certis
657 1985 824 2017 membris
841 1993 897 2018 ant
922 1984 1082 2019 humori-

95 2035 171 2074 bus,
187 2043 338 2077 quorum
357 2032 505 2066 efficacia
521 2035 705 2068 manifesta
722 2042 755 2068 et
772 2044 862 2069 certa
879 2045 937 2071 est.
966 2036 1082 2071 Tanta

96 2091 146 2118 est
169 2083 320 2117 efficacia
345 2080 631 2117 therebinthinae
663 2085 700 2118 in
729 2087 915 2120 vulnerum
946 2088 1084 2131 simpli-

97 2135 189 2168 cium
207 2134 386 2167 curatione
404 2142 443 2168 ut
459 2147 512 2168 res
530 2136 630 2169 fateri
651 2144 747 2179 cogat
764 2150 923 2170 arcanam
941 2139 1011 2171 vim
1031 2139 1084 2172 illi

99 2185 252 2218 remedio
278 2184 407 2225 inesse,
433 2198 472 2219 ac
496 2187 668 2220 divinitus
686 2189 849 2221 donatam
874 2200 944 2221 esse
966 2190 1084 2231 ¹generi

99 2233 256 2268 humano
279 2236 323 2268 ad
341 2235 527 2270 vulnerum
553 2239 780 2272 curationem.
835 2240 950 2281 Quam
970 2241 1086 2273 effica-

100 2298 173 2318 cem
199 2293 230 2318 et
253 2292 389 2328 gratum
410 2298 511 2320 usum
538 2289 643 2322 fuisse
669 2290 814 2323 balsami
841 2291 1086 2324 arbitramini?

101 2338 152 2369 Ac
171 2334 258 2368 mihi
282 2347 382 2380 saepe
406 2336 444 2370 in
469 2346 620 2373 mentem
640 2341 756 2378 venit,
790 2341 868 2373 ideo
893 2341 1085 2375 balsamum

101 2395 133 2420 et
155 2386 332 2432 myrrham
354 2385 501 2421 Ebraeis
525 2391 690 2424 donatam
722 2391 846 2430 fuisse,
879 2399 918 2425 ut
940 2404 1018 2426 cum
1043 2394 1087 2426 ad

101 2445 304 2482 perpetuam
328 2438 490 2471 militiam
516 2450 601 2482 gens
621 2442 791 2475 destinata
817 2450 921 2483 esset,
947 2455 1009 2476 nec
1033 2455 1088 2477 res

102 2488 302 2532 peregrinas
336 2486 534 2530 inveheret,
576 2492 670 2524 domi
706 2491 875 2526 haberent
906 2493 1024 2527 efficax
1056 2501 1088 2528 et

104 2550 265 2582 praesens
299 2540 492 2573 remedium
525 2542 724 2576 vulnerum.
778 2543 1003 2587 Compertum
1039 2553 1089 2579 est

106 2589 259 2633 scorpios
277 2591 393 2624 subito
413 2591 566 2635 extingui
587 2593 750 2636 imposito
772 2592 941 2637 raphano.
994 2595 1090 2629 Lon-

105 2651 187 2681 gum
211 2647 297 2673 esset
321 2641 436 2674 dicere
460 2643 503 2675 de
527 2644 745 2686 singulorum
774 2646 1011 2679 membrorum
1036 2659 1090 2680 re-

107 2689 251 2730 mediis,
284 2692 341 2725 sed
367 2693 573 2735 quotidiana
599 2695 764 2728 beneficia
786 2695 984 2730 Medicinae
1011 2705 1091 2731 tan-

167 2742 343 2776 ΜειΛΝι-Η.
364 2745 465 2775 Ona.
495 2746 576 2776 Vm..
596 2747 657 2780 xl.

727 128 889 165 DECL.
927 127 1003 165 DE
1038 126 1183 162 VITA
1218 126 1453 164 GALENI.

2028 133 2103 169 498

1115 220 1189 248 tum
1205 213 1442 254 considerate,
1470 211 1555 247 haec
1576 221 1748 251 testantur
1770 218 1922 251 remedia
1940 219 2108 253 efficacis-

1115 265 1202 297 sima
1218 275 1301 297 esse.
1353 263 1394 296 In
1406 265 1640 300 destillatione
1657 265 1910 302 vehementiori
1933 267 2109 304 exhauriri

1116 326 1155 347 ex
1178 315 1408 358 pulmonibus
1434 315 1548 356 lenta,
1582 318 1670 351 acris
1695 325 1728 352 et
1753 325 1855 353 tenax
1879 320 2006 364 pituita
2035 333 2108 354 non

1117 371 1230 409 potest
1247 365 1323 397 sine
1339 365 1473 399 medica
1489 378 1567 410 ope.
1621 366 1676 401 Ad
1695 367 1790 403 hunc
1806 382 1908 403 usum
1929 382 1982 404 res
2002 383 2109 415 pecu-

1118 415 1222 448 liares
1245 415 1438 448 destinatae
1473 422 1572 457 sunt,
1607 430 1671 451 nee
1694 419 1775 454 licet
1808 421 1883 454 sine
1906 421 2109 455 discrimine

1119 466 1337 511 quibuslibet
1358 463 1556 509 pharmacis
1578 468 1640 503 uti,
1691 468 1854 511 Quantus
1877 483 1960 505 usus
1986 479 2036 506 est
2060 472 2110 506 ci-

1120 517 1205 549 corii
1224 523 1256 549 et
1271 513 1442 549 absinthii
1459 516 1495 548 in
1511 524 1607 561 epate
1623 520 1854 554 medicando?
1879 522 2014 566 quoties
2031 535 2111 556 mu-

1120 567 1267 600 lieribus
1288 574 1421 600 certum
1449 567 1592 600 exitium
1621 570 1802 613 depellunt
1833 570 2056 606 absinthium
2080 580 2113 606 et

1121 615 1346 650 arthemisia?
1387 617 1454 651 Sed
1475 619 1600 652 omitto
1626 619 1715 652 hanc
1732 624 2112 657 commemorationem.

1123 668 1289 711 Quaesita
1312 675 1395 702 sunt
1425 669 1577 702 remedia
1603 677 1724 703 contra
1748 683 1897 713 venena,
1925 680 2044 719 estque
2072 674 2111 707 in

1123 717 1189 752 hoc
1212 731 1336 762 genere
1359 720 1541 753 manifesta
1565 722 1617 753 vis
1640 730 1756 760 rutae,
1792 734 1899 767 quare
1922 725 1966 756 ad
1990 737 2113 758 arcen-

1123 771 1203 802 dam
1231 770 1465 813 pestilentiam
1493 782 1654 813 magnam
1682 773 1754 805 vim
1778 770 1899 807 habet:
1933 781 1965 808 et
1991 775 2113 808 scribit

1124 818 1307 854 Atheneus
1322 820 1508 854 Ponticum
1525 828 1715 866 tyrannum
1733 823 1875 858 solitum
1893 826 2036 858 venenis
2051 838 2114 858 ne-

1126 884 1202 904 care
1228 872 1392 904 invitatos
1413 872 1456 903 ad
1482 873 1642 905 convivia
1661 874 1770 915 cives,
1800 875 1836 907 id
1858 887 1936 908 cum
1953 877 2116 909 animad-

1126 934 1264 955 versum
1286 929 1388 962 esset,
1415 928 1531 965 postea
1557 925 1725 956 accessuri
1745 927 1788 958 ad
1813 925 1922 969 ipsius
1940 927 2114 967 convivia,

1127 973 1416 1016 praemunierunt
1433 984 1467 1005 se
1483 980 1579 1013 ruta,
1607 981 1709 1019 atque
1729 975 1774 1008 ita
1792 975 1866 1009 sine
1891 977 2114 1010 incommodo

1128 1036 1260 1056 venena
1280 1021 1484 1057 hauserunt.
1539 1022 1655 1067 blagis
1675 1025 1800 1059 mirum
1820 1033 1869 1060 est
1886 1029 1979 1071 quod
1998 1035 2116 1060 narrat

1128 1075 1170 1107 de
1188 1074 1314 1107 citrino
1333 1086 1457 1117 pomo,
1485 1081 1516 1106 et
1534 1075 1658 1117 allegat
1677 1082 1797 1109 testem
1816 1077 1876 1121 qui
1900 1078 1965 1111 suit
1984 1085 2118 1122 specta-

1129 1131 1184 1156 tor
1198 1125 1271 1157 eius
1290 1132 1450 1157 eventus:
1478 1125 1514 1156 in
1532 1124 1691 1170 Aegypto
1712 1139 1788 1159 cum
1808 1129 2020 1161 ducerentur
2038 1129 2117 1173 qui-

1129 1175 1207 1206 dam
1232 1181 1349 1206 sontes
1369 1175 1411 1206 ad
1437 1175 1576 1218 aspidas
1599 1183 1636 1209 ut
1659 1188 1777 1209 eorum
1809 1179 1984 1212 morsibus
2009 1179 2119 1213 inter-

1129 1224 1334 1265 ficerentur,
1362 1225 1451 1257 forte
1470 1225 1675 1259 muliercula
1693 1239 1781 1271 quae
1797 1236 1869 1262 erat
1884 1231 1977 1273 apud
2003 1237 2119 1263 custo-

1130 1277 1208 1308 dem
1226 1275 1372 1308 carceris
1388 1276 1538 1319 quadam
1560 1277 1796 1311 misericordia
1824 1286 1933 1319 mota,
1962 1281 2031 1313 illis
2048 1289 2120 1314 tre-

1130 1326 1306 1358 mentibus
1330 1338 1368 1358 ac
1390 1325 1590 1359 sitientibus
1614 1329 1671 1361 dat
1697 1340 1839 1371 pomum
1863 1331 2047 1370 citrinum,
2080 1337 2118 1364 ut

1131 1378 1222 1408 vires
1238 1376 1436 1417 reficerent,
1464 1389 1532 1421 quo
1550 1385 1685 1420 gustato
1703 1380 1882 1412 ducuntur
1904 1382 1946 1413 ad
1971 1382 2121 1424 aspidas,

1132 1439 1281 1471 quarum
1299 1439 1417 1460 morsu
1435 1440 1513 1460 cum
1529 1436 1640 1461 essent
1658 1430 1814 1470 sauciati,
1836 1431 1885 1463 vis
1902 1432 2029 1464 veneni
2045 1444 2120 1465 non

1131 1478 1198 1510 suit
1220 1478 1355 1517 efficax,
1381 1490 1445 1510 nec
1467 1478 1722 1521 extinguuntur
1746 1481 1937 1514 vulnerati:
1966 1482 2121 1515 novitate

1132 1529 1182 1560 rei
1219 1528 1476 1571 obstupefactus
1502 1528 1728 1571 Magistratus
1753 1532 1940 1574 diligenter
1972 1533 2121 1577 inquirit

1133 1590 1262 1618 causas,
1289 1590 1438 1622 cumque
1456 1579 1548 1611 inter
1565 1588 1695 1612 caetera
1712 1581 1959 1624 interrogasset
1978 1584 2061 1627 quid
2080 1596 2120 1616 eo

1133 1629 1190 1661 die
1207 1629 1458 1667 comedissent,
1487 1629 1523 1662 fit
1546 1631 1678 1663 mentio
1705 1632 1799 1674 pomi
1818 1633 1946 1667 citrini.
2002 1632 2122 1678 Itaque

1133 1680 1204 1712 vim
1224 1679 1318 1722 pomi
1337 1680 1528 1722 experitur:
1565 1681 1743 1714 ducuntur
1767 1683 1834 1715 alio
1858 1684 1915 1716 die
1940 1695 2061 1716 rursus
2079 1685 2122 1716 ad

1133 1730 1290 1773 aspidas,
1316 1731 1375 1762 sed
1401 1730 1541 1764 iubetur
1563 1731 1651 1764 alter
1669 1735 1918 1775 praemandere
1943 1734 2123 1773 citrinum,

1134 1781 1221 1813 alter
1237 1778 1454 1823 prohibetur,
1483 1781 1531 1814 ibi
1548 1789 1697 1826 utroque
1715 1784 1880 1822 sauciato,
1908 1785 2123 1827 extinguitur

1135 1831 1162 1863 is
1177 1831 1238 1875 qui
1256 1831 1473 1865 abstinuerat
1489 1844 1507 1865 a
1524 1832 1664 1873 citrino,
1689 1834 1776 1866 alter
1792 1841 1907 1868 manet
1924 1835 2124 1875 incolumis,

1135 1882 1195 1926 qui
1213 1888 1422 1924 gustaverat.
1468 1882 1518 1915 Ac
1534 1894 1606 1915 non
1623 1885 1727 1916 modo
1747 1881 1929 1925 historiae,
1958 1887 2016 1918 sed
2034 1898 2124 1931 quo-

1135 1933 1267 1966 tidiana
1279 1933 1490 1975 experientia
1508 1934 1706 1977 suppeditat
1723 1935 1996 1969 innumerabilia
2009 1949 2124 1969 exem-

1136 1983 1210 2027 pla,
1235 1995 1323 2027 quae
1347 1983 1428 2016 satis
1450 1989 1622 2017 testantur
1645 1993 1772 2019 certam
1790 1986 1860 2019 vim
1888 1987 2125 2020 remediorum

1137 2045 1220 2069 esse.
1269 2032 1387 2075 Quare
1405 2033 1516 2067 Deum
1538 2036 1748 2069 contumelia
1766 2036 1923 2072 afficiunt
1941 2037 2001 2082 qui
2019 2038 2127 2071 bene-

1136 2085 1211 2117 ficia
1235 2084 1344 2128 ipsius
1360 2086 1511 2129 quadam
1530 2086 1749 2120 immanitate
1771 2099 1908 2121 morum
1935 2100 2127 2131 aspernan-

1137 2143 1205 2168 tur.
1260 2134 1354 2168 Haec
1383 2136 1484 2169 initio
1511 2137 1546 2169 in
1572 2147 1706 2170 summa
1734 2139 1882 2180 praefari
1907 2139 2006 2172 volui
2029 2146 2062 2172 et
2084 2140 2127 2172 de

1139 2186 1318 2219 doctrinae
1344 2198 1382 2219 ac
1405 2184 1655 2230 Philosophiae
1681 2185 1786 2221 huius
1810 2189 1997 2232 dignitate,
2029 2196 2061 2223 et
2085 2190 2128 2223 de

1139 2237 1290 2270 utilitate
1312 2238 1573 2278 remediorum,
1601 2245 1638 2271 ut
1663 2250 1740 2271 cum
1767 2247 1876 2272 artem
1894 2240 2128 2283 cogitaveritis

1140 2289 1324 2321 amandam
1350 2295 1382 2321 et
1406 2288 1719 2331 magnifaciendam
1745 2301 1836 2331 esse,
1864 2291 1907 2323 de
1925 2291 2009 2334 ipsis
2023 2291 2127 2324 etiam

1141 2339 1224 2372 artis
1240 2339 1480 2382 scriptoribus,
1498 2339 1558 2384 qui
1574 2351 1674 2371 suum
1690 2341 1846 2373 studium
1866 2341 1901 2373 in
1919 2341 2129 2375 illustranda

1142 2397 1264 2423 natura
1291 2398 1322 2422 et
1352 2389 1389 2422 in
1415 2390 1567 2423 iuvanda
1601 2387 1784 2423 hominum
1810 2391 1882 2425 vita
1904 2404 2131 2437 consumpse-

1142 2448 1244 2481 runt,
1272 2438 1562 2474 honorificentius
1587 2441 1775 2476 sentiretis,
1829 2440 1919 2476 Cum
1947 2443 2041 2476 enim
2065 2443 2130 2476 ali-

1143 2492 1227 2537 quid
1257 2504 1318 2535 pro
1344 2503 1441 2524 more
1467 2492 1654 2525 dicendum
1681 2499 1788 2534 esset,
1815 2493 1938 2537 collegi
1959 2494 2130 2539 quaedam

1144 2545 1185 2576 de
1203 2542 1330 2575 Galeni
1354 2542 1422 2575 vita
1446 2549 1479 2575 et
1505 2542 1668 2576 laudibus
1690 2544 1888 2583 recitanda,
1914 2557 2016 2589 quem
2037 2544 2130 2577 scitis

1144 2606 1207 2626 nos
1233 2592 1359 2626 babere
1384 2593 1661 2637 copiosissimum
1681 2593 1839 2627 Medicae
1860 2595 1943 2628 artis
1960 2601 2127 2627 autorem.

1145 2644 1311 2679 Arbitror
1345 2651 1460 2678 autem
1490 2652 1575 2679 natu
1609 2645 1803 2678 maioribus
1830 2657 1868 2678 ac
1898 2643 2130 2689 prudentibus

1145 2704 1276 2740 gratam
1295 2707 1366 2728 esse
1381 2697 1748 2729 commemorationem
1767 2698 1810 2728 de
1823 2695 1890 2727 viri
1914 2694 2039 2728 summi
2058 2701 2131 2728 stu-

1462 2746 1510 2779 32
