2338 2958
172 150 246 187 375

177 239 299 272 cedere
321 235 467 273 debent,
497 233 556 279 qui
578 244 660 265 suae
687 231 829 266 virtutis
853 232 998 276 vestigia
1024 233 1173 278 impres-

178 295 299 323 serunt
322 287 357 320 in
382 286 530 319 mediam
551 282 725 322 Galliam,
754 290 787 316 et
804 284 966 317 maximis
990 285 1095 327 gestis
1118 298 1174 318 re-

180 341 265 380 bus,
292 346 324 372 et
342 337 484 381 quidem
502 347 542 368 ex
558 335 709 368 utilitate
728 335 868 379 publica
887 347 1017 368 nomen
1036 336 1175 370 Galliae

182 403 313 424 novum
335 387 551 420 indiderunt.
606 385 744 419 Nostris
761 399 843 419 vero
869 388 1089 430 temporibus
1112 389 1177 421 do·-

184 441 356 476 ctissimos
380 450 418 471 ea
439 438 534 481 regio
559 434 723 471 homines
747 438 888 481 genuit,
915 438 952 471 in
972 439 1100 484 quibus
1121 439 1178 472 vel

184 494 370 526 obscuram
387 489 521 534 alioqui
537 500 629 522 unus
648 488 796 522 loannes
813 502 830 522 a
842 487 955 533 Regio
972 489 1095 523 Monte
1112 503 1180 523 no·-

187 543 328 576 bilitare
352 547 483 585 posset,
505 540 560 572 vir
585 539 719 573 Graece
740 539 933 586 Latineque
958 553 1031 574 non
1057 541 1180 574 leviter

188 595 328 632 doctus,
356 599 389 625 et
410 591 595 625 universae
613 588 865 635 Philosophiae
890 593 936 625 ita
963 592 1116 637 peritus,
1142 598 1181 625 ut

188 655 282 679 unus
309 643 502 677 restituerit
535 641 760 686 disciplinas,
803 655 891 687 quae
920 643 969 676 sic
1000 651 1183 683 vocantur,

191 695 373 739 collapsas,
388 701 420 728 et
436 695 479 727 ab
497 693 643 727 interitu
660 693 859 729 vindicarit.
886 691 1051 728 Austriae
1068 706 1183 739 quau-

192 753 266 780 tum
289 746 476 784 debemus,
511 756 600 790 quae
626 756 704 776 cum
728 744 815 777 alios
841 743 1023 789 Principes
1047 756 1184 779 summa

191 798 341 837 virtute,
368 804 443 831 tum
466 795 753 829 Maxirnilianum
777 796 906 836 edidit,
939 796 1072 829 nemini
1092 796 1186 840 opti-

193 861 334 882 morum
365 847 621 891 Imperatorum
650 848 958 890 postponendum,
999 848 1059 893 qui
1090 849 1184 880 iuxta

194 899 292 933 domi
312 911 350 932 ac
369 899 456 932 foris
480 897 699 931 continentia
731 897 900 941 singulari
932 899 1018 940 suit,
1050 898 1188 932 iusticia

193 949 414 990 incredibili,
442 949 687 992 magnitudine
706 949 815 981 animi
833 949 964 986 divina.
994 949 1090 993 Quid
1109 949 1190 983 Fri-

194 1002 262 1039 sia,
286 1001 368 1047 quia
386 1000 587 1045 Agricolam
610 1000 749 1044 genuit,
775 1008 947 1046 quantum
974 1002 1090 1035 laudis
1114 1012 1189 1034 me-

195 1054 316 1088 retur?
369 1051 522 1087 Batavos
544 1063 625 1084 suos
649 1049 818 1085 Erasmus
840 1065 945 1097 quam
964 1053 1076 1086 claros
1099 1052 1190 1086 fecit.

196 1104 264 1140 Sed
292 1103 378 1149 quid
405 1115 467 1147 ego
488 1103 638 1136 aliarum
657 1103 843 1137 nationum
865 1103 986 1137 laudes
1015 1115 1191 1144 recense0,

196 1168 276 1190 cum
302 1156 345 1189 de
365 1154 491 1189 Suevis
509 1154 622 1188 oratio
648 1153 808 1188 instituta
829 1154 898 1188 sit?
952 1154 1084 1189 Verum
1104 1153 1190 1188 haec

199 1208 278 1241 ideo
298 1207 473 1251 praefatus
490 1217 588 1245 sum,
610 1212 649 1239 ut
667 1205 910 1249 intelligeretis
930 1219 1003 1247 me,
1031 1219 1109 1240 cum
1134 1206 1192 1238 ni-

198 1257 250 1292 hil
277 1258 313 1291 in
338 1255 403 1291 hac
426 1268 527 1290 causa
553 1257 596 1289 de
619 1256 843 1301 amplissimis
865 1258 1083 1292 ornamentis
1105 1257 1193 1291 alia-

198 1322 278 1344 rum
302 1309 489 1343 nationum
507 1305 708 1349 detraham,
734 1307 826 1341 veris
843 1309 1008 1343 laudibus
1025 1309 1192 1343 Sues-iam

197 1367 407 1394 ornaturum
431 1371 513 1392 esse.
564 1357 703 1401 Quaeso
725 1365 841 1392 autem
866 1372 946 1401 vos,
972 1367 1011 1393 ut
1037 1372 1100 1404 pro
1123 1357 1193 1392 hu-

198 1412 364 1446 manitate
381 1417 493 1444 vestra
511 1421 566 1442 me
582 1410 735 1453 henigne
754 1411 923 1452 audiati53
952 1423 1033 1444 narn
1059 1412 1194 1444 candor

199 1470 249 1497 est
275 1470 476 1497 exterorum
499 1461 692 1495 virtutibus
719 1468 752 1495 et
785 1473 906 1496 earum
937 1474 1193 1496 commemora-

198 1515 287 1549 tioni
303 1515 430 1554 favere,
458 1524 543 1558 quas
561 1513 704 1558 quidem
722 1524 798 1554 nos,
825 1513 908 1558 quia
927 1514 1020 1547 inter
1037 1514 1194 1547 eruditos

198 1566 367 1605 dicimus,
395 1565 502 1610 paulo
526 1564 666 1607 tongins
683 1564 786 1597 etiam
811 1564 894 1598 inde
911 1576 1022 1610 usque
1039 1566 1084 1599 ab
1102 1564 1194 1598 auti-

197 1618 332 1663 quitate
349 1623 556 1661 repetemus.
612 1614 827 1660 Quanquam
846 1623 961 1649 autem
980 1616 1052 1649 sola
1072 1616 1195 1655 virtus,

198 1680 316 1701 veram
335 1674 367 1701 et
384 1667 532 1700 solidam
554 1666 692 1699 laudem
715 1666 824 1710 parit,
852 1673 968 1700 tamen
988 1674 1020 1700 et
1038 1667 1196 1712 antiqui-

198 1726 249 1754 tas
267 1719 424 1763 generis,
454 1718 535 1764 quia
557 1715 724 1750 nonnihil
743 1718 913 1752 momenti
933 1719 1045 1752 adfert
1062 1720 1104 1752 ad
1122 1719 1194 1751 vir-

200 1771 285 1805 tutis
301 1770 479 1808 studium,
507 1781 605 1802 suam
626 1769 764 1802 laudem
785 1776 948 1804 meretur.

253 1850 355 1879 Fortes
370 1845 508 1891 (inquit
523 1843 715 1890 Horatius)
733 1855 869 1877 creantur
884 1851 1010 1879 toi-tibus
1026 1857 1050 1879 et
1072 1852 1167 1880 bonis.

251 1901 302 1932 Est
319 1903 348 1930 in
366 1902 515 1937 iuvencis,
544 1907 584 1929 est
601 1901 630 1928 in
649 1902 733 1940 equis
752 1907 868 1939 patrum

252 1953 358 1983 Virtus
371 1977 378 1990 ,
406 1964 459 1981 nec
481 1953 631 1981 imbellem
648 1953 761 1981 feroces

252 2005 452 2044 Progeneraut
471 2006 589 2044 aliquae
608 2004 788 2032 columbam.

204 2080 323 2123 Quare
339 2090 418 2112 cum
433 2084 590 2111 vetorum
601 2076 800 2110 Suevorum
819 2088 954 2110 summa
965 2077 1077 2111 virtus
1094 2077 1200 2111 fuisse

206 2129 452 2175 perhibeatur,
484 2129 654 2162 credibile
679 2135 730 2162 est
753 2129 795 2161 ad
823 2135 980 2172 posteros
1010 2135 1198 2173 propagata

208 2194 279 2215 esse
301 2181 434 2214 semina
458 2181 628 2225 quaedam
655 2179 811 2220 virtuti53
849 2189 881 2213 et
901 2181 1200 2225 quemadmodum

207 2234 339 2266 formae
369 2244 557 2275 corporum
590 2231 623 2263 in
653 2231 743 2265 uatis
775 2231 960 2264 imitantur
987 2237 1120 2275 patres,
1155 2231 1201 2264 ita

208 2292 428 2329 posterorum
458 2283 597 2327 ingenia
630 2295 701 2315 nou
727 2294 828 2326 saepe
857 2289 1003 2316 naturae
1027 2283 1201 2316 maiorum

208 2336 391 2369 dissimilia
426 2341 518 2367 suut.
579 2333 734 2367 Proinde
761 2346 833 2366 non
867 2334 1026 2376 exiguam
1063 2334 1201 2367 laudem

211 2387 379 2420 Suexicae
399 2386 552 2418 nationis
572 2383 660 2418 baur
680 2397 752 2418 esse
769 2386 879 2425 duco,
907 2386 1000 2430 quud
1022 2398 1039 2418 a
1058 2385 1202 2418 maiori—

213 2439 277 2471 bus
303 2437 501 2470 in‹-r··‹tit·iti
521 2437 669 2477 virtute,
697 2437 833 2481 fideque
858 2437 1044 2480 praeditis,
1071 2436 1203 2482 quique

213 2489 374 2522 maximis
392 2489 494 2529 gestis
513 2489 616 2521 rebus
630 2501 711 2521 suae
728 2488 920 2532 posteritati
940 2488 1204 2531 praeluxerunt,

213 2540 280 2574 orti
307 2547 398 2573 sunt.
452 2539 593 2572 llabeut
619 2547 734 2573 autem
761 2546 893 2573 veteres
909 2539 1016 2573 Suevi
1041 2539 1203 2582 gravissi-

213 2604 310 2624 mum
338 2598 456 2624 testem
483 2603 623 2623 suarum
654 2592 816 2630 laudum,
847 2590 886 2625 C.
907 2590 1110 2631 Caesarem,
1143 2591 1202 2635 qui

212 2645 259 2676 sic
278 2642 441 2675 describit
463 2655 530 2679 eos,
554 2649 587 2674 ut
608 2643 782 2685 adpareat,
807 2649 838 2675 et
855 2642 950 2675 domi
969 2642 1102 2686 optime
1120 2654 1204 2674 cou—

214 2695 350 2727 stitutas
375 2693 528 2736 llespub.
560 2694 857 2738 domesticamque
889 2693 1113 2737 disciplinam
1143 2690 1204 2726 ba-

215 2747 349 2784 buisse,
376 2753 405 2779 et
427 2745 510 2777 soris
533 2745 774 2777 incredibilem
799 2757 920 2777 eorum
949 2745 1205 2783 fortitudinem,

745 143 904 181 DECL.
959 145 1032 181 DE
1064 141 1342 182 ENCOMIO
1378 141 1647 181 SUEVIAE.

1226 230 1479 275 scientiamque
1496 229 1547 263 rei
1566 230 1731 264 militaris
1747 233 1971 278 praecipuam
1989 235 2107 270 fuisse.
2157 233 2223 270 Et-

1228 282 1323 315 enim
1347 287 1385 314 ut
1408 281 1707 325 praetermittam,
1740 291 1870 327 quanta
1897 286 2011 329 gentis
2040 287 2224 331 frugalitas

1228 333 1356 373 fuerit,
1398 331 1481 377 quia
1505 332 1630 366 vinum
1659 333 1846 378 importari
1870 344 1992 371 contra
2021 337 2113 381 leges
2142 345 2226 378 erat,

1230 396 1318 429 quae
1353 383 1620 417 exercitationes
1655 384 1850 419 iuventutis
1885 387 2018 422 suerint
2044 389 2082 422 in
2109 389 2229 430 armis,

1231 441 1364 481 quanto
1381 434 1502 468 labore
1519 436 1644 469 durata
1662 448 1825 480 corpora,
1849 443 1883 470 et
1900 438 2011 471 animi
2027 440 2072 472 ad
2089 441 2227 484 patien-

1232 487 1316 520 tiam
1340 486 1550 527 adsuefacti,
1583 493 1659 520 tum
1688 485 1777 520 mihi
1805 500 1949 532 prorsus
1970 490 2089 523 videre
2113 503 2229 536 quan-

1233 539 1314 571 dam
1331 536 1490 571 Platonis
1507 537 1683 571 civitatem
1699 538 1834 580 videor,
1856 552 1935 573 cum
1951 541 2028 584 lego
2046 538 2139 574 nihil
2156 541 2228 575 illis

1235 588 1362 634 privati
1380 588 1451 632 agri
1468 588 1587 629 fuisse,
1614 590 1672 622 sed
1689 589 1766 623 siue
1786 591 1979 635 cupiditate
1996 592 2231 626 communiter

1236 639 1401 681 coluisse,
1427 652 1515 684 quae
1534 640 1666 685 quique
1683 641 1758 674 loca
1777 649 2024 686 occupassent,
2051 655 2118 688 qua
2138 643 2175 676 in
2193 655 2232 677 re

1236 692 1402 735 adparet,
1430 690 1567 725 animos
1588 692 1702 734 gentis
1717 705 1845 726 vacuos
1865 694 2017 728 avaricia
2045 701 2079 727 et
2103 694 2233 728 simili-

1238 742 1303 775 bus
1329 741 1506 786 pestibus,
1543 744 1640 776 unde
1667 743 1704 776 in
1735 744 1938 778 civitatibus
1970 756 2092 788 graves
2118 752 2236 779 motus

1238 793 1384 826 existere
1401 793 1536 834 solent,
1559 805 1696 827 summa
1723 795 1894 839 religione
1917 796 2093 830 iusticiam
2111 808 2151 830 ac
2172 808 2237 840 pa·-

1239 856 1312 877 cem
1331 844 1490 876 coluisse.
1542 844 1643 878 Plato
1671 846 1739 887 ait,
1768 846 1812 880 ita
1832 847 2096 881 foelicissimum
2113 847 2238 881 civita-

1240 895 1284 929 tis
1307 901 1435 928 statum
1459 895 1552 936 fore,
1577 896 1606 928 si
1633 909 1737 941 quam
1763 898 1922 942 proxime
1948 905 2096 932 conetur
2119 898 2234 943 expri-

1212 972 1214 980 .
1240 957 1334 978 mere
1353 944 1443 979 hauc
1461 945 1583 989 legem,
1610 959 1700 992 quae
1718 949 1761 981 de
1779 949 1901 982 amicis
1919 956 2022 989 extat,
2049 947 2095 984 τὰ
2115 948 2237 996 φίλων

1240 993 1359 1031 κοινά.
1421 996 1538 1039 Quam
1572 1006 1689 1032 autem
1723 997 1813 1032 mihi
1841 998 2013 1034 Graecam
2049 1001 2238 1041 civitatem,

1242 1059 1328 1094 quas
1350 1045 1529 1089 Athenas,
1554 1062 1658 1094 quam
1681 1049 1864 1095 Spartam,
1890 1058 1950 1085 aut
1966 1051 2098 1086 Locros
2121 1052 2238 1086 nomi-

1242 1099 1342 1134 nabit
1358 1099 1505 1144 aliquis,
1535 1099 1571 1132 in
1590 1113 1658 1145 qua
1678 1102 1824 1145 perinde
1841 1103 1914 1146 agri
1933 1115 2140 1137 communes
2157 1115 2240 1148 pos-

1242 1151 1484 1195 sessionesque
1510 1151 1658 1192 suerint,
1694 1159 1732 1186 ut
1758 1154 1852 1197 apud
1877 1153 2037 1188 Suevos?
2076 1154 2137 1200 qui
2168 1154 2238 1188 nisi

1244 1201 1447 1235 admirabili
1464 1201 1599 1235 iusticia
1618 1203 1780 1246 praediti,
1804 1211 1836 1238 et
1851 1216 1977 1248 magna
1998 1205 2091 1239 inter
2106 1217 2142 1239 se
2158 1203 2240 1239 cha-

1245 1253 1348 1287 ritate
1373 1253 1529 1286 deviucti
1556 1254 1724 1295 fuissent,
1751 1255 1851 1289 nullo
1877 1257 1983 1290 modo
2002 1257 2100 1290 illam
2122 1267 2241 1290 rerum

1245 1304 1532 1338 communionem
1551 1305 1797 1340 exercuissent.
1853 1306 2037 1349 Quaedam
2061 1315 2181 1351 gentes
2196 1308 2242 1341 ab

1246 1356 1323 1389 Diis
1339 1367 1374 1388 se
1391 1362 1485 1389 ortas
1501 1367 1574 1389 esse
1591 1357 1809 1400 praedicant,
1835 1356 1925 1390 mihi
1941 1371 2014 1391 non
2032 1359 2150 1392 minor
2167 1359 2242 1393 laus

1247 1407 1387 1440 videtur
1409 1407 1453 1439 ad
1481 1406 1565 1440 tales
1594 1408 1705 1449 viros,
1729 1409 1848 1454 quales
1870 1409 1976 1442 fnisse
2000 1417 2132 1444 veteres
2151 1409 2242 1445 Sue-

1246 1470 1308 1492 vos
1328 1457 1543 1501 intelligitis,
1572 1470 1651 1492 vere
1671 1471 1771 1504 posse
1793 1460 1968 1503 originem
1991 1461 2141 1503 referre,
2172 1473 2243 1507 qua

1246 1510 1290 1543 ad
1309 1507 1499 1542 Herculem
1516 1516 1577 1543 aut
1598 1509 1763 1546 Martem.
1816 1510 1897 1545 Non
1915 1518 1966 1546 cst
1989 1512 2141 1547 instituti
2161 1512 2244 1553 mei,

1248 1561 1369 1594 laudes
1392 1560 1541 1593 aliarum
1565 1561 1600 1594 in
1619 1561 1812 1596 Germania
1837 1563 2023 1597 nationum
2044 1571 2245 1604 extenuare,

1248 1619 1366 1646 tamen
1386 1609 1452 1644 hoc
1469 1612 1504 1644 iu
1524 1612 1683 1646 confesso
1700 1620 1768 1653 est,
1796 1614 1932 1647 nullius
1949 1615 2100 1649 maiores
2114 1627 2244 1649 monu-

1248 1663 1376 1696 mentis
1406 1663 1607 1704 literarum‚
1650 1665 1796 1708 perinde
1822 1672 1861 1699 ut
1884 1665 2020 1699 Suevos
2050 1666 2245 1700 celebratos

1249 1726 1334 1755 esse,
1358 1715 1452 1758 quod
1473 1714 1616 1759 quidem
1631 1723 1876 1759 argumentum
1895 1727 1967 1749 esse
1985 1714 2073 1750 mibi
2090 1717 2246 1757 videtur,

1250 1767 1380 1799 virtute
1404 1765 1508 1799 etiam
1533 1777 1591 1799 eos
1623 1767 1770 1812 reliquis
1794 1767 1960 1801 omnibus
1985 1768 2022 1800 in
2050 1767 2244 1802 Germania

1249 1816 1457 1851 nationibus
1475 1817 1697 1860 praestitisse.
1753 1817 1946 1864 Pleraeque
1970 1819 2114 1853 nomine
2134 1820 2244 1854 veteri

1250 1868 1398 1908 amisso,
1431 1879 1475 1901 ne
1500 1868 1644 1912 quidem
1672 1870 1908 1903 coniecturam
1933 1882 2057 1914 capere
2088 1877 2248 1915 possunt,

1251 1933 1291 1953 ex
1308 1920 1437 1965 quibus
1461 1919 1529 1953 orti
1552 1919 1623 1953 sint
1648 1921 1853 1956 maioribus.
1905 1919 1953 1954 Et
1970 1919 2063 1955 baud
2081 1923 2173 1963 scio,
2200 1934 2247 1956 an

1251 1971 1317 2005 soli
1338 1971 1445 2005 Suevi
1471 1982 1601 2004 nomen
1628 1979 1725 2005 vetus
1753 1972 1982 2012 retinuerint,
2009 1973 2070 2006 sed
2093 1985 2171 2007 cum
2199 1973 2246 2007 ita

1253 2029 1388 2056 mutent
1405 2029 1524 2065 gentes
1540 2023 1703 2062 nomina,
1727 2024 1755 2056 si
1773 2024 1826 2057 vel
1845 2024 1956 2068 patria
1971 2023 2080 2068 pulsi,
2107 2024 2161 2058 vel
2178 2023 2246 2058 im-

1254 2074 1351 2119 perio
1375 2074 1522 2111 deiecti,
1552 2074 1677 2107 amissa
1701 2075 1880 2112 libertate,
1910 2075 1946 2107 in
1970 2075 2122 2109 aliorum
2148 2082 2247 2120 pote-

1254 2133 1376 2159 statem
1401 2125 1564 2165 veniant,
1599 2126 1788 2159 verisimile
1812 2133 1860 2160 est
1885 2126 2041 2165 Suevos,
2075 2127 2157 2172 quia
2181 2139 2248 2160 no-

1255 2190 1335 2210 meu
1361 2176 1605 2217 retinuerunt,
1647 2177 1844 2210 libertatem
1874 2189 1972 2210 suam
2000 2189 2138 2212 summa
2167 2190 2246 2211 cum

1255 2229 1384 2263 virtute
1400 2229 1578 2261 defensam
1591 2254 1600 2269 ,
1626 2240 1809 2274 nunquam
1827 2228 1995 2264 amisisse.
2047 2227 2137 2262 Nam
2151 2229 2247 2276 quod

1255 2281 1352 2313 sedes
1369 2286 1570 2319 mutarunt,
1597 2287 1629 2313 et
1647 2292 1665 2312 a
1686 2277 1837 2313 Baltbici
1860 2280 1965 2313 maris
1988 2279 2122 2321 littore,
2152 2281 2247 2326 quod

1256 2332 1341 2365 olim
1361 2337 1569 2370 tenuerunt,
1598 2331 1742 2375 propius
1762 2330 1929 2366 Rhenum
1949 2338 2184 2372 accesserunt,
2212 2331 2247 2365 id

1256 2383 1398 2422 accidit,
1439 2383 1521 2427 quia
1556 2382 1704 2415 lacessiti
1733 2382 1905 2417 Humanis
1939 2383 2066 2422 annis,
2107 2383 2144 2415 iu
2173 2382 2247 2427 ripa

1258 2432 1375 2469 Rheni
1395 2435 1502 2467 domo
1526 2434 1632 2467 accita
1660 2434 1831 2477 praesidia
1848 2435 2002 2479 primum
2020 2434 2251 2474 collocarunt,

1257 2494 1374 2530 postea
1395 2485 1484 2530 capti
1505 2487 1595 2518 aeris
1615 2485 1774 2531 coelique
1793 2485 1999 2524 clementia,
2025 2481 2080 2518 liis
2104 2484 2141 2518 iu
2165 2485 2251 2518 locis
2300 2486 2307 2525 f

1256 2538 1511 2575 mmsederunt,
1537 2544 1567 2570 et
1594 2543 1811 2580 occuparunt
1836 2549 1911 2570 eam
1932 2535 2147 2569 Germaniae
2169 2548 2250 2581 par—

1257 2597 1342 2629 tem,
1370 2589 1473 2631 longe
1491 2588 1662 2633 promotis
1681 2588 1808 2622 fluibus
1820 2614 1829 2628 ,
1854 2599 1944 2633 quae
1962 2587 2053 2621 iuter
2070 2585 2251 2628 libertum,

1259 2640 1383 2684 *levffi
1417 2640 1549 2686 Lycum
1578 2647 1609 2674 et
1635 2638 1804 2672 Moenum
1830 2645 1899 2676 est,
1931 2636 1966 2670 bi
2004 2645 2085 2672 suut
2112 2639 2249 2673 Suevo-

1258 2705 1334 2725 rum
1351 2693 1436 2725 lines
1454 2692 1518 2725 boc
1538 2699 1705 2736 tempore.
1744 2689 1864 2735 Neque
1882 2702 1964 2722 sero
1981 2691 2250 2731 degenerarunt,

1258 2750 1390 2777 mutato
1416 2744 1512 2776 coelo
1537 2756 1554 2776 a
1579 2741 1725 2787 pristina
1752 2742 1902 2777 virtute.
1931 2743 1989 2775 sed
2017 2738 2071 2774 bis
2097 2740 2249 2786 primum
