2338 2958
183 118 258 152 983

187 203 342 238 studiose
362 201 473 236 multa
497 200 539 233 de
561 198 740 232 stellarum
766 195 922 229 motibus
952 200 985 228 et
1016 192 1174 226 effectio-

187 255 302 289 nibus.

288 303 340 338 Ac
364 300 504 334 Ioannis
528 297 802 342 Regiomontani
829 294 1052 329 sermonibus
1076 299 1110 327 et
1126 293 1177 326 fa-

188 355 387 389 miliaritate
412 352 457 384 ita
477 349 667 382 delectatus
689 354 756 388 est,
781 353 819 380 ut
837 346 973 391 quoties
999 345 1034 377 in
1061 343 1178 377 aulam

188 406 369 443 veniebat,
396 411 536 434 mensae
553 411 631 432 eum
647 410 728 431 suae
745 394 949 436 adhiberet,
975 395 1085 428 multa
1113 394 1179 428 sci-

189 458 333 494 scitans,
361 453 403 485 de
420 451 574 484 motibus
597 449 794 488 stellarum,
822 447 910 481 etde
931 446 1036 479 variis
1051 451 1179 479 natura

188 503 376 540 miraculis.
414 500 638 545 Stipendium
658 499 760 533 etiam
780 496 863 531 lmic
881 508 1038 530 annuum
1056 507 1180 529 aureos

189 559 356 590 ducentos
375 553 481 586 dedit.
524 549 570 585 Et
589 550 719 583 multos
737 549 832 582 viros
847 549 967 582 doctos
985 544 1181 580 mathema-

189 615 263 640 tum
288 605 439 639 cultores
467 602 580 636 evexit
603 602 643 635 ad
670 599 805 643 fastigia
831 596 1008 632 bonorum
1035 596 1181 641 amplis-

189 658 371 691 simorum.

291 706 384 740 llaec
408 705 479 738 sere
505 704 548 737 de
570 713 649 745 rege
666 698 818 735 Matthia
835 699 962 744 partim
988 697 1074 741 legi,
1102 708 1182 740 pir-

190 760 253 793 tim
279 756 417 794 audivi,
452 762 484 788 et
509 753 660 798 optarim
685 751 857 795 integram
881 751 955 783 eius
984 746 1183 786 historiam,

191 811 234 843 ab
252 809 370 853 aliquo
389 807 518 839 diserto
539 804 649 848 gentis
659 801 884 836 Pannonicae
898 800 974 832 viro
991 799 1057 832 edi.
1094 797 1182 831 Nam

192 861 233 894 ad
261 856 637 893 commonefactionem
663 853 706 886 de
727 851 849 886 multis
872 851 998 890 rebus,
1024 849 1110 883 tales
1128 846 1184 881 hi-

191 910 318 945 storiae
337 908 560 946 conducunt,
586 903 778 938 ostendunt
796 901 974 945 singulare
991 900 1057 934 Dei
1077 900 1184 933 hene-

191 961 310 995 ficium
334 970 425 998 esse,
452 957 621 990 salutares
642 954 912 998 gubernatores,
939 958 972 985 et
988 956 1133 984 movent
1148 956 1185 982 ut

192 1012 282 1045 serio
299 1016 458 1055 petamus
474 1020 490 1040 a
503 1006 579 1040 Deo
596 1004 898 1040 conservationem
914 1001 1101 1035 mediocris
1116 1007 1185 1034 sta-

192 1071 248 1097 tus
263 1063 301 1095 in
319 1059 496 1103 imperiis,
523 1063 723 1090 monstrant
737 1053 943 1088 discrimina
964 1064 1097 1091 eorum,
1124 1050 1185 1096 qui

192 1125 247 1147 res
262 1109 472 1146 necessarias
486 1115 519 1142 et
534 1108 639 1141 utiles
655 1104 788 1151 patriae
805 1110 964 1148 egerunt,
985 1109 1019 1136 et
1033 1102 1185 1135 aliorum

193 1165 254 1210 qui
272 1174 326 1196 res
345 1160 487 1193 inutiles
506 1163 712 1196 moverunt,
735 1162 768 1189 et
783 1153 914 1188 intueri
932 1164 997 1185 nos
1015 1151 1186 1184 iudicium

193 1214 261 1248 Dei
278 1213 419 1248 iubent,
447 1215 478 1243 et
496 1208 635 1241 flectere
650 1211 786 1239 mentes
801 1205 843 1237 ad
864 1203 1038 1237 iusticiam
1061 1208 1093 1235 et
1111 1214 1188 1235 mo-

195 1264 360 1303 destiam,
386 1272 430 1293 ue
456 1258 564 1293 caecis
591 1255 846 1301 cupiditatibus
873 1252 1018 1298 impulsi
1046 1263 1188 1286 ruamus

196 1317 232 1348 in
251 1324 391 1360 poenas».
428 1310 572 1344 Talium
587 1305 872 1341 admonitionum
890 1303 1059 1347 exempla,
1087 1314 1188 1347 saepe

196 1366 347 1409 cogitare
364 1361 452 1396 utile
470 1367 536 1401 est,
563 1371 602 1393 ac
619 1357 726 1392 simul
748 1357 904 1390 orandus
921 1354 1015 1388 fitius
1031 1352 1098 1387 Dei
1114 1351 1190 1387 Do·-

198 1418 314 1450 minus
337 1419 456 1447 noster
481 1411 575 1444 lesus
589 1407 769 1449 Christus,
794 1406 978 1441 crucifixus
1001 1416 1065 1450 pro
1086 1404 1189 1438 nobis

197 1474 230 1502 et
256 1465 498 1503 resuscitatus,
532 1466 647 1494 custos
671 1457 848 1493 Ecclesiae
871 1469 973 1497 suae,
1005 1462 1045 1489 ut
1069 1463 1102 1490 et
1125 1466 1189 1488 nos

198 1519 385 1562 gubernet,
413 1520 446 1547 et
461 1511 612 1556 hospitia
629 1508 806 1544 Ecclesiae
828 1515 861 1542 et
877 1506 1058 1541 doctrinae
1074 1506 1190 1540 studia

198 1571 387 1603 clementer
403 1571 553 1605 tueatur,
580 1568 613 1596 et
630 1561 882 1605 gubernatores
900 1558 1004 1593 nobis
1022 1558 1080 1591 det
1096 1557 1190 1591 salu—

198 1628 300 1655 tares.
353 1616 451 1652 Dixi·

968 1786 1031 1824 (au.
1052 1786 1146 1816 1551.
1158 1783 1191 1823 ,7)

974 1830 1182 1847 Μ

201 1794 265 1828 No.
289 1789 372 1826 125.

207 1839 378 1856 w

508 1882 583 1922 De
606 1878 884 1935 precatione.

272 1977 300 2002 ln
317 1973 408 2000 select.
421 1970 570 1997 necta-nat.
581 1965 666 1993 T.lll.
683 1964 767 1999 p.666
776 1973 848 1998 sqq·‚
867 1963 982 1989 serven.
996 1962 1026 1989 T.
1037 1962 1083 1987 ΙΙΙ.
1099 1961 1193 1996 p.630.

302 2015 326 2035 et
343 2006 468 2033 nithard.
489 2004 520 2030 Τ.
536 2003 581 2028 lll.
599 2001 694 2036 p.296.
720 2013 754 2018 —
795 1998 913 2023 Strobel.
934 1998 961 2022 in
978 1997 1043 2022 bibl.
1060 1996 1192 2021 Metamh.

304 2044 336 2069 ad
357 2050 421 2067 ann.
439 2040 512 2065 1551.
533 2039 732 2064 commemorat
753 2033 802 2059 Nu.
817 2033 878 2059 362.
897 2031 1038 2058 libellum:
1071 2030 1194 2063 „Oratio

305 2079 337 2103 de
358 2075 525 2109 precatione,
552 2071 650 2105 scripta
679 2079 692 2095 a
713 2068 750 2094 M.
772 2066 906 2093 Marcello
961 2066 1050 2090 viteb.
1075 2066 1145 2092 155¹.
1171 2065 1194 2089 8.

304 2113 322 2136 2
336 2111 391 2151 pt.''
410 2124 442 2129 —
481 2108 565 2132 Atiam
583 2103 734 2130 orationem
752 2102 813 2135 πυρὶ
835 2101 927 2134 εὐχῶν
942 2099 1103 2137 Mel-authori
1123 2101 1194 2125 seri-

306 2153 354 2180 psit
369 2146 395 2170 in
411 2153 488 2169 usum
503 2142 604 2169 Bernh,
621 2137 740 2172 ziegteui
754 2146 798 2164 ιο.
814 2136 888 2162 1540.
928 2134 941 2158 ὶ
952 2135 986 2160 id.
1002 2134 1069 2168 ΕΗ).
1081 2133 1194 2161 Vot.Vt.

307 2192 331 2216 p.
346 2181 386 2205 80.

471 2258 596 2291 Oratio
625 2253 672 2287 de
697 2253 930 2298 precatione.

203 2329 285 2370 Etsi
303 2327 468 2363 omnibus
491 2321 707 2366 temporibus
726 2319 835 2352 multa
860 2324 891 2351 et
908 2315 1068 2349 miranda
1088 2315 1194 2348 lwne-

204 2385 279 2419 sicia
295 2380 428 2416 confert
446 2375 542 2409 Deus
557 2371 749 2411 Ecclesiae,
773 2380 919 2413 eamque
937 2379 1037 2411 saepe
1062 2366 1197 2406 litu-mi,

207 2442 324 2471 tuetur
347 2439 376 2463 et
396 2433 507 2461 servat
527 2425 562 2457 in
584 2422 718 2465 magnis
735 2419 1004 2454 calamitatibus.
1058 2416 1194 2449 'l‘auwn

208 2482 372 2531 inprimis
393 2476 556 2511 convo-uit
580 2486 645 2507 nos
671 2471 865 2517 praeseutia
892 2468 1058 2502 lwueliria
1081 2468 1195 2500 conisi-

207 2541 340 2573 ἀει-ΑΠ’,
367 2540 474 2574 enque
490 2525 701 2570 praedicare,
728 2530 759 2556 et
778 2534 841 2567 pro
860 2521 901 2554 iis
920 2520 992 2553 Deo
1013 2526 1198 2563 perpvmfls

207 2587 333 2633 gratias
355 2591 463 2625 agere.
593 2625 599 2631 .
717 2623 723 2630 .
882 2623 888 2628 .
1089 2620 1096 2627 .

308 2636 397 2669 (ium
417 2636 530 2664 antem
556 2625 688 2669 aliquot
717 2636 783 2655 tam
806 2635 906 2655 :uuus
924 2619 990 2654 lmr
1016 2620 1198 2664 oppidum,

208 2701 237 2727 et
255 2689 342 2725 lmw
362 2689 515 2719 nostram
533 2674 724 2712 Ecclesiam
745 2672 834 2709 Deus
853 2673 971 2707 ...⁰155
997 2671 1196 2715 {nmmum—5

851 108 1013 144 DECL.
1042 85 1119 142 ΒΕ
1153 104 1554 144 PRECATmNE.

2145 109 2222 146 984

1229 192 1407 226 beneficiis
1441 191 1693 234 cumulaverit,
1729 193 1882 237 primum
1917 194 2109 229 instaurata
2143 194 2222 228 luce

1228 241 1435 285 Evangelii,
1472 249 1503 276 et
1530 243 1671 276 donatis
1686 244 1932 280 {mediocribus
1946 244 2156 290 Halcyoniis
2176 246 2222 278 ad

1231 294 1378 327 colenda
1398 293 1454 338 pia
1473 293 1589 327 studia
1608 293 1644 326 in
1663 290 1718 326 his
1733 295 1887 328 motibus
1903 293 2128 335 Germaniae,
2148 306 2222 328 non

1233 345 1389 377 alienum
1425 350 1476 377 est
1509 344 1545 376 iu
1581 344 1747 377 omnibus
1786 345 2028 388 congressibus
2061 345 2225 389 publicis,

1230 407 1310 428 eum
1331 391 1495 427 hibenda
1512 394 1624 427 oratio
1645 401 1713 436 est,
1741 392 1808 428 hoc
1826 395 1970 428 exordio
1987 402 2153 440 tanquam
2171 396 2223 428 le-

1230 446 1352 488 gitimo
1379 445 1449 485 uti,
1474 452 1514 478 ut
1531 443 1606 478 Deo
1631 455 1694 489 pro
1720 452 1855 479 servata
1874 443 2030 479 Ecclesia
2054 452 2087 479 et
2104 443 2222 479 schola

1232 496 1361 540 gratias
1377 507 1530 538 agamus.

1331 544 1407 579 Etsi
1434 545 1527 578 enim
1551 545 1626 578 leve
1651 542 1716 578 hoc
1739 557 1848 590 genus
1865 545 2004 581 videtur
2021 557 2093 580 esse
2118 547 2224 590 grati-

1231 596 1366 629 tudinis
1391 608 1472 641 erga
1498 595 1632 632 Deum,
1661 597 1756 640 quod
1782 597 1897 630 verbis
1924 597 2144 636 ostenditur,
2171 604 2223 630 ta-

1231 659 1312 679 men
1339 659 1402 680 nec
1424 646 1575 690 amplius
1599 654 1773 690 praestare
1794 659 1997 691 possumus,
2025 659 2103 681 cum
2127 648 2224 680 frua-

1232 709 1313 730 mur
1330 703 1401 730 tota
1419 703 1543 730 natura
1561 704 1727 742 tanquam
1745 709 1811 731 usu
1828 698 1931 731 nobis
1945 698 2116 731 divinitus
2132 698 2224 737 data,

1232 755 1271 781 ut
1288 747 1453 792 quicquid
1475 747 1557 780 iude
1574 747 1649 781 Deo
1668 749 1864 789 reddimus,
1891 748 1935 781 de
1951 749 2068 782 alieno
2091 760 2162 780 nou
2182 749 2226 781 de

1233 805 1373 839 nostro,
1410 798 1599 831 reseramus
1623 799 1769 840 gratiam
1793 799 1908 832 autori
1931 800 2090 832 omnium
2111 800 2226 832 bono-

1233 861 1324 882 rum.
1374 846 1420 882 Et
1446 848 1573 881 scimus
1596 848 1668 881 Deo
1692 855 1831 892 gratum
1857 861 1928 882 esse
1959 847 2026 883 hoc
2057 849 2227 888 officium,

1234 911 1385 944 eumque
1405 905 1548 943 propter
1564 898 1674 932 filium
1693 910 1796 932 suum
1813 900 1965 944 recipere
1985 912 2047 944 pro
2067 900 2174 933 cultu.

1337 948 1475 983 Deinde
1495 949 1649 992 postulat
1669 947 1735 983 hoc
1753 956 1787 983 et
1803 951 2008 993 magnitudo
2026 950 2228 993 benignita-

1234 1001 1278 1034 tis
1296 999 1362 1034 Dei
1382 1011 1461 1043 erga
1479 1011 1555 1035 nos.
1591 998 1681 1042 Quis
1699 1000 1794 1033 enim
1811 1008 1970 1034 nostrum
1989 1009 2056 1042 est,
2084 1001 2147 1034 etsi
2165 1002 2228 1034 ad-

1233 1050 1304 1085 huc
1328 1051 1446 1084 omnia
1465 1051 1619 1095 pendent
1643 1050 1680 1083 in
1701 1049 1766 1083 Dei
1789 1063 1915 1092 manu,
1948 1051 2008 1096 qui
2034 1051 2153 1096 paucis
2173 1048 2228 1084 his

1235 1101 1336 1134 annis
1362 1101 1529 1145 potuisset
1554 1113 1692 1144 sperare
1717 1101 1851 1135 diutius
1875 1102 1912 1134 in
1938 1100 1993 1135 his
2025 1102 2229 1146 regionibus

1235 1163 1442 1184 mansurum
1472 1151 1597 1184 nidum
1624 1151 1799 1196 aliquem,
1831 1152 1894 1185 ubi
1922 1152 2087 1186 iuventus
2111 1151 2230 1186 doceri

1237 1208 1268 1234 et
1285 1201 1425 1234 educari
1443 1201 1570 1244 possit,
1598 1207 1630 1233 et
1649 1201 1902 1247 qualiscunque
1921 1203 2020 1247 quasi
2039 1210 2159 1246 portus
2177 1209 2230 1236 te-

1237 1259 1400 1291 neretur,
1427 1251 1488 1284 ubi
1507 1263 1571 1284 vox
1591 1251 1749 1286 coelestis
1765 1252 1808 1285 de
1827 1252 2008 1287 voluntate
2025 1252 2091 1286 Dei
2108 1260 2142 1287 et
2156 1252 2228 1286 filio

1237 1302 1347 1348 ipsius
1375 1302 1562 1335 liberatore
1590 1309 1712 1336 nostro
1741 1302 1904 1336 sonaret?

1339 1352 1393 1387 Sit
1417 1353 1525 1396 igitur
1549 1350 1615 1386 huc
1633 1353 1733 1398 quasi
1756 1354 1950 1398 auspicium
1973 1365 2178 1397 congressus
2197 1361 2231 1388 et

1237 1404 1408 1438 orationis
1426 1410 1565 1437 nostrae
1578 1431 1586 1445 ‚
1614 1410 1653 1437 ut
1667 1405 1772 1438 simul
1788 1416 1909 1438 onmes
1928 1404 2058 1438 iunctis
2080 1405 2231 1449 pectori-

1238 1456 1302 1489 bus
1325 1462 1358 1489 et
1382 1455 1471 1488 votis
1491 1453 1567 1487 Deo
1597 1467 1693 1488 nunc
1717 1455 1844 1499 gratias
1868 1467 2026 1499 agamus:
2063 1467 2141 1489 cum
2167 1468 2231 1500 pro

1237 1507 1315 1539 aliis
1331 1505 1521 1545 beneficiis,
1548 1506 1677 1550 quibus
1695 1505 2097 1540 univcrsamEeclesiam
2114 1507 2231 1539 omui-

1237 1557 1304 1590 bus
1322 1556 1539 1601 temporibus
1557 1564 1688 1598 servat,
1719 1564 1790 1590 tum
1813 1557 1917 1591 etiam
1934 1558 2026 1602 quod
2049 1569 2113 1591 nos
2128 1569 2231 1601 saepe

1240 1609 1275 1640 in
1309 1605 1364 1640 his
1395 1607 1637 1651 praesentibus
1670 1608 1850 1651 procellis,
1886 1614 1919 1641 et
1942 1608 2042 1653 quasi
2067 1608 2234 1642 fluctibus

1239 1664 1502 1702 tempestatum,
1529 1663 1648 1690 tuetur
1663 1665 1694 1690 et
1713 1659 1806 1701 tegit.

1341 1707 1426 1741 Tibi
1445 1707 1551 1751 igitur
1569 1706 1662 1740 Deus
1681 1715 1819 1741 aeterne
1846 1716 1942 1752 pater
1959 1706 2103 1742 Domini
2124 1708 2232 1742 nostri

1242 1758 1319 1793 lesu
1338 1756 1490 1798 Christi,
1519 1758 1578 1803 qni
1597 1771 1665 1791 uua
1683 1771 1762 1792 cum
1781 1759 1852 1792 lilio
1871 1766 1931 1792 tuo
1949 1766 1980 1792 et
1998 1758 2134 1802 Spiritu
2152 1771 2234 1791 sau-

1240 1816 1313 1850 cto,
1341 1809 1399 1854 qni
1428 1809 1471 1842 ab
1497 1817 1647 1853 utroque
1669 1810 1845 1852 procedit,
1880 1809 2071 1842 condidisti
2097 1809 2234 1842 coelum

1241 1867 1272 1892 et
1301 1869 1448 1898 terram,
1475 1866 1507 1892 et
1533 1859 1703 1902 collegisti
1728 1860 1792 1893 tibi
1818 1858 2029 1898 Ecclesiam,
2059 1858 2103 1892 ab
2132 1859 2236 1893 initio

1240 1909 1384 1949 mundi,
1418 1921 1457 1941 ex
1483 1915 1555 1942 toto
1581 1920 1706 1950 genere
1729 1907 1902 1949 lmmano,
1939 1909 2072 1952 agimus
2096 1910 2236 1953 gratias,

1242 1971 1336 1993 nunc
1362 1965 1511 2004 quantas
1537 1959 1646 1991 animi
1672 1960 1782 1993 nostri
1810 1972 1932 2004 capere
1964 1967 2127 2003 possunt,
2162 1972 2233 1994 nun

1243 2011 1357 2044 solum
1384 2022 1446 2054 pro
1463 2010 1643 2043 voluntate
1662 2016 1739 2049 tua,
1775 2011 1816 2044 de
1838 2011 2045 2044 liberatione.
2064 2018 2181 2044 nostra
2203 2018 2236 2046 et

1243 2061 1402 2094 omnium
1424 2058 1628 2101 lmminum,
1656 2073 1718 2105 per
1733 2062 1858 2102 fllium,
1886 2073 1990 2107 quem
2010 2061 2150 2095 voluisti
2172 2074 2235 2105 pru

1244 2112 1347 2145 nuliis
1377 2111 1448 2144 lieri
1468 2111 1664 2150 xictimam,
1692 2113 1859 2155 patefacta
1879 2113 2031 2157 primum
2059 2112 2093 2145 in
2117 2113 2237 2147 multis

1245 2163 1348 2202 lot-is,
1375 2162 1409 2194 in
1426 2161 1554 2207 quibus
1570 2169 1601 2195 t·-
1617 2163 1814 2201 ostendisti,
1841 2175 1878 2197 ac
1897 2163 2080 2208 praecipue
2098 2163 2183 2196 olim
2200 2163 2236 2196 in

1245 2214 1361 2247 medio
1379 2213 1474 2246 urbis
1491 2220 1662 2246 terrarum
1681 2220 1713 2247 et
1735 2213 1770 2246 in
1788 2212 2027 2252 Hierusalem,
2054 2214 2112 2248 sed
2132 2213 2236 2247 etiam

1244 2278 1308 2310 pro
1327 2264 1484 2298 restituta
1501 2263 1577 2297 luce
1587 2261 1782 2307 Evangelii,
1799 2264 1834 2297 in
1851 2262 1905 2298 his
1919 2263 2055 2298 miseris
2073 2272 2106 2298 ct
2119 2276 2239 2309 asper-

1246 2315 1344 2349 rimis
1363 2314 1447 2347 locis
1465 2315 1505 2347 ad
1529 2313 1755 2359 Aquilonem.
1801 2313 1938 2349 Deinde
1955 2316 2051 2360 quud
2072 2327 2134 2349 nos
2153 2318 2241 2359 tegis

1245 2367 1406 2399 miranda
1424 2365 1627 2405 cletueutia,
1649 2367 1815 2399 :nli-ersus
1833 2366 2025 2411 potentiam
2041 2373 2073 2400 et
2091 2366 2238 2401 insidias

1245 2417 1396 2455 diaboli,
1425 2416 1483 2461 qni
1504 2429 1573 2448 uon
1593 2423 1729 2450 t.mtnm
1748 2417 1945 2451 doctrinam
1964 2417 2101 2461 ‹toton-e,
2128 2420 2186 2451 sed
2204 2426 2237 2452 ct

1245 2466 1420 2501 Efclvsiae
1436 2475 1464 2500 et
1483 2467 1687 2500 salutarium
1705 2470 1902 2502 studiorum
1923 2465 2075 2512 hospitia
2093 2470 2238 2511 perdere

1246 2526 1403 2551 sotiatur.
1445 2516 1566 2562 'seque
1585 2530 1668 2550 oran
1687 2531 1737 2558 us,
1767 2528 1799 2552 ut
1823 2531 1885 2552 uns
1900 2527 1930 2553 et
1950 2519 2132 2563 praecipue
2149 2520 2239 2559 illus,

1245 2570 1375 2615 quibus
1394 2581 1511 2602 curam
1530 2569 1680 2602 ‹lucen-li
1699 2578 1727 2603 et
1747 2569 1967 2613 gubernandi
1984 2576 2080 2603 tuum
2097 2581 2236 2612 gregem

1246 2635 1255 2653 ‹
1268 2619 1451 2654 ‹numisisti
1465 2647 1473 2659 ,
1501 2619 1691 2654 clementer
1707 2621 1836 2654 tuearis
1852 2628 1884 2654 vt
1901 2631 2026 2656 serves.
2057 2628 2091 2653 111
2111 2621 2152 2654 ad
2174 2633 2236 2664 po-

1219 2655 1223 2709 l
1246 2672 1436 2704 sterit-«tvm
1458 2670 1624 2703 mediocri
1651 2671 1839 2705 sot-limitati:
1860 2682 1976 2704 trram
1995 2678 2027 2704 ct
2051 2672 2239 2705 salut-trem
