2338 2958
191 139 266 175 799

204 224 271 260 No.
292 223 376 259 100.
1011 229 1061 248 au.
1079 215 1172 247 1548.

279 325 354 366 De
384 322 530 363 dieto:
562 318 705 360 Posui
726 316 863 359 verba
892 329 994 360 mea
1024 320 1104 357 etc.

265 404 296 429 lu
312 403 405 428 select.
421 398 502 426 Dect.
519 398 550 427 T.
567 398 612 424 ΙΙΙ.
629 406 656 431 p.
671 397 750 428 6⁰⁹„
775 395 904 422 Richard.
922 395 968 421 111.
985 405 1013 430 ρ.
1027 395 1104 425 223..
1123 394 1190 422 Ser—

299 442 362 463 vest,
378 435 413 460 lll
446 442 471 467 p.
487 433 547 458 577.
567 437 592 459 et
616 432 644 458 iu
665 431 776 465 Georgii
798 430 932 465 Principis
949 429 1059 456 Anbalt.
1075 431 1190 456 concio-

298 471 380 496 nibus
407 474 432 495 et
461 467 569 501 scriptis
597 476 623 502 p.
647 465 732 494 4151».

777 466 846 490 Nam
875 469 913 490 est
939 465 1027 490 oratio
1052 464 1191 499 synodica,

299 505 420 538 Georgio
439 502 586 527 Anbattino
608 502 722 535 scripta,

751 501 795 534 qui
818 509 875 525 eam
897 499 1019 525 recitavit
1037 499 1064 524 in
1084 499 1191 532 synodo

300 537 474 571 Merseburgi
489 536 516 561 d.
531 536 573 563 28.
588 535 654 561 Maii
675 535 749 561 1548.
788 533 851 561 Vid.
869 533 949 560 etiam
971 533 1040 568 Epp.
1062 532 1124 561 Vol.
1142 533 1191 562 vt.

297 583 324 608 p.
341 573 392 598 906
407 577 432 597 et
447 570 508 597 916.

198 655 325 690 Oratio
356 646 577 698 [synodica]
608 647 654 682 de
683 647 782 682 dicto
808 649 946 682 Esaiae
970 646 1054 683 5l.:
1082 649 1194 682 Posui

414 700 524 736 verba
554 711 636 734 mea
666 702 705 734 in
733 710 795 734 ore
823 703 887 733 tuo
912 703 982 733 etc.

201 771 381 814 Condidit
398 773 492 808 Deus
509 784 618 817 genus
638 770 831 804 humanum
852 772 892 804 ad
916 770 1136 810 societatem,
1162 775 1196 802 et

202 827 446 874 generatione,
478 823 705 863 educatione,
739 822 979 861 institutione,
1005 819 1196 854 contracti-

200 882 286 919 bus,
314 876 489 920 imperiis,
516 881 550 907 et
574 874 696 907 multis
718 873 854 916 magnis
875 880 909 907 et
926 871 1098 905 mirandis
1115 871 1197 903 vin-

203 931 291 964 culis
307 927 504 961 societatem
530 924 699 958 devinxit.
755 924 843 958 Vult
866 924 960 957 enim
979 922 1197 956 consociatos

202 993 275 1015 esse
294 977 473 1015 homines,
500 983 540 1010 ut
561 975 664 1008 simul
682 987 789 1009 unam
811 987 930 1008 vocem
955 973 1136 1007 doctrinae
1154 973 1197 1005 (le

203 1032 278 1066 Deo
296 1035 441 1068 sonent,
467 1034 500 1060 et
517 1027 578 1060 alii
593 1026 680 1059 alios
696 1027 871 1060 erudiant.
926 1024 1009 1059 Ideo
1027 1031 1061 1058 et
1078 1030 1197 1057 coetus

204 1094 277 1116 esse
293 1079 488 1114 Ecclesiam
508 1077 636 1115 voluit,
665 1084 698 1110 et
715 1077 760 1110 ita
778 1076 932 1110 instituit
949 1075 1196 1112 ministerium,

204 1141 243 1166 ut
262 1130 393 1176 publici
412 1136 445 1162 et
469 1126 707 1161 honestissimi
733 1138 937 1170 congressus
958 1127 1055 1159 flant.
1112 1124 1198 1157 Yult

206 1184 301 1217 enim
328 1179 467 1224 agnosci
492 1179 604 1211 filium
628 1190 647 1211 a
675 1185 747 1211 toto
767 1190 893 1221 genere
913 1175 1088 1214 humano,
1121 1175 1196 1208 vult

205 1234 338 1278 ubique
367 1230 525 1264 exaudiri
551 1240 670 1262 vocem
698 1240 814 1268 suam,
845 1228 935 1261 sicut
962 1226 1122 1259 Psalmus
1141 1226 1198 1257 in-

205 1285 296 1330 quit:
327 1281 367 1315 In
385 1292 526 1314 omnem
544 1286 672 1313 terram
688 1279 794 1312 exivit
811 1289 918 1311 sonus
933 1289 1068 1312 eorum.
1117 1275 1198 1309 Non

206 1335 282 1366 vult
299 1331 533 1375 Evangelium
560 1341 631 1362 esse
656 1341 781 1363 arcana
803 1327 1006 1366 Eleusinia,
1032 1339 1104 1360 non
1124 1327 1200 1360 vult

206 1383 370 1419 homines
390 1383 583 1420 seiunctos,
610 1386 643 1413 et
659 1379 798 1414 abditos
815 1380 851 1412 in
866 1379 1016 1412 latebras
1028 1405 1036 1419 ,
1059 1378 1199 1422 gignere

206 1447 286 1469 suas
316 1434 484 1479 quasdam
517 1431 721 1475 opiniones,
754 1431 811 1463 sed
838 1429 1141 1473 congregationem
1167 1434 1201 1460 et

208 1485 382 1524 institnit,
409 1490 441 1516 et
460 1482 647 1526 praecipit,
672 1489 711 1515 ut
729 1480 857 1514 Psalmi
874 1492 976 1524 saepe
991 1480 1131 1513 dicunt:
1161 1478 1200 1511 ln

207 1537 325 1570 medio
342 1534 518 1568 Ecclesiae
538 1533 690 1566 laudabo
708 1539 754 1566 te.
807 1531 870 1566 Et:
899 1530 939 1564 ln
958 1530 1201 1564 conveniendo

208 1587 360 1633 populos
381 1592 414 1618 et
441 1595 537 1627 reges
561 1583 599 1615 in
623 1595 757 1622 unum,
792 1589 828 1615 ut
851 1581 1006 1615 serviant
1032 1581 1202 1614 Domino.

209 1638 362 1672 Addidit
384 1636 485 1668 etiam
517 1634 784 1678 promissionem
810 1632 1070 1675 congressibus:
1114 1630 1204 1664 Ubi-

210 1699 350 1732 cunque
370 1687 440 1718 duo
465 1694 523 1717 aut
550 1691 619 1717 tres
645 1683 876 1717 convenerint
896 1683 931 1715 in
952 1682 1094 1715 nomine
1113 1692 1204 1720 meo,

211 1740 260 1772 ibi
278 1750 354 1771 sum
375 1737 410 1768 in
428 1735 545 1768 medio
565 1746 697 1769 eorum.

314 1787 409 1820 llaec
422 1798 499 1819 cum
513 1786 557 1818 ita
577 1785 664 1823 sint,
688 1785 784 1817 decet
801 1794 866 1815 nos
884 1794 962 1815 cum
980 1783 1067 1815 alios
1085 1781 1204 1826 publi-

212 1851 270 1874 cos
295 1837 470 1872 Ecclesiae
492 1847 696 1879 congressus
721 1834 777 1877 pie
803 1845 938 1873 amare,
965 1840 1038 1866 tum
1060 1844 1142 1866 vero
1159 1832 1204 1864 li-

213 1893 341 1924 benter
361 1886 416 1921 liis
439 1887 567 1919 nostris
597 1885 830 1919 conventibus
855 1884 1039 1923 interesse,
1074 1883 1135 1928 qui
1162 1883 1203 1915 ad

214 1940 435 1975 retinendam
469 1938 649 1971 doctrinae
689 1936 875 1980 puritatem
911 1942 944 1969 et
980 1935 1204 1968 concordiam

214 1993 318 2026 utiles
343 1997 436 2024 sunt.
497 1987 547 2021 Ac
570 1988 725 2032 profecto
748 1984 838 2018 nibil
867 1985 902 2018 in
931 1986 1000 2019 vita
1019 1983 1205 2018 bominum

215 2040 398 2088 pulchrius
424 2046 457 2072 et
478 2039 615 2071 dulcius
641 2046 710 2077 est,
746 2049 850 2082 quam
879 2037 1009 2069 multos
1038 2037 1149 2069 bonos
1175 2042 1207 2067 et

217 2096 338 2127 (lot-tos
370 2092 462 2123 viros
494 2090 701 2126 convenire,
738 2095 769 2121 et
804 2088 846 2119 de.
876 2087 1035 2121 doctrina
1067 2085 1207 2119 coelesti

220 2151 377 2178 anianter
392 2141 564 2185 colloqui,
592 2141 750 2172 conferre
768 2139 976 2177 sententias,
1002 2145 1033 2171 et
1053 2137 1209 2171 illustra—

218 2203 250 2230 ta
279 2194 442 2229 veritate,
477 2203 548 2224 sese
571 2198 603 2224 et
630 2191 716 2223 alios
734 2190 776 2222 ad
796 2189 917 2228 tidem,
950 2190 1111 2222 timorem
1131 2187 1210 2227 Dei,

220 2253 250 2278 et
279 2246 318 2277 ad
348 2242 606 2276 invocationem
633 2240 841 2278 exuscitare,
875 2246 906 2273 et
935 2240 978 2274 ita
1003 2239 1210 2272 confirmare

220 2303 369 2329 mento-s,
399 2305 441 2325 ne
457 2305 474 2326 a
491 2291 566 2326 Deo
581 2293 741 2325 aberrent
755 2318 762 2329 ,
791 2302 877 2323 neve
895 2291 930 2323 in
950 2290 1113 2325 Ecclesiis
1130 2290 1210 2322 lim-

222 2347 323 2390 pidos
341 2347 451 2376 tontes
467 2344 646 2377 doctrinae
662 2341 795 2376 turbari
812 2342 946 2382 sinant,
972 2341 1130 2375 admistis
1146 2341 1210 2374 fal-

222 2398 267 2430 sis
283 2395 522 2440 opinionibus.

329 2445 470 2478 Necesse
488 2452 534 2477 est
555 2452 669 2477 autem
688 2455 766 2482 eos,
793 2443 853 2488 qni
874 2449 1038 2487 praesunt
1057 2453 1211 2475 conven-

222 2500 334 2532 titius,
371 2497 667 2527 commotu-facere
694 2495 780 2527 alios
807 2495 850 2527 (le
875 2500 994 2526 nostro
1011 2493 1146 2531 officio,
1173 2504 1211 2525 ac

223 2549 408 2593 praecipu:-
430 2547 471 2576 ‹le-
490 2559 569 2578 cura
596 2545 772 2584 disce-mli,
800 2551 831 2577 et
852 2544 1057 2577 retinendae
1079 2543 1212 2588 purita-

224 2602 267 2632 tis
285 2598 475 2630 ‹torinna-2
531 2595 580 2628 t)··
599 2595 662 2628 lior
680 2602 903 2637 argumento,
930 2595 992 2628 etsi
1012 2607 1112 2639 saepe
1129 2594 1212 2627 alias

223 2665 239 2681 ,η
268 2663 320 2681 m<-
347 2649 479 2679 ‹lirtnni
508 2654 552 2679 ost
568 2674 576 2687 ,
611 2654 724 2678 tauns-n
747 2653 777 2679 vt
798 2658 911 2683 nunc,
940 2653 975 2679 ut
998 2646 1088 2678 idem
1110 2656 1210 2688 argu-

223 2709 379 2732 itwntnin
400 2705 569 2741 repet-nu.
600 2705 794 2740 temporum
815 2697 978 2740 periculis
996 2709 1148 2730 moveor.

584 131 746 169 DECL.
783 127 859 166 DE
894 126 1092 166 DICT02
1137 124 1316 164 POSUI
1352 123 1546 161 VERBA
1583 123 1709 161 MEA
1741 135 1826 164 mc-

2149 127 2225 161 800

1338 210 1635 257 Quandocunque
1658 209 1755 245 Deus
1781 212 1888 247 tradit
1909 218 1970 247 aut
1993 218 2140 247 renovat
2164 213 2231 247 do-

1239 263 1388 297 ctrinam
1401 289 1411 304 ,
1437 262 1554 296 statim
1578 262 1730 296 obruere
1751 274 1827 296 eam
1841 261 2034 305 Diabolus,
2061 270 2100 297 ut
2114 261 2231 297 Deum

1240 313 1453 347 contumelia
1469 313 1617 354 afficiat,
1643 319 1805 348 conatur.
1858 311 1906 348 Ut
1919 314 2047 349 offudit
2063 313 2232 348 nebulam

1239 364 1371 405 Hevae,
1394 371 1432 398 ut
1443 375 1518 396 eam
1533 375 1550 397 a
1568 375 1652 397 voce
1668 363 1789 397 divina
1800 364 2001 399 abduceret.
2043 364 2094 399 Ita
2112 370 2232 410 postea

1241 427 1342 459 saepe
1368 414 1535 448 omnibus
1566 414 1737 448 aetatibus
1770 414 1934 448 inductae
1960 422 2042 450 sunt
2065 415 2233 449 tenebrae

1242 466 1382 499 coelesti
1411 465 1602 499 doctrinae.
1660 464 1712 499 Ac
1734 465 1872 499 vidistis
1894 462 1960 499 hac
1981 473 2098 500 nostra
2120 472 2233 500 aetate

1242 517 1409 551 fanaticos
1426 516 1618 550 multorum
1634 515 1785 551 furores.
1836 515 1938 549 Talia
1950 516 2103 560 pericula
2115 517 2152 550 in
2168 514 2234 550 hac

1243 565 1430 601 bominum
1450 565 1692 600 imbecillitate
1715 578 1852 611 semper
1868 567 2054 600 metuenda
2072 574 2173 609 sunt,
2200 573 2235 601 et

1245 619 1411 652 adversus
1428 630 1466 651 ea
1484 629 1556 650 non
1577 617 1690 650 solum
1716 617 1934 656 eruditione,
1961 624 1992 651 et
2011 624 2129 652 nostra
2146 617 2236 661 vigi-

1245 669 1353 702 lantia
1365 696 1374 709 ,
1402 676 1434 702 et
1452 669 1647 702 constantia
1665 675 1800 702 mentes
1817 668 2029 701 muniendae
2046 675 2148 708 sunt,
2175 668 2236 701 sed

1246 720 1349 754 etiam
1375 718 1470 752 Deus
1500 720 1657 752 orandus
1683 726 1752 760 cst,
1787 726 1825 752 ut
1848 718 1922 763 ipse
1950 719 2114 758 insidias,
2147 730 2237 764 quae

1247 782 1348 814 saepe
1374 776 1561 804 struuntur
1586 769 1756 813 singulari
1772 769 1917 808 astutia,
1950 769 2114 814 depellat.
2167 769 2238 804 Ac-

1247 823 1368 855 cedere
1399 828 1516 855 tamen
1548 819 1587 854 in
1620 821 1724 854 nobis
1756 820 1915 854 discendi
1946 831 2064 854 curam
2091 826 2240 865 oportet,

1247 884 1352 918 quam
1376 871 1578 915 saepissime
1600 871 1770 916 praecipit
1792 883 1858 905 vox
1872 871 2004 905 divina.
2058 870 2127 905 Sed
2141 883 2239 905 sum-

1247 935 1302 956 ma
1326 930 1376 956 est
1399 922 1524 956 talium
1548 929 1812 966 praeceptorum
1839 922 1876 955 in
1905 919 1961 955 his
1985 921 2116 955 verbis:
2153 921 2240 956 Pre-

1249 971 1392 1007 hendite
1418 973 1577 1018 clypeum
1601 972 1700 1011 fidei,
1726 979 1765 1006 ut
1791 973 1930 1017 possitis
1953 973 2070 1007 omnia
2093 973 2161 1007 tela
2177 984 2240 1006 ne-

1248 1024 1408 1070 quissimi
1424 1023 1568 1068 spiritus
1584 1023 1694 1066 ignita
1713 1023 1927 1067 extinguere.

1352 1074 1399 1109 Ut
1415 1081 1530 1108 autem
1547 1073 1643 1114 alias,
1667 1086 1706 1107 ex
1722 1074 1800 1107 aliis
1814 1074 1916 1108 dictis
1932 1073 2242 1108 commonefacito-

1248 1138 1327 1159 nem
1354 1125 1586 1169 sumpsimus,
1623 1125 1670 1158 ita
1695 1137 1791 1158 nunc
1824 1125 1924 1159 vobis
1951 1123 2241 1172 proponam-hoc

1249 1177 1395 1214 dictum,
1423 1176 1517 1220 quod
1535 1175 1626 1219 apud
1638 1174 1778 1209 Esaiam
1796 1176 1934 1219 legitur,
1954 1176 2015 1209 ubi
2026 1174 2120 1210 Deus
2131 1183 2245 1211 aeter-

1250 1238 1316 1260 nus
1341 1225 1445 1259 Pater
1468 1224 1617 1259 Domini
1647 1226 1757 1260 nostri
1789 1225 1866 1260 Iesu
1891 1224 2024 1260 Christi
2048 1227 2164 1272 inquit
2197 1228 2242 1261 ad

1249 1275 1435 1320 Evangelii
1459 1275 1665 1310 Doctorem:
1700 1275 1801 1310 Pono
1818 1277 1925 1310 verba
1948 1289 2023 1310 mea
2041 1277 2078 1310 in
2095 1290 2154 1311 ore
2170 1284 2242 1316 tun,

1250 1334 1284 1361 et
1314 1328 1442 1361 umbra
1471 1338 1596 1361 manus
1627 1339 1725 1361 meae
1749 1334 1928 1372 protegam
1958 1336 2009 1367 te,
2043 1334 2082 1361 ut
2108 1329 2244 1373 plantes

1252 1379 1379 1413 coelos.

1353 1426 1388 1462 Ο
1405 1428 1543 1462 dulcem
1570 1426 1776 1461 concionem
1797 1428 1963 1462 universo
1982 1429 2100 1472 generi
2119 1427 2245 1464 huma-

1252 1492 1317 1520 no,
1345 1491 1434 1525 quae
1449 1479 1602 1523 primum
1621 1478 1845 1519 docentibus,
1872 1479 2143 1513 familiarissime
2162 1489 2246 1516 nota

1253 1543 1325 1565 esse
1350 1531 1472 1570 debet,
1499 1529 1628 1562 deinde
1653 1537 1683 1563 et
1704 1530 1835 1574 populo
1860 1542 1960 1575 saepe
1978 1530 2158 1565 recitanda
2182 1539 2245 1568 est.
2292 1561 2295 1563 Α

1254 1581 1418 1615 Affirmat
1433 1581 1526 1614 enim
1552 1579 1668 1623 colligi
1685 1577 1877 1614 Ecclesiam
1895 1581 2055 1615 doctrina
2073 1583 2246 1618 divinitus

1253 1632 1380 1665 tradita
1393 1658 1402 1671 ,
1429 1639 1461 1664 et
1479 1631 1620 1663 defendi
1641 1631 1760 1664 dextra
1779 1630 1846 1665 Dei
1866 1632 2101 1666 ministerium
2117 1641 2150 1668 et
2167 1647 2246 1668 coe-

1254 1690 1309 1716 tus
1332 1681 1563 1721 discentium,
1598 1687 1630 1713 et
1653 1681 1732 1725 quis
1761 1682 1805 1715 sit
1837 1682 2027 1716 ministerii
2054 1685 2247 1728 evangelici

1255 1739 1357 1766 autor
1379 1744 1417 1765 ac
1443 1732 1624 1770 defensor,
1659 1738 1691 1764 et
1720 1744 1809 1777 quae
1837 1733 1878 1766 sit
1907 1733 2040 1766 utilitas
2064 1743 2246 1771 inoiistrat.

1255 1783 1350 1816 llaec
1369 1782 1527 1828 quotidie
1550 1781 1716 1815 omnibus
1733 1783 1816 1827 piis,
1844 1783 1994 1817 maxime
2017 1796 2100 1818 vero
2117 1787 2247 1820 docen-

1255 1833 1350 1868 tibus
1366 1833 1550 1875 cogitanda
1566 1839 1658 1865 sunt.

1356 1882 1533 1917 Exordiar
1556 1890 1671 1916 autem
1697 1883 2021 1927 interpretationem
2040 1885 2123 1919 dicti
2143 1899 2160 1921 a
2180 1887 2249 1923 fine

1257 1947 1316 1969 seu
1339 1935 1462 1968 ellectu
1487 1934 1696 1974 ministerii,
1731 1935 1773 1966 de
1792 1947 1861 1979 quo
1880 1935 2126 1977 concionatur,
2151 1939 2248 1973 vide-

1259 1987 1335 2019 licet
1362 1986 1405 2018 ab
1427 1983 1489 2017 liae
1507 1985 1692 2028 particula:
1722 1983 1768 2018 [t
1793 1985 1927 2029 plantes
1945 1986 2070 2020 coelos.
2124 1987 2250 2024 Nomi-

1259 2043 1318 2069 nat
1344 2035 1439 2069 Deus
1465 2033 1674 2072 Ecclesiam,
1709 2035 1891 2069 coelestem
1916 2034 2078 2077 bortum,
2105 2041 2185 2085 quia
2205 2042 2249 2075 ad

1258 2087 1549 2121 consuetudinem
1584 2093 1761 2119 aeternam
1798 2098 1875 2119 cum
1908 2086 1982 2121 Deo
2012 2095 2043 2122 et
2069 2089 2141 2123 fitio
2175 2092 2250 2126 eius

1259 2137 1446 2179 colligitur.
1507 2135 1557 2170 Ea
1582 2137 1800 2170 consuetudo
1822 2137 1930 2172 vincit
1949 2140 2160 2175 amoenitate
2177 2154 2250 2178 non

1260 2189 1372 2221 solum
1399 2194 1552 2221 caeteros
1575 2184 1696 2221 hortos
1717 2199 1855 2225 omncs.
1890 2195 1921 2221 et
1943 2189 2083 2232 politias
2109 2201 2251 2228 cunctas

1260 2251 1489 2285 quaecunque
1502 2239 1657 2277 suerunt,
1682 2239 1739 2271 sed
1757 2238 1860 2271 etiam
1879 2240 2032 2283 primum
2048 2241 2149 2276 illum
2168 2241 2251 2278 bor-

1261 2298 1352 2327 tum,
1383 2290 1417 2322 in
1443 2303 1511 2334 qno
1535 2300 1645 2333 genus
1667 2286 1863 2322 humanum
1882 2291 2064 2324 conditum
2086 2300 2146 2328 est.
2201 2295 2253 2331 Ac

1261 2353 1396 2384 semper
1414 2341 1580 2373 omnibus
1596 2340 1631 2372 in
1655 2348 1842 2383 conspectu
1858 2341 1900 2375 sit
1921 2339 1976 2374 liic
1994 2342 2090 2383 finis,
2114 2352 2148 2379 et
2167 2343 2252 2381 haec

1263 2400 1365 2425 meta.
1425 2392 1571 2435 Semper
1596 2391 1809 2432 rogitemus,
1844 2399 1875 2424 et
1906 2393 2067 2427 conditos
2089 2407 2161 2430 esse
2187 2395 2251 2431 bo-

1263 2444 1393 2482 mines,
1420 2449 1452 2475 et
1477 2454 1538 2486 per
1559 2441 1668 2473 lilium
1687 2441 1750 2475 Dei
1776 2455 1814 2474 ex
1845 2449 1986 2475 aeterno
2011 2445 2115 2480 exitio
2143 2454 2251 2482 retra-

1262 2501 1353 2530 ctos,
1381 2500 1411 2527 rt
1431 2505 1514 2524 voce
1529 2493 1647 2525 dixina
1665 2492 1781 2525 xor-ari
1798 2494 1839 2526 ad
1858 2491 1952 2526 bunc
1970 2499 2130 2539 portum.
2157 2506 2193 2532 ut
2215 2500 2251 2534 in

1262 2545 1358 2577 ‹nnni
1383 2544 1607 2581 aeternitate,
1634 2551 1820 2587 conspectu
1845 2544 1934 2584 Dei,
1965 2551 1996 2578 et
2019 2547 2182 2584 societate
2197 2562 2252 2585 sa-

1264 2596 1415 2639 pientiae
1436 2601 1465 2627 et
1488 2595 1643 2627 iustitiae
1661 2595 1735 2627 eins
1755 2595 1923 2628 fruamur.

1368 2645 1470 2679 llnnc
1492 2646 1595 2677 fun-in
1623 2646 1819 2689 prospicere
1845 2652 1876 2679 et
1899 2653 2075 2690 expetere,
2103 2657 2135 2683 et
2152 2660 2250 2685 ante—

1265 2698 1353 2730 ferre
1371 2697 1537 2730 omnibus
1555 2696 1633 2729 :diis
1650 2696 1752 2729 rebus
1767 2703 1924 2740 oportet,
1952 2711 2019 2742 qua
2038 2699 2074 2732 in
2092 2703 2252 2737 conside-

2306 1258 2309 1261 .
2307 1238 2309 1241 .
2296 1038 2313 1215 ,ιηιἈ-ιῌ-
2290 744 2315 1075 ''nonme-,152
2288 636 2314 730 ›cz-⁶·-
