2338 2958
71 118 145 154 133

71 214 177 249 quam
193 202 268 236 sine
284 201 458 246 praesidio
477 212 548 234 esse
564 201 868 242 animadverterat,
887 201 1064 242 incitatus,

73 253 190 288 omnia
213 253 333 286 divina
363 259 467 297 atque
493 249 647 285 humana
678 252 755 286 iura
780 253 937 287 violavit.
988 251 1063 285 Hos

73 305 227 339 latrones
249 303 383 347 optimo
409 304 485 336 iure
508 315 650 341 accuso,
676 303 737 348 qui
753 303 890 336 iniussu
908 301 1063 347 Impera-

71 354 158 390 toris
175 353 250 386 sine
267 354 432 397 legitimis
456 354 604 387 ducibus
631 355 754 387 urbem
783 353 935 387 Romam
959 354 1062 386 inva-

71 411 205 440 serunt.
256 405 371 448 Finge
389 405 515 438 iustam
533 416 670 438 causam
687 405 793 438 fuisse
811 403 946 439 Romae
961 405 1062 437 inva-

71 455 227 496 dendae,
252 462 369 489 tamen
393 455 519 489 seditio
544 462 611 496 est,
637 455 712 488 sine
736 455 892 498 legitimo
913 455 1060 499 imperio

70 506 242 550 impetum
265 506 302 539 in
327 518 527 552 quenquam
548 507 672 540 facere.
731 504 828 548 Quid
854 513 970 539 autern
990 513 1059 539 tam

70 556 287 591 contrarium
304 557 451 590 militiae
471 564 538 598 est,
564 569 669 602 quam
687 557 837 590 seditio?
870 557 951 601 quia
971 554 1061 589 hanc

69 619 179 642 unam
195 608 242 641 ob
260 619 398 641 causam
425 608 500 641 iure
525 607 681 651 gentium
701 607 791 640 bella
809 614 998 651 geruntur,
1022 614 1061 640 ut

69 655 323 693 coherceantur
352 656 388 691 hi
416 659 477 703 qui
503 669 564 702 per
587 657 815 699 seditionem,
849 658 925 691 sine
945 657 1060 701 Magi-

69 715 243 743 stratuum
268 709 473 749 autoritate,
506 720 602 742 arma
627 709 784 753 capiunt.
844 707 925 742 Non
953 709 1060 751 igitur

68 759 201 793 milites
218 760 367 793 vocandi
389 766 489 799 sunt,
516 759 576 804 qui
598 759 732 793 iniussu
753 759 974 803 imperatoris
999 772 1060 793 ur-

67 811 150 844 bem
178 817 485 855 expugnaverunt,
528 811 587 843 sed
617 811 785 855 quoniam
821 811 874 843 ius
902 811 1057 853 gentium

67 873 256 896 commune
277 861 518 899 violaverunt,
547 858 662 894 hostes
686 873 758 894 non
776 862 882 894 modo
909 862 1058 905 imperii,

67 912 128 946 sed
152 912 337 945 universae
359 912 532 945 societatis
556 909 753 945 homiuum.
815 911 969 946 Romani
993 912 1059 945 ali-

67 968 156 1008 quot
176 962 407 1005 Imperatores
430 963 491 995 alii
517 963 554 995 in
584 962 695 1003 filios,
725 963 786 995 alii
818 963 855 995 in
883 963 1058 1006 principes

69 1014 162 1047 cives
195 1013 390 1058 capitaliter
426 1013 770 1054 animadverterunt,
805 1014 886 1058 quia
922 1013 1056 1046 iniussu

67 1062 344 1108 Imperatorum,
383 1076 462 1097 cum
491 1063 655 1107 legitimis
685 1062 845 1096 hostibus
878 1064 1056 1108 provocati

67 1121 298 1158 pugnassent,
338 1114 474 1159 fuitque
506 1120 601 1147 tanta
633 1114 839 1158 disciplinae
872 1115 1057 1154 severitas,

67 1171 108 1198 ut
129 1162 282 1198 hostium
308 1165 385 1198 loco
412 1162 644 1205 haberentur,
671 1165 731 1210 qui
751 1172 887 1209 praeter
904 1165 1058 1209 {mpera-

67 1215 153 1248 toris
175 1215 329 1248 edictum
357 1215 512 1258 gladium
537 1216 770 1251 strinxissent.
836 1215 979 1259 Quanto
1003 1216 1058 1249 iu-

66 1265 154 1299 stius
170 1263 324 1300 hostium
340 1266 418 1299 loco
436 1266 588 1300 ducendi
605 1273 686 1299 sunt
702 1266 758 1299 isti
773 1265 895 1307 Cares,
923 1267 982 1312 qui
1002 1267 1057 1299 in-

67 1316 224 1351 auditam
241 1317 482 1350 crudelitatem
499 1317 635 1350 iniussu
648 1316 875 1361 Imperatoris
890 1318 1058 1350 adversus

68 1367 220 1400 inermes
236 1368 489 1400 exercuerunt?
516 1366 563 1400 At
581 1379 685 1411 quam
701 1369 843 1400 tandem
857 1368 902 1401 ob
920 1380 1058 1400 causam

67 1417 240 1451 saevitum
262 1424 312 1451 est
337 1417 373 1450 in
402 1417 549 1450 urbem?
583 1416 676 1459 Quia
696 1419 878 1462 pecuniam
901 1430 973 1450 non
992 1430 1057 1450 nu-

66 1468 215 1502 meravit
231 1480 336 1501 avaro
356 1474 459 1512 atque
473 1468 608 1501 crudeli
630 1469 806 1502 exercitui.
848 1468 944 1510 Quid
961 1469 1057 1500 aliud

67 1530 190 1553 causae
208 1519 296 1552 latro
315 1518 424 1558 dicat,
457 1530 519 1552 cur
538 1518 706 1551 viatorem
726 1519 917 1551 occiderit?
958 1516 1056 1551 Olim

68 1568 193 1603 Gallos
209 1569 464 1613 propemodum
483 1569 570 1602 iusta
591 1569 641 1602 ira
666 1569 835 1613 pertraxit
854 1570 896 1601 ad
916 1569 1056 1602 urbem:

67 1632 147 1654 nam
164 1619 314 1664 Legatus
326 1618 510 1654 Romanus
532 1625 652 1653 contra
682 1620 735 1653 ius
757 1620 912 1663 gentium
932 1619 967 1652 in
986 1620 1058 1652 acie

67 1677 294 1716 pugnaverat.
348 1669 410 1704 Isti
433 1670 586 1704 latrones
614 1668 704 1703 nihil
731 1667 921 1704 causantur
947 1671 1058 1710 aliud,

68 1733 173 1767 quam
190 1721 374 1766 pecuniam
391 1733 465 1754 non
480 1733 552 1754 esse
569 1721 696 1759 datam,
722 1734 826 1766 quam
844 1722 1058 1764 flagitarunt.
1082 1739 1083 1758 3

68 1772 150 1806 Non
174 1772 282 1816 igitur
306 1778 436 1806 tentata
469 1773 552 1805 urbs
576 1778 643 1812 est,
676 1773 757 1817 quia
782 1771 944 1805 Pontifex
971 1779 1057 1805 esset

68 1823 182 1856 alieno
200 1823 317 1856 animo
335 1834 414 1865 erga
429 1821 628 1862 Caesarem,
656 1823 737 1867 quia
753 1822 866 1856 Gallis
891 1830 923 1855 et
942 1822 1057 1855 Vene—

69 1873 115 1906 tis
136 1880 222 1906 esset
247 1873 403 1917 aequior.
464 1870 562 1906 Nihil
590 1873 775 1915 ingratiam
797 1872 915 1906 Caroli
941 1885 1056 1906 susce-

69 1930 169 1967 ptum
196 1930 257 1957 est.
309 1923 471 1957 Avaricia
495 1930 528 1956 et
557 1923 790 1966 amplissimae
813 1916 960 1968 praedae
981 1936 1057 1968 spes

68 1973 315 2018 perpulerunt,
338 1981 376 2007 ut
397 1974 602 2017 transgressi
620 1974 870 2018 Apenninum,
897 1975 1057 2008 maximis

68 2025 256 2059 itineribus
281 2036 415 2058 summa
443 2025 618 2058 celeritate
648 2025 833 2063 confectis,
867 2027 909 2059 ad
934 2026 1056 2059 urbem

69 2076 302 2120 properarint.
357 2075 426 2108 Nec
443 2075 581 2108 dierum
599 2076 734 2121 aliquot
752 2076 886 2117 inedia,
913 2088 975 2110 nec
992 2074 1056 2109 ho-

69 2127 130 2161 stis
151 2138 169 2160 a
187 2133 282 2169 tergo
310 2133 343 2160 et
360 2127 403 2159 ab
419 2126 589 2160 lateribus
609 2133 804 2160 remoratus
825 2133 873 2160 est
898 2127 981 2168 iter,
1008 2127 1055 2160 sic

69 2178 273 2211 accenderat
307 2178 466 2210 omnium
510 2178 648 2210 animos
692 2178 838 2221 praedae
874 2178 1054 2222 cupiditas.

68 2227 164 2261 Haec
193 2228 219 2260 si
247 2229 336 2262 iusta
365 2240 464 2261 causa
494 2229 768 2272 oppugnationis
795 2229 905 2261 videri
934 2236 1056 2272 potest,

69 2290 141 2312 non
170 2279 341 2322 intelligO.

69 2330 216 2374 praedae
234 2329 428 2374 cupiditas?
455 2329 493 2363 Si
514 2327 597 2363 haec
622 2331 709 2364 iusta
728 2330 884 2363 bellandi
902 2343 1002 2363 causa
1020 2331 1054 2363 iu

69 2380 172 2414 terris
188 2387 236 2414 est
249 2405 268 2425 ,⁶
285 2378 375 2413 nihil
395 2381 510 2414 obstat
526 2381 606 2421 iam,
633 2394 702 2426 quo
724 2381 840 2414 miuus
855 2381 891 2413 in
909 2381 1056 2415 urbibus

68 2432 312 2476 unusquisque
342 2432 485 2464 invadat
519 2431 555 2464 in
581 2433 680 2465 aedes
706 2432 992 2476 locupletiorum,
1028 2433 1054 2466 si

70 2482 213 2527 quidem
231 2494 271 2515 ex
287 2483 415 2526 praeda
432 2482 486 2515 ius
500 2482 770 2516 existimandum
789 2483 864 2515 erit.

727 114 886 152 DECL.
919 113 994 150 DE
1029 112 1223 149 CAPTA
1257 113 1444 151 ROMA.

399 2278 472 2312 CUI*
497 2291 569 2312 ΠΟΠ
595 2291 717 2313 omnes
744 2280 895 2313 latrones
921 2288 1055 2313 excuset
1081 2297 1082 2304 ¹

2032 119 2103 155 134

1116 211 1241 233 narum
1268 212 1386 233 rerum
1411 199 1637 235 habendum?
1664 202 1754 246 Quis
1777 209 1846 236 tam
1865 204 2016 238 crudelis
2032 217 2104 239 un·

1116 262 1222 296 quam
1245 251 1358 284 victor
1378 252 1463 292 suit,
1490 252 1594 286 etiam
1614 255 1707 298 apud
1725 251 1917 296 Ethuicos,
1945 256 2005 300 qui
2028 268 2102 289 non

1115 302 1305 335 abstineret
1319 301 1391 334 vim
1409 314 1426 335 a
1444 303 1606 346 templis?
1637 305 1856 348 Augustinus
1873 306 1994 340 scribit
2011 305 2102 340 Got-

1118 350 1216 393 thos,
1239 365 1317 386 cum
1336 353 1505 396 cepissent
1522 355 1663 393 urbem,
1686 368 1758 389 uon
1775 357 1881 390 modo
1897 369 1914 389 a
1929 354 2102 390 Christia-

1115 415 1244 436 norum
1263 403 1402 447 templis
1418 403 1489 435 vim
1506 405 1733 445 abstinuisse,
1762 408 1820 440 sed
1838 407 1942 441 etiam
1967 405 2021 440 his
2037 409 2102 441 do-

1114 465 1213 487 nasse
1231 454 1337 487 vitam
1350 481 1359 494 ,
1387 454 1448 499 qui
1467 466 1507 487 eo
1523 456 1760 498 profugerant.
1815 457 1929 492 Tanta
1946 458 2101 492 nominis

1113 502 1308 538 Christiani
1326 505 1520 538 reverentia
1537 507 1630 549 apud
1649 506 1822 541 Barbaros
1839 509 1917 542 illos
1933 509 2013 548 fuit,
2039 509 2101 555 qui

1115 555 1296 588 doctrinae
1312 555 1468 589 coelestis
1486 556 1610 599 ignari,
1631 569 1761 590 nomen
1778 565 1912 592 tantum
1929 557 2099 594 Christia-

1114 618 1240 639 norum
1256 607 1449 642 audierant.
1482 605 1529 640 At
1546 607 1603 640 isti
1620 609 1779 651 sacrilegi
1795 621 1880 654 quas
1896 622 1982 651 aras,
2005 612 2100 656 quod

1113 657 1278 690 sacellum
1298 657 1517 703 reliquerunt
1533 657 1728 692 intactum?
1754 657 1799 692 Et
1817 661 2011 704 accepimus
2026 673 2100 694 non

1113 714 1249 741 tantum
1267 708 1385 741 omnia
1402 709 1481 741 fana
1501 709 1646 753 spoliata
1666 721 1748 750 esse,
1773 718 2002 745 monumenta
2020 724 2101 745 san-

1113 765 1248 792 ctorum
1270 759 1428 792 virorum
1452 759 1682 803 preciosiora,
1711 768 1743 794 et
1767 758 1950 795 thesauros
1967 763 2009 795 ad
2035 775 2100 806 pu-

1113 809 1238 843 blicam
1257 810 1443 843 utilitatem
1460 811 1567 843 totius
1583 809 1703 844 Italiae
1729 812 1777 844 ibi
1796 812 1976 851 conditos,
2005 813 2099 846 dire-

1112 867 1189 904 ptos
1214 872 1302 901 esse,
1328 861 1387 894 sed
1413 861 1517 893 etiam
1541 863 1643 894 caede
1664 869 1695 895 et
1716 863 1792 895 aliis
1809 863 2000 897 sceleribus
2017 876 2099 908 pro-

1112 908 1263 955 phanata
1275 923 1358 950 esse,
1376 913 1576 945 decantatae
1594 920 1674 947 sunt
1691 925 1751 957 per
1767 913 1962 947 ludibrium
1983 925 2099 948 sacrae

1111 962 1300 996 cantiones.
1358 961 1405 996 lta
1432 963 1529 995 nulla
1558 975 1630 996 non
1663 964 1871 997 contumelia
1903 965 2024 998 affecta
2051 973 2100 999 est

1110 1013 1232 1055 religio
1251 1011 1464 1048 Christiana.
1507 1012 1602 1056 Quid
1624 1014 1760 1047 Turcae
1776 1015 1873 1048 aliud
1888 1016 2021 1049 faciunt
2036 1028 2098 1048 ex—

1110 1064 1273 1107 pugnatis
1287 1061 1572 1097 Christianorum
1592 1066 1764 1099 urbibus?
1792 1063 1826 1098 O
1844 1078 1961 1099 veram
1979 1078 2097 1100 vocem

1110 1113 1258 1153 Poetae,
1287 1115 1346 1160 qui
1364 1115 1469 1148 dixit:

1196 1184 1287 1214 Nulla
1302 1185 1372 1214 fides
1389 1188 1544 1226 pietasque
1557 1187 1628 1215 viris
1642 1188 1694 1227 qui
1713 1193 1804 1216 castra
1819 1194 1994 1228 sequuntur.

1110 1247 1209 1292 Quae
1222 1262 1288 1282 vox
1309 1250 1336 1281 si
1354 1262 1510 1295 unquam
1530 1249 1627 1288 alias,
1656 1262 1751 1284 nunc
1768 1252 1917 1285 maxime
1934 1255 2097 1298 usurpari

1109 1307 1232 1344 potest.
1297 1299 1487 1345 7Nunquam
1525 1300 1620 1333 enim
1663 1309 1764 1335 antea
1806 1303 1914 1347 captis
1948 1304 2097 1338 urbibus

1110 1351 1255 1393 perinde
1276 1351 1409 1394 polluta
1435 1357 1517 1383 sunt
1540 1363 1579 1383 ac
1605 1349 1823 1395 prophanata
1847 1354 1964 1387 omnia
1991 1367 2097 1389 sacra.

1111 1399 1299 1445 Nunquam
1317 1408 1396 1434 ante
1412 1401 1449 1433 in
1471 1401 1669 1443 germanico
1691 1402 1803 1435 milite
1817 1410 1935 1437 notata
1951 1412 2001 1438 est
2014 1417 2096 1439 ava-

1111 1451 1211 1490 ricia,
1255 1463 1438 1494 nunquam
1471 1462 1647 1484 sacrarum
1676 1464 1714 1485 ac
1741 1453 1942 1488 divinarum
1977 1467 2095 1490 rerum

1109 1501 1234 1533 similis
1260 1507 1481 1545 contemptus
1503 1502 1580 1536 fuit.
1634 1501 1702 1535 Sed
1727 1515 1805 1535 cum
1829 1505 1907 1537 aliis
1930 1506 1966 1538 in
1990 1508 2095 1541 rebus

1109 1551 1350 1584 continenti0r
1374 1559 1586 1585 caeterarum
1611 1553 1797 1586 nationum
1821 1556 1993 1590 militibus
2012 1555 2094 1592 hac-

1109 1609 1209 1635 tenus
1237 1603 1318 1641 fuit,
1354 1609 1428 1635 tum
1460 1602 1631 1644 singulari
1659 1604 1827 1646 religione
1849 1606 1920 1638 vim
1947 1619 1963 1640 a
1988 1610 2094 1642 sacrIs

1110 1653 1212 1686 rebus
1237 1653 1418 1686 abstinuit.
1478 1652 1580 1686 Nunc
1608 1661 1722 1687 autem
1749 1668 1768 1688 o
1786 1654 1844 1688 Dii
1868 1657 2093 1700 immortales,

1109 1716 1212 1748 quam
1231 1704 1412 1736 dissimilis
1436 1701 1493 1737 hic
1513 1705 1682 1739 exercitus
1700 1706 1873 1740 maiorum
1892 1716 2092 1743 nostrorum

1108 1755 1195 1787 fuit?
1235 1767 1340 1799 quam
1373 1755 1475 1798 longe
1497 1755 1721 1798 degeneravit
1746 1769 1764 1789 a
1792 1765 1945 1791 veterum
1971 1762 2093 1794 mode-

1108 1805 1195 1837 stia?
1218 1804 1371 1838 Maiores
1387 1806 1498 1839 nostri
1515 1803 1605 1838 nihil
1621 1814 1757 1850 praeter
1771 1809 1937 1842 victoriae
1954 1811 2092 1844 laudem

1108 1856 1295 1899 cupiebant
1311 1857 1456 1889 domum
1473 1864 1661 1900 reportare.
1718 1857 1835 1903 ltaque
1851 1872 1913 1892 uec
1934 1861 2090 1905 privato—

1109 1919 1185 1939 rum
1209 1907 1368 1940 fortunas
1391 1907 1622 1951 diripiebant,
1649 1915 1785 1941 tantum
1809 1911 1922 1951 abest,
1950 1919 1988 1945 ut
2010 1914 2092 1946 atti-

1107 1958 1220 1999 gerint
1244 1969 1298 1990 res
1321 1970 1445 1993 sacras.
1486 1957 1558 1991 Nec
1580 1959 1701 2002 procul
1727 1962 1881 2005 exempla
1905 1963 2091 1996 rontinen-

1108 2009 1175 2041 tiae
1202 2009 1415 2053 requirenda
1441 2015 1532 2044 sunt.
1588 2009 1678 2052 Quis
1705 2017 1776 2043 toto
1798 2010 1930 2045 Veneto
1955 2013 2047 2047 bello
2071 2027 2089 2048 a

1110 2058 1342 2092 Maxiiuiliani
1368 2060 1520 2093 exercitu
1546 2073 1656 2093 unum
1681 2061 1849 2104 oppidum
1875 2064 2012 2098 audivit
2036 2065 2091 2098 di-

1108 2117 1244 2153 reptum
1269 2110 1365 2143 esse‘?
1398 2109 1509 2143 Nemo
1539 2111 1702 2155 profecto.
1754 2109 1800 2145 Et
1826 2112 2091 2149 Maximilianus

1108 2161 1178 2204 ipse
1196 2173 1274 2193 cum
1293 2167 1379 2194 esset
1396 2161 1431 2193 in
1454 2161 1641 2204 puniendis
1658 2162 1793 2195 delictis
1810 2163 2020 2207 lenissimus,
2040 2173 2090 2200 ta-

1106 2223 1186 2243 men
1223 2211 1258 2244 in
1296 2212 1507 2244 vindicanda
1542 2212 1691 2244 avaricia
1720 2213 1872 2246 militum
1902 2217 2092 2251 acerrimus

1106 2262 1183 2296 suit.
1236 2260 1378 2296 Etenim
1404 2275 1481 2295 cum
1506 2263 1542 2295 in
1573 2275 1612 2295 eo
1644 2263 1735 2296 bello
1766 2271 1863 2308 capta
1887 2265 2090 2309 Vincentia,

1080 2317 1082 2344 ἶ
1107 2314 1250 2358 quidam
1277 2313 1411 2346 iniussu
1431 2325 1494 2345 suo
1519 2313 1553 2345 iu
1573 2313 1709 2358 aliquot
1725 2314 1854 2347 civium
1873 2318 1974 2350 aedes
1990 2330 2090 2360 prae-

1080 2437 1082 2519 t

1107 2364 1211 2396 dandi
1230 2376 1329 2396 causa
1347 2364 1515 2407 impetum
1536 2364 1707 2406 fecissent,
1732 2365 1848 2399 statim
1868 2373 1976 2401 totam
1993 2369 2089 2402 illam

1107 2413 1283 2447 cohortem
1303 2414 1494 2458 oppressit,
1521 2421 1554 2448 et
1571 2415 1686 2459 plures
1704 2416 1862 2449 ducentis
1880 2419 1991 2451 securi
2010 2432 2089 2463 per-

1106 2466 1175 2498 cuti
1203 2465 1318 2505 iussit,
1344 2472 1381 2498 ut
1405 2478 1444 2498 eo
1464 2465 1621 2509 exemplo
1640 2468 1855 2508 ostenderet,
1880 2481 1951 2501 non
1970 2471 2087 2504 omnia

171 2532 237 2567 Sed
269 2545 340 2566 non
365 2533 551 2576 disputabo
576 2533 751 2568 subtiliter
775 2535 818 2567 de
845 2545 964 2573 causa,
992 2546 1056 2567 nec
1079 2536 1082 2588 ζ
1106 2517 1296 2549 ”emr'bus
1315 2528 1349 2548 ¹¹¹
1367 2522 1476 2549 V¹⁰t⁰⁵
1494 2516 1609 2551 heere·

69 2583 317 2627 patrocinabor
339 2583 524 2624 Pontifici,
552 2584 588 2616 iu
611 2596 713 2629 quem
739 2585 839 2628 culpa
866 2585 1055 2618 confertur.
1080 2589 1081 2593 ’

67 2633 176 2667 Nulla
201 2646 244 2667 ne
269 2635 375 2678 igitur
400 2635 436 2667 in
455 2635 598 2668 victoria
623 2636 864 2669 moderatione
884 2636 1055 2669 utendum

1207 2583 1324 2616 Habes
1339 2582 1464 2617 Carole
1480 2583 1605 2618 Caesar
1622 2585 1753 2618 avitum
1771 2587 1978 2631 exemplum,
2004 2589 2086 2633 quid

1106 2637 1147 2668 de
1165 2635 1315 2668 exercitu
1341 2635 1494 2668 iudicare
1510 2642 1542 2669 te
1559 2642 1736 2679 oporteat,
1765 2637 1824 2681 qui
1843 2639 1991 2671 avaricia
2010 2650 2086 2671 cor-

67 2683 159 2718 fuit?
192 2683 338 2718 Nullum
364 2698 408 2718 ne
423 2685 619 2719 >discrimen
645 2697 819 2720 sacrarum
842 2698 879 2720 ac
902 2684 1056 2731 propha-
1079 2687 1082 2725 i
1106 2694 1246 2731 ruptuS,
1272 2685 1390 2719 omnia
1410 2686 1529 2719 divina
1545 2693 1647 2731 atque
1664 2683 1816 2720 humana
1835 2688 1910 2721 iura
1934 2688 2087 2723 violavit.

1403 2733 1458 2768 9*
