2338 2958
212 125 287 163 275

220 263 321 297 facile
344 263 485 307 rapiunt
510 262 546 293 in
565 260 776 293 calumniam
794 261 945 294 aliorum
969 261 1080 301 dicta,
1109 261 1212 295 etiam

222 315 315 347 bona
341 320 400 346 aut
422 318 511 345 certe
537 310 754 349 tolerabilia,
782 319 821 346 ut
845 323 882 344 ea
899 311 982 344 odio
1009 312 1212 355 depravent.

224 362 282 398 Ab
300 361 354 396 his
372 362 482 395 initiis
500 361 699 395 decurritur
725 362 767 395 ad
784 362 953 395 factiones
972 368 1004 394 et
1020 368 1153 405 partes,
1181 369 1215 395 et

223 426 322 448 suam
341 413 488 457 quisque
506 412 716 445 sententiam
741 412 853 456 pergit
870 413 1096 456 pertinaciter
1114 412 1215 453 tueri,

225 465 353 510 quibus
377 469 489 506 potest
516 463 630 495 modis
665 469 698 496 et
728 463 967 496 adversarium
997 462 1215 495 odiosissime

225 513 424 553 criminari,
452 513 621 557 quaedam
638 513 744 547 etiam
761 521 896 547 tantum
916 513 994 546 ideo
1018 514 1216 547 defendun—

226 572 302 603 tur,
334 576 406 596 non
433 564 526 608 quod
549 575 629 596 vera
654 575 726 597 esse
751 564 935 603 videntur,
972 564 1031 596 sed
1053 564 1134 608 qnia
1152 576 1216 596 vo-

224 614 348 657 luptati
372 620 421 647 est
444 614 487 646 ab
504 614 705 647 adversario
727 614 923 649 dissentire.
975 613 1100 647 Postea
1119 614 1216 648 latis-

224 665 310 699 sime
335 671 506 708 vagantur
535 665 721 704 sactiones,
759 664 903 698 dissidia
934 665 978 697 ab
1007 662 1217 698 authoribus

225 715 392 755 excitata,
425 727 498 748 non
521 722 655 748 tantum
673 715 801 756 urbes,
836 715 895 747 sed
923 721 1011 748 totas
1029 721 1139 748 terras
1157 727 1217 748 oc-

225 773 366 810 cupant.
426 765 474 797 lta
510 766 679 810 quaedam
713 766 847 809 privata
873 766 953 798 odia
985 766 1217 804 ulciscuntur,

226 816 368 860 publica
384 814 621 848 Ecclesiarum
640 815 846 849 calamitate.
899 814 951 849 Ac
976 816 1058 849 satis
1075 823 1217 860 apparet

226 864 316 899 hanc
343 867 508 899 omnibus
533 867 603 899 sere
628 867 845 910 temporibus
869 866 1022 900 extitisse
1045 867 1216 909 originem

226 915 423 949 haeresetfin
457 923 488 950 et
523 914 782 955 Schismatum‚
823 917 891 949 iam
926 917 1009 950 inde
1040 918 1083 950 ab
1115 917 1217 950 initio

225 967 375 1009 evulgati
391 965 593 1007 Evangelii,
621 968 715 1012 quod
733 965 905 1001 Diabolus
923 980 962 1000 ex
980 968 1054 1011 ipso
1072 980 1218 1011 corpore

224 1016 400 1051 Ecclesiae
427 1015 571 1060 pulchre
598 1018 849 1051 consentientis
875 1018 910 1051 in
939 1030 1020 1052 vera
1046 1019 1219 1058 doctrina,

227 1068 391 1101 excitavit
408 1069 562 1112 aliquos,
589 1068 649 1113 qui
669 1075 812 1112 propter
829 1069 982 1112 privatas
1000 1069 1219 1113 cupiditates,

225 1125 284 1152 aut
314 1119 444 1151 similes
474 1130 609 1158 causas,
642 1119 686 1151 ab
710 1119 908 1152 animorum
934 1127 965 1152 et
995 1120 1217 1153 voluntatum

226 1169 460 1208 dissensione,
489 1170 529 1200 ad
549 1169 784 1202 dissensiones
804 1171 846 1202 de
865 1171 1024 1203 doctrina
1052 1170 1218 1214 provecti,

227 1227 391 1263 perpetua
415 1220 558 1252 dissidia
583 1220 618 1253 in
633 1217 800 1253 Ecclesiis
820 1228 1041 1264 pepererunt.
1102 1221 1217 1263 Quam

225 1283 243 1303 a
263 1271 399 1303 levibus
420 1271 605 1314 principiis
620 1271 804 1305 excitatum
822 1278 869 1304 est
887 1271 1053 1315 pestilens
1068 1271 1146 1305 Arii
1164 1272 1219 1303 in-

227 1321 391 1353 cendium
403 1347 411 1360 ,
438 1333 508 1364 quo
525 1328 639 1364 postea
659 1333 780 1354 omnes
797 1334 905 1366 prope
921 1320 1081 1355 Orientis
1097 1321 1219 1355 Eccle-

226 1371 294 1403 siae
314 1371 573 1413 conflagrarunt
587 1398 596 1411 ,
622 1373 714 1416 quod
742 1374 778 1404 in
797 1372 967 1405 electione
987 1371 1219 1416 Episcopatus

225 1421 314 1454 alius
340 1420 426 1454 Ario
463 1422 636 1465 praelatus
658 1423 780 1455 suerat.
843 1422 950 1455 Plena
980 1423 1218 1466 exemplorum

226 1479 275 1505 est
308 1470 454 1505 historia
481 1473 639 1505 omnium
665 1479 837 1513 aetatum,
871 1473 929 1506 sed
956 1485 1028 1505 non
1053 1480 1104 1506 est
1131 1485 1219 1516 opus

226 1523 348 1566 procul
366 1523 520 1566 exempla
539 1529 712 1566 repetere.
739 1535 817 1556 cum
837 1523 907 1556 sint
918 1523 963 1555 ob
981 1524 1102 1556 oculos
1119 1535 1218 1566 prae-

225 1573 346 1607 sentia.
399 1572 630 1606 Meminimus
648 1585 686 1606 ex
710 1570 775 1606 hac
800 1573 872 1617 ipsa
897 1571 1014 1606 schola
1033 1574 1218 1618 quosdam,

226 1636 304 1657 cum
327 1623 430 1656 initio
456 1624 491 1655 in
518 1625 700 1657 asserenda
725 1635 810 1667 pura
837 1624 997 1657 doctrina
1023 1623 1220 1666 Evangelii,

228 1674 357 1707 nostris
397 1674 601 1707 viderentur
632 1686 705 1707 esse
740 1675 1039 1713 coniunctissimi,
1090 1681 1219 1718 postca,

228 1737 306 1757 cum
327 1737 366 1757 ex
394 1725 466 1757 suis
495 1725 704 1769 quiluisdam
732 1725 992 1769 suspicionibus
1019 1737 1090 1758 non
1120 1725 1218 1758 vide-

227 1782 352 1808 rentur
367 1787 402 1807 se
420 1775 502 1807 satis
520 1775 783 1816 admirationis,
810 1783 842 1809 ct
865 1775 996 1819 gloriae
1015 1783 1220 1809 consecutos

228 1837 318 1863 esse.
355 1837 417 1858 nec
442 1826 517 1869 pari
551 1823 764 1859 authoritate
789 1838 827 1859 ac
850 1827 1107 1860 existimatione
1141 1839 1218 1859 cum

229 1876 442 1910 Ductoribus
476 1874 615 1916 haberi,
662 1889 742 1910 mox
768 1877 935 1910 exarsisse
966 1877 1117 1918 invidia,
1158 1878 1219 1909 ad-

228 1927 381 1960 iunxisse
413 1927 478 1960 sibi
507 1925 666 1961 homines
696 1927 864 1968 furiosos,
906 1941 1058 1972 quorum
1088 1928 1219 1961 auxilio

228 1985 429 2021 spargerent
447 1978 614 2011 fanaticas
625 1978 832 2022 opiniones,
855 1981 950 2012 unde
966 1979 1008 2011 ad
1026 1985 1219 2011 extremum

231 2027 541 2072 Anabaptistarum
563 2029 660 2062 furor
677 2029 839 2062 invaluit.
890 2029 957 2062 Sed
978 2029 1058 2073 quia
1076 2029 1218 2074 quidam

231 2081 361 2122 poen'as
377 2080 546 2112 dederunt
566 2092 635 2112 non
660 2080 817 2113 nomino.
872 2079 954 2113 Scio
971 2080 1144 2124 plerisque
1162 2092 1219 2111 ve-

231 2137 341 2161 strum
362 2138 483 2162 notum
499 2142 571 2163 esse.
592 2129 811 2169 NVicelium,
838 2137 877 2164 ut
899 2137 947 2164 est
973 2128 1078 2163 homo
1095 2137 1219 2163 natura

233 2180 458 2217 ambitiosus,
490 2187 519 2213 et
546 2182 589 2212 de
613 2193 648 2213 se
677 2181 858 2223 magnifice
876 2182 1046 2217 sentiens.
1072 2194 1150 2214 cum
1169 2188 1219 2214 ta-

233 2243 311 2262 men
334 2238 417 2262 esset
442 2228 546 2262 homo
569 2232 753 2269 obscurus,
786 2244 848 2265 nec
868 2232 1055 2277 quicquam
1074 2233 1219 2273 dignum

234 2287 327 2313 tanta
348 2281 515 2323 opinione
533 2282 681 2315 ertulitis
699 2280 920 2319 hominibus,
949 2295 1053 2327 quam
1071 2283 1137 2315 sibi
1157 2282 1219 2327 ipsi

237 2330 413 2370 induerat,
450 2333 670 2375 protulisset,
704 2333 785 2378 quia
809 2334 1069 2378 suspirabatur,
1094 2346 1129 2367 se
1149 2346 1219 2366 non

235 2383 318 2414 satis
352 2395 413 2425 pro
438 2383 607 2423 dignitate
641 2384 800 2424 tractari,
838 2383 902 2418 hac
935 2385 1006 2417 sola
1039 2386 1082 2417 de
1109 2396 1221 2424 causa,

235 2433 346 2474 coepit
364 2446 380 2465 a
399 2435 525 2466 nostris
542 2435 736 2470 dissentire.
797 2433 939 2470 Etcum
957 2437 1127 2479 quaedam
1148 2435 1221 2468 eius

235 2483 360 2522 scripta
379 2485 422 2515 ab
438 2485 556 2517 auoit-is
576 2486 822 2519 leniteressent
842 2483 1067 2530 reprehensa„
1096 2486 1220 2519 exarsit

237 2534 287 2566 ira
305 2542 407 2578 atque
423 2535 524 2570 odio,
552 2542 582 2568 et
610 2536 754 2568 miscere
775 2538 892 2569 omnia
915 2545 1060 2569 conatus
1086 2544 1153 2572 est.
1189 2544 1218 2569 et
1246 2544 1247 2550 ¹

237 2585 410 2629 quidquid
428 2586 541 2628 potuit
558 2588 681 2619 veneni
702 2588 736 2619 in
755 2594 890 2621 nostros
905 2588 1073 2622 evomuit.
1128 2587 1220 2620 llaec

236 2636 392 2679 exempla
418 2637 542 2668 docere
567 2649 629 2669 nos
659 2645 820 2681 possunt,
854 2646 1024 2683 quantum
1047 2640 1220 2672 malorum

673 122 834 160 DECL.
865 121 938 158 DE
974 121 1281 159 PURITATE
1314 120 1662 158 DOCTRINAE
1700 133 1785 161 ETC.

218 213 313 247 ultro
331 211 590 256 amplectuntur
606 209 806 243 occasiones
824 209 974 243 invicem
1002 209 1212 251 insectandi,
1237 208 1241 225 ¹
1265 211 1438 242 docentes.

2172 125 2195 160 6
2204 125 2255 162 27

1499 207 1686 242 Summum
1709 208 1883 242 malorum
1905 215 1975 250 est,
2008 215 2042 243 et
2062 208 2255 244 certissima

1263 258 1440 294 Ecclesiae
1458 259 1582 303 pestis,
1610 271 1716 303 purae
1733 258 1912 292 doctrinae
1928 260 2149 304 depravatio:
2195 260 2257 294 sed

1265 311 1308 344 ad
1332 307 1444 350 hanc,
1481 309 1680 342 occasiones
1705 316 1738 343 et
1769 319 1890 342 causas
1911 310 2053 354 praebet
2075 310 2256 345 discordia

1265 360 1479 394 docentium.
1535 358 1654 402 Quare
1671 366 1841 404 quantum
1858 360 1894 392 in
1911 360 2015 393 nobis
2026 367 2093 401 est,
2117 373 2253 395 summa

1266 423 1348 445 cura
1383 423 1422 443 ac
1455 410 1572 444 studio
1600 412 1792 443 cavendum
1816 417 1884 450 est,
1919 422 1964 443 ne
1993 417 2111 444 nostra
2137 412 2254 457 aliqua

1267 462 1367 506 culpa
1386 461 1558 494 eiusmodi
1576 462 1708 493 malum
1727 461 1819 494 inter
1835 472 1900 494 nos
1919 461 2098 496 excitetur.
2135 461 2257 507 Neque

1267 524 1348 545 vero
1375 512 1585 555 cogitemus,
1618 523 1682 544 nos
1699 511 1829 544 liberos
1847 523 1919 544 esse
1944 512 1988 545 ab
2006 509 2062 544 his
2079 511 2255 556 periculis.

1266 563 1355 596 Nam
1371 562 1561 603 Diabolus,
1587 569 1623 595 ut
1640 561 1731 603 dixi,
1751 574 1822 595 non
1841 561 1968 596 desinit
1984 573 2048 595 nos
2065 563 2181 595 omnis
2198 574 2257 606 ge-

1267 614 1361 646 neris
1395 613 1535 646 insidiis
1562 620 1666 658 atque
1694 613 1828 646 artibus
1856 619 2029 656 appetere.
2089 611 2136 646 Et
2161 625 2258 646 nnn-

1267 676 1372 709 quam
1387 670 1456 696 tam
1474 664 1645 697 foeliciter
1657 671 1776 707 agetur
1794 663 1829 696 in
1846 664 1951 696 rebus
1961 661 2143 704 humanis,
2170 664 2258 709 quin

1268 714 1417 748 existant
1449 714 1554 747 etiam
1580 714 1671 747 inter
1704 715 1816 747 bonos
1856 714 1993 759 aliquae
2020 713 2258 747 offensionum

1268 765 1478 799 occasiones.
1531 764 1659 807 Magna
1678 771 1726 798 est
1746 765 1838 798 inter
1857 762 2019 797 homines
2034 764 2257 803 ingeniorum

1268 822 1301 848 et
1326 822 1532 848 naturarum
1560 816 1830 853 dissimilitudo,
1876 815 1992 860 itaque
2016 815 2117 848 facile
2145 821 2261 859 potest

1269 866 1443 905 accidere,
1470 872 1507 898 ut
1525 865 1584 897 alii
1609 866 1759 899 aliorum
1778 867 1877 900 sactis
1897 878 1936 899 ac
1953 865 2056 899 dictis
2075 866 2262 899 offendan-

1270 923 1340 949 tur.
1391 914 1526 949 Etcum
1544 917 1649 949 semel
1668 916 2114 957 admittimusoccasiones,
2142 924 2261 961 postea

1270 967 1335 1010 ipsi
1362 967 1464 999 nobis
1487 966 1728 1009 indulgemus,
1763 967 1872 999 animi
1896 967 2064 1011 paulatim
2084 967 2261 1012 incipiunt

1270 1017 1436 1057 alienari,
1482 1019 1652 1050 accedunt
1687 1017 1850 1050 sinistrae
1884 1018 2118 1062 suspiciones,
2171 1030 2261 1063 quae

1270 1068 1494 1102 etiamsinon
1520 1075 1712 1112 erumpunt
1734 1069 1770 1100 in
1797 1068 1991 1101 simultates
2015 1074 2047 1101 et
2073 1068 2172 1107 odia,
2207 1075 2262 1102 ta-

1271 1131 1350 1152 men
1368 1130 1441 1151 non
1458 1119 1589 1152 abeunt
1606 1119 1681 1151 siue
1699 1119 1923 1151 incommodo
1942 1118 2102 1162 publico,
2129 1119 2261 1153 multae

1271 1171 1384 1202 bonae
1409 1181 1462 1202 res
1489 1169 1749 1213 impediuntur,
1784 1182 1863 1202 cum
1881 1169 1991 1202 animi
2010 1181 2081 1202 non
2100 1169 2183 1202 satis
2201 1181 2262 1203 co-

1271 1218 1437 1260 haerent,
1472 1232 1576 1253 nemo
1609 1220 1709 1253 alteri
1735 1220 1896 1259 confidit,
1929 1227 1989 1254 aut
2019 1232 2092 1253 sese
2123 1220 2262 1265 aperire

1271 1272 1385 1305 audet.
1443 1270 1490 1303 lta
1511 1283 1582 1303 non
1600 1271 1832 1305 conferuntur
1847 1271 1979 1311 studia,
2012 1271 2055 1304 ad
2073 1271 2263 1305 consulen-

1271 1323 1354 1354 dum
1379 1319 1554 1354 Ecclesiae.
1577 1322 1789 1359 commodis,
1817 1333 1889 1354 non
1914 1328 1995 1355 sunt
2016 1321 2059 1354 de
2075 1321 2180 1355 rebus
2198 1333 2262 1355 ne-

1271 1371 1428 1404 cessariis
1450 1372 1742 1411 deliberationes,
1777 1378 1836 1404 aut
1867 1372 2139 1409 collocutiones,
2172 1383 2262 1416 quo-

1270 1422 1375 1454 modo
1399 1422 1620 1455 obscuriores
1644 1421 1902 1455 controversiae
1934 1422 2135 1465 religionis,
2169 1422 2262 1456 clare

1271 1478 1303 1504 et
1326 1473 1487 1515 proprie,
1521 1484 1560 1505 ac
1585 1473 1628 1505 ad
1653 1485 1760 1505 unam
1787 1472 1939 1517 aliquam
1965 1479 2092 1506 certam
2111 1473 2260 1506 sormam

1270 1523 1463 1555 secundum
1481 1523 1689 1565 scripturam
1708 1523 1937 1566 explicentur.
1989 1522 2100 1566 Saepe
2115 1534 2186 1556 non
2204 1534 2261 1557 sa-

1270 1573 1314 1605 tis
1339 1573 1488 1615 intelligi
1516 1580 1647 1616 potest,
1681 1574 1766 1619 quid
1791 1573 1940 1619 quisque
1965 1573 2105 1607 sentiat.
2165 1572 2261 1609 Haec

1272 1623 1340 1655 iam
1360 1623 1443 1656 satis
1461 1635 1584 1665 magna
1603 1631 1702 1665 sunt,
1728 1624 1813 1670 quid
1831 1632 1946 1658 autem
1963 1625 2120 1658 futurum
2138 1631 2206 1665 est,
2231 1624 2262 1658 si

1270 1674 1441 1708 accedunt
1461 1680 1494 1707 et
1513 1674 1592 1707 illae
1614 1682 1743 1719 pestes,
1770 1675 1983 1714 simultates,
2010 1675 2110 1714 odia,
2137 1674 2262 1710 sactio-

1271 1735 1351 1764 nes,
1410 1725 1582 1759 tumultus
1624 1732 1657 1759 et
1702 1726 1941 1759 amarulentae
1985 1725 2263 1768 criminationes,

1272 1786 1427 1818 pugnae,
1462 1787 1548 1821 quas
1575 1776 1700 1809 merito
1735 1776 1895 1822 quisquis
1919 1783 1987 1814 est,
2027 1774 2262 1819 Christianus,

1272 1833 1344 1859 toto
1381 1825 1499 1858 animo
1534 1827 1685 1859 execrari
1724 1833 1827 1872 atque,
1865 1825 2107 1860 exhorrescere
2144 1827 2259 1862 debet.

1272 1876 1530 1917 Quamobrem,
1558 1877 1694 1910 tametsi
1710 1875 1795 1911 haec
1810 1878 1951 1922 quidem
1970 1875 2115 1917 Schola,
2142 1875 2262 1912 harte-

1272 1938 1338 1959 nus
1355 1933 1471 1970 pacata
1488 1928 1612 1966 suerit,
1639 1935 1670 1961 et
1692 1929 1784 1962 inter
1800 1927 1970 1962 Doctores
1992 1928 2170 1970 singulare
2187 1935 2262 1962 stu-

1272 1978 1370 2010 dium
1389 1977 1596 2011 concordiae
1611 1985 1798 2023 appareat,
1823 1985 1938 2013 tamen
1956 1985 2042 2012 ntea
2059 1990 2164 2022 porro
2175 1991 2263 2013 con-

1273 2034 1448 2069 servetur,
1480 2026 1547 2062 huc
1571 2030 1812 2070 conseramus,
1840 2041 1956 2062 coram
1982 2035 2015 2062 et
2034 2029 2262 2072 cogitationes

1273 2085 1428 2119 nostras,
1453 2085 1491 2112 ut
1506 2076 1560 2112 bis
1577 2080 1695 2120 malis,
1719 2092 1808 2125 quae
1828 2080 1918 2119 dixi,
1937 2091 2171 2114 occurramus.
2213 2078 2263 2116 Et

1273 2135 1321 2162 est
1339 2140 1420 2162 sane
1445 2131 1487 2162 ad
1513 2127 1603 2163 hanc
1622 2142 1694 2164 rem
1715 2142 1804 2174 opus
1828 2130 1997 2173 singulari
2016 2142 2099 2164 cura
2117 2142 2155 2164 ae
2174 2142 2261 2175 pru-

1273 2180 1407 2219 dentia,
1443 2186 1475 2213 et
1498 2178 1582 2221 hoc,
1613 2188 1652 2214 ut
1676 2181 1712 2214 in
1735 2182 1813 2214 aliis
1830 2181 1952 2218 rebus,
1982 2181 2028 2214 ita
2049 2178 2104 2214 hic
2119 2193 2262 2227 quoqne

1274 2231 1506 2264 necessarium
1525 2238 1555 2265 et
1574 2232 1660 2265 utile
1685 2239 1906 2276 praeceptum
1929 2238 1994 2272 est,
2026 2233 2120 2277 quod
2140 2240 2261 2269 monet

1274 2282 1457 2326 principiis
1471 2294 1543 2315 csse
1563 2283 1786 2316 obstandum.
1848 2281 1936 2316 Litis
1957 2282 2116 2323 initium,
2144 2282 2262 2329 inquit

1273 2333 1460 2372 Salomon,
1496 2333 1640 2377 perinde
1658 2341 1726 2370 est.
1753 2334 1821 2367 acsi
1847 2334 1985 2366 alveum
2006 2333 2139 2378 ruperit
2161 2346 2262 2379 aqua,

1274 2396 1362 2427 quae
1380 2391 1495 2427 postea
1515 2385 1610 2418 nulla
1629 2385 1761 2417 inritus
1785 2384 1959 2418 contineri
1977 2391 2100 2428 potest.
2154 2383 2203 2418 tta
2221 2385 2258 2419 in

1275 2432 1427 2467 Ecclesia
1446 2447 1462 2466 a
1485 2435 1600 2478 parvis
1625 2435 1735 2468 initiis
1752 2443 1848 2469 ortae
1866 2435 2118 2475 dissensiones,
2142 2442 2260 2479 postea

1274 2497 1351 2517 cum
1377 2486 1623 2525 invaluerunt,
1657 2487 1765 2520 nullis
1788 2485 1951 2520 remediis
1973 2485 2087 2519 sanari
2106 2494 2263 2530 possunt.

1275 2537 1392 2578 Quare
1431 2543 1601 2581 qtnuutum
1644 2549 1844 2580 possumus.
1885 2537 2033 2570 vitemus
2063 2536 2262 2572 occasiones

1273 2599 1411 2625 ornnes,
1446 2588 1687 2631 praecidamus
1711 2588 1877 2633 quicquid
1905 2587 2069 2630 impedit¹
2103 2595 2162 2622 aut
2194 2589 2257 2622 oh-

1273 2645 1354 2676 stat,
1375 2639 1506 2672 etiamsi
1523 2651 1611 2683 quae
1629 2639 1736 2673 iustae
1748 2639 1912 2672 videntur
1926 2649 1997 2670 esse
2008 2650 2130 2671 causae
2146 2639 2259 2672 otten-

237 2687 358 2720 atterat
396 2687 430 2719 in
466 2685 640 2727 Ecclesia,
679 2688 849 2721 dissensio
877 2690 1099 2723 voluntatum
1131 2690 1223 2723 inter
1272 2689 1432 2727 sinuum,
1460 2691 1701 2724 condonemus
1723 2697 1865 2730 mutuo,
1897 2689 2158 2723 dissimulemus
2184 2690 2258 2735 pri-
