2338 2958
61 121 138 157 297

543 116 710 153 DECL.
741 115 815 153 DE
849 113 1252 153 ASTRONOMIA
1286 117 1360 154 ET
1395 116 1614 155 GEOGR.

2020 118 2095 154 298

64 207 171 254 plecti
187 211 299 240 totum
319 210 432 237 terrae
448 203 632 245 ambitum,
656 211 689 238 et
707 204 849 250 quidem
868 211 972 245 certa,
997 203 1053 237 fa·-
1075 199 1079 255 Ι
1104 215 1203 249 posse
1223 215 1362 247 regere,
1387 202 1483 238 hunc
1502 206 1742 246 moderatum,
1768 204 1899 239 iustum
1919 211 1952 239 et
1968 203 2093 238 utilem

63 259 124 293 cili
148 264 180 291 et
203 255 465 299 compendiaria
481 255 732 299 supputatione
749 253 1054 300 comprehensum,
1076 291 1079 304 Ι
1103 255 1239 289 civibus
1264 256 1349 289 sore.

1413 256 1465 289 Ac
1485 258 1576 290 addo
1602 257 1706 290 verba
1732 255 1910 296 Platonis,
1943 264 1982 289 ut
2005 255 2093 289 tanti

64 320 166 355 quem
195 306 223 340 si
255 306 468 349 cogitatione
502 313 670 352 tauquam
695 307 808 340 oculis
834 313 946 340 totum
967 317 1053 339 con·
1076 307 1079 328 1
1103 306 1170 339 viri
1187 318 1253 339 vox
1268 313 1300 340 et
1316 306 1487 340 autoritas
1503 320 1563 340 vos
1578 308 1619 341 ad
1637 320 1792 341 amorem
1808 315 1841 342 et
1857 307 2013 341 studium
2030 303 2094 339 ha-

63 357 260 403 templeriS,
294 357 407 402 possis
431 357 535 391 etiam
560 357 682 390 mirari
709 357 935 401 parvitatem,
972 369 1051 390 cum

61 410 106 444 sit
133 415 335 443 nostrorum
369 408 605 442 miliariorum
629 408 818 454 quinquies
845 409 942 441 mille
966 420 1053 453 qua-

61 460 343 504 dringentorum,
395 458 492 493 Haec
518 460 592 492 sine
614 459 773 493 doctrina
795 465 956 492 motuum
976 471 1052 492 coe—

59 511 199 546 lestium
219 510 354 544 includi
377 511 479 544 certis
497 510 812 554 descriptionibus,
840 510 939 556 quasi
960 510 1053 542 limi-

60 563 156 598 tibus
180 573 254 595 non
279 568 455 606 poterant.
508 561 581 595 Iam
601 567 732 606 quanta
750 561 901 594 suavitas
915 572 954 594 ac
971 561 1053 594 dul-

61 614 146 648 cedo
169 613 214 647 sit
241 610 347 646 huius
373 613 573 653 doctrinae,
601 612 776 652 dicerem,
803 611 832 644 si
857 612 972 645 verbis
995 624 1052 645 ex-

59 676 192 710 ponere
207 675 357 709 possem.
409 663 477 698 Sed
501 661 586 697 haec
604 663 822 707 experiundo
839 674 1053 705 coguoscen-

58 717 103 749 da
137 722 199 750 est.
268 715 338 749 Sua
371 715 498 760 cuique
525 720 669 748 naturae
694 714 937 758 propriissima
963 715 1052 747 actio

58 766 314 801 iucundissima
355 773 425 804 est,
467 772 508 799 ut
541 777 625 798 nare
656 765 828 809 piscibus,
877 765 1051 798 modulari

60 817 267 856 Lusciniae,
289 817 350 857 ‚ita
386 814 548 850 homines
582 827 707 860 magna
738 817 918 860 voluptate
952 816 1051 849 adfici

59 879 199 902 necesse
220 874 290 906 est,
316 879 395 901 curn
419 874 581 901 naturam
600 874 709 901 totam
730 879 849 900 rerum
866 867 1054 911 aspiciunt,

58 931 138 954 cum
165 930 395 952 numerorum
425 925 460 952 et
489 919 777 961 magnitudinum
806 918 1054 963 proportiones

59 970 269 1010 inveniunt,
304 981 382 1002 cum
408 970 611 1003 coelestium
639 977 671 1003 et
695 969 904 1003 inferiorum
929 982 1053 1014 corpo—

57 1032 138 1056 rum
154 1018 377 1054 harmoniam
394 1027 427 1054 et
438 1032 647 1054 consensum
663 1018 945 1065 deprehendunt,
974 1033 1052 1054 cum

58 1072 183 1113 vident
206 1072 326 1105 omnia
349 1079 440 1105 certa
465 1072 540 1116 lege
565 1071 706 1105 condita
732 1083 822 1110 esse,
856 1079 897 1105 ut
921 1083 986 1104 nos
1011 1073 1053 1104 de

57 1121 261 1158 Architecto
279 1123 504 1156 admoneant.
556 1121 612 1156 Ad
629 1120 720 1156 banc
735 1123 1051 1156 considerationem

58 1186 137 1208 cum
167 1173 242 1207 nati
274 1174 401 1215 simus,
437 1186 575 1207 necesse
608 1181 658 1207 est
685 1186 760 1207 eam
783 1174 957 1218 voluptati
983 1185 1053 1207 esse

57 1237 132 1259 non
155 1224 383 1263 monstrosis,
411 1237 483 1258 non
509 1225 668 1259 distortis
694 1225 840 1258 naturis.
891 1223 969 1258 Etsi
992 1238 1054 1258 au-

57 1283 128 1310 tem
152 1276 257 1309 initio
282 1276 456 1319 praefatus
480 1287 579 1317 sum,
605 1289 660 1309 me
688 1288 761 1309 non
787 1276 963 1310 dicturum
983 1288 1053 1309 esse

57 1328 102 1361 de
130 1335 228 1372 parte
259 1327 485 1368 divinatrice,
529 1333 644 1360 tamen
677 1325 744 1360 hoc
774 1328 920 1367 addam,
961 1325 1053 1359 hanc

58 1378 171 1422 ipsam
188 1377 384 1411 doctrinem
399 1384 558 1411 motuum
574 1377 774 1411 coelestium
794 1390 855 1421 per
871 1389 942 1410 sese
957 1389 1053 1421 μαν-

59 1425 165 1474 τικὴν
189 1440 279 1466 csse,
312 1435 344 1462 et
367 1428 590 1473 praecipuam
613 1440 652 1461 ac
669 1428 896 1461 certissimam
914 1428 1053 1461 divina—

10 1475 12 1479 ’
58 1479 192 1513 tionem
222 1479 478 1522 gubernantem
506 1479 597 1512 vitae
623 1491 808 1513 summam.
876 1478 965 1512 :Nam
989 1477 1053 1511 hae

58 1531 151 1574 leges
166 1537 340 1568 motuum,
367 1536 542 1564 testantur
557 1531 731 1563 mundum
749 1542 822 1562 non
841 1541 920 1563 casu
937 1537 1052 1564 ortum

58 1592 148 1619 esse,
176 1581 235 1613 sed
259 1593 276 1613 a
295 1588 411 1614 mente
428 1587 568 1614 aeterna
585 1581 786 1620 conditum,
821 1588 853 1614 et
869 1577 952 1613 huic
969 1592 1054 1613 con-

59 1631 168 1666 ditori
192 1629 381 1666 humanam
406 1638 568 1665 naturam
595 1644 698 1665 curae
725 1643 808 1665 esse.
860 1629 956 1664 Haec
973 1643 1051 1664 cum

57 1682 240 1729 perspicue
262 1683 504 1716 demonstrent
523 1683 614 1726 leges
631 1690 791 1716 motuum
804 1710 813 1723 ,
841 1682 961 1725 negari
982 1694 1053 1715 uon

58 1740 189 1780 potest,
215 1731 306 1767 hanc
329 1734 527 1768 doctrinam
553 1746 633 1767 vere
656 1745 728 1767 esse
751 1731 936 1778 μαντικὴν
955 1734 998 1767 de
1018 1745 1054 1766 re

58 1785 222 1820 maxima.
275 1784 365 1818 Nam
383 1783 468 1818 haec
484 1786 526 1818 de
536 1785 610 1819 Deo
627 1792 660 1819 et
677 1786 719 1818 de
736 1785 956 1829 providentia
974 1796 1054 1817 sen-

59 1836 186 1877 tentia,
234 1836 391 1881 profecto
430 1837 473 1869 ad
505 1836 672 1869 virtutem
705 1835 842 1868 animos
876 1835 1053 1870 exuscitat.

58 1885 238 1922 Praedicit
263 1884 436 1931 Physicus
462 1887 617 1931 pluvias,
644 1887 670 1919 si
695 1886 830 1930 spirent
852 1883 973 1919 Austri
1001 1887 1052 1919 vel

59 1935 236 1984 Zephyri,
263 1938 289 1971 si
307 1936 455 1978 Boreas,
482 1937 716 1971 serenitatem.
772 1936 916 1979 Quanto
933 1937 1055 1970 utilior

60 1989 233 2023 divinatio
261 1997 327 2030 est,
361 1989 571 2022 confirmare
594 1989 731 2021 animos
755 1988 798 2020 de
821 1988 1054 2032 providentia,

59 2051 105 2074 ne
140 2051 221 2073 casu
258 2041 432 2074 mundum
471 2040 623 2073 extitisse
654 2038 855 2072 somnient?
923 2038 1054 2081 Magna

58 2102 161 2125 causa
186 2090 272 2131 fuit,
299 2103 361 2125 cur
376 2091 474 2125 Deus
495 2088 581 2124 haec
605 2092 648 2124 de
672 2102 706 2123 se
731 2089 930 2123 testimonia
951 2089 1054 2123 nobis

59 2142 292 2186 proposuerit.
342 2141 431 2175 Nam
447 2154 525 2175 cum
540 2141 729 2175 didicimus
745 2140 838 2181 inde,
859 2152 930 2174 esse
939 2139 1053 2174 Deum

64 2192 335 2235 gubernatorem
366 2193 550 2234 omnium,
583 2192 832 2235 intelligimus,
866 2191 896 2224 ei
929 2204 1054 2235 paren-

61 2244 147 2276 dum
166 2254 249 2281 esse,
276 2243 498 2287 agnoscimus
513 2244 675 2277 ordinem
693 2243 736 2275 ab
751 2243 838 2286 ipso,
862 2241 941 2275 etin
955 2255 1054 2276 men-

59 2294 155 2327 tibus
173 2294 302 2327 nostris
318 2300 350 2327 et
366 2294 403 2326 in
422 2294 563 2338 politica
583 2294 746 2328 societate
760 2293 958 2327 institutum
972 2305 1054 2334 esse,

62 2351 95 2378 et
121 2345 271 2377 sancitas
296 2355 425 2388 poenas
447 2345 738 2379 conturbantium
764 2341 858 2377 bunc
880 2344 1054 2383 ordinem,

63 2407 149 2441 quas
167 2408 209 2428 ue
226 2395 396 2438 Gigantes
412 2395 573 2440 quidem,
599 2396 655 2429 vel
672 2397 700 2429 si
716 2396 833 2429 ausint
849 2396 891 2428 ad
908 2407 944 2429 se
959 2408 1054 2429 com-

62 2447 273 2480 muniendos
290 2447 471 2491 imponere
482 2445 580 2480 Pelio
589 2444 717 2486 Ossan,
745 2447 898 2489 effugere
914 2454 1054 2491 queant.

63 2495 227 2543 Denique
249 2498 359 2531 multa
382 2498 425 2530 de
441 2496 517 2531 Deo
541 2504 573 2530 et
595 2498 638 2531 de
659 2497 818 2531 moribus
842 2504 961 2531 monet
977 2510 1055 2531 coe-

64 2547 203 2581 lestium
222 2549 338 2592 legum
355 2549 461 2589 ordo,
490 2549 676 2582 testificans
693 2550 734 2582 ad
755 2547 901 2582 humani
918 2550 1056 2592 generis

64 2598 251 2632 utilitatem
278 2597 338 2633 has
363 2612 480 2633 rerum
507 2599 599 2633 vices
623 2600 782 2633 conditas
800 2611 882 2634 esse.
937 2599 1056 2643 Quare

65 2647 167 2683 Plato
187 2652 376 2694 prudenter
393 2651 500 2691 dixit,
527 2663 605 2684 eum
625 2651 740 2684 virum
760 2657 895 2684 tantum
914 2651 1055 2685 beatum

66 2710 157 2740 esse,
183 2701 244 2746 qui
269 2699 359 2736 hanc
382 2702 583 2736 doctrinam
607 2701 790 2743 didicerit,
819 2698 915 2736 hunc
940 2714 1056 2736 mores

1102 370 1182 391 rum
1208 357 1420 401 optimarum
1446 358 1574 391 artium
1599 359 1776 394 exuscitet.
1829 357 1949 392 Unum
1966 364 2015 391 est
2031 368 2094 390 na-

1103 415 1201 442 turae
1218 408 1421 448 vinculum,
1449 409 1609 442 doctrina
1628 422 1875 448 numerorum,
1903 411 2093 453 figurarum

1104 466 1136 493 et
1160 466 1319 493 motuum
1343 459 1566 500 coelestium,
1594 472 1632 493 ac
1656 461 1684 493 si
1706 461 1784 506 quis
1809 461 1913 494 aliam
1938 460 2029 493 viam
2051 460 2094 491 ad

1104 511 1312 544 discendum
1345 517 1507 555 quaeret,
1550 511 1729 545 fortunam
1761 512 1917 553 invocet,
1956 517 1995 544 ut
2025 510 2095 543 dici

1103 563 1202 596 solet.
1256 560 1346 595 Nam
1370 562 1445 595 sine
1467 559 1522 594 his
1545 574 1648 595 nemo
1666 562 1702 594 in
1721 562 1921 596 civitatibus
1938 573 2095 607 uuquam

1104 614 1226 647 beatus
1257 612 1390 648 existet.
1443 611 1512 645 Hie
1541 614 1668 645 modus
1698 620 1765 652 est,
1810 610 1894 646 haec
1924 612 2096 650 educatio,

1104 663 1188 698 haec
1203 664 1403 707 disciplina,
1429 676 1488 697 seu
1506 664 1617 697 facilis
1631 676 1691 697 seu
1707 663 1872 698 difficilis.
1923 663 1989 696 Per
2005 661 2096 696 hanc

1105 717 1154 749 ire
1178 727 1316 749 necesse
1340 721 1410 756 est,
1436 727 1499 748 nec
1524 717 1574 748 fas
1601 722 1649 749 est
1673 714 1847 758 negligere
1871 713 2005 752 Deum,
2034 713 2094 759 qui

1103 774 1236 811 gratam
1261 768 1303 799 de
1323 778 1358 799 se
1381 767 1508 800 samam
1528 767 1563 799 iu
1580 764 1635 799 his
1651 767 1785 799 artibus
1801 765 1918 809 generi
1940 762 2096 797 humano

1105 818 1241 853 tribuit.
1294 816 1389 851 Haec
1408 824 1491 851 suut
1508 817 1667 851 Platonis
1686 817 1810 858 verba,
1836 817 1872 849 in
1893 816 2023 862 quibus
2041 827 2097 849 co-

1104 870 1227 913 gitate,
1253 881 1357 914 quam
1376 869 1552 913 sapienter
1570 869 1701 902 dictum
1717 868 1782 909 sit,
1810 875 1943 911 gratam
1961 866 2027 900 Dei
2047 867 2098 900 fa-

1105 933 1196 952 mam
1222 920 1338 953 audiri
1361 920 1397 952 in
1426 918 1480 952 bis
1505 920 1656 958 artibus,
1685 916 1753 953 hoc
1774 927 1841 960 est,
1868 930 2097 952 numerorum

1105 971 1240 1004 ordinis
1265 978 1298 1004 et
1322 971 1523 1004 coelestium
1550 982 1737 1014 corporum
1758 970 1959 1013 cognitione
1979 980 2098 1002 neces-

1104 1023 1196 1055 sario
1221 1034 1284 1055 nos
1309 1029 1460 1056 statuere
1482 1023 1655 1055 mundum
1679 1034 1697 1054 a
1722 1029 1838 1055 mente
1856 1029 1994 1054 aeterna
2013 1032 2095 1053 con-

1106 1074 1218 1107 ditum
1245 1085 1328 1109 esse.
1390 1072 1481 1106 Vere
1505 1073 1612 1116 igitur
1636 1070 1720 1105 haec
1747 1072 1819 1117 ipsa
1845 1071 2025 1111 doctrina,
2055 1072 2097 1104 de

1105 1137 1171 1170 qua
1198 1124 1398 1169 loquimur,
1426 1131 1475 1158 est
1498 1121 1676 1169 μαντικὴ,
1707 1124 1810 1156 etiam
1829 1123 1856 1156 si
1874 1123 2025 1168 reliquas
2043 1121 2098 1154 di-

1105 1176 1303 1209 vinatioues
1327 1187 1400 1214 non
1423 1182 1639 1216 scrutemur,
1664 1176 1707 1208 de
1730 1174 1987 1207 mutationibus
2005 1173 2097 1206 ae'ris

1106 1234 1139 1261 et
1168 1239 1355 1271 corporum
1388 1234 1609 1267 nostrorum,
1659 1238 1809 1271 quarum
1843 1237 1917 1258 non
1949 1223 2097 1257 omniuo

1105 1278 1203 1311 nulla
1233 1285 1284 1312 est
1315 1278 1469 1319 utilitas,
1519 1278 1548 1311 si
1579 1277 1672 1310 intra
1708 1277 1815 1310 iustas
1847 1283 1954 1309 metas
1986 1275 2098 1309 conti-

1106 1336 1267 1363 neantur.

1207 1378 1296 1412 Cum
1330 1379 1436 1422 igitur
1462 1379 1623 1412 doctrina
1646 1379 1689 1412 de
1711 1378 1865 1411 motibus
1891 1376 2098 1411 coelestibus

1107 1428 1208 1475 plena
1231 1430 1274 1464 sit
1298 1430 1528 1470 eruditionis,
1555 1442 1634 1463 cum
1657 1430 1699 1463 sit
1720 1430 1817 1463 utilis
1837 1429 1927 1462 vitae
1946 1428 1989 1460 ad
2010 1434 2098 1460 tem-

1108 1493 1232 1525 porum
1264 1487 1297 1513 et
1320 1481 1504 1523 regionum
1530 1481 1814 1520 distinctionem,
1846 1492 1923 1513 cum
1949 1479 1992 1512 sit
2018 1478 2098 1511 dul-

1111 1532 1266 1571 sissima,
1310 1544 1389 1564 cuin
1419 1531 1600 1565 confirmet
1633 1532 1669 1564 in
1698 1531 1826 1563 animis
1848 1528 2031 1563 honestam
2056 1531 2099 1561 de

1110 1582 1181 1615 Deo
1197 1583 1418 1623 sententiam,
1441 1595 1590 1627 cumque
1606 1582 1650 1615 sit
1664 1582 1796 1615 occasio
1813 1581 1982 1618 discendi,
2006 1580 2099 1612 bona

1108 1634 1247 1677 ingenia
1278 1630 1469 1673 adhortor,
1503 1640 1541 1666 ut
1571 1633 1606 1665 in
1632 1631 1716 1666 haec
1741 1633 1854 1666 studia
1882 1631 2099 1668 incumbant,

1107 1692 1136 1718 et
1157 1696 1235 1723 sua,
1260 1692 1293 1718 et
1309 1683 1464 1729 Reipub.
1482 1697 1595 1724 causa,
1623 1685 1676 1717 cui
1698 1682 1860 1717 honestas
1879 1690 1979 1723 artaz,
2009 1682 2099 1715 vitae

1109 1736 1210 1769 utiles
1228 1747 1434 1769 conservare
1454 1736 1630 1770 debemus.
1685 1734 1779 1769 Dixi.

1121 1946 1183 1980 No.
1203 1946 1262 1981 41.
1944 1959 1991 1978 an.
2008 1947 2099 1976 1536.

1352 2044 1477 2087 Laus
1505 2046 1625 2086 vitae
1655 2046 1860 2087 scholast.

1179 2134 1395 2195 ln'pelclamiQ'g.
1414 2135 1434 2161 l.
1456 2145 1482 2169 p.
1493 2135 1543 2160 466
1557 2144 1630 2169 sqq..
1655 2134 1729 2160 Serv.
1748 2134 1780 2161 T.
1797 2135 1814 2159 Ι.
1835 2143 1860 2168 p.
1874 2134 1951 2163 405.,
1975 2133 2100 2160 Richard.

1240 2188 1246 2195 .
1272 2189 1278 2195 .
1298 2179 1323 2204 p.
1389 2189 1396 2195 .

1110 2251 1167 2284 De
1192 2249 1308 2284 laude
1330 2252 1432 2284 vilae
1454 2249 1704 2283 scholasticae
1721 2251 1858 2290 matio,
1889 2248 1990 2283 dicta
2009 2259 2032 2281 α
2053 2249 2098 2282 Ι).

1119 2300 1279 2336 Melch.
1311 2303 1366 2334 Fe
1378 2312 1399 2335 n
1411 2301 1484 2335 dio
1511 2303 1548 2334 ἱη
1565 2303 1794 2345 promotione
1808 2302 2088 2346 Mayistmrunz.

1110 2388 1206 2430 Cum
1230 2392 1416 2425 considero
1440 2404 1514 2432 eos,
1541 2392 1599 2436 qui
1621 2392 1656 2424 iu
1677 2389 1770 2425 hunc
1789 2393 1902 2425 locum
1920 2393 1962 2425 ad
1981 2392 2101 2425 dicen-

1110 2447 1192 2479 dum
1217 2445 1412 2488 prodeunt,
1443 2443 1497 2477 vel
1522 2443 1717 2485 argumenti
1743 2443 1920 2481 novitate,
1948 2444 2003 2475 vel
2029 2444 2101 2475 elu-

1110 2496 1253 2542 quentia
1286 2495 1440 2538 placere,
1481 2495 1724 2527 animadverto
1758 2492 1846 2526 mihi
1878 2495 1980 2527 valde
2014 2505 2101 2538 opus

1110 2560 1182 2581 esse
1204 2544 1423 2580 humanitate
1447 2552 1551 2591 atque
1571 2545 1744 2591 aequitate
1764 2552 1887 2580 vestra.
1940 2544 2026 2578 Nam
2047 2556 2101 2576 ar-

1110 2605 1316 2641 gumentum
1342 2609 1494 2634 novum,
1523 2598 1616 2641 quod
1640 2597 1782 2641 quidem
1809 2594 1890 2629 huic
1915 2596 1990 2629 loco
2015 2607 2100 2627 cou-

1111 2649 1231 2682 venire
1261 2648 1456 2688 videretur,
1489 2648 1628 2681 nullum
1662 2647 1899 2691 reperiebam,
1934 2658 1995 2679 nec
2022 2656 2099 2688 per-

1110 2700 1259 2744 vulgatis
1275 2699 1403 2732 addere
1416 2699 1551 2744 aliquid
1567 2698 1766 2743 splendoris
1781 2698 1930 2731 dicendo
1947 2707 2099 2741 possum.
