2338 2958
170 119 218 154 47

174 217 192 239 e
210 211 299 238 terra
310 201 484 247 producto
495 198 706 244 palpabilem
725 208 808 232 esse.

174 255 314 294 omnia,
340 253 366 286 si
382 258 519 295 peccato
538 256 660 282 natura
679 259 752 280 non
773 248 893 282 vitiata
910 256 1015 287 esset,
1043 259 1165 281 omnes

175 304 306 350 posteri
331 303 464 340 Adam,
491 299 634 333 masculi
654 299 746 331 iuxta
765 310 804 332 ac
825 299 1016 339 foeminae,
1043 298 1164 331 claris-

175 357 262 390 sime
288 354 426 397 cognita
456 349 676 389 habuissent,
709 355 814 394 atque
846 350 894 382 ita
919 356 1032 383 totum
1057 360 1166 391 genus

177 405 372 440 humanum
391 403 435 435 ab
452 400 602 434 Oriente
619 411 730 444 usque
756 401 798 433 ad
821 398 1050 433 Occidentem
1078 400 1166 432 suis-

177 465 227 491 set
262 453 479 501 gymnasium
512 452 690 496 quoddam
723 449 1000 494 pulcherrimum
1029 456 1062 482 et
1096 450 1165 482 sre-

177 505 445 552 quentissimum
475 500 686 534 scholarium
712 499 941 543 'l'beologiaez
977 499 1043 532 nisi
1071 501 1164 544 quod

175 557 362 591 discrimen
389 554 507 586 forsan
530 552 650 585 fuisset
675 553 868 590 donorum,
902 551 993 584 sicut
1018 551 1117 584 stella
1147 562 1166 583 a

175 607 273 640 stella
298 604 419 637 differt
442 603 608 637 claritate.
677 601 808 634 Verum
842 609 1026 646 postquam
1062 601 1165 645 primi

177 658 229 690 itti
266 663 426 700 parentes
461 654 571 686 nostri
606 653 739 695 decepti
769 649 979 699 πανουργία
1013 651 1168 691 Diaboli,

176 721 243 752 qna
267 718 339 740 non
369 704 497 738 desinit
523 703 683 736 insidiari
708 715 815 745 regno
838 701 922 742 Dei,
959 702 1045 746 lapsi
1073 709 1166 740 sunt,

175 759 235 791 illa
252 757 372 791 divina
393 763 424 788 et
443 755 612 787 excellens
629 760 752 786 natura
778 751 932 786 bominis
947 751 1169 786 horribiliter

174 814 339 852 corrupta
365 813 435 849 est,
464 805 663 844 debilitata,
696 811 729 837 et
752 804 858 837 fracta
876 804 910 836 in
934 804 1068 836 viribus
1090 815 1168 836 cor—

177 860 271 904 poris
290 865 323 891 et
339 857 485 889 animae.
538 855 655 899 Atque
675 854 762 886 illud
786 855 911 887 vitium
935 854 1081 897 originis
1102 855 1168 887 late

176 913 214 944 in
231 919 352 943 omnes
370 914 525 951 posteros
553 906 650 938 Adae
675 911 903 949 propagatum
931 913 998 942 est,
1034 913 1070 938 ut
1099 905 1167 936 iarn

178 961 216 994 in
255 958 421 992 omnibus
459 956 688 994 mortalibus,
741 963 927 1000 antequam
969 956 1170 988 inserantur

177 1009 341 1048 Cliristo,
378 1006 561 1041 horribilis
587 1006 630 1040 sit
653 1006 817 1046 caecitas,
852 1013 892 1039 ut
917 1019 1030 1051 neque
1054 1005 1168 1039 Deum

179 1070 248 1097 tam
270 1061 361 1093 clare
387 1069 616 1101 cognoscere,
652 1069 766 1102 neque
785 1057 821 1089 in
839 1057 910 1090 ulla
927 1064 1083 1090 creatura
1103 1055 1167 1089 Dei

177 1111 406 1158 praesentiam
439 1115 471 1142 et
492 1109 649 1141 divinam
682 1107 923 1151 operationem
949 1108 996 1141 ita
1027 1119 1169 1140 cernere

177 1163 332 1209 possint,
359 1167 463 1205 atque
478 1160 521 1191 ab
535 1171 574 1191 eo
591 1171 668 1192 casn
686 1155 804 1191 scltola
822 1156 1056 1201 Theologsta,
1081 1170 1169 1203 qnae

175 1215 261 1248 alias
279 1224 339 1256 per
356 1218 467 1244 totum
483 1210 604 1243 suisset
623 1209 748 1242 diffusa
769 1209 889 1242 orbem
909 1216 1100 1248 terrarum,
1127 1210 1169 1241 ab

176 1263 325 1299 Oriente
351 1273 460 1306 usqne
489 1262 530 1293 ad
562 1258 758 1299 Occasum,
791 1260 979 1293 celebratio
1015 1254 1196 1291 nominisv

174 1314 318 1349 Domini
336 1321 452 1346 coacta
479 1319 528 1344 est
555 1311 590 1343 in
612 1317 819 1353 angustum,
846 1312 932 1343 adeo
959 1317 995 1343 ut
1020 1311 1101 1342 inde
1126 1311 1170 1342 ab

174 1366 290 1400 Adam
325 1371 357 1396 et
391 1359 622 1401 patriarchis,
658 1361 825 1393 omnibns
850 1361 1065 1404 temporibus
1091 1373 1169 1392 vera

174 1415 331 1450 Ecclesia
351 1413 499 1457 pusillus
515 1423 596 1454 grex
611 1411 729 1444 suerit.
782 1410 874 1444 Ante
891 1411 1034 1455 quidem
1054 1408 1170 1443 borri-

177 1467 282 1500 bilem
309 1465 408 1497 illum
428 1464 564 1506 lapsum
588 1463 636 1494 sic
657 1459 838 1494 habiturae
861 1468 961 1494 erant
975 1473 1028 1493 res
1044 1459 1171 1493 bunia-

176 1530 261 1556 nae,
289 1515 383 1560 qnod
410 1513 505 1546 Deus
529 1513 602 1555 ipse
624 1511 813 1544 domestice
839 1512 941 1554 plane
965 1518 997 1544 et
1018 1518 1171 1554 paterne,

174 1569 266 1601 sicut
282 1566 440 1599 l‘salmns
457 1564 523 1603 ait,
551 1563 778 1606 gubernasset
799 1559 979 1602 homines,
1005 1570 1044 1596 nt
1061 1562 1171 1595 tenel-

177 1620 230 1652 los
247 1617 336 1650 filios
360 1622 522 1649 tractans.
586 1612 637 1646 lbi
662 1613 796 1645 sincera
821 1612 974 1655 cognitio
991 1611 1078 1652 Dei,
1107 1625 1172 1655 pu-

175 1681 236 1703 rus
254 1668 388 1705 cultus,
415 1664 681 1698 ardentissimus
699 1676 798 1696 amor
816 1663 912 1696 verbi
931 1670 962 1696 et
979 1663 1172 1695 voluntatis

175 1719 261 1756 Dei,
290 1730 424 1752 summa
450 1723 482 1748 et
499 1715 533 1747 in
550 1715 623 1747 dies
641 1725 796 1747 crescens
819 1714 1006 1747 admiratio
1025 1725 1171 1755 opernm

175 1770 242 1805 Dei
267 1769 404 1806 suisset,
439 1766 489 1799 ibi
519 1765 742 1798 dulcissimus
767 1765 910 1798 affectus
942 1776 1021 1807 erga
1048 1763 1172 1803 Deum,

177 1820 364 1866 purissima
377 1815 590 1856 'theologum
612 1816 729 1848 ‹nnnia
748 1815 849 1858 plena
867 1815 1029 1854 veritate,
1052 1814 1171 1847 onmia

177 1873 281 1917 plena
310 1869 466 1908 iusticia,
493 1880 627 1900 summa
653 1867 832 1909 voluptas,
859 1866 1023 1899 invocare
1040 1866 1170 1905 Deum,

179 1922 355 1967 appellare
389 1925 520 1953 tantam
550 1925 582 1950 et
612 1917 794 1951 coelestem
819 1917 915 1950 illam
945 1917 1171 1956 maiestatem,

178 1973 337 2009 Patrem,
379 1970 522 2003 laudare
558 1967 693 2006 Deum,
735 1967 876 2007 rimari,
910 1974 942 2001 et
977 1968 1172 2010 expendere

178 2036 282 2067 opera
306 2022 388 2055 Dei.
457 2019 589 2052 Verum
617 2026 693 2062 post
728 2019 862 2060 lapsum
890 2017 1006 2055 Adae,
1043 2018 1078 2050 in
1112 2017 1171 2050 illa

179 2074 309 2118 prima,
348 2080 378 2105 ct
405 2079 504 2104 ancta
529 2071 653 2109 etiam,
689 2076 721 2102 et
754 2069 893 2102 florenti
923 2075 1033 2102 aetate
1065 2068 1199 2107 orbis„

179 2137 260 2168 prae
276 2136 342 2168 qua
361 2122 469 2155 nostri
485 2120 664 2153 nox-issimi
683 2120 851 2163 temporis
868 2120 991 2152 effoeta
1003 2126 1172 2157 senectus,

179 2177 348 2219 podagra,
385 2181 412 2205 et
440 2172 561 2204 senilis
582 2171 683 2203 ¹ussis
706 2177 755 2203 est
776 2171 920 2211 mundi,
950 2172 1040 2213 apud
1062 2170 1171 2202 maio-

179 2240 249 2259 re...
278 2234 306 2257 et
334 2224 564 2267 potentiorem
597 2230 728 2265 partem
760 2219 943 2254 bominum
973 2221 1090 2253 omnia
1118 2233 1172 2253 re-

178 2277 266 2321 pleta
295 2274 477 2311 idolatria,
513 2285 647 2310 errore,
676 2280 707 2305 et
732 2286 770 2305 ex
797 2273 857 2304 illo
879 2271 1008 2304 adflatu
1029 2271 1170 2304 Diaboli

181 2325 270 2360 nibil
293 2324 545 2368 contemptius,
573 2321 662 2355 nibil
685 2323 940 2368 aspernabilius
967 2334 1039 2355 esse
1059 2322 1173 2366 coepit

177 2390 280 2416 vero,
329 2383 447 2408 sancto
491 2381 523 2407 et
568 2374 703 2406 sincero
747 2375 843 2406 cultu
884 2372 968 2410 Dei.
1021 2385 1172 2417 veraque

180 2427 391 2468 'l‘lieologim
454 2425 541 2458 Nam
567 2432 641 2467 pust
668 2425 753 2456 illud
780 2425 931 2458 immane
950 2431 982 2457 ct
1000 2422 1172 2457 horribile

178 2480 285 2512 totius
317 2477 453 2518 generis
485 2474 630 2508 bumani
672 2477 860 2514 damnum,
902 2487 982 2508 vera
1018 2475 1172 2517 cognitio

176 2528 261 2569 Dei,
295 2537 324 2561 et
354 2527 448 2560 wrhi
475 2526 608 2565 divini,
642 2533 674 2559 et
702 2526 759 2558 illa
791 2526 932 2567 vestigia
966 2525 1171 2570 paradisiaci

178 2579 349 2626 gymnasii
376 2585 578 2611 manserunt
607 2577 640 2609 in
667 2577 798 2620 paucis.
853 2576 940 2609 Nam
959 2589 1038 2609 cum
1057 2575 1171 2610 Adam

179 2639 253 2675 post
279 2632 413 2673 lapsum
440 2629 631 2669 erigeretur
666 2640 804 2665 rursus,
838 2628 980 2660 oraculo
1015 2627 1172 2660 vivificae

179 2681 422 2727 promissionis
454 2679 614 2721 divinae,
650 2679 692 2711 de
724 2679 857 2711 sesninc
891 2679 952 2711 illo
986 2678 1172 2712 benedicto

673 110 836 148 DECL.
871 108 948 147 DE
981 109 1219 147 STUDIIS
1253 108 1685 148 THEOLOGICIS.

2143 111 2193 147 48

859 195 908 231 Et
923 193 1008 231 haec
1018 197 1161 243 quidem
1212 194 1355 230 Christo
1378 195 1621 230 transmissum
1644 196 1789 242 quidem
1819 203 1870 231 est
1890 194 1959 231 hoc
1985 196 2133 238 laetum,
2166 204 2198 232 et

1215 254 1375 281 aeternae
1391 246 1641 280 consolationis
1657 249 1824 290 verbum,
1856 254 1890 282 et
1905 246 2141 291 Evangelium
2159 249 2201 282 ad

1216 304 1383 341 posteros.
1443 296 1512 331 Sed
1545 304 1662 330 tamen
1692 298 1785 332 intra
1810 298 1956 342 parietes
1988 299 2026 331 in
2057 298 2206 342 angulis,

1215 356 1351 382 tantum
1384 347 1421 380 in
1452 347 1596 380 familiis
1629 347 1934 389 Patriarcharum,
1973 349 2068 393 apud
2090 348 2207 384 Habel

1215 405 1373 437 tantum,
1402 397 1490 431 illud
1519 398 1638 432 lumen
1663 397 1949 444 Theologorum,
1979 399 2072 444 apud
2103 397 2205 433 Noha

1217 456 1397 494 parentem
1413 449 1560 482 alterum
1578 449 1716 492 generis
1730 447 1896 491 humani,
1917 451 2009 494 apud
2027 449 2109 484 Sem
2126 462 2206 484 vere

1219 511 1403 543 magnum,
1429 511 1580 545 vereque
1595 507 1780 543 augustum
1799 498 2080 541 Melcbizedeck,
2107 501 2205 546 quasi

1218 550 1444 594 margaritum
1479 551 1700 594 preciosum,
1749 551 1980 592 custoditum,
2022 563 2208 585 conserva-

1217 609 1363 646 tumque
1398 608 1449 634 est
1479 601 1614 646 reliquo
1644 607 1718 635 toto
1755 599 1901 635 Cainico
1935 608 1967 635 et
2008 600 2206 635 Nimrotico

1218 653 1353 684 mundo
1373 658 1406 684 et
1423 658 1504 685 ante
1521 659 1555 685 et
1580 658 1656 695 post
1673 653 1868 691 diluvium,
1897 652 2093 686 insaniente
2110 653 2206 686 rabie

1219 703 1347 735 infiniti
1365 702 1512 742 erroris,
1536 702 1736 741 idolatriae,
1761 702 2052 743 abominationis,
2072 703 2206 748 reliqua

1219 760 1290 786 tota
1311 753 1461 786 colluvie
1477 750 1663 786 bominum
1688 754 1926 787 tumultuante
1944 753 2064 791 bellis,
2092 753 2189 787 caedi
2203 776 2211 785 ».

1219 804 1302 841 bus,
1338 803 1440 844 rixis,
1477 804 1781 842 contentionibus,
1818 801 2024 837 bominibus
2048 804 2140 837 inter
2173 812 2219 837 se·

1219 853 1448 896 flagrantibus
1479 855 1638 898 viperino
1675 855 1778 899 plane
1809 855 1912 893 odio,
1954 854 2051 888 omni
2083 862 2209 897 genere

1219 905 1418 937 acerbitatis
1451 911 1485 938 et
1518 905 1746 940 crudelitatis.
1810 905 1901 939 Sunt
1936 916 2018 948 ergo
2054 905 2210 950 reliquae

1219 955 1401 988 doctrinae
1425 967 1571 996 omnes,
1605 962 1638 989 et
1663 953 1894 999 Philosophia
1925 962 2015 994 tota,
2051 957 2210 1001 adeoque

1220 1007 1292 1050 ipse
1315 1005 1528 1049 Decalogus,
1562 1006 1774 1050 conscriptio
1796 1007 1910 1049 legum
1935 1014 1969 1040 et
1987 1013 2213 1047 statutorum,

1219 1057 1429 1096 medicinae,
1451 1057 1625 1097 fomenta,
1651 1056 1836 1099 ligamina,
1861 1063 1895 1090 et
1912 1057 2066 1090 remedia
2083 1057 2212 1095 affecti,

1220 1107 1375 1140 morbosi
1404 1114 1437 1141 et
1458 1107 1588 1151 leprosi
1611 1108 1767 1151 corporis
1795 1107 1941 1148 mundi,
1978 1114 2011 1141 et
2035 1107 2212 1141 vulnerati

1219 1158 1356 1199 generis
1382 1155 1548 1197 humani,
1583 1158 1712 1202 quibus
1733 1170 1805 1190 non
1828 1170 1916 1202 opus
1941 1158 2060 1191 suisset
2085 1159 2122 1191 in
2140 1158 2211 1192 vita

1221 1207 1429 1248 bominum,
1463 1208 1490 1241 si
1514 1209 1610 1241 illius
1627 1208 1762 1252 lapsus,
1789 1215 1820 1241 et
1838 1209 1925 1242 tanti
1948 1209 2029 1241 mali
2051 1200 2215 1242 haeum--

1221 1260 1306 1292 taria
1342 1259 1503 1302 contagio
1534 1272 1605 1291 non
1637 1259 1861 1303 corripuisset
1891 1266 2066 1302 poster-0⁵,
2100 1267 2159 1292 ant
2181 1259 2210 1293 si

1223 1317 1297 1354 post
1317 1311 1451 1354 lapsum
1476 1322 1597 1342 omnes
1614 1307 1775 1343 homines
1792 1309 1960 1343 Habelica
1980 1311 2047 1342 fide
2064 1312 2211 1343 verbum

1222 1368 1252 1393 et
1270 1360 1538 1403 promissionem
1557 1359 1622 1392 Dei
1644 1361 1767 1393 audire
1787 1368 1819 1393 et
1837 1361 1989 1394 retinere
2004 1361 2212 1405 potuissent.

1225 1410 1353 1442 Verum
1373 1407 1568 1453 Theologia
1595 1410 1654 1443 illa
1678 1423 1767 1456 pura
1785 1418 1834 1445 est
1856 1411 2036 1449 doctrina,
2069 1418 2102 1444 et
2128 1423 2205 1455 pru—

1221 1461 1342 1497 sessio‚
1371 1461 1412 1492 ad
1443 1473 1546 1506 qnam
1567 1461 1701 1504 integra
1724 1469 1848 1494 natura
1869 1461 1972 1494 initio
1994 1462 2134 1495 condita
2150 1469 2212 1501 est,
2247 1482 2253 1487 ·

1222 1512 1264 1544 ad
1285 1523 1389 1555 quam
1405 1511 1529 1548 creati,
1558 1511 1593 1543 in
1614 1524 1715 1544 cruce
1740 1512 1856 1555 precio
1882 1523 2008 1554 magno
2029 1513 2214 1557 redempti,

1222 1561 1426 1599 restaurati,
1453 1568 1484 1594 et
1502 1561 1536 1593 in
1555 1569 1733 1595 aeternum
1751 1563 1891 1595 tandem
1915 1563 2133 1605 glorificandi
2155 1575 2209 1596 su-

1223 1624 1311 1645 mus.
1368 1610 1580 1653 'l'beologia‚
1605 1612 1768 1656 inquam,
1791 1620 1840 1646 est
1861 1613 1919 1645 illa
1938 1614 2125 1657 professio,
2153 1626 2209 1658 pet

1224 1675 1328 1707 qnam
1345 1661 1478 1702 Adam,
1502 1661 1634 1702 Habel,
1658 1660 1779 1702 Koba,
1803 1663 1902 1703 Sem,
1926 1671 1957 1697 et
1973 1664 2106 1697 similes
2117 1677 2210 1698 sum-

1224 1714 1271 1745 n=i
1299 1710 1460 1745 homines
1482 1714 1547 1745 snb
1572 1713 1662 1752 sole,
1696 1726 1774 1746 cnm
1799 1714 1866 1747 iam
1885 1722 1996 1748 totum
2017 1726 2127 1757 genus
2143 1713 2212 1749 lm·

1224 1775 1367 1796 mannm
1387 1769 1474 1796 esset
1491 1764 1652 1807 potestati
1671 1763 1820 1797 Satanae
1836 1765 2051 1803 subiectum,
2077 1766 2212 1811 aliqna-

1225 1821 1326 1848 tenns
1350 1813 1385 1845 in
1412 1811 1476 1846 bac
1498 1814 1601 1846 etiam
1629 1814 1699 1847 vita
1724 1827 1762 1847 ex
1791 1826 1897 1857 regno
1923 1816 2046 1849 mortis
2074 1817 2214 1850 eluctati

1224 1872 1305 1898 sunt
1330 1865 1366 1896 in
1391 1865 1518 1903 vitam,
1544 1872 1576 1897 et
1598 1877 1617 1898 e
1639 1872 1778 1908 peccato
1801 1873 1832 1899 et
1856 1867 2010 1899 tenebris
2037 1867 2080 1899 ad
2106 1867 2214 1910 origi-

1225 1929 1303 1948 nem
1340 1915 1490 1958 paradisi
1518 1922 1550 1948 et
1582 1916 1680 1958 regni
1712 1916 1881 1949 coelestis.
1945 1915 2104 1950 Proinde
2136 1929 2215 1951 cnm

1225 1967 1322 1999 nulla
1339 1966 1381 1998 sit
1400 1963 1627 2010 l‘bilosopbia
1653 1967 1896 2007 excellentior,
1928 1967 2024 2000 nulla
2045 1968 2214 2011 sapientia

1225 2017 1412 2050 sublimior
1437 2023 1496 2050 ant
1522 2017 1774 2061 praestantior,
1802 2029 1907 2062 qnam
1924 2016 2039 2051 Deum
2059 2026 2091 2051 et
2111 2031 2216 2063 opera

1226 2069 1299 2101 eius
1324 2079 1549 2109 cognoscere,
1591 2080 1715 2100 onmes
1738 2065 1900 2101 homines
1930 2079 2068 2101 summo
2099 2069 2217 2103 studio

1226 2119 1357 2155 adniti,
1385 2125 1413 2150 et
1441 2118 1475 2150 in
1503 2115 1568 2151 boc
1593 2119 1794 2151 incumbere
1816 2119 1964 2158 debent,
1999 2126 2037 2152 ut
2055 2120 2216 2164 quamvis

1228 2169 1317 2202 luris
1334 2169 1496 2205 scientia,
1524 2169 1662 2202 Medica
1680 2176 1770 2209 arte,
1798 2176 1829 2202 et
1848 2169 2024 2202 similibus
2042 2167 2127 2203 baec
2147 2171 2216 2204 vita

1227 2232 1341 2252 carere
1366 2233 1435 2252 non
1463 2220 1586 2263 possit,
1619 2227 1733 2253 tamen
1756 2220 1923 2253 onntibns
1949 2217 2002 2253 bis
2025 2222 2147 2262 rebus,
2182 2228 2216 2255 et

1227 2269 1291 2304 lior
1319 2278 1389 2303 toto
1414 2273 1545 2304 mundo
1569 2278 1733 2307 utantur.
1767 2272 1864 2315 quasi
1891 2283 1962 2303 non
1985 2278 2150 2310 utantur.
2183 2278 2217 2306 et

1228 2329 1337 2355 tuttnn
1365 2322 1455 2354 xitae
1479 2334 1619 2355 curstnn
1647 2334 1686 2354 eo
1712 2322 1911 2355 institutum
1937 2330 1969 2356 et
1988 2335 2027 2355 eo
2044 2323 2215 2357 directum

1228 2371 1398 2411 babeant,
1433 2380 1468 2405 nt
1493 2385 1554 2415 per
1580 2373 1734 2405 studium
1763 2386 1863 2406 verae
1893 2373 2092 2416 religionis,
2118 2385 2216 2407 exet-

1227 2424 1347 2457 citium
1375 2424 1470 2456 verbi
1496 2422 1580 2461 Dei,
1619 2425 1660 2456 ad
1690 2421 1778 2456 banc
1807 2425 1939 2468 primae
1971 2425 2158 2457 creationis
2185 2432 2217 2458 et

1228 2475 1386 2507 coelestis
1403 2475 1642 2515 generositatis
1666 2477 1809 2509 redeant
1827 2475 2012 2517 originem.
2065 2474 2118 2509 Sit
2137 2487 2219 2509 sane

1228 2523 1441 2567 'l‘ln=olugia,
1477 2538 1554 2557 cnm
1573 2527 1722 2570 aucupio
1741 2533 1773 2559 et
1788 2527 1968 2559 occasione
1988 2525 2216 2569 pecuniarum

1227 2584 1358 2614 careat,
1387 2589 1465 2609 cum
1492 2584 1614 2609 sentus
1640 2584 1671 2610 et
1696 2578 1809 2610 fumos
1834 2577 1912 2609 illos
1930 2577 2128 2609 mtnnlanae
2143 2577 2219 2619 glo-

1229 2627 1300 2659 riae
1320 2640 1390 2659 non
1409 2624 1530 2659 babeat
1543 2652 1549 2663 ,
1578 2627 1852 2668 contemptibilis
1869 2640 1984 2660 coram
2003 2624 2219 2667 tmininitms,

1227 2685 1261 2711 at
1293 2690 1396 2722 quam
1428 2678 1549 2721 ingens
1577 2686 1607 2711 et
1637 2679 1795 2712 infinitus
1821 2676 2004 2711 thesaurus
2027 2687 2077 2713 est
2100 2690 2216 2712 turam
