2338 2958
119 144 190 177 981

118 228 183 260 tias
208 234 372 270 egerunt,
412 233 445 260 et
469 224 640 260 Matthias
665 234 698 261 et
724 226 919 271 principes,
960 233 995 260 et
1027 232 1105 259 vota

117 278 294 318 fecerunt,
336 287 374 310 nt
398 275 511 317 Deus,
537 278 597 321 qni
621 289 702 310 vere
719 278 892 317 ,transfert
914 284 946 310 et
972 276 1105 310 stabilit

117 340 242 371 regna,
274 334 312 360 ut
340 327 456 372 inquit
479 327 625 367 Daniel,
659 329 869 371 gubernaret
902 328 984 360 novi
1016 326 1105 369 regis

116 385 256 422 pectus,
297 378 443 412 consilia
478 384 512 411 et
540 378 712 418 actiones,
754 386 791 412 ut
824 377 986 411 salutaris
1016 383 1106 410 esset

116 427 323 472 gubernatio
341 428 545 461 Pannoniae
564 435 596 461 et
612 428 688 461 orbi
708 425 923 462 Christiano.

218 477 316 511 Bella
344 478 460 512 statim
489 478 554 511 tria
589 478 691 512 initio
725 476 991 521 gubernationis
1024 487 1102 508 eum

118 535 343 572 exceperunt.
408 527 652 569 Austriacum‚
694 526 926 573 Telephicum
955 533 988 560 et
1009 525 1102 559 Tur-

116 579 240 613 cicum.
268 578 357 612 Nam
369 578 570 612 Fridericus
583 579 784 622 imperator,
800 578 861 623 qui
878 585 974 611 tutor
990 577 1103 610 suerat

117 629 206 672 regis
231 630 462 662 adolescentis
484 628 615 672 Pragae
634 629 786 668 mortui,
813 639 981 661 coronam
1004 626 1102 669 regni

115 678 317 722 Hungariae
331 680 514 713 retinebat.
549 677 595 713 Et
611 677 694 712 huic
710 691 744 712 se
753 678 919 712 Nicolaus
931 675 1103 711 Matthiae

115 729 280 763 inimicus
306 731 538 773 adiungebat,
570 729 631 774 qui
655 729 719 762 etsi
746 740 890 772 regnum
917 728 1103 773 adpetebat

115 780 207 824 ipse,
237 787 352 813 tamen
369 780 557 813 simulabat
575 791 609 812 se
627 786 769 824 propter
786 791 1010 812 communem
1028 776 1103 811 En-

115 842 222 874 ropae
238 831 385 864 salntem
405 830 495 863 velle
512 829 732 873 Hungariam
758 842 836 862 cum
854 829 998 863 Austria
1018 840 1102 861 con-

116 881 272 914 iunctam
289 892 377 922 esse,
401 889 440 914 ut
456 881 568 913 suerat
584 888 683 914 antea
702 880 791 923 regis
801 879 939 913 Alberti
954 887 986 914 et
1001 878 1103 912 Post-

115 928 215 964 humi
233 938 399 975 tempore.
435 930 682 974 Movetigitur
699 931 830 964 bellum
847 930 1012 964 Nicotaus
1022 929 1102 962 Fri-

114 981 222 1014 derici
239 982 393 1022 nomine,
421 987 454 1014 et
472 982 515 1015 ab
531 994 571 1014 eo
588 982 786 1021 adiuvatur,
812 993 850 1014 ac
868 981 984 1025 priore
1000 992 1102 1024 prae-

114 1031 163 1064 lio
180 1032 290 1064 vincit
305 1029 478 1065 Matthiae
497 1032 694 1065 exercitum.
749 1031 816 1065 Sed
836 1031 1028 1076 posteriore
1042 1042 1100 1063 su-

113 1088 252 1126 peratus
278 1094 316 1114 ex
334 1081 518 1125 Hungaria
543 1082 694 1126 pellitur.
749 1080 885 1115 Interea
909 1083 1001 1125 apud
1021 1080 1102 1114 Fri-

113 1132 271 1165 dericum
288 1144 351 1176 per
369 1133 499 1175 legatos
515 1133 585 1175 agit
600 1129 772 1165 Matthias
783 1158 791 1172 ‚
816 1132 858 1164 de
875 1143 1003 1164 corona
1020 1131 1101 1163 red-

114 1183 229 1215 denda
257 1189 289 1215 et
313 1183 356 1215 de
376 1194 474 1226 pace,
503 1194 547 1215 ne
566 1182 634 1215 alia
660 1181 771 1225 magis
792 1183 985 1215 necessaria
1009 1181 1100 1214 bella

112 1232 381 1276 impedirentur.
436 1231 638 1266 Fridericus
653 1232 780 1275 igitur,
807 1239 846 1265 ut
861 1239 934 1265 erat
952 1232 1102 1275 sagacis—

113 1282 222 1315 simus
245 1293 367 1323 senex,
395 1283 519 1316 maluit
545 1295 710 1316 coronam
735 1283 900 1321 reddere,
937 1295 1040 1328 quam
1069 1289 1101 1315 et

113 1332 150 1364 in
171 1331 350 1365 Austriam
369 1333 501 1366 bellum
524 1331 717 1374 attrahere,
744 1340 778 1366 et
795 1333 967 1377 impedire
992 1333 1028 1366 in
1049 1332 1101 1365 al·

113 1389 184 1415 tera
195 1381 401 1416 Pannoniae
419 1395 478 1416 ora
490 1382 690 1417 Turcornm
706 1383 972 1427 repressionem.
1012 1382 1100 1416 Pace

112 1444 191 1466 cum
203 1432 384 1467 Friderico
401 1434 507 1475 facta,
534 1434 631 1477 prius
648 1442 680 1468 et
697 1434 782 1467 alias
797 1433 987 1467 seditiones
1001 1434 1100 1466 domi

112 1483 363 1527 opprimendas
393 1495 465 1517 esse
497 1485 649 1526 censuit,
683 1496 789 1530 quam
826 1491 920 1518 extra
953 1495 1099 1528 regnum

111 1534 300 1567 exercitum
317 1535 469 1570 duceret.

213 1582 300 1618 Erat
317 1583 497 1629 Telephus
514 1582 692 1619 Bohemus
714 1591 818 1629 caput
835 1584 1028 1618 multorum
1045 1595 1100 1617 se-

110 1634 320 1668 ditiosorum
338 1633 523 1669 hominum
543 1635 580 1668 in
599 1632 885 1679 iugisCarpathi,
911 1634 971 1679 qui
990 1635 1098 1667 latro-

111 1684 243 1718 cinium
262 1685 313 1718 ibi
329 1686 545 1727 exercebant,
571 1693 603 1720 et
618 1698 738 1730 regum
754 1686 976 1719 autoritatem
994 1685 1096 1718 etiam

109 1741 211 1769 antea
242 1742 545 1780 contempserant,
581 1749 620 1770 ac
651 1737 741 1770 vitae
773 1737 882 1780 patris
910 1734 1098 1768 Huniadae

111 1785 269 1818 insidiati
285 1786 435 1819 fuerant.
477 1785 553 1819 Hos
568 1799 640 1820 non
658 1787 733 1820 sine
749 1786 954 1819 difficultate
970 1785 1098 1829 partim

112 1835 245 1878 expulit
277 1847 405 1878 regno,
439 1837 566 1879 partim
600 1844 718 1881 captos
747 1836 933 1871 interfecit.
992 1835 1098 1869 Tele-

111 1882 220 1928 phum
247 1885 361 1930 ipsum
388 1885 488 1918 aiunt
511 1887 590 1928 fuga
616 1887 791 1929 elapsum,
828 1893 944 1929 postea
967 1884 1098 1927 Pragae

113 1935 205 1968 inter
226 1936 408 1970 mendicos
435 1942 468 1969 et
493 1947 635 1968 errones
657 1942 861 1978 vagantem,
895 1941 976 1967 ante
995 1935 1097 1967 aedes

111 1986 263 2019 divitum
285 1986 408 2030 stipem
433 1993 465 2019 et
490 1998 613 2029 panem
642 1986 800 2030 petiisse,
828 1991 866 2018 ut
891 1985 975 2018 olim
993 1984 1098 2018 Tele-

111 2033 202 2079 phus
220 2037 256 2069 in
273 2037 460 2079 tragoediis
479 2037 693 2070 mendicasse
710 2037 839 2069 victum
859 2042 1034 2070 narratur.

214 2085 349 2120 Interea
361 2085 586 2120 Mahometus
603 2087 713 2120 sciens
724 2083 912 2119 Mattliiam
930 2087 1097 2119 domesti-

111 2137 159 2170 cis
176 2137 279 2170 bellis
295 2145 501 2181 occupatum
518 2149 601 2176 csse,
631 2136 955 2171 mittitHalibecum
973 2138 1096 2170 ducem

110 2187 147 2219 in
166 2186 345 2233 Syrmium
373 2201 451 2221 cnm
478 2201 604 2232 magno
627 2188 790 2223 exercitu.
843 2185 955 2221 Erant
981 2194 1096 2220 autem

111 2238 283 2282 praesidia
309 2239 498 2272 mediocria
525 2240 559 2271 in
582 2240 643 2272 illo
661 2238 758 2281 regni
778 2238 906 2278 limite,
933 2239 990 2271 sed
1009 2250 1097 2284 qnae

111 2289 173 2322 diu
200 2289 370 2322 sustinere
393 2290 656 2323 multitudinem
682 2289 868 2323 Turcicam
897 2300 969 2321 non
999 2296 1098 2332 pote-

112 2345 202 2372 rant.
255 2339 445 2373 Descendit
461 2340 567 2384 igitur
585 2353 642 2374 rex
659 2347 692 2373 et
708 2339 849 2384 praeliis
867 2339 1002 2384 aliquot
1019 2339 1097 2373 fuso

113 2397 145 2423 et
167 2389 285 2432 fugato
303 2389 466 2423 Halibeci
491 2392 663 2432 exercitu,
688 2397 806 2435 postea
825 2390 1019 2423 Dracolum
1043 2396 1098 2435 ty—

112 2452 265 2473 rannum
296 2441 429 2486 coepit,
465 2449 498 2475 et
523 2442 712 2475 exercitum
743 2442 779 2474 in
808 2440 962 2474 Bosnam
989 2440 1099 2480 duxit,

111 2491 174 2523 ubi
215 2490 340 2524 laizam
382 2492 506 2525 urbem
539 2491 677 2526 Bosnae
712 2492 935 2536 praecipuam
971 2489 1125 2524 Turcis‘

111 2541 252 2574 ademit.

213 2590 288 2625 Hac
314 2592 460 2626 victoria
486 2592 572 2625 moti
599 2591 742 2631 Veneti,
770 2592 899 2637 quibus
919 2598 1004 2625 tunc
1019 2590 1099 2625 Ma·
1153 2590 1267 2623 excusi
1292 2597 1385 2625 sunt.

593 140 748 177 DECL.
797 140 870 177 DE
907 140 1186 176 ΜΑΤΤΗΙΛ
1220 138 1378 176 REGE
1415 138 1674 176 HUNGAR.

2075 146 2149 181 982

1159 222 1274 269 pham,
1301 225 1356 259 cni
1374 231 1471 258 vetus
1487 237 1616 257 nomen
1632 223 1897 268 suitTeudasia‚
1921 227 1955 260 id
1974 236 2032 267 est,
2049 228 2146 263 Ten-

1159 273 1307 308 thonnm
1332 275 1477 315 «lomus,
1509 276 1704 318 eripuerat,
1738 277 1859 310 foedus
1889 290 1968 311 cum
1995 278 2145 314 Matthia

1157 325 1308 366 faciunt,
1336 332 1373 358 ut
1393 323 1638 359 Maliometum
1656 326 1897 370 reprimerent.

1257 390 1345 431 Erat
1369 399 1484 425 autem
1513 390 1681 426 Matthias
1709 406 1781 427 non
1807 396 1920 428 solum
1942 396 2043 429 sortis
2063 398 2145 437 dux,

1158 443 1215 474 sed
1242 443 1345 474 etiam
1365 442 1646 486 circumspectus.
1699 443 1810 478 Norat
1832 446 2013 488 ingenium
2032 454 2064 481 et
2081 460 2145 491 po-

1157 492 1300 525 tentiam
1332 489 1547 532 Mahometi,
1589 493 1729 528 videbat
1763 496 1920 538 ingentes
1952 508 2144 531 successus:

1157 542 1274 587 itaque
1300 542 1354 575 sui
1373 542 1471 585 regni
1495 543 1579 575 fines
1607 555 1729 585 magna
1751 545 1931 588 vigilantia
1955 549 2145 589 tutabatur,

1156 594 1213 625 sed
1235 600 1352 626 tamen
1377 592 1515 635 longius
1535 594 1697 636 progredi
1721 607 1839 628 versus
1856 595 2044 630 Thraciam
2069 611 2142 632 non

1156 643 1282 683 voluit,
1305 643 1415 676 sciens
1432 655 1466 675 se
1484 655 1608 683 unum,
1636 644 1717 676 belli
1736 646 1864 678 molem
1882 647 2053 681 sustinere
2069 661 2141 683 non

1156 705 1272 737 posse,
1300 700 1333 726 et
1350 694 1387 726 in
1405 694 1591 726 foederatis
1609 692 1700 727 nihil
1717 696 1789 739 spei
1807 708 1890 730 esse.

1255 759 1381 794 Postea
1401 757 1607 794 Mahometo
1630 768 1770 795 mortuo
1794 775 1872 796 cum
1889 764 1951 797 filii
1971 766 2015 798 de
2031 778 2138 809 regno

1155 810 1385 849 dissiderent,
1411 811 1545 844 occasio
1566 818 1656 852 erat,
1683 812 1733 845 rei
1759 814 1935 857 praeclare
1957 818 2140 859 gerendae,

1155 863 1212 894 sed
1239 862 1331 895 tristi
1355 859 1520 905 Europae
1546 862 1637 902 fato,
1681 870 1882 898 averterunt
1906 864 2094 900 Matthiam
2121 880 2141 902 a

1155 912 1246 945 bello
1265 911 1417 945 Turcico
1427 911 1581 945 Romani
1600 913 1774 957 pontificis
1792 922 1901 956 artes,
1928 917 1989 961 qui
2008 917 2038 950 ei
2055 918 2140 952 titu-

1155 963 1227 995 lum
1244 962 1368 996 tribuit
1392 963 1488 1005 regni
1508 961 1692 996 Bohemici
1711 964 1812 998 etiam
1833 973 1951 1000 contra
1968 967 2141 1002 Friderici

1155 1013 1376 1057 imperatoris
1393 1013 1623 1049 voluntatem.
1677 1014 1859 1050 Malebant
1883 1017 1976 1050 enim
1997 1019 2141 1061 pontifi-

1153 1074 1208 1096 ces
1235 1064 1345 1096 deleri
1372 1061 1580 1097 Bohemicas
1602 1062 1794 1106 Ecclesias,
1818 1078 1923 1112 quam
1947 1077 2141 1110 grassantes

1153 1113 1291 1147 Turcos
1315 1113 1471 1157 reprimi.
1529 1111 1727 1149 Attrahunt
1751 1116 1857 1159 igitur
1876 1115 2025 1151 Bohemi
2042 1118 2142 1153 Casi-

1154 1163 1282 1196 mirum
1299 1162 1528 1201 Polonicnm,
1556 1165 1729 1208 optimum
1747 1178 1863 1210 regem
1875 1194 1884 1207 ,
1909 1169 2008 1201 cuius
2025 1171 2142 1203 consi-

1154 1214 1192 1247 lii
1209 1220 1312 1247 autor
1327 1213 1468 1247 videtur
1486 1213 1593 1247 fuisse
1609 1213 1821 1252 Fridericus.
1874 1216 1966 1252 Huic
1985 1219 2142 1254 infoelici

1153 1264 1245 1297 hello
1266 1263 1458 1308 implicitus
1474 1262 1645 1298 Matthias
1662 1266 1748 1299 alias
1764 1279 1817 1300 res
1839 1268 2006 1302 salutares
2023 1268 2141 1305 Euro-

1153 1326 1216 1359 pae
1233 1314 1361 1348 omisit.
1415 1313 1552 1348 Interea
1567 1315 1642 1349 eius
1659 1317 1780 1361 copiae
1797 1318 1834 1351 in
1852 1316 2022 1353 Bohemia
2040 1328 2071 1355 et
2088 1322 2141 1354 vi-

1153 1365 1242 1399 cinis
1261 1365 1466 1408 regionibus
1487 1372 1627 1409 vagatae
1653 1368 1849 1403 vastitatem
1866 1370 1902 1402 in
1920 1371 2041 1404 multis
2056 1372 2141 1406 locis

1153 1417 1321 1450 fecerunt.

1256 1473 1374 1517 Quare
1407 1480 1440 1507 et
1473 1473 1649 1519 principes
1679 1475 1716 1508 in
1748 1473 1812 1509 hac
1837 1475 2049 1515 Germaniae
2079 1493 2141 1516 ora

1153 1525 1343 1559 exercitum
1360 1531 1629 1566 contraxerunt,
1651 1532 1686 1559 et
1703 1525 1953 1561 Vratislaviam
1977 1532 2020 1563 ad
2045 1543 2141 1575 reges

1153 1582 1391 1616 accesserunt,
1418 1583 1450 1609 et
1469 1576 1708 1620 perfecerunt,
1736 1584 1773 1611 ut
1791 1590 1887 1622 reges
1908 1576 1974 1613 hoc
1995 1581 2141 1616 infoelix

1153 1625 1284 1659 bellum
1302 1626 1522 1666 omitterent,
1547 1633 1580 1659 et
1596 1638 1679 1670 pace
1696 1628 1784 1661 facta
1813 1629 1849 1662 in
1873 1641 1934 1662 sua
1956 1642 2059 1674 regna
2085 1645 2140 1666 re-

1151 1677 1277 1709 dirent.
1331 1676 1453 1709 Postea
1477 1683 1508 1709 et
1533 1676 1699 1722 reliquias
1719 1679 1899 1722 copiarum
1919 1679 2140 1725 Hungarica-

1152 1739 1229 1760 rum
1247 1727 1283 1759 in
1301 1725 1365 1759 hac
1385 1727 1513 1759 vicinia
1534 1728 1638 1761 duces
1655 1727 1827 1762 Saxoniae
1849 1737 1883 1764 et
1908 1729 2064 1766 marchio
2083 1732 2139 1767 Io-

1151 1775 1284 1810 hannes
1301 1777 1516 1810 deleverunt.

1254 1833 1449 1867 Accensum
1486 1841 1535 1866 est
1575 1846 1696 1868 rursus
1735 1836 1867 1869 bellum
1903 1836 2139 1884 Austriacum‚

1151 1883 1267 1917 nescio
1292 1895 1359 1928 qua
1384 1883 1585 1925 occasione,
1612 1896 1684 1917 non
1704 1886 1799 1918 enim
1822 1895 1939 1923 extant
1961 1888 2139 1927 historiae.

1152 1933 1191 1967 ln
1209 1946 1248 1967 eo
1265 1934 1358 1967 bello
1376 1946 1454 1966 cum
1468 1933 1640 1967 Viennam
1657 1945 1856 1980 occupasset
1868 1938 2048 1983 Matthias,
2065 1956 2138 1977 non

1151 1985 1261 2018 multo
1287 1991 1364 2029 post
1391 1984 1427 2017 in
1454 1997 1491 2017 ea
1511 1986 1599 2018 urbe
1624 1993 1784 2020 mortuus
1808 1995 1870 2022 est.
1923 1989 2036 2026 Aiunt
2054 2006 2138 2038 apo-

1151 2035 1262 2080 plexia
1279 2035 1470 2068 extinctum
1487 2047 1578 2076 esse,
1607 2048 1711 2081 quam
1729 2038 1779 2071 ira
1797 2036 2038 2076 vehementior
2057 2044 2138 2077 irri-

1150 2092 1293 2120 taverat.
1342 2084 1437 2119 Haec
1453 2086 1496 2119 de
1513 2086 1613 2119 bellis
1633 2086 1803 2122 Matthiae
1822 2090 1977 2132 legimus.
2031 2093 2137 2128 Domi

1151 2138 1188 2170 in
1204 2135 1467 2177 iurisdictione,
1494 2137 1557 2169 etsi
1575 2137 1668 2170 visus
1687 2146 1736 2172 est
1753 2141 1919 2183 asperior,
1946 2149 2061 2177 tamen
2081 2146 2136 2179 iu-

1150 2194 1223 2221 stus
1240 2187 1325 2227 suit,
1353 2193 1386 2220 et
1405 2199 1483 2220 cum
1512 2187 1628 2221 literas
1652 2188 1880 2233 intelligeret,
1905 2193 2084 2237 religionis
2103 2203 2137 2230 et

1152 2237 1290 2270 virtutis
1315 2237 1531 2278 doctrinam,
1573 2245 1605 2272 et
1629 2238 1713 2281 legit
1737 2240 1905 2283 libenter,
1940 2251 1972 2277 et
1997 2247 2136 2280 amavit.

1151 2287 1395 2320 venerabatur
1416 2286 1592 2321 Ecclesiae
1619 2301 1767 2330 nomen,
1803 2299 1836 2325 et
1866 2305 1883 2324 a
1917 2296 2136 2330 sacerdotum

1151 2337 1372 2371 eruditorum
1397 2338 1584 2382 colloquiis
1608 2339 1650 2371 de
1677 2340 1836 2374 doctrina
1860 2340 2038 2379 Ecclesiae
2063 2359 2136 2380 non

1151 2386 1383 2425 abhorrebat,
1406 2400 1444 2421 ac
1462 2395 1552 2421 certa
1580 2396 1735 2433 tempora
1764 2391 1980 2428 invocationi
2002 2396 2136 2430 tribue-

1152 2441 1221 2474 bat.
1255 2436 1513 2471 Bibliothecam
1532 2439 1697 2474 instruxit
1714 2454 1840 2486 magno
1856 2453 2008 2489 sumptu,
2025 2458 2137 2491 quan-

1152 2497 1185 2524 ta
1201 2496 1294 2523 extra
1316 2488 1451 2522 Italiam
1471 2490 1568 2522 nulla
1587 2497 1648 2523 cst.
1698 2489 1751 2525 Ex
1770 2490 1834 2526 hac
1850 2495 1953 2528 utiles
1969 2496 2050 2528 libri
2067 2495 2137 2529 Ρο-

1152 2541 1269 2586 lybius
1286 2546 1318 2572 et
1336 2537 1515 2573 Diodorus
1531 2539 1672 2574 Siculus
1694 2543 1847 2585 primum
1874 2545 2018 2588 prolati,
2045 2547 2138 2591 typis

1438 2588 1639 2625 Delectatus
1661 2599 1711 2626 est
1737 2595 1885 2627 maxime
1912 2593 2137 2629 historiarum

111 2639 273 2675 hometus
293 2640 486 2676 chalcidem
512 2643 710 2683 ademerat,
737 2650 769 2676 et
790 2642 996 2675 Genuenses
1019 2643 1101 2687 qui·
1153 2640 1369 2683 cognitione,
1397 2652 1483 2686 quas
1500 2642 1635 2676 curavit
1659 2654 1698 2675 ex
1718 2642 1851 2678 Graeca
1869 2645 1986 2687 lingua
2012 2647 2140 2680 multas

111 2692 177 2725 bus
201 2693 322 2726 nobile
345 2694 543 2739 emporium
569 2694 606 2726 in
634 2692 785 2727 Taurica
803 2691 1021 2727 Chersoneso
1044 2692 1100 2727 la-
1123 2688 1128 2728 t
1153 2692 1191 2725 in
1201 2691 1364 2725 Latinam
1382 2692 1563 2725 transferri
1579 2693 1633 2726 sni
1651 2704 1732 2727 usus
1749 2705 1870 2737 causa,
1896 2695 2020 2729 didicit
2037 2697 2139 2731 etiam

1445 2739 1523 2777 62‘
