2338 2958
187 131 260 166 479

188 216 311 252 concio
342 211 565 257 interposita,
596 218 684 253 quae
713 212 753 241 ut
774 205 842 250 ipsi
863 204 994 238 latroni
1019 202 1182 238 salutaris

189 261 274 306 suit,
301 266 348 299 ita
369 276 439 297 non
456 263 499 295 ad
519 261 632 303 ipsum
648 265 784 291 tantum
802 256 978 301 pertinere
995 254 1184 288 iudicanda

192 326 251 352 est.
315 311 498 355 Evangelii
525 322 590 342 vox
620 316 669 341 est
692 307 889 341 communis
919 307 1086 340 omnibus
1118 304 1186 349 piis

192 368 351 402 omnium
372 369 522 397 aetatum
536 388 545 400 ,
571 371 660 405 quae
684 359 826 404 quidem
845 358 1083 391 dulcissimam
1100 367 1187 389 con-

193 418 401 453 solationem
419 410 599 457 proponit.
652 409 772 455 ltaque
791 406 882 442 hanc
902 408 1090 451 imaginem
1108 406 1187 439 ani-

194 481 252 503 mo
275 469 437 502 intuens,
472 469 506 496 et
528 462 625 495 illam
652 460 892 505 gravissimam
912 458 1186 503 disputationem

194 519 369 561 cogitans,
398 514 521 547 videor
552 509 639 545 mihi
665 512 782 545 videre
809 509 1001 544 Ecclesiam
1028 508 1187 542 omnium

195 576 364 605 aetatum,
398 565 503 598 audio
525 563 684 596 omnium
709 559 964 605 Prophetarum
988 567 1020 593 et
1037 558 1187 602 Aposto-

196 621 311 653 lorum
327 616 512 650 con-”jones
524 639 532 653 ,
557 625 704 659 quarum
719 624 853 645 summa
872 613 907 644 in
924 611 985 643 illo
1001 609 1099 643 brevi
1117 608 1189 641 col—

198 669 318 715 loquio
346 663 597 710 comprehensa
622 670 680 696 est.
743 661 820 696 Etsi
843 669 958 695 autem
976 672 1048 693 non
1064 658 1188 692 dubito

198 720 375 766 plerisque
400 724 553 750 vestrum
579 712 640 747 has
666 715 757 757 ipsas
782 724 836 746 res
859 712 985 745 melius
1002 722 1073 743 esse
1092 716 1191 742 notas

197 783 236 805 ac
258 770 462 807 meditatas,
497 778 601 810 quam
627 763 734 802 mihi,
769 771 885 796 tamen
911 774 989 795 cum
1022 759 1088 794 hoc
1115 760 1190 792 loco

198 823 314 856 dicere
340 819 453 852 iussus
476 828 603 853 essem,
637 821 669 848 et
696 826 751 846 me
773 813 927 858 pericula
952 810 1079 845 horum
1103 817 1193 843 tem-

199 884 323 918 porum
351 867 404 901 his
428 867 552 900 diebus
576 868 618 897 de
648 862 710 897 hac
736 864 887 907 imagine
914 861 1192 899 admonuissent,

200 925 352 957 libenter
373 917 438 952 hoc
455 922 700 960 argumentum
720 915 824 958 elegi,
851 920 891 947 ut
907 913 1064 956 exemplo
1086 912 1192 944 latro-

200 975 274 1012 nis,
309 971 366 1016 qui
399 968 588 1002 semivivus
619 979 656 999 ac
682 966 869 1005 laceratus,
904 972 1021 998 tamen
1046 962 1192 1005 gloriam

201 1025 265 1058 filii
293 1022 357 1055 Dei
381 1026 517 1058 tuetur,
552 1024 583 1050 et
610 1029 726 1049 meum
753 1016 911 1049 animum
939 1015 1194 1050 confirmarem,

203 1083 233 1109 et
252 1073 489 1107 adolescentes
512 1069 554 1101 ad
579 1068 669 1100 idem
689 1068 794 1099 decus
819 1066 1015 1099 excitarem.
1068 1063 1140 1096 lNec
1159 1063 1192 1095 id

202 1130 446 1169 argumentum
468 1119 622 1153 alienum
640 1124 690 1150 est
707 1118 749 1149 ab
766 1115 831 1150 hoc
847 1117 942 1154 loco,
968 1122 1029 1148 aut
1043 1112 1097 1147 his
1109 1120 1196 1146 tem-

202 1176 362 1222 poribus.
421 1170 493 1204 Diu
518 1169 586 1201 iam
611 1167 796 1200 Pontifices
817 1172 979 1199 exercent
1004 1165 1194 1196 immanem

202 1225 381 1261 saevitiam
402 1222 436 1253 in
456 1220 610 1252 membra
626 1215 777 1255 Christi,
802 1229 840 1249 ac
857 1227 970 1253 nunc,
996 1221 1035 1247 ut
1054 1214 1198 1246 nniver-

203 1290 276 1312 sam
307 1272 497 1307 Ecclesiam
524 1269 681 1307 deleant,
710 1267 928 1299 inflammare
947 1265 1049 1298 civile
1065 1264 1196 1296 bellum

205 1332 395 1363 conantur,
437 1319 617 1355 Christum
656 1318 820 1351 omnibus
857 1316 994 1361 probris
1038 1320 1198 1351 onerant,

205 1378 319 1412 multo
344 1373 518 1408 rabiosius
545 1381 649 1415 quam
674 1369 764 1401 latro
783 1367 983 1401 maledicus.
1040 1365 1199 1409 Applau-

207 1431 295 1464 dunt
323 1424 533 1459 Pontificum
559 1419 672 1453 furori
695 1418 826 1463 Reges,
860 1425 891 1452 et
922 1416 1100 1462 praecipui
1134 1415 1199 1447 viri

207 1479 367 1515 omnium
390 1474 555 1509 ordinum
569 1499 577 1511 ,
605 1471 755 1516 quadam
776 1469 874 1502 inani
892 1468 1058 1503 utilitatis
1075 1467 1200 1501 umbra

208 1530 309 1577 capti.
363 1526 605 1562 Adsentantur
621 1519 676 1555 his
693 1521 806 1561 docti,
834 1527 872 1553 ut
894 1519 1036 1553 Silenus
1054 1516 1200 1563 Cyclopi

209 1586 246 1618 in
273 1588 394 1618 antro,
428 1584 466 1611 ut
492 1574 595 1608 estin
623 1572 751 1605 sabulis
770 1570 964 1615 Euripidis.
1018 1568 1064 1602 Et
1082 1576 1119 1602 ut
1137 1566 1202 1601 ho-

211 1646 288 1669 rum
305 1630 458 1665 serviant
477 1623 745 1669 cupiditatibus,
772 1622 900 1667 stylum
921 1622 1087 1653 adversus
1098 1616 1203 1651 Chri-

212 1693 303 1719 stum
330 1685 470 1714 acuunt.
530 1673 651 1718 Aliqui
674 1673 830 1705 saniores
851 1672 974 1704 dolent
1001 1671 1110 1702 vicem
1136 1667 1205 1702 Ec-

213 1735 337 1770 clesiae
361 1738 545 1774 oppressae
571 1723 735 1757 horribili
770 1722 976 1768 tyrannide,
1007 1721 1067 1754 sed
1098 1719 1205 1752 minis

213 1790 396 1831 potentum
419 1775 653 1824 perterrefacti
677 1774 813 1813 iacent,
838 1780 878 1806 ut
898 1771 1059 1816 Apostoli
1079 1771 1205 1813 dilapsi

214 1842 333 1874 erant,
372 1843 450 1865 cum
473 1826 636 1862 Christus
659 1825 854 1857 afficeretur
878 1822 1062 1867 supplicio.
1124 1820 1206 1854 Tali

215 1896 370 1929 tempore
383 1910 391 1922 ‚
418 1880 479 1914 etsi
496 1890 559 1911 nos
577 1877 717 1921 quidem
737 1874 886 1918 privati,
914 1872 1071 1917 oppressi
1087 1873 1207 1917 tyran-

216 1938 318 1976 nide,
345 1944 467 1978 parum
486 1929 648 1973 prodesse
666 1925 843 1959 Ecclesiae
859 1935 1063 1968 possumus,
1091 1930 1206 1956 tamen

218 1988 399 2022 imitemur
417 1980 614 2023 exemplum
633 1976 793 2010 semivivi
815 1975 979 2014 latronis,
1007 1974 1067 2018 qui
1085 1973 1206 2006 convi-

218 2039 280 2073 ciis
300 2034 506 2079 respondet,
534 2037 564 2062 et
590 2027 736 2071 gloriam
755 2024 888 2059 Christi
916 2038 975 2058 sua
995 2037 1078 2057 voce
1097 2035 1210 2068 quan-

221 2099 293 2123 tum
313 2093 442 2130 potest,
469 2094 547 2115 cum
567 2080 633 2111 iam
652 2078 802 2110 animam
821 2077 912 2109 inter
929 2078 1050 2109 dentes
1067 2081 1211 2113 teneret,

220 2138 385 2173 defendit.
439 2133 528 2166 (jum
553 2131 659 2172 igitur
685 2126 769 2160 haec
786 2127 896 2160 oratio
918 2127 1067 2159 maxime
1084 2137 1212 2158 conve-

221 2192 293 2223 niat
318 2185 399 2220 lmic
426 2182 592 2226 tempori,
626 2191 754 2224 quaeso
786 2186 820 2211 nt
851 2190 923 2210 non
957 2177 1071 2209 solum
1101 2188 1212 2220 aequo

223 2241 340 2274 animo
357 2234 538 2269 historiam
559 2232 734 2264 latronum
751 2229 920 2268 audiatis,
947 2229 1005 2260 sed
1032 2227 1135 2260 etiam
1155 2239 1213 2259 ex-

223 2289 371 2332 cerpatis
396 2284 551 2327 exo-mpla
577 2281 676 2314 vobis
701 2280 821 2317 utilia„
856 2286 887 2312 et
907 2279 1042 2311 animos
1060 2277 1214 2311 excitetis

224 2344 264 2374 ad
299 2337 502 2372 imitandam
533 2334 697 2365 xirtutem
725 2331 771 2375 pii
799 2330 963 2365 latronis.
1004 2329 1062 2373 qui
1092 2335 1123 2361 et
1148 2329 1214 2360 side

225 2391 318 2425 hunc
353 2387 506 2420 medium
543 2385 654 2416 lesum
682 2381 843 2425 supplicii
875 2380 1025 2419 socium,
1059 2379 1214 2422 agnoscit

226 2455 297 2475 esse
321 2447 478 2472 autorem
498 2435 588 2468 vitae
613 2440 820 2477 perpetuae,
849 2440 880 2465 et
899 2431 1036 2464 sortiter
1054 2442 1132 2462 eum
1153 2431 1213 2462 ad-

227 2503 346 2525 sersus
378 2490 546 2521 latronem
574 2483 844 2518 comiciatnrem
873 2488 1082 2526 propugnat.
1145 2479 1215 2514 lte-

227 2551 342 2589 petam
362 2541 465 2581 igitur
485 2537 591 2570 totius
606 2534 790 2579 spectaculi
810 2533 1098 2575 significationem
1112 2532 1216 2575 paulo

227 2594 342 2628 altius.
396 2589 474 2622 Duo
493 2589 644 2620 latrones
661 2586 789 2629 pariter
811 2584 923 2617 affecti
944 2583 1115 2627 supplicio
1138 2595 1215 2615 cum

227 2645 386 2679 Christo,
422 2638 614 2680 significant
648 2636 850 2669 unm-rsnm
882 2646 992 2675 genus
1023 2631 1216 2666 humanum

228 2695 438 2728 destinatum
458 2701 529 2722 csse
548 2687 649 2720 nzorti
667 2693 809 2729 propter
825 2693 1013 2729 peccatum.
1069 2683 1134 2717 Hic
1153 2684 1215 2726 igi-

708 120 864 156 DECL.
913 118 987 154 DE
1022 116 1362 155 EMENDATO
1397 116 1694 158 LATRONE.

1236 2143 1239 2158 ι
1264 2127 1472 2169 exemplum.

2145 120 2218 156 480

1235 211 1294 239 tur
1320 215 1394 237 non
1418 204 1507 238 duos
1528 209 1667 238 tantum
1691 204 1908 240 latrunculos
1923 206 2077 251 pendere
2094 205 2225 250 cogita-

1235 255 1337 296 bitis,
1363 256 1423 288 sod
1445 266 1568 288 omnes
1584 252 1746 288 homines
1768 257 1926 290 omnium
1940 264 2102 291 aetatum.
2155 255 2227 290 Co-

1236 305 1391 350 gitabitis
1423 312 1456 338 et
1490 305 1599 346 illud,
1645 316 1768 338 omnes
1799 317 1871 340 esse
1905 308 2074 341 latrones:
2117 307 2227 340 multa

1237 357 1330 390 enim
1358 362 1440 389 sunt
1473 362 1505 388 et
1536 355 1664 390 atrocia
1691 356 1912 399 singulorum
1938 359 2087 399 scelera,
2124 357 2229 392 multi

1237 408 1450 440 adiuverunt
1476 407 1566 440 mala
1588 405 1734 440 consilia
1757 408 1924 440 adversus
1954 408 2030 451 pios
2051 415 2229 453 suscepta;

1239 458 1392 503 denique
1418 468 1541 490 omnes
1559 457 1678 502 aliquo
1698 458 1804 490 modo
1821 468 1945 490 manus
1961 459 2141 492 attulimus
2157 459 2229 492 filio

1242 510 1322 544 Dei.
1389 508 1499 541 Porro
1537 520 1615 541 cum
1647 507 1683 540 in
1716 508 1830 541 media
1853 515 1967 541 morte
2001 519 2232 549 versaremur,

1242 561 1334 592 filius
1352 558 1417 592 Dei
1442 558 1545 591 nobis
1571 559 1722 591 donatus
1742 565 1811 598 est,
1839 565 1878 592 ut
1897 558 2038 591 victima
2057 559 2152 593 fieret
2167 571 2231 603 pro

1242 611 1365 650 nobis,
1393 623 1430 643 ac
1449 610 1581 653 placata
1601 609 1710 652 patris
1727 609 1795 650 ira,
1822 609 1978 642 aboleret
2001 615 2180 653 peccatum
2199 617 2234 644 et

1242 668 1412 699 mortem,
1449 667 1479 693 et
1505 661 1666 693 redderet
1688 659 1797 693 vitam
1821 666 2009 693 aeternam.
2065 658 2103 692 ld
2128 659 2235 692 bene-

1243 712 1360 744 ficium
1382 711 1484 744 offert
1503 718 1535 744 et
1552 711 1706 755 impertit
1724 711 1909 749 omnibus,
1936 721 2025 755 quos
2039 715 2235 743 erratorum

1244 762 1416 805 poenitet,
1451 761 1581 806 quique
1607 762 1743 794 veniam
1767 762 1810 794 ab
1838 762 1913 806 ipso
1940 767 2082 804 petunt,
2107 766 2141 793 et
2156 760 2238 793 freti

1245 812 1355 856 ipsius
1390 812 1589 855 promissis,
1632 812 1877 845 liberationem
1911 817 2102 856 expectant.
2170 809 2238 843 Hic

1245 864 1314 895 iam
1338 859 1585 895 distrahuntur
1605 859 1792 896 hominum
1816 862 1946 896 iudicia
1966 874 2004 894 ae
2026 861 2236 895 voluntates.

1246 913 1403 947 Maxima
1420 925 1498 957 pars
1515 920 1722 957 aspernatur
1740 911 1807 946 hoc
1829 913 2055 952 beneficium,
2082 923 2239 955 praeser-

1247 964 1310 997 tim
1328 975 1406 997 cnm
1428 964 1571 997 videant
1586 961 1767 997 Christum
1785 964 1932 1008 perinde
1954 969 1994 997 ut
2010 969 2164 996 caeteros
2183 974 2240 996 ca-

1247 1014 1463 1048 lamitatibus
1490 1014 1739 1048 communibus
1767 1013 1984 1054 conflictari,
2026 1013 2100 1056 rapi
2135 1013 2239 1046 etiarn

1247 1067 1290 1098 ad
1318 1065 1547 1108 supplicium,
1583 1065 1743 1098 interfici.
1802 1065 1861 1098 An
1887 1062 2077 1108 Epicuraei
2105 1065 2150 1096 ab
2174 1061 2241 1096 hoc

1248 1117 1416 1148 cadavere
1439 1116 1614 1158 pendente
1638 1115 1675 1147 in
1700 1127 1802 1148 cruce
1822 1122 1981 1159 peterent
2006 1121 2065 1148 aut
2083 1120 2240 1158 expecta—

1248 1172 1327 1198 rent
1343 1177 1471 1197 novam
1488 1171 1521 1198 et
1537 1172 1739 1208 perpetuam
1755 1165 1888 1198 vitam?
1914 1165 1975 1209 qui
1992 1164 2029 1198 in
2046 1171 2140 1198 tanta
2158 1175 2243 1198 con-

1250 1215 1387 1247 fusione
1411 1215 1521 1255 vitae,
1555 1227 1635 1248 casu
1663 1215 1781 1248 omnia
1805 1215 1889 1248 ferri
1912 1215 2150 1252 arbitrantur,
2178 1226 2242 1247 nee

1251 1272 1402 1298 statuere
1421 1272 1587 1309 possunt,
1612 1264 1688 1298 Deo
1705 1263 1859 1298 humana
1874 1277 1977 1298 curae
1988 1266 2082 1298 esse?
2109 1264 2244 1300 Rident

1251 1316 1360 1359 igitur
1384 1322 1552 1360 tanquam
1581 1319 1742 1360 poemata
1768 1322 1828 1349 ant
1852 1316 1961 1348 aniles
1985 1316 2107 1348 nenias
2124 1315 2243 1349 omnia

1253 1367 1476 1407 testimonia,
1502 1378 1591 1411 quae
1614 1365 1710 1400 Deus
1731 1373 1765 1400 et
1781 1367 1825 1399 de
1848 1378 1907 1400 sua
1924 1366 2126 1403 voluntate,
2152 1373 2183 1399 et
2201 1367 2245 1399 de

1253 1417 1518 1450 immortalitate
1546 1417 1713 1451 omnibus
1743 1417 1915 1450 aetatibus
1940 1417 2066 1450 ordine
2088 1417 2246 1455 tradidit,

1256 1475 1289 1501 et
1306 1469 1447 1502 tandem
1463 1468 1569 1501 misso
1586 1468 1659 1501 filio
1671 1495 1680 1508 ,
1707 1474 1740 1501 et
1768 1475 1845 1512 post
1864 1475 2013 1501 mortem
2031 1474 2193 1512 revocato
2209 1467 2246 1500 in

1253 1519 1379 1559 vitam,
1405 1519 1637 1552 confirmavit.
1691 1517 1760 1552 Hic
1783 1519 1842 1552 ille
1865 1529 2057 1552 sarcasmus
2072 1525 2123 1552 est
2139 1518 2245 1551 male-

1255 1570 1324 1603 dici
1352 1570 1515 1602 latronis:
1546 1568 1620 1613 Age
1641 1571 1811 1603 liberator
1835 1570 1989 1612 egregie,
2015 1569 2078 1603 tibi
2095 1575 2128 1603 et
2145 1569 2249 1602 nobis

1255 1620 1401 1653 salutem
1436 1621 1587 1653 reddito.
1647 1621 1706 1654 Sic
1735 1619 1833 1663 impii
1861 1620 1922 1653 etsi
1954 1627 2037 1654 sunt
2065 1619 2103 1654 in
2132 1619 2248 1653 media

1257 1677 1389 1711 morte,
1416 1677 1532 1703 tamen
1561 1683 1632 1703 nnn
1655 1670 1813 1704 sentiunt
1836 1670 2009 1703 malorum
2033 1669 2249 1713 magnitudi-

1258 1733 1358 1759 nem,
1393 1733 1465 1753 non
1501 1728 1674 1766 quaerunt
1707 1732 1846 1754 cansam
1871 1733 2142 1758 aerumnarum,
2176 1732 2249 1754 non

1258 1778 1421 1805 metuunt
1449 1770 1515 1805 Dei
1543 1772 1733 1810 iudicium,
1767 1771 1895 1804 ludunt
1921 1772 2026 1804 etiam
2045 1771 2252 1805 deridendis

1259 1822 1508 1864 religionibus,
1530 1830 1562 1856 et
1579 1835 1656 1855 cum
1674 1822 1863 1855 otl'ecturae
1880 1829 1963 1855 sunt
1979 1823 2138 1865 ipsorum
2154 1834 2251 1855 com-

1261 1872 1394 1909 modis,
1429 1873 1545 1906 delere
1573 1871 1806 1916 Evangelimn
1839 1880 2029 1911 conantur,
2061 1880 2094 1906 et
2125 1885 2249 1917 expro-

1261 1930 1361 1956 munt
1391 1923 1605 1967 impietatem
1627 1936 1665 1956 ac
1687 1923 1866 1956 saevitiam
1888 1924 2055 1956 adversus
2071 1921 2252 1957 Christum

1263 1974 1386 2007 eteius
1411 1975 1579 2009 membra.
1636 1973 1684 2008 Ut
1708 1982 1790 2007 tunc
1815 1974 1903 2006 latro
1928 1974 2112 2007 virulentis
2129 1975 2254 2007 ironiis

1264 2025 1458 2067 exagitabat
1483 2026 1594 2058 filium
1619 2023 1705 2063 Dei,
1741 2025 1786 2057 ita
1818 2024 1945 2058 videtis
1975 2025 2102 2068 impios
2132 2025 2254 2058 tudere

1265 2075 1430 2108 omnibus
1457 2076 1638 2109 aetatibus.
1699 2075 1749 2108 Ac
1774 2087 1817 2107 ne
1843 2075 1972 2117 putetis
1997 2087 2127 2108 novum
2148 2075 2254 2109 fuisse

1542 2126 1643 2160 Alius
1673 2133 1722 2160 est
1754 2123 1864 2159 hostis
1897 2124 2030 2159 Christi
2056 2126 2167 2160 multo
2198 2126 2255 2159 in·-

1266 2177 1402 2216 sestior,
1431 2178 1562 2211 scilicet
1596 2177 1778 2211 Diabolus,
1841 2175 1871 2209 ls
1903 2176 2056 2220 primum
2081 2177 2165 2210 odio
2189 2175 2255 2210 Dei

1266 2228 1392 2261 mulsit
1409 2229 1451 2260 ab
1468 2242 1507 2261 eo
1527 2229 1658 2272 primos
1673 2234 1843 2271 parentes.
1888 2226 1919 2260 ls
1938 2227 2113 2261 similibus
2133 2227 2257 2261 ironiis

1268 2279 1302 2310 in
1328 2280 1490 2322 paradiso
1513 2279 1673 2312 miseram
1701 2279 1885 2311 mulierem
1910 2278 2050 2319 fefellit,
2076 2291 2154 2313 cum
2174 2291 2256 2323 pro—

1267 2329 1418 2363 mitteret
1445 2332 1518 2363 fore
1542 2329 1692 2363 similem
1718 2328 1808 2362 Deo:
1850 2328 1979 2369 Eritis,
2005 2330 2142 2375 inquit,
2167 2330 2255 2362 sicut

1267 2378 1338 2413 liii.
1404 2380 1499 2413 ldem
1530 2380 1763 2414 calumniator
1790 2377 1893 2414 habet
1918 2381 2102 2414 fascinatas
2129 2379 2254 2424 impio-

1268 2443 1346 2463 rum
1374 2439 1507 2465 mentes
1527 2432 1624 2464 omui
1653 2439 1809 2475 tempore
1834 2431 1928 2464 salsis
1949 2432 1992 2464 de
2011 2430 2085 2464 Deo
2111 2442 2255 2474 persna-

1268 2482 1438 2516 sinuibus.
1494 2481 1558 2514 llis
1582 2483 1741 2515 abutitur
1763 2489 1930 2527 tanquam
1951 2481 2109 2525 organis,
2135 2481 2177 2514 ad
2197 2493 2251 2514 ex-

1269 2533 1431 2575 plendam
1460 2533 1632 2565 infinitam
1660 2533 1731 2566 odii
1755 2533 1809 2565 sui
1841 2532 2064 2565 acerbitatem
2089 2533 2256 2565 adversus

1269 2584 1379 2617 tilium
1401 2583 1475 2618 Dei.
1531 2583 1636 2617 Latro
1661 2584 1785 2626 igitur,
1811 2590 1847 2616 ut
1866 2583 1990 2615 caeteri
2015 2583 2133 2627 impii,
2161 2590 2257 2616 actor

1269 2643 1316 2668 est
1347 2633 1470 2669 harum
1497 2635 1710 2673 ironiarum.
1744 2634 1800 2666 sed
1824 2633 1881 2665 ille
1899 2634 2169 2677 superbissimus
2186 2633 2256 2677 spi-

1270 2685 1357 2719 ritus
1375 2684 1482 2720 hostis
1499 2684 1583 2723 Dei,
1611 2692 1658 2718 est
1675 2696 1794 2718 earum
1813 2685 1925 2728 poeta.
