2338 2958
67 126 144 164 557

65 217 273 247 numentum
292 204 497 253 philosophi
513 207 619 242 vestri
644 221 826 256 nunquam
844 210 1051 256 periturum,

66 264 134 310 ipsi
147 261 278 297 iudices
291 259 400 299 eritis,
421 259 449 292 si
466 260 621 293 studium
638 261 833 295 medicinae
849 262 917 295 civi
935 268 1050 296 vestro

67 311 310 349 claritudinem
330 310 485 354 peperit,
511 322 556 343 an
577 311 692 355 potius
711 319 884 346 astrorum
910 312 1050 356 peritia:

13 403 16 412 Ι
63 364 202 408 utrique
217 361 311 394 enim
327 361 462 394 tametsi
481 361 671 404 plurimum
689 374 814 407 operae
830 362 1051 407 impenderit,

62 415 124 450 illa
151 413 294 458 quidem
322 423 464 455 prorsus
491 418 640 453 tacetur,
682 410 767 446 haec
802 426 883 446 vero
919 425 1047 446 nomen

62 476 165 500 suum
188 462 387 496 immortale
412 462 559 506 posteris
581 463 704 498 effecit.
759 463 919 497 Gaudete
943 464 1051 506 igitur

60 528 84 550 o
107 513 270 548 Patavini
294 513 526 556 nobilissimi,
561 513 688 558 quibus
713 525 848 558 semper
873 515 1047 547 clarorum

60 566 220 599 virorum
240 564 354 598 studia
373 564 491 596 decori
513 564 623 597 suere.
676 563 743 598 Sed
763 565 819 598 vix
839 564 987 598 Antonii
1007 566 1050 598 de

59 616 187 651 Monte
206 615 303 650 Utmi
318 615 519 647 meminisse
536 625 724 658 parumper
744 616 874 656 ausim,
899 616 955 649 cui
976 627 1049 649 non

61 666 257 707 medicina,
289 666 347 698 sed
372 671 545 698 astrorum
572 665 686 697 studia
714 677 843 699 nomen
867 673 1048 700 aeternum

59 718 248 763 reliquere,
273 716 320 749 ita
335 722 505 749 nostrates
519 711 706 749 hortantur
721 714 939 762 philosophi:
967 730 1048 750 nam

60 776 101 802 ut
120 767 285 802 Britones
315 773 419 811 atque
449 764 571 798 Gallos
601 765 638 798 in
669 764 735 800 hoc
767 769 963 801 studiorum
991 780 1049 811 ge-

61 831 148 853 nere
172 817 462 852 celebratissimos
485 822 717 860 praeteream,
745 816 912 852 Albertns
931 826 1050 852 noster

61 870 214 913 Magnus
226 867 405 911 ingenium
422 877 524 899 suum
539 867 720 901 literarum
736 870 852 903 studio
870 870 1050 910 idoneum,

30 955 36 958 ,
60 919 307 955 Astronomiae
316 924 430 951 autem
441 919 842 953 accommodatissimum
855 921 1049 964 depromit:

60 971 116 1004 cui
135 969 342 1013 ampliorem
365 968 480 1001 locum
499 975 617 1002 nostra
634 970 805 1004 tribueret
822 972 954 1012 oratio,
981 972 1048 1004 nisi

59 1020 194 1065 egregia
211 1031 272 1053 sua
289 1019 445 1052 facinora
463 1019 583 1052 orbem
600 1026 712 1053 terrae
727 1022 835 1054 ferme
851 1029 962 1056 totum
981 1023 1047 1055 iam

60 1072 122 1106 diu
136 1076 386 1116 penetrassent.
441 1066 616 1111 Quocirca
638 1078 715 1114 post
738 1072 910 1115 plurimos
932 1074 1049 1106 natio-

59 1123 117 1156 nis
139 1128 278 1155 nostrae
308 1119 565 1163 insignissimos
589 1127 762 1155 astrorum
795 1124 1050 1167 contemplato—

59 1185 125 1214 res,
152 1179 185 1207 te
199 1172 340 1206 tandem
358 1170 490 1213 Georgi
508 1171 550 1203 de
565 1170 759 1216 Peurpacb‚
786 1172 1047 1207 Germanorum

60 1235 213 1269 perenne
240 1223 346 1255 decus
374 1221 551 1265 appellare
572 1222 717 1261 iubeor,
750 1224 809 1268 qui
834 1236 904 1257 non
931 1225 1048 1258 minus

58 1275 152 1309 vitae
168 1272 379 1316 integritate,
400 1284 504 1316 quam
522 1270 772 1316 Philosophiae
789 1276 958 1307 doctrinis
974 1275 1050 1319 pol-

59 1326 172 1359 lebas:
199 1324 238 1356 in
255 1320 514 1356 Mathematicis
532 1329 646 1356 autem
666 1336 787 1357 omnes
811 1325 875 1358 tibi
893 1333 1050 1358 contem-

60 1385 234 1420 poraneos
256 1374 360 1415 longe
383 1373 556 1411 anteibas‚
585 1373 684 1406 cuius
706 1386 834 1407 nomen
854 1388 927 1408 non
944 1377 1050 1409 modo

60 1425 216 1459 nationis
235 1430 374 1456 nostrae
391 1420 550 1455 homines
568 1424 703 1456 celebre
719 1426 907 1466 ducebant,
928 1438 1050 1459 verum

59 1476 165 1510 etiam
184 1473 281 1508 Galli
295 1486 334 1507 ac
352 1472 430 1507 Itali
451 1471 674 1506 vehementer
689 1475 852 1508 admirati
872 1483 964 1516 sunt,
991 1476 1050 1520 qui

61 1527 147 1561 olim
163 1525 200 1558 in
219 1525 305 1558 urbe
324 1522 389 1556 bac
409 1523 683 1567 praeclarissima
702 1524 965 1558 Astronomiam
985 1539 1051 1569 pu-

61 1577 152 1611 blice
172 1574 341 1615 docuisti,
367 1574 542 1618 plerisque
566 1574 712 1618 insuper
729 1573 785 1608 hic
811 1577 1051 1620 praesentibus

61 1635 95 1662 et
119 1628 210 1661 sama
236 1625 395 1669 cognitus
418 1635 472 1663 es,
501 1631 533 1656 et
552 1624 639 1657 visu.
694 1624 746 1658 Te
763 1625 900 1659 Vienna
928 1628 1051 1660 docto-

60 1690 134 1712 rem
165 1677 292 1710 artium
325 1674 455 1708 creavit
480 1675 735 1717 dignissimum.
791 1676 843 1709 Te
869 1677 1052 1710 Ladislaus

60 1729 146 1763 olim
161 1726 364 1770 Hungariae
379 1737 437 1758 rex
455 1732 696 1759 astronomum
711 1727 777 1760 sibi
795 1728 933 1770 delegit.
967 1728 1050 1761 Tibi

61 1779 263 1814 Fridericus
287 1775 415 1810 Caesar
450 1788 513 1820 pro
548 1776 739 1809 virtutibus
764 1778 834 1810 tuis
866 1778 1051 1810 munificus

63 1835 146 1865 erat.
202 1828 363 1870 Longum
391 1832 478 1859 esset
503 1827 649 1859 recitare
674 1827 831 1870 singulos
858 1827 1051 1872 Principes,

62 1879 223 1914 doctrina
238 1885 296 1912 tua
314 1877 466 1911 affecto&
514 1875 653 1909 Omitto
671 1879 764 1921 quod
783 1878 947 1911 dominus
963 1878 1052 1912 Car-

63 1930 194 1965 dinalis
230 1928 342 1962 sancti
372 1927 465 1960 Petri
497 1927 540 1959 ad
569 1927 707 1960 vincula
743 1939 993 1972 saepenumero
1020 1936 1052 1962 te

63 1980 264 2016 domesticis
287 1979 359 2012 suis
382 1978 614 2010 adnumerare
633 1978 754 2013 voluit.
807 1978 913 2021 Quod
938 1980 1052 2013 domi-

63 2043 131 2067 nus
157 2030 306 2064 loannes
323 2027 550 2061 Yaradiensis
573 2026 769 2072 Episcopus
795 2030 904 2063 multa
928 2037 960 2063 te
985 2028 1053 2063 bu-

64 2082 232 2117 manitate
254 2080 433 2124 amplexus
457 2086 517 2114 est.
577 2078 644 2112 Sed
668 2080 914 2113 Bessarionem
945 2082 1053 2114 hene-

63 2134 233 2167 factorem
267 2142 489 2164 communem
524 2137 683 2163 nostrum
715 2137 820 2175 atque
853 2138 1054 2175 patronum,

65 2182 339 2228 haudquaquam
364 2180 554 2224 praeterire
577 2181 674 2221 licet,
707 2181 838 2225 quippe
859 2183 920 2226 qui
942 2183 1053 2215 excel-

67 2233 197 2267 lentiae
228 2239 308 2266 tuae
340 2231 582 2264 testimonium
613 2232 773 2274 praebuit
803 2232 960 2265 solenne:
999 2233 1054 2265 in-

67 2284 214 2328 dignum
232 2282 385 2326 profecto
403 2282 612 2322 arbitratus,
639 2289 677 2315 ut
697 2282 788 2316 inter
808 2289 1054 2316 conterraneos

66 2342 146 2370 tuos
164 2334 270 2367 vitam
289 2331 471 2365 obscurius
487 2344 613 2381 ageres,
641 2333 726 2377 quin
747 2332 879 2365 ltaliam
895 2334 1052 2367 omnium
1080 2341 1081 2354 ³

68 2385 266 2420 studiorum
283 2394 408 2426 genere
424 2382 706 2416 florentissimam
727 2391 910 2427 repeteres.
950 2383 1055 2418 Prin-

67 2447 148 2481 ceps
171 2435 280 2479 igitur
306 2433 365 2466 ille
383 2432 608 2475 dignissimus
627 2435 830 2477 paciscitur,
855 2442 891 2467 ut
915 2447 982 2467 una
1003 2448 1054 2469 se-

69 2498 148 2521 cum
163 2488 205 2519 ad
218 2485 352 2519 ltaliam
370 2485 538 2517 concedas
555 2482 656 2529 (nam
676 2492 758 2517 tunc
775 2486 957 2527 legationis
973 2499 1056 2529 pro-

70 2537 184 2570 vincia
200 2536 264 2570 sibi
282 2535 407 2570 tradita
425 2534 489 2567 fuit
505 2546 566 2578 per
576 2534 843 2581 Alemanniam)
860 2536 1054 2570 collibitum

71 2594 122 2621 δὲ
136 2599 154 2620 e
168 2587 312 2630 vestigio
325 2613 333 2627 ,
356 2596 470 2630 neque
489 2591 627 2628 pactum
645 2583 709 2619 hoc
732 2598 882 2629 perenne
898 2587 1055 2621 futurum

72 2637 276 2682 suspicaris,
301 2637 368 2670 nisi
387 2648 502 2669 comes
519 2636 581 2669 tibi
602 2636 736 2676 fierem,
764 2637 823 2682 qui
842 2645 923 2670 tunc
941 2643 974 2671 et
994 2650 1057 2671 an-

71 2694 127 2722 tea
147 2687 322 2733 plerisque
343 2686 446 2720 annis
470 2695 550 2721 tuus
578 2687 704 2719 fuerim
731 2688 936 2732 discipulus,
988 2688 1055 2722 Sed

733 123 894 160 DECL.
932 122 1007 160 DE
1042 123 1414 160 ALFRAGANO.

1080 2482 1083 2531 j
1109 2491 1252 2517 vocant:

2017 128 2092 164 538

1106 210 1270 243 confectis
1288 210 1456 254 paulatim
1473 211 1580 244 ferme
1591 212 1695 245 rebus
1709 212 1875 247 omnibus
1891 211 2003 259 (proh
2020 215 2095 248 eius

1105 272 1247 305 quoque
1269 261 1320 293 rei
1343 262 1547 294 memoriam
1572 263 1774 306 lugubrem)
1797 265 1841 297 ad
1861 264 1974 297 sidera
1990 266 2094 309 spiri-

1105 317 1179 344 tum
1197 311 1330 344 reddis:
1359 323 1484 356 meque
1502 313 1639 355 penitus
1654 315 1780 347 orbum
1798 315 2007 360 reliquisses,
2025 316 2094 348 nisi

1105 361 1268 405 princeps
1304 362 1363 394 ille
1399 363 1659 397 munificentiae
1693 377 1838 398 manum
1873 366 2094 409 porrexisset,

1105 412 1240 445 tametsi
1257 418 1384 445 statum
1402 418 1500 445 tuum
1513 420 1634 447 nactus
1650 426 1770 451 essem.
1798 415 1894 458 Quid
1913 416 2022 459 igitur
2037 428 2094 449 re-

1104 463 1241 507 liquum
1269 469 1361 501 erat,
1388 463 1457 495 nisi
1475 470 1514 496 ut
1537 464 1721 498 orbitatem
1745 466 1811 498 viri
1837 467 2020 499 clarissimi
2040 478 2094 500 se·-

1104 513 1241 546 ctarer'?
1266 520 1426 557 coeptum
1453 514 1559 546 foelix
1582 522 1680 548 tuum
1705 528 1769 559 pro
1788 517 1924 551 viribus
1946 529 2095 563 exeque-

1103 564 1184 597 rer?
1216 563 1313 597 Duce
1330 564 1447 609 itaque
1471 571 1620 607 patrono
1639 567 1818 599 communi
1836 566 1985 601 Romam
2011 580 2094 612 pro-

1103 616 1225 655 fectus,
1251 627 1348 647 more
1367 626 1444 647 meo
1463 615 1572 648 literis
1590 627 1763 657 exerceor,
1789 617 1851 651 ubi
1868 618 1996 662 scripta
2013 619 2093 662 plu-

1080 666 1192 698 trima
1221 663 1438 699 Graecorum
1476 666 1751 699 clarissimorum
1784 668 1826 700 ad
1863 668 1981 701 literas
2014 680 2093 702 suas

1103 717 1287 750 discendas
1317 729 1372 749 me
1404 716 1574 755 invitant,
1616 729 1685 762 quo
1711 717 1865 751 latinitas
1892 718 1929 750 in
1957 719 2093 758 studiis,

1104 767 1306 811 praesertim
1333 764 1603 808 mathematicis,
1638 768 1847 812 locupletior
1876 770 2092 802 redderetur.

1104 817 1173 852 Sed
1189 824 1228 851 ut
1248 818 1356 850 multa
1373 818 1514 851 silentio
1531 824 1743 862 praeteream
1756 846 1765 859 ,
1791 831 1831 852 eo
1849 820 1990 852 tandem
2008 832 2094 852 ven-

1104 876 1177 902 tum
1193 875 1259 909 est,
1285 875 1324 901 ut
1339 880 1439 901 causa
1459 869 1600 913 quidem
1619 869 1800 912 religionis
1817 867 2040 903 Christianae
2057 871 2094 902 in

1105 918 1288 953 Graeciam
1312 919 1425 952 iturus
1450 919 1494 952 sit
1518 918 1692 952 Dominus
1716 932 1813 953 meus
1843 920 2095 953 reverendissi-

1103 982 1197 1003 mus:
1227 980 1289 1012 ego
1313 982 1396 1002 vero
1423 982 1463 1002 ex
1487 970 1718 1014 dispositione
1735 982 1797 1003 sua
1819 978 1922 1016 atque
1945 971 2092 1015 imperio

1102 1020 1141 1052 in
1165 1019 1231 1053 hoc
1257 1020 1548 1053 excellentissimo
1572 1021 1687 1053 studio
1708 1027 1821 1054 vestro
1845 1022 1953 1064 gratia
1975 1022 2095 1054 litera-

1102 1083 1181 1104 rum
1199 1072 1522 1115 prosequendarum
1544 1071 1580 1103 in
1605 1082 1740 1114 gregem
1756 1078 1909 1105 vestrum
1933 1072 2093 1116 recipiar.

1103 1121 1240 1155 Dabitis
1266 1133 1367 1165 spero
1394 1134 1457 1165 pro
1489 1119 1706 1155 humanitate
1730 1129 1843 1155 vestra
1870 1123 2028 1162 veniam,
2066 1122 2095 1154 si

1104 1173 1209 1216 paulo
1232 1172 1378 1204 liberius
1395 1173 1531 1214 evagari
1550 1172 1644 1205 visus
1671 1173 1754 1213 sim,
1781 1185 1819 1205 ac
1844 1173 1968 1205 seriem
1995 1183 2095 1216 pere—

1104 1222 1312 1265 grinationis
1340 1235 1435 1255 meae
1456 1223 1694 1265 importunius
1716 1224 1954 1267 expresserim.
2005 1222 2095 1256 Coe-

1105 1280 1198 1317 ptam
1216 1284 1343 1317 quaeso
1361 1284 1439 1315 erga
1458 1285 1512 1304 me
1534 1273 1814 1305 benevolentiam
1833 1274 2028 1317 producite,
2055 1279 2095 1306 ut

1104 1323 1206 1356 liceat
1228 1323 1356 1355 calcem
1381 1323 1550 1356 orationis
1578 1324 1833 1367 aequanimiter
1856 1325 1898 1356 ad
1925 1323 2095 1357 orationis

1103 1374 1288 1418 periodum
1306 1385 1503 1417 properare.
1556 1372 1684 1406 Parum
1701 1381 1815 1407 autem
1840 1375 1892 1406 lex
1910 1374 2094 1407 divisionis

1105 1424 1294 1467 superioris
1312 1435 1376 1456 nos
1394 1423 1630 1456 remorabitur
1642 1451 1650 1464 ,
1677 1436 1766 1468 quae
1785 1431 1936 1457 caeteras
1953 1422 2095 1457 'Mathe-

1104 1474 1220 1507 matici
1237 1474 1372 1516 generis
1391 1480 1504 1517 partes
1518 1475 1623 1507 taceri
1639 1486 1711 1507 non
1729 1475 1824 1516 sinit,
1851 1487 2000 1520 quarum
2018 1487 2094 1508 eam

1105 1536 1193 1569 quae
1218 1524 1416 1568 quadruvio
1443 1524 1629 1563 inseritur,
1656 1524 1828 1558 Musicam
1855 1525 1955 1559 Iubal
1981 1537 2095 1570 quen-

1104 1575 1184 1607 dam
1212 1574 1388 1607 invenisse
1411 1575 1578 1607 clamant:
1614 1576 1780 1608 nonnulli
1806 1583 1921 1609 autem
1946 1576 2096 1609 Herme-

1105 1632 1174 1658 tem
1191 1625 1228 1657 in
1250 1624 1368 1657 littore
1384 1625 1491 1657 maris
1510 1625 1813 1666 deambulantem,
1840 1627 2021 1659 occasione
2044 1633 2096 1659 te-

1077 1669 1080 1698 Ι
1106 1675 1257 1708 studinis
1289 1676 1332 1708 ad
1364 1676 1486 1719 pedem
1517 1687 1618 1708 suum
1652 1676 1867 1717 resonantis,
1901 1677 2096 1720 primordia

1106 1724 1211 1759 buius
1245 1726 1329 1758 artis
1364 1726 1525 1758 statuisse
1556 1732 1739 1760 testantur.
1792 1726 1952 1761 Potiores
1978 1735 2096 1761 tamen

1106 1783 1220 1820 partes
1238 1773 1342 1809 babet
1358 1773 1574 1821 Pythagoras
1594 1777 1654 1809 ille
1671 1776 1822 1817 Samius,
1848 1778 1909 1822 qui
1927 1778 2096 1811 instinctu

1107 1827 1286 1860 fabrorum
1302 1827 1516 1867 cudentium,
1544 1828 1690 1859 eandem
1708 1828 1802 1860 sonis
1820 1828 1904 1871 ipsis
1922 1834 1954 1861 et
1971 1840 2096 1871 corpo-

1106 1878 1204 1910 ribus
1223 1877 1431 1910 sonantibus
1455 1877 1719 1921 proportionem
1740 1890 1811 1911 esse
1829 1879 1974 1918 didicit,
2001 1879 2096 1911 unde

1106 1940 1203 1961 suam
1230 1928 1356 1972 cuique
1383 1928 1632 1961 consonantiae
1659 1929 1922 1972 proportionem
1942 1929 2097 1968 eliciens,

1106 1985 1213 2013 totam
1240 1985 1415 2021 postremo
1442 1985 1551 2012 artem
1578 1979 1614 2011 in
1635 1979 1791 2012 numeris
1816 1991 1982 2013 sonorum
2012 1991 2096 2012 con-

1107 2028 1305 2063 summavit.
1382 2027 1516 2061 Paucos
1551 2030 1742 2063 admodum
1777 2030 1882 2063 fuisse
1910 2030 2096 2073 scriptores

1111 2079 1265 2112 Musicos
1283 2079 1471 2122 comperio,
1507 2079 1680 2113 Musicam
1699 2079 1814 2113 Boi-'tii
1834 2080 1934 2113 latini
1953 2078 2096 2118 babent,

1108 2129 1206 2163 cuius
1229 2130 1418 2163 sententias
1442 2131 1625 2175 plerasque
1645 2130 1791 2163 loannes
1818 2132 1860 2164 de
1880 2130 1994 2164 Muris
2018 2142 2096 2163 suc-

1108 2181 1220 2213 cincte
1245 2180 1441 2214 coadiuvit:
1469 2193 1573 2225 quam
1598 2181 1701 2224 plane
1724 2181 1913 2225 intelliget,
1938 2181 2097 2226 quisquis

1108 2231 1282 2264 decimum
1301 2230 1441 2263 lordani
1459 2232 1670 2264 elementum
1689 2232 1771 2265 satis
1787 2239 1912 2265 teneat.
1959 2231 2096 2265 Musica

1109 2285 1248 2315 demum
1267 2280 1457 2315 Ptolemaei
1478 2289 1515 2314 nt
1534 2282 1639 2315 latina
1656 2282 1763 2322 fieret,
1789 2282 1954 2315 dominus
1970 2281 2097 2315 Cardi-

1108 2333 1197 2365 nalis
1215 2332 1322 2365 sancti
1340 2331 1432 2364 Petri
1458 2334 1498 2364 ad
1518 2333 1655 2365 vincula
1683 2339 1810 2366 aestate
1838 2332 2009 2377 superiori
2027 2333 2097 2365 sol—

1109 2384 1225 2416 licitus
1259 2389 1344 2415 erat.
1398 2383 1560 2416 Succedit
1596 2384 1698 2416 etiam
1734 2384 1885 2426 speciosa
1914 2383 2095 2416 radiorum

1109 2433 1294 2466 visualium
1323 2433 1525 2477 disciplina,
1561 2446 1665 2479 quam
1693 2433 1809 2468 Latini
1844 2434 2095 2478 perspectivam

1288 2483 1386 2516 cuius
1410 2484 1574 2517 volumen
1594 2491 1672 2517 octo
1695 2491 1923 2523 tractatuum,
1958 2484 2097 2516 arabico

1082 2570 1083 2574 ,
1109 2537 1291 2568 inventore
1309 2531 1492 2575 Athacum,
1519 2536 1560 2567 ad
1578 2534 1759 2569 Romanos
1776 2532 2006 2579 philosophos
2027 2541 2096 2566 tra-

1109 2589 1252 2619 ductum
1271 2591 1330 2625 est,
1354 2597 1431 2617 cuin
1449 2585 1568 2618 libello
1588 2597 1651 2619 suo
1669 2588 1712 2619 de
1730 2585 1951 2630 crepusculis.
1984 2583 2096 2615 vitel-

1081 2645 1085 2679 ξ
1111 2638 1158 2670 lio
1183 2643 1297 2669 autem
1331 2642 1448 2669 noster
1477 2635 1656 2680 Turingus
1690 2637 1843 2670 codicem
1871 2637 1988 2667 decem
2016 2644 2096 2676 par-

1082 2690 1086 2729 i
1109 2689 1198 2722 tium
1218 2686 1381 2720 latinitati
1398 2688 1587 2728 contexuit,
1613 2699 1710 2721 more
1728 2686 1997 2721 Geometrarum
2014 2694 2095 2716 sen-
