2338 2958
125 132 200 168 953
589 132 746 171 DECL.
782 133 856 169 DE
892 133 1116 170 IOANNE
1151 136 1306 173 DUCE
1340 136 1458 173 SAx.
1493 135 1689 172 ELECT.
2082 143 2155 179 954

123 220 267 266 quidem
283 218 398 263 vagari
422 224 460 252 ut
475 218 618 255 vellent.
669 219 763 253 Haec
782 221 851 254 duo
878 221 1022 265 imperia
1045 233 1111 254 no-
1135 222 1138 242 '
1163 225 1205 256 da
1223 231 1282 257 est.
1336 223 1416 256 Non
1433 235 1530 264 casu,
1557 235 1629 256 non
1653 231 1782 257 temere
1798 225 1967 259 confluxit
1990 223 2072 261 haec
2089 227 2154 262 ho-

123 272 322 311 minantur,
356 270 504 304 alterum
528 267 745 305 δεσποτικὸν
767 273 861 316 quod
888 272 978 315 cogit
994 269 1107 304 homi·
1134 249 1138 303 l
1161 275 1299 307 minum
1324 282 1447 308 natura
1473 286 1510 307 ex
1534 274 1677 313 atomis,
1705 282 1744 309 ut
1760 276 1908 318 fingebat
1930 276 2150 313 Democritus

123 334 205 362 nes,
256 321 405 355 alterum
439 319 626 355 πολιτικὸν
662 323 755 366 quod
797 322 884 365 regit
918 322 1109 356 suadendo,
1162 332 1195 358 et
1209 323 1400 367 Epicurus:
1429 325 1488 357 sed
1505 325 1635 369 ubique
1655 326 1759 359 obvia
1781 334 1863 360 sunt
1888 327 2036 361 illustria
2054 331 2150 362 testi-

122 372 308 416 Utrunque
336 371 511 404 cernimus
536 371 572 404 in
598 370 757 411 homine,
800 372 928 406 noticia
955 384 1044 417 quae
1070 372 1106 405 in
1161 376 1299 414 monia,
1327 387 1415 420 quae
1440 376 1646 415 ostendunt,
1673 383 1705 409 et
1729 388 1800 410 esse
1816 376 1949 419 Deum,
1977 385 2011 412 et
2034 391 2098 412 nos
2117 381 2149 413 ei

120 423 263 456 cerebro
280 428 341 461 est,
359 429 392 456 et
406 422 541 462 electio,
566 420 669 456 habet
685 420 902 457 δεσποτικὸν
920 423 1106 466 imperium
1159 438 1262 458 curae
1277 438 1364 459 esse:
1393 432 1425 458 et
1442 423 1593 457 humana
1611 427 1715 459 corda
1732 429 1774 459 ad
1793 425 1857 461 hoc
1874 429 1987 472 ipsum
2005 430 2148 464 condita

118 473 362 518 inpotentiam
378 473 639 511 locomotivam,
668 474 735 506 ciet
755 484 897 514 nervos,
925 480 956 506 et
974 474 1106 506 instru-
1159 487 1247 516 esse,
1274 484 1312 510 ut
1329 477 1400 509 siut
1419 475 1483 507 Dei
1508 476 1746 510 domicilium:
1780 490 1867 522 quae
1893 481 2035 524 quidem
2063 487 2146 514 tunc

118 531 236 558 menta
261 531 376 557 motus
405 522 526 556 localis
550 535 612 556 suo
643 523 789 556 consilio
815 530 849 557 et
873 524 1038 561 arbitrio,
1073 529 1105 556 et
1159 527 1296 570 penitus
1321 537 1586 568 cognoscemus,
1612 539 1690 559 cum
1713 527 1749 559 in
1772 528 1830 560 illa
1853 537 1990 563 aeterna
2009 529 2145 564 Acade-

118 575 237 615 nervi,
272 574 422 607 musculi
446 571 610 612 τένοντες
626 574 869 617 obtemperant
888 574 963 606 sine
979 580 1104 607 contu·
1158 578 1224 610 mia
1239 605 1247 618 ‚
1275 578 1311 609 in
1331 577 1405 620 ipso
1422 575 1497 609 Deo
1520 576 1633 608 ideam
1650 584 1796 611 naturae
1812 581 2145 623 contemplabimur.

117 626 239 659 macia,
282 622 448 664 Achilles,
476 624 537 657 etsi
555 636 614 656 cor
631 625 813 657 incensum
830 631 877 657 est
895 625 958 663 ira,
987 631 1102 658 tamen
1156 627 1225 661 Sed
1243 635 1358 661 tamen
1374 628 1410 659 iu
1430 625 1491 659 hac
1505 627 1572 659 vita
1589 624 1692 660 buius
1708 635 1822 661 tantae
1838 630 2026 673 sapientiae
2044 645 2143 665 exor-

116 677 264 720 imperat
283 675 463 715 manibus,
490 681 523 707 et
545 675 716 717 imperare
736 681 864 718 potest,
893 682 928 708 ut
947 675 1101 717 gladium
1156 680 1211 711 dia
1237 679 1311 711 vult
1337 678 1466 722 percipi
1491 684 1522 710 et
1539 679 1718 720 cognosci,
1747 691 1785 711 ac
1803 679 1969 713 immensa
1989 682 2143 716 bonitate

115 728 308 760 recondant
339 726 375 758 in
399 725 580 768 vaginam,
615 725 762 768 imperat
792 726 959 768 pedibus,
994 734 1033 760 ut
1059 726 1102 759 ab
1155 729 1305 763 effundit
1322 730 1357 762 in
1378 729 1480 761 corda
1500 728 1739 762 invocantium
1759 729 1893 773 ipsum,
1922 731 1975 764 sui
1995 734 2143 775 pectoris

114 777 380 821 Agamemnone
395 776 584 810 discedant.
638 774 715 808 Hoc
733 777 838 808 modo
863 776 1013 809 noticiae
1030 788 1101 809 non
1154 780 1335 823 spiritum,
1375 785 1433 812 ut·
1449 786 1650 812 nostrorum
1678 780 1838 813 cordium
1866 781 2008 825 spiritus
2035 791 2142 819 sanet.

113 829 311 871 gubernant
327 827 444 866 corda,
470 826 529 858 sed
547 822 612 858 hae
631 827 810 859 suadendo
829 834 1009 869 reguntur.
1044 826 1101 859 ln·
1153 831 1382 876 Nequaquam
1404 831 1481 863 vult
1504 841 1601 862 suam
1625 832 1739 863 sedem
1758 843 1776 863 a
1794 832 1945 865 diabolis
1968 835 2141 876 occupari,

113 878 238 921 telligit
255 877 426 919 Socrates,
454 877 682 920 temperantia
699 878 897 910 conservari
915 878 1005 910 vires
1023 889 1101 911 cor-
1124 846 1128 926 l
1153 894 1260 926 quare
1284 890 1315 915 et
1341 881 1490 914 libenter
1507 881 1609 913 nobis
1633 893 1734 925 opem
1760 882 1846 921 sert,
1874 890 2016 927 propter
2038 896 2139 917 suum

113 930 225 973 poriS,
261 927 529 977 intemperantia
567 927 679 965 laedi,
718 928 839 960 volens
873 928 980 971 igitur
1014 929 1101 962 vitat
1125 927 1127 942 ¹
1155 933 1280 965 filium:
1314 939 1346 964 et
1369 932 1583 963 severissime
1607 932 1794 976 praecipit,
1827 939 1866 966 ut
1892 941 2068 977 petamus,
2103 943 2141 969 ut

112 980 327 1013 ebrietatem.
381 976 432 1011 Ac
468 977 495 1010 si
526 990 597 1010 non
633 978 770 1010 turbata
799 986 885 1011 esset
915 976 1099 1011 harmonia
1124 994 1127 1012 e
1153 984 1224 1027 ipse
1243 990 1380 1027 pectora
1407 989 1524 1015 nostra
1542 982 1721 1025 gubernet.
1774 982 2018 1018 Exuscitemus
2035 985 2141 1028 igitur

111 1030 228 1074 legum
245 1036 278 1062 et
295 1028 420 1068 cordis,
447 1039 583 1072 semper
601 1035 725 1072 sponte
742 1036 975 1071 congruerent
993 1031 1097 1062 corda
1154 1046 1216 1066 nos
1236 1035 1278 1067 ad
1304 1032 1387 1066 haec
1410 1040 1508 1072 vota,
1542 1040 1575 1065 et
1599 1033 1689 1065 veris
1715 1034 1901 1075 gemitibus
1922 1034 2035 1068 Deum
2061 1048 2139 1068 ore-

110 1093 189 1114 cum
206 1080 353 1123 legibus·
405 1077 507 1112 Nunc
528 1091 608 1111 vero
625 1079 661 1111 in
687 1077 750 1111 h-'tc
769 1079 1007 1112 imbecillitate
1030 1078 1097 1112 hu-
1122 1058 1126 1131 ¹l
1152 1096 1249 1123 mus,
1275 1092 1313 1116 ut
1337 1083 1408 1127 ipse
1432 1094 1568 1125 semper
1585 1083 1674 1116 adsit
1699 1084 1736 1115 in
1753 1084 1919 1118 cordibus
1937 1086 2078 1125 nostris,
2106 1093 2139 1120 et

110 1143 234 1164 manae
259 1136 405 1163 naturae
432 1136 464 1162 et
488 1129 633 1161 dissidio
651 1129 790 1167 virium,
819 1136 934 1162 tamen
950 1130 1097 1163 sciamus
1122 1146 1124 1169 ᾗ
1151 1135 1187 1167 in
1205 1132 1271 1168 hoc
1286 1146 1348 1167 suo
1364 1134 1543 1167 domicilio
1561 1134 1678 1173 corda,
1700 1134 1854 1177 spiritus,
1877 1143 2020 1177 mentes,
2045 1149 2138 1169 cere-

109 1179 224 1215 Deum
255 1179 424 1223 singulari
456 1179 604 1212 consilio
632 1187 664 1212 et
690 1179 858 1212 beneficio
886 1181 922 1212 iu
953 1178 1097 1213 homine
1121 1175 1124 1194 ³
1150 1186 1263 1223 hrum,
1292 1192 1323 1217 et
1342 1195 1463 1217 omnes
1480 1184 1571 1216 vires
1588 1191 1724 1217 nostras
1740 1196 1800 1217 sua
1819 1186 1894 1218 luce
1923 1194 1955 1220 et
1982 1198 2044 1220 suo
2068 1188 2139 1230 spi-

110 1242 331 1266 conservasse
354 1227 445 1263 hanc
472 1237 602 1273 partem
630 1229 821 1272 libertatis,
855 1237 892 1264 ut
917 1231 1095 1274 despotico
1150 1236 1219 1268 ritu
1237 1236 1424 1278 gubernet,
1450 1241 1489 1267 ut
1505 1246 1584 1266 vera
1605 1235 1806 1274 doceamus,
1831 1242 1862 1269 et
1881 1237 2045 1271 salutaria
2072 1250 2137 1270 no-

109 1282 255 1326 imperio
275 1281 348 1323 regi
365 1287 527 1313 externae
543 1280 696 1313 actiones
713 1280 857 1323 possint.
897 1279 984 1314 Vult
1003 1281 1094 1313 enim
1119 1303 1123 1320 2
1150 1286 1202 1319 bis
1219 1293 1252 1319 et
1270 1286 1332 1320 toti
1351 1284 1528 1319 Ecclesiae
1546 1296 1698 1328 agamus,
1748 1284 1841 1318 Dixi.

109 1332 260 1375 intelligi
288 1330 497 1370 discrimen,
540 1330 670 1363 liberae
699 1331 833 1373 agentis
859 1331 1033 1374 potentiae
1064 1339 1096 1365 et

107 1394 251 1428 prorsus
273 1381 446 1426 captivae,
475 1381 551 1414 vult
575 1381 655 1413 sciri
680 1392 714 1413 se
735 1392 805 1413 esse
826 1393 930 1424 agens
952 1382 1092 1414 liberri-

107 1445 224 1471 mum,
248 1444 321 1466 non
345 1431 520 1464 inclusum
543 1432 650 1464 stoico
668 1432 817 1472 carceri,
844 1433 903 1464 sed
920 1432 1093 1466 volentem
1147 1451 1199 1484 Nn
1233 1451 1303 1484 122
1957 1466 1991 1483 an
2030 1455 2111 1485 1550

106 1495 244 1518 servare
271 1484 492 1522 invocantes,
528 1488 561 1515 et
577 1489 795 1515 contumaces
820 1483 956 1526 punire.
1008 1482 1095 1516 vult
1204 1478 1211 1485 ’
1307 1476 1316 1484 ”
1955 1476 2126 1512 „gf—L

106 1534 292 1579 disciplina
310 1532 441 1566 frenari
458 1530 627 1565 homines.
669 1532 763 1565 Haec
781 1533 929 1575 intelligi
950 1539 981 1566 et
1000 1534 1093 1566 iudi-
1270 1550 1344 1590 De
1369 1549 1542 1589 Ioanne
1566 1549 1696 1590 Duce
1721 1549 1826 1591 Sax
1864 1550 1998 1592 Elec&

105 1586 176 1619 cari
204 1590 367 1629 possunt,
403 1580 737 1628 cum⁴discernimus
761 1583 798 1616 in
820 1580 965 1616 homine
983 1584 1092 1628 impe-
1216 1629 1223 1653 ι
1290 1628 1296 1652 ¹
1371 1627 1396 1652 D
1433 1628 1438 1652 1
1469 1627 1492 1651 T
1516 1627 1551 1652 m
1624 1629 1672 1652 110
1782 1580 1849 1654 Εἰ]
1885 1630 1899 1654 d
1926 1629 1950 1654 T
1976 1581 2010 1653 Η·
2068 1629 2117 1655 ’.35

1228 1638 1242 1653 Π
1260 1638 1286 1653 SC
1300 1634 1349 1653 ecl.
1400 1637 1429 1652 CC
1443 1646 1450 1652 ο
1497 1648 1499 1650 -
1557 1647 1562 1652 ι
1583 1637 1608 1660 μ·
1680 1638 1754 1661 sqq..
1809 1638 1832 1654 lC
1853 1639 1882 1655 ar
1904 1648 1910 1654 ο
1952 1649 1958 1655 ι
2004 1649 2009 1654 .
2031 1638 2056 1662 p·
2071 1633 2093 1653 [⁸
2121 1648 2136 1661 η

104 1637 198 1670 rium
222 1631 439 1670 δεσποτικὸν
463 1640 496 1667 et
525 1631 722 1667 πολιτικὸν.
785 1633 954 1667 Videmus
977 1641 1090 1667 autem
1117 1653 1119 1665 ι
1248 1663 1264 1687 5
1385 1661 1407 1667 ,,
1689 1663 1694 1668 .
1735 1663 1741 1668 ,
2001 1662 2005 1667 .

875 1685 882 1691 ,
983 1685 990 1691 ,
1246 1680 1253 1687 t
1268 1667 1362 1688 estest.
1392 1662 1415 1686 l.
1436 1662 1481 1686 lll.
1511 1672 1533 1694 p.
1554 1662 1610 1688 104.
1639 1668 1662 1687 et
1689 1673 1714 1687 iu
1743 1663 1765 1687 Γ.
1786 1663 1829 1687 ΙΙΙ.
1859 1663 1966 1688 Ersord.
1990 1662 2026 1687 lit.
2048 1672 2091 1692 ee,
2111 1665 2134 1689 1.

104 1698 204 1730 saepe
225 1698 302 1725 cor,
328 1691 366 1718 ut
392 1691 580 1729 tyrannum
601 1696 794 1728 repugnare
814 1684 902 1728 legi,
928 1691 962 1718 et
983 1697 1092 1729 impe·
1116 1666 1120 1729 Ι
1249 1697 1334 1721 Etiam
1349 1695 1490 1728 §sparnum
1508 1696 1576 1721 edita
1594 1697 1694 1722 a.155o
1723 1698 1746 1722 4,
1763 1697 1779 1722 7
1794 1697 1830 1731 p1,
1869 1697 1929 1724 ud,
1945 1697 2070 1723 sirohetii
2092 1697 2135 1722 bi-

104 1738 180 1771 dire
196 1732 414 1771 δεσποτικὸν
437 1734 624 1779 imperium
644 1735 794 1775 cerebri,
822 1743 854 1768 et
871 1735 1091 1778 disciplinam
1116 1731 1119 1766 l
1248 1731 1339 1756 b¹³0¹¹¹·
1356 1730 1485 1756 3¹⁰¹³¹¹¹¹³·
1501 1730 1551 1756 No,
1565 1731 1625 1756 355-

105 1788 258 1822 turbare.
294 1785 394 1818 Paris
410 1785 535 1817 ardens
552 1797 670 1818 amore
685 1785 777 1829 rapit
794 1785 977 1818 Helenam.
1014 1785 1091 1818 An·
1116 1813 1118 1847 ἱ
1145 1813 1270 1845 Oratio
1294 1810 1339 1843 de
1366 1812 1506 1842 Ioanne
1533 1810 1636 1843 Duce
1652 1811 1789 1844 saxon·
1806 1811 1941 1853 Elect.;
1967 1815 2131 1846 reci‘ata

104 1837 223 1872 tonius
246 1836 352 1869 stulta
378 1835 571 1867 ambitione
601 1842 633 1868 et
664 1835 897 1868 aemulatione
929 1836 1091 1868 incitatus
1312 1862 1318 1868 .
1376 1861 1382 1868 .
1649 1863 1655 1869 .
1757 1863 1763 1869 .

1143 1873 1166 1895 α
1183 1862 1288 1895 Dect.
1306 1871 1402 1894 tures
1424 1861 1683 1894 Laurentio
1712 1860 2020 1905 Laudemann,
2049 1875 2133 1897 cum

103 1888 236 1922 bellum
255 1884 405 1919 Octavio
421 1885 537 1918 insert.
574 1884 619 1917 Hi
640 1885 776 1917 furores
792 1885 881 1918 fiunt
897 1885 1000 1919 ctiam
1017 1898 1092 1918 ma-
1747 1914 1753 1921 ,
1902 1915 1908 1922 ,

103 1940 204 1979 iores,
232 1949 311 1970 cum
329 1935 445 1969 cordis
462 1935 620 1980 tyrannis
636 1942 792 1967 armatur
807 1947 824 1968 a
842 1935 1003 1977 diabolis,
1030 1936 1090 1981 qui
1142 1912 1283 1959 gradu-s
1310 1910 1576 1981 dec-erneretur
1600 1912 1753 1946 Doctorz
1774 1915 1916 1983 loanmf
1926 1913 2135 1974 :Schurstab

102 1990 207 2024 corda
223 1987 334 2020 Deum
353 1986 612 2019 contemnentia
630 1992 787 2029 occupat,
1297 1964 1366 1996 ΝΟ,
1378 1961 1556 2008 ‘ber-9⁰¹²&l
1568 1987 1578 2005 ’
1607 1961 1642 1995 d·
1667 1961 1702 1997 9·
1720 1962 1853 1997 Βεεόν·
1876 1963 1981 2000 1⁰³⁰·

205 2037 250 2072 Et
267 2038 304 2070 in
323 2037 451 2070 talibus
469 2037 575 2069 multa
594 2043 783 2069 occurrunt
801 2036 902 2077 mala,
930 2037 1091 2070 diabolus
1114 2057 1117 2064 ·
1145 2030 1224 2069 Deo
1241 2043 1382 2069 aeterno
1399 2036 1488 2080 patri
1501 2035 1645 2069 Domini
1664 2038 1776 2071 nostri
1793 2037 1868 2071 lesu
1881 2036 2024 2080 Christi,
2047 2052 2133 2073 con—

102 2101 275 2134 occupans
293 2089 398 2121 corda
413 2095 592 2131 utrunque
611 2087 703 2126 facit,
727 2099 789 2119 suo
805 2087 937 2125 afflatu,
966 2100 1090 2130 pravos
1114 2110 1117 2137 Ι
1143 2087 1249 2120 ditori
1275 2094 1307 2119 ct
1324 2087 1458 2120 custodi
1477 2085 1651 2119 Ecclesiae
1668 2099 1769 2128 suae,
1796 2096 1828 2122 et
1849 2090 2001 2123 iustitiae
2020 2103 2057 2124 ac
2073 2103 2132 2124 so-

102 2141 246 2175 affectus
261 2138 418 2172 accendit
434 2144 465 2171 et
482 2145 595 2181 auget,
619 2137 655 2169 in
674 2143 788 2179 mente
803 2137 905 2170 etiam
919 2138 1090 2181 extinguit
1143 2138 1275 2171 cietatis
1301 2136 1475 2170 humanae
1499 2139 1756 2179 conservatori,
1781 2140 1910 2182 gratias
1927 2153 2009 2183 ago,
2037 2143 2131 2186 quod

102 2204 223 2225 verum
251 2189 420 2222 iudicium
433 2215 440 2229 ‚
470 2196 501 2222 et
519 2189 622 2221 corda
636 2188 797 2231 ,gignunt
810 2188 952 2231 spiritus
969 2189 1090 2223 vitales
1143 2186 1310 2221 hactenus
1325 2189 1515 2221 clementer
1531 2200 1594 2220 nos
1611 2189 1770 2231 protexit,
1793 2197 1827 2223 et
1844 2203 1914 2223 non
1935 2191 2019 2225 sinit
2035 2194 2130 2236 apud

101 2247 311 2279 venenatos,
343 2239 403 2284 qui
430 2246 462 2272 et
499 2239 564 2283 ipsi
596 2240 776 2271 cerebrum
807 2245 838 2271 et
869 2239 954 2271 alias
976 2247 1090 2283 partes
1142 2250 1205 2272 nos
1231 2239 1384 2281 extingui
1410 2239 1590 2272 doctrinae
1612 2240 1745 2280 studia,
1777 2253 1866 2284 quae
1892 2242 1983 2275 vitae
2015 2240 2132 2275 homi-

102 2293 261 2326 inficiunt
274 2318 282 2331 ,
310 2297 348 2323 ut
364 2290 400 2323 fit
416 2289 451 2322 in
467 2290 586 2322 bestiis
604 2289 762 2324 rabiosis,
816 2288 911 2322 Ilaec
934 2290 1088 2333 ingentia
1143 2301 1227 2322 num
1243 2290 1434 2322 necessaria
1452 2297 1548 2323 sunt:
1577 2301 1725 2334 eumque
1744 2297 1817 2324 toto
1836 2298 1974 2335 pectore
1992 2305 2066 2334 oro,
2092 2301 2131 2327 ut

101 2343 192 2376 mala
214 2341 466 2375 consideranda
485 2347 583 2379 sunt,
611 2347 644 2373 et
660 2352 794 2372 summa
819 2352 899 2373 cura
916 2338 1088 2374 adhiben-
1142 2351 1205 2373 nos
1222 2341 1386 2383 deinceps
1401 2352 1541 2384 quoque
1558 2341 1727 2382 gubernet
1755 2348 1787 2374 et
1812 2348 1968 2383 tueatur,
1995 2350 2027 2376 et
2049 2356 2131 2387 pro—

101 2395 145 2427 da
163 2400 231 2431 est,
259 2399 297 2425 ut
313 2391 443 2424 sanitas
461 2391 592 2431 cordis,
620 2398 789 2435 quantum
811 2391 883 2423 fieri
902 2398 1031 2434 potest,
1055 2399 1089 2425 et
1141 2398 1217 2435 pter
1239 2402 1336 2423 suam
1359 2390 1505 2433 gloriam
1532 2390 1567 2422 in
1595 2388 1649 2423 his
1675 2392 1876 2433 regionibus
1900 2405 2036 2437 semper
2058 2395 2129 2428 filio

101 2445 305 2478 restituatur
331 2449 363 2475 et
385 2448 620 2474 conservetur.
673 2439 718 2474 Et
736 2442 877 2486 quidem
902 2450 938 2475 ut
962 2442 1006 2475 sit
1023 2443 1086 2475 do—
1140 2454 1202 2474 suo
1223 2440 1376 2474 Domino
1395 2448 1513 2473 nostro
1535 2439 1607 2473 lesu
1622 2439 1764 2475 Christo
1784 2440 2033 2477 haereditatem
2057 2445 2130 2477 col-

99 2495 268 2528 micilium
285 2491 371 2533 Dei,
398 2493 440 2525 ad
458 2504 560 2536 quem
585 2503 686 2524 usum
711 2492 952 2535 principaliter
965 2494 1087 2526 condi·
1140 2493 1242 2535 ligat,
1271 2492 1521 2524 celebraturam
1542 2491 1655 2534 ipsum
1678 2493 1713 2524 in
1732 2494 1827 2526 omni
1851 2495 2064 2528 aeternitate.

100 2553 174 2580 turn
191 2552 251 2578 est.
306 2543 402 2576 Haec
418 2543 521 2580 bona,
547 2549 583 2575 ut
605 2543 856 2585 intelligamus,
885 2545 1087 2586 adpetamus
1243 2542 1535 2575 Honestissimum
1555 2549 1603 2575 est
1620 2550 1733 2575 autem
1759 2544 1793 2577 in
1814 2543 1867 2577 liis
1885 2545 2127 2587 congressibus

101 2603 134 2630 et
151 2606 392 2639 assequamur,
426 2593 586 2626 doctrina
611 2595 654 2625 de
682 2590 735 2625 his
758 2595 862 2626 tantis
888 2594 1010 2634 rebus,
1044 2596 1086 2627 de
1139 2593 1206 2627 (lici
1231 2593 1364 2637 aliquid
1386 2593 1479 2637 quod
1506 2594 1616 2635 prosit
1639 2595 1681 2626 ad
1707 2595 1919 2627 erudiendos
1937 2595 2125 2633 auditores,

100 2654 223 2681 natura
241 2644 406 2683 hominis,
432 2646 474 2677 de
493 2651 608 2676 nostra
628 2643 874 2683 imbecillitate,
901 2645 943 2676 de
960 2645 1086 2678 volun-
1138 2645 1191 2677 vel
1215 2646 1256 2676 ad
1279 2644 1442 2676 virtutem
1470 2643 1679 2679 excitandos,
1735 2645 1817 2678 ldeo
1841 2646 1925 2678 alias
1943 2647 1985 2677 (le
2010 2645 2125 2688 legum

100 2705 169 2732 tate
185 2696 262 2737 Dei,
280 2697 321 2729 de
338 2695 515 2729 beneficiis
532 2695 593 2727 filii
609 2692 686 2734 Dei,
702 2694 856 2728 studiose
872 2706 1084 2738 cognoscen-
1136 2702 1335 2728 nostrarum
1360 2693 1530 2738 dignitate
1557 2695 1640 2728 dixi.
1704 2695 1805 2729 Nunc
1831 2707 1912 2728 vero
1939 2693 2123 2729 historiam
