2338 2958
215 145 289 180 599

218 229 394 269 doctrina,
430 228 551 271 pietate
582 233 613 258 et
643 225 788 257 virtute:
824 237 972 266 qnorum
1001 225 1198 265 autoritate,

220 279 346 318 officio,
374 286 404 311 et
421 275 612 318 diligentia,
641 282 672 308 et
690 275 945 308 sanctissimum
964 275 1197 308 ministerium

219 327 411 365 Ecclesiae,
435 333 466 357 et
492 325 668 368 publicum
696 324 879 357 consilium
898 324 1126 368 Reipublicae
1143 337 1197 358 re-

221 379 327 420 gitur,
356 384 387 408 et
411 376 548 415 literae,
576 387 612 407 ac
636 376 746 407 bonae
767 383 856 408 artes
871 387 992 407 omnes
1008 375 1072 408 Dei
1093 376 1198 408 bene-

220 428 295 460 ficio
314 432 485 459 ornantur
503 432 536 458 et
554 423 820 467 provehuntur'.>

322 475 391 508 Nec
423 475 580 508 existimo
612 487 809 519 quenquam
839 481 991 508 vestrum
1015 486 1106 515 esse,
1138 475 1199 519 qui

221 537 298 558 cum
317 523 371 557 his
392 525 632 567 congressibus
653 525 811 564 interest,
838 537 910 557 non
929 531 1102 558 recreetur
1116 537 1199 557 con-

219 583 336 617 spectu
352 575 473 607 talium
493 575 662 614 virorum,
685 575 745 619 qni
761 586 839 607 vere
854 582 946 614 sunt,
971 576 1065 619 quod
1081 587 1200 616 graece

220 625 349 658 dicitur
366 623 460 668 ἱερὸς
476 621 617 664 κύκλος,
648 625 680 657 id
699 632 759 662 est,
788 636 880 657 sacer
898 632 1032 658 coetus:
1060 631 1196 657 tantum

221 676 333 714 abest,
360 682 397 708 ut
415 675 562 707 iudicem
580 689 596 707 a
616 687 790 719 quoquam
810 672 1018 718 reprehendi
1037 671 1101 706 hos
1117 686 1200 707 con-

221 737 373 767 gressus,
407 736 493 769 qnos
524 732 655 757 constat
688 736 760 756 non
791 725 832 756 ad
863 725 1002 756 inanem
1026 736 1201 767 pompam,

222 781 280 808 aut
301 774 485 818 spectaculi
508 786 606 806 causa
620 798 628 812 ‚
656 775 713 806 sed
731 774 942 816 gravissimis
957 775 999 807 de
1015 774 1142 814 causis,
1169 781 1202 807 et

222 825 396 858 institutos
422 836 511 864 esse,
538 832 567 856 et
593 836 610 856 a
630 824 730 856 nobis
749 824 902 856 retineri.
945 823 1089 857 Constat
1107 824 1200 856 enim

221 873 285 907 hos
312 875 399 907 ritus
423 874 683 916 promotionum
707 886 765 906 seu
789 875 978 916 graduum,
1010 881 1050 907 nt
1072 886 1202 907 vocan—

221 933 298 963 tur,
331 921 421 956 nihil
447 924 542 956 aliud
567 935 655 963 esse,
682 936 785 968 quam
811 924 1113 957 renunciationem
1137 937 1201 968 pu-

222 974 305 1006 blici
336 974 542 1012 testimonii,
577 974 619 1005 de
649 974 808 1007 doctrina
832 981 864 1007 et
888 974 1046 1007 moribus
1069 986 1204 1015 eorum,

222 1031 391 1057 vocantur
414 1025 455 1056 ad
484 1024 626 1067 aliquod
652 1024 828 1067 publicum
855 1036 1002 1065 munus,
1026 1032 1065 1058 ut
1086 1025 1141 1057 vel
1166 1025 1203 1057 in

220 1072 376 1107 Ecclesia
398 1075 562 1111 doceant,
590 1073 641 1105 vel
666 1074 700 1105 in
721 1073 859 1116 politica
879 1075 1131 1117 gubernatione
1151 1088 1204 1107 re-

222 1127 416 1166 spondeant
432 1124 474 1156 de
493 1123 633 1166 publico
652 1123 744 1163 iure,
772 1124 825 1156 vel
843 1124 908 1157 alia
925 1125 1037 1158 officia
1051 1125 1202 1157 admini-

222 1181 350 1213 strent,
378 1186 465 1218 quae
490 1181 569 1205 sunt
596 1175 783 1206 necessaria
803 1175 843 1206 ad
865 1176 1030 1206 tuendam
1047 1187 1202 1207 comnm-

222 1236 301 1256 nem
337 1224 443 1255 vitain
476 1230 507 1255 et
535 1223 732 1256 societatem
767 1221 961 1258 hominum.
1014 1221 1059 1256 Et
1087 1225 1122 1256 in
1149 1222 1204 1256 his

220 1273 460 1315 congressibus
478 1273 519 1305 de
538 1272 641 1304 rebus
660 1272 873 1315 gravissimis
887 1274 930 1305 ad
945 1274 1203 1306 admonendam

221 1323 453 1362 iuventutem,
480 1330 512 1355 ct
533 1322 716 1355 excitanda
734 1322 848 1356 studia
866 1323 1097 1364 discentium,
1125 1335 1204 1356 ora-

219 1373 266 1406 tio
282 1371 441 1407 habetur.

322 1422 439 1464 Quare
463 1434 524 1465 ego
549 1422 691 1467 quidem
713 1423 889 1464 singulare
907 1421 970 1456 Dei
996 1423 1202 1457 beneficium

217 1486 289 1506 esse
318 1484 484 1515 agnosco,
521 1485 559 1505 ac
588 1471 662 1506 Deo
697 1473 823 1516 gratias
856 1484 940 1515 ago,
975 1475 1068 1517 quod
1101 1474 1203 1506 nobis

218 1521 372 1556 scholam
410 1530 442 1556 et
479 1520 543 1555 hos
572 1531 689 1556 coetus
721 1530 916 1557 conservat.
975 1523 1123 1556 Nullum
1154 1531 1203 1557 est

217 1574 309 1606 enim
334 1573 369 1605 in
392 1573 492 1606 terris
515 1573 627 1605 maius
645 1571 709 1605 Dei
732 1574 884 1612 donum,
911 1585 1015 1617 quam
1034 1585 1203 1617 propaga-

217 1624 265 1657 tio
282 1623 461 1656 doctrinae
478 1623 645 1662 coelestis,
675 1634 763 1666 quae
779 1623 975 1655 conservari
993 1635 1062 1655 non
1082 1630 1204 1666 potest,

220 1673 286 1705 nisi
311 1673 382 1705 sint
405 1673 540 1716 aliquae
564 1669 702 1704 scholae
725 1672 911 1705 adiunctae
931 1670 1114 1711 Ecclesiis,
1142 1674 1201 1705 ubi

218 1724 425 1756 erudiantur
454 1720 509 1761 hi,
547 1722 605 1766 qui
640 1729 721 1759 sunt
749 1722 939 1766 aliquando
966 1723 1134 1755 accessuri
1160 1724 1201 1755 ad

217 1773 433 1811 ministeria,
474 1779 532 1804 aut
564 1772 854 1813 gubernationem
890 1772 925 1804 in
955 1770 1130 1812 Ecclesia,
1165 1780 1203 1806 ut

219 1822 412 1867 praeparati
435 1829 468 1854 et
493 1821 618 1855 exculti
643 1822 823 1860 doctrina,
851 1822 958 1863 magis
981 1822 1099 1855 idonei
1120 1823 1203 1856 fiant

219 1875 261 1907 ad
288 1874 406 1906 dextre
432 1872 636 1905 tradendam
662 1873 858 1905 doctrinam
880 1872 1078 1915 religionis,
1105 1871 1202 1906 etad

217 1923 438 1965 explicandas
463 1922 718 1955 controversias
743 1923 964 1965 dogmatum,
992 1929 1024 1955 et
1048 1923 1089 1955 ad
1108 1923 1203 1956 resu-

217 1975 341 2007 tandos
359 1984 492 2004 errores
510 1984 547 2003 ac
565 1972 778 2015 corruptelas
795 1984 901 2015 purae
917 1972 1109 2006 doctrinae.

321 2021 374 2056 Ad
392 2020 452 2054 has
471 2034 521 2054 res
538 2028 627 2053 certe
644 2033 731 2065 opus
747 2029 793 2054 est
811 2019 958 2060 scholis,
986 2022 1074 2055 sicut
1092 2020 1202 2055 histo-

219 2074 288 2106 riae
311 2084 423 2105 sacr-ie,
448 2080 637 2109 testantur,
664 2073 745 2103 inde
761 2084 870 2116 usque
888 2072 931 2103 ab
951 2072 1052 2105 initio
1069 2084 1203 2116 semper

219 2123 321 2155 fnisse
337 2123 472 2166 ali-ptos
487 2130 603 2154 coetus
618 2122 826 2154 discentium
843 2122 1036 2160 adiunctos,
1058 2123 1203 2155 summis

222 2174 289 2205 illis
313 2173 417 2208 viris,
453 2171 632 2208 Patribus,
669 2169 853 2215 Prophetis
878 2178 910 2205 et
937 2171 1134 2215 Apostolis‚
1168 2179 1202 2206 et

221 2230 336 2266 postea
351 2223 410 2253 «liu
432 2223 464 2253 in
486 2219 665 2256 Ecclesiis.
695 2230 728 2253 nt
749 2221 984 2254 Alexatnltina
1002 2230 1030 2255 et
1052 2223 1144 2262 aliis,
1169 2229 1201 2256 et

223 2275 256 2305 in
290 2272 448 2314 plurimis
481 2272 633 2311 collegiis
662 2270 798 2305 scholae.
821 2273 1026 2306 constitutae
1051 2273 1202 2312 suerunt,

221 2331 254 2355 nt
283 2324 361 2354 inde
383 2330 604 2354 snmerentur
622 2321 784 2354 Doctores
807 2329 834 2354 et
855 2322 1011 2355 l‘astores
1030 2322 1200 2356 Ecclesia-

224 2386 310 2405 ιιιιιι.
366 2372 437 2403 lmo
454 2381 482 2405 et
501 2370 661 2404 (Llnristus
681 2372 755 2403 ideo
775 2374 830 2404 dat
849 2371 1022 2405 Ecclesiae
1041 2385 1136 2411 suae,
1163 2380 1199 2406 ut

222 2424 267 2456 ait
296 2422 499 2464 Apostolus,
532 2421 706 2460 t’astows,
741 2420 931 2464 Prophetas
961 2431 992 2456 et
1022 2422 1199 2462 Doctores,

221 2473 300 2518 qnia
321 2473 390 2503 vult
414 2474 455 2503 al»
477 2470 528 2503 liis
550 2471 734 2505 Ecclesiam
756 2472 889 2506 institui
908 2486 944 2505 ac
964 2474 1098 2511 doceri,
1127 2474 1197 2507 xult

223 2523 416 2567 praeparari
436 2535 507 2556 eos,
535 2522 593 2565 «pti
613 2522 832 2564 praeficiendi
851 2530 928 2556 sunt
953 2522 1131 2560 Ecclesiis,
1158 2536 1200 2556 ne
1226 2529 1228 2539 *

223 2574 383 2606 accedant
416 2583 554 2614 prorsus
588 2572 715 2603 indocti
749 2580 803 2605 aut
834 2573 1002 2615 imperiti,
1037 2574 1095 2617 qni
1122 2586 1198 2605 cunt

224 2636 284 2656 nec
303 2623 388 2655 alios
405 2621 576 2653 audierint
590 2647 597 2658 ,
624 2629 651 2653 et
670 2622 735 2654 sint
756 2623 829 2655 sine
844 2623 917 2655 ullo
935 2635 998 2655 usu
1017 2624 1200 2666 spiritu-nli,
1225 2618 1226 2623 ¹

223 2682 337 2707 tamen
360 2667 426 2708 ussi
448 2673 611 2703 xidentnr
628 2669 904 2712 r‘c'wvtd't'd'amot,
933 2682 965 2707 ct
983 2681 1109 2706 temere
1126 2674 1198 2706 sinc
1223 2696 1228 2716 ι

767 139 927 175 DECL.
976 139 1048 175 DE
1086 139 1367 175 ECCLEStA
1403 140 1660 180 CHRISTI.

2149 145 2224 180 600

1248 224 1457 258 testimoniis
1479 226 1658 259 doctrinae
1680 226 1821 261 irruunt
1844 228 1882 261 in
1903 226 2095 266 Ecclesiam,
2129 234 2162 262 et
2187 240 2227 261 ex

1248 287 1318 307 sese
1333 275 1482 316 gignunt
1497 287 1535 308 ac
1550 283 1717 319 spargunt
1732 277 1915 319 opiniones
1932 286 1963 312 et
1981 280 2152 322 dogmata.

1349 323 1423 356 Hae
1445 332 1526 358 sunt
1549 337 1690 365 causae,
1717 332 1754 359 ut
1776 337 1837 369 ego
1852 328 1994 371 quidem
2010 328 2147 367 iudico,
2174 338 2228 360 sa—

1250 375 1291 407 tis
1316 385 1435 416 graves
1461 381 1494 408 et
1516 387 1678 418 magnae,
1704 388 1810 420 quare
1835 377 1871 408 in
1888 374 2051 410 Ecclesiis
2067 385 2099 411 et
2116 375 2228 411 Scho-

1249 425 1298 456 las
1316 424 1457 456 retineri
1473 437 1511 457 ac
1526 426 1708 468 propagari
1725 437 1861 459 necesse
1876 433 1935 459 est.
1975 426 2132 461 Primum
2147 427 2228 472 qnia

1249 472 1312 506 liae
1330 474 1434 507 etiam
1452 475 1494 507 ad
1515 475 1747 509 ministerium
1762 473 1937 508 Ecclesiae
1955 477 2149 519 pertinent,
2176 477 2229 508 vi-

1249 524 1373 556 delicet
1398 531 1435 556 ut
1460 525 1496 556 in
1522 523 1576 557 his
1600 525 1830 558 instituantur
1856 523 1913 566 hi,
1953 526 2080 570 quibus
2103 527 2229 569 guber—

1251 574 1346 607 natio
1363 572 1598 607 Ecclesiarum
1624 575 1870 608 committenda
1887 582 1950 609 est:
1979 575 2123 616 deinde,
2149 576 2230 620 quia

1249 622 1387 656 scholae
1418 625 1656 658 testimonium
1685 626 1770 658 dant
1796 622 1868 665 his,
1901 625 1962 670 qui
1983 626 2232 669 praeficiuntur

1250 671 1424 708 Ecclesiis.
1476 673 1523 708 Et
1539 682 1576 707 ut
1589 681 1722 708 constet
1738 688 1755 707 a
1773 676 1901 719 quibus
1917 675 2120 708 doctoribus
2137 686 2232 707 acce-

1251 723 1367 766 pet-int
1389 725 1604 765 doctrinam,
1629 733 1662 758 et
1685 731 1723 758 ut
1742 725 1807 768 ipsi
1830 731 1998 758 testentur
2017 737 2052 758 se
2069 737 2140 757 non
2160 725 2232 757 dis-

1251 774 1371 806 cedere
1402 786 1420 806 a
1451 782 1616 817 perpetuo
1647 781 1680 808 et
1715 787 1795 807 vero
1829 786 2000 808 consensu
2032 772 2232 808 Catholicae

1251 822 1426 857 Ecclesiae
1456 821 1608 865 Christi,
1656 837 1718 858 nec
1755 825 1913 858 assentiri
1947 825 2062 868 pravis
2092 824 2233 869 opinio-

1252 874 1370 907 nibus.

1351 922 1440 957 Cum
1474 924 1580 967 igitur
1602 923 1697 957 Dens
1719 935 1779 957 sua
1804 924 1971 958 immensa
1994 924 2235 958 misericordia

1253 973 1353 1005 nobis
1372 974 1561 1007 restituerit
1577 971 1759 1017 Evangelii
1778 975 1909 1016 lucem,
1933 982 1963 1009 et
1983 975 2019 1007 in
2034 973 2098 1007 hac
2115 971 2234 1007 schola

1253 1024 1388 1057 dederit
1411 1025 1660 1067 gubernatores
1686 1031 1916 1067 praestantes,
1947 1025 2071 1057 merito
2096 1024 2235 1067 praedi-

1253 1074 1402 1107 candum
1433 1081 1465 1108 et
1494 1075 1751 1117 agnoscendum
1779 1081 1829 1107 est
1851 1075 1920 1107 Dei
1945 1074 2171 1114 beneficium,
2203 1079 2237 1106 et

1253 1124 1382 1166 gratiae
1404 1124 1475 1157 Deo
1499 1126 1651 1166 agendae
1667 1131 1764 1157 sunt:
1793 1131 1825 1157 et
1841 1125 2000 1158 accedere
2016 1125 2145 1157 debent
2159 1123 2236 1167 pio-

1253 1186 1330 1206 rum
1348 1180 1445 1212 vota,
1473 1181 1510 1207 ut
1528 1174 1631 1206 nobis
1647 1171 1713 1206 hoc
1730 1174 1936 1207 beneficium
1956 1180 2153 1212 conservet,
2180 1170 2237 1206 his

1254 1223 1414 1266 precibus
1446 1224 1473 1256 si
1503 1235 1658 1267 unquam
1690 1235 1778 1266 opus
1808 1224 1874 1257 suit
1905 1222 2100 1264 Ecclesiae,
2142 1234 2236 1256 nunc

1254 1279 1345 1306 certe
1366 1284 1454 1316 opus
1475 1280 1544 1313 est,
1568 1273 1821 1306 ardentissimis
1843 1274 1934 1306 votis
1957 1281 1989 1307 et
2010 1280 2082 1308 toto
2100 1280 2237 1316 pectore

1254 1334 1375 1355 omnes
1399 1330 1533 1365 petere,
1556 1330 1595 1356 ut
1622 1321 1686 1355 hoc
1705 1330 1877 1365 postremo
1896 1330 1926 1356 et
1943 1322 2236 1367 periculosissimo

1255 1380 1425 1415 tempore,
1458 1374 1549 1406 inter
1571 1380 1683 1406 tantas
1706 1379 1924 1416 tempestates
1949 1373 2123 1417 publicas,
2149 1383 2237 1417 qnae

1254 1423 1434 1456 minantur
1451 1420 1628 1456 Ecclesiae
1652 1422 1824 1455 infinitam
1848 1422 2108 1466 dissipationem
2128 1429 2161 1455 et
2176 1433 2238 1454 va·-

1253 1480 1392 1510 statem‚
1418 1471 1513 1505 Dens
1537 1484 1596 1506 sua
1620 1473 1777 1505 bonitate
1799 1472 1934 1517 aliquas
1954 1470 2129 1505 Ecclesiae
2154 1471 2238 1505 reli-

1254 1523 1352 1567 quias
1368 1530 1562 1563 conservet,
1587 1523 1676 1556 sicut
1691 1521 1790 1556 Pauli
1808 1522 1926 1555 navim
1943 1521 2102 1556 iactatam
2119 1521 2237 1562 undis,

1254 1583 1475 1613 concussam,
1502 1585 1540 1606 ac
1560 1584 1647 1616 pene
1665 1572 1733 1605 iam
1751 1573 1892 1605 fractam
1909 1572 2068 1607 servavit.

1357 1621 1447 1664 Quis
1464 1622 1543 1665 pius
1559 1634 1631 1655 non
1649 1629 1722 1655 toto
1739 1633 1884 1665 corpore
1901 1619 2132 1662 cohor-rescat,
2157 1633 2237 1655 cum

1255 1672 1411 1705 intuetur
1447 1669 1575 1704 horum
1604 1678 1800 1715 temporum
1833 1671 2008 1714 pericula?
2068 1671 2238 1705 Videmus

1255 1722 1456 1765 impendere
1494 1733 1683 1764 regnorum
1720 1721 1948 1754 mutationem
1979 1733 2018 1754 ac
2051 1733 2238 1765 propemo—

1255 1773 1340 1804 dum
1363 1771 1543 1805 interitum
1566 1772 1748 1804 universae
1765 1770 1994 1814 Reipublicae
2018 1768 2237 1805 horribilem.

1256 1821 1372 1863 Quam
1398 1821 1464 1854 late
1489 1828 1682 1864 grassatur,
1714 1828 1880 1865 quantam
1905 1821 2132 1855 vastationem
2158 1821 2238 1854 facit

1255 1871 1404 1904 ancica
1429 1870 1645 1910 immanitas,
1676 1871 1744 1903 iam
1767 1871 1869 1903 etiam
1894 1871 2022 1904 nostris
2045 1870 2240 1904 cervicibus

1255 1921 1468 1953 imminens?
1517 1920 1572 1954 Ad
1597 1918 1681 1953 haec
1705 1922 1874 1954 accedunt
1899 1921 2144 1954 intestinorum
2162 1932 2239 1954 mo-

1255 1979 1354 2005 tuum
1379 1978 1511 2010 metus,
1547 1978 1585 2004 ut
1608 1978 1736 2004 taceam
1762 1971 1828 2003 alia
1852 1971 2003 2015 pericula
2027 1970 2239 2015 persecutio-

1255 2033 1360 2061 num,
1385 2028 1417 2054 et
1439 2021 1664 2054 acerbitatum
1689 2021 1803 2054 omnis
1819 2022 1973 2063 generis,
1996 2022 2124 2065 quibus
2139 2021 2239 2054 duri-

1256 2078 1307 2103 ter
1322 2071 1521 2104 concutitur
1533 2070 1697 2105 Ecclesia.
1754 2070 1792 2103 ln
1810 2069 1862 2103 liis
1877 2071 1976 2104 malis
1991 2071 2074 2116 qnid
2090 2082 2237 2115 nsquam

1257 2121 1454 2154 ostenditur
1488 2119 1689 2154 humanitus
1716 2121 1862 2154 auxilii?
1896 2128 1954 2154 aut
1986 2133 2074 2166 quae.
2097 2123 2237 2154 tandem

1256 2171 1475 2203 consolatio?
1510 2172 1576 2204 nisi
1607 2169 1689 2204 haec
1717 2183 1805 2210 una,
1839 2178 2005 2215 uinquam
2033 2179 2182 2204 extrema
2205 2178 2237 2204 et

1255 2233 1347 2254 sacra
1379 2219 1531 2254 anchora
1561 2221 1705 2255 salutis?
1757 2222 1861 2263 Quod
1891 2220 1984 2254 Deus
2010 2229 2125 2254 tamen
2152 2233 2238 2254 con-

1255 2279 1454 2304 servaturus
1479 2272 1521 2304 sit
1545 2272 1696 2316 aliquam
1722 2269 1929 2310 Ecclesiam,
1956 2271 2041 2305 sicut
2067 2278 2239 2306 testantur

1256 2322 1518 2365 promissiones:
1554 2321 1627 2363 Ego
1651 2321 1829 2353 vobiscum
1857 2334 1931 2354 sum
1958 2334 2068 2367 usqne
2092 2323 2134 2355 ad
2152 2333 2237 2355 con-

1255 2372 1522 2405 summationem
1547 2372 1663 2406 seculi.
1720 2371 1819 2404 lte-u:
1855 2371 1934 2405 Non
1958 2373 2153 2417 relinquam
2175 2383 2236 2404 vos

1255 2420 1450 2466 orphanos,
1476 2430 1538 2455 etc.

1356 2473 1422 2505 Sed
1447 2485 1523 2505 cum
1550 2469 1635 2504 milii
1656 2473 1819 2504 mandato
1838 2473 2055 2514 superiorum
2077 2471 2235 2514 imposita

1254 2523 1292 2554 sit
1322 2523 1502 2555 necessitas
1527 2521 1590 2555 hoc
1617 2523 1690 2554 loco
1716 2522 1875 2559 dicendi,
1904 2534 1964 2554 nec
1993 2522 2091 2554 liceat
2119 2522 2236 2565 publi-

1255 2585 1327 2604 cam
1353 2573 1572 2605 autoritatem
1601 2574 1800 2605 detrectat-e.
1861 2570 1931 2604 Etsi
1956 2571 2112 2615 undique
2132 2583 2235 2613 argn-

1255 2630 1409 2655 inentum
1427 2635 1573 2667 quaero,
1599 2629 1713 2655 Lumen
1731 2633 1938 2667 quocunqne
1957 2635 2009 2653 me
2026 2629 2134 2658 verto,
2162 2633 2233 2654 non

1254 2686 1392 2716 possunt
1419 2674 1573 2706 animum
1598 2681 1627 2705 et
1653 2673 1894 2714 cogitationem
1915 2671 2085 2705 abducere
2105 2673 2149 2705 ab
2167 2670 2233 2705 Ec-
