2338 2958
115 121 190 157 915

114 213 186 248 tas,
221 213 325 241 erunt
351 213 384 241 et
415 218 546 251 poenae
571 214 731 241 aeternae
759 208 918 242 omnium
945 208 1006 253 qui
1032 219 1104 240 non

114 258 325 301 confugiunt
341 258 384 290 ad
399 257 510 291 filium
527 256 604 293 Dei.

217 308 379 342 Tertium
403 309 558 342 officium
580 315 646 343 est:
683 308 839 343 Summis
858 307 1106 352 gubernatori-

113 359 181 393 bus
206 359 242 393 in
265 359 386 403 politia
405 360 610 394 mandatum
628 366 694 400 est,
719 366 757 392 ut
776 359 842 403 ipsi
859 371 999 405 quoque
1016 359 1106 402 leges

115 410 246 443 addant
260 410 424 453 decalogo
436 437 446 451 ,
469 422 558 455 quae
576 417 691 444 tamen
711 422 789 444 cum
807 410 942 452 legibus
961 416 1105 442 naturae

114 472 188 494 non
207 467 375 504 pugnent,
402 461 462 494 sed
478 467 538 495 aut
553 460 745 494 necessaria
761 461 1022 506 consequentia,
1046 466 1105 492 aut

115 512 293 556 probabili
319 511 455 545 ratione
488 523 527 544 ex
558 512 630 544 illis
655 517 831 544 extructae
856 512 946 551 sint,
981 517 1013 543 et
1036 510 1106 543 sint

116 562 212 595 velut
227 563 426 596 adiumenta
441 562 556 605 legum
573 562 799 600 naturalium,
827 568 860 594 et
876 562 1105 595 circumstan-

115 612 181 646 tias
197 613 332 657 aliquas
348 613 527 646 definiant.
569 612 617 647 Ut
632 613 686 645 lex
702 619 846 645 naturae
861 612 1014 645 ostendit
1030 612 1105 644 fur-

114 670 189 697 tum
206 664 426 707 puniendum
442 675 525 699 esse.
570 662 699 696 Modos
717 674 910 707 poenarum
928 662 1104 707 probabili

115 714 252 748 ratione
268 715 488 758 magistratus
505 713 698 747 constituit.

217 765 392 808 Quartum
407 764 561 798 officium
579 771 643 804 est,
669 770 709 797 ut
725 762 850 797 harum
867 764 970 798 etiam
989 764 1104 807 legum

115 822 231 849 custos
253 816 316 855 sit,
344 822 378 849 et
403 815 526 860 puniat
550 821 791 856 contumaces,
818 822 1004 860 totumque
1025 826 1106 847 mu—

114 878 181 900 nus
204 866 332 900 referat
353 866 396 900 ad
419 866 641 910 disciplinam
665 872 698 899 et
718 877 848 910 pacem.
901 865 966 899 His
982 865 1106 899 officiis

113 917 387 960 gubernatorum
403 917 643 958 consideratis,
665 928 754 962 quae
768 917 940 951 divinitus
956 917 987 949 ei
1003 927 1105 949 man-

113 969 193 1001 data
213 979 285 1001 esse
302 968 534 1002 certissimum
559 974 627 1006 est,
655 979 742 1013 quae
759 968 803 1001 sit
820 967 978 1001 doctrina
996 966 1105 1000 luris-

114 1018 285 1057 consulti,
319 1019 380 1064 qui
401 1025 451 1052 est
470 1019 566 1052 velut
591 1031 658 1052 vox
683 1018 948 1062 magistratuum
966 1016 1104 1065 (legum

115 1069 209 1102 enim
237 1069 395 1103 custodia
418 1076 451 1103 et
470 1069 711 1114 interpretatio
728 1076 848 1103 nostro
866 1069 985 1102 ordini
1003 1080 1104 1101 man-

114 1121 194 1154 data
211 1121 276 1165 est)
295 1120 395 1154 facile
414 1120 562 1163 intelligi
582 1126 705 1164 potest.

216 1170 288 1205 Nec
308 1183 391 1204 vero
412 1171 683 1204 existimandum
705 1176 773 1211 est,
798 1176 956 1204 nostram
973 1169 1105 1203 doctri-

113 1233 196 1255 nam
213 1228 351 1255 tantum
373 1234 535 1255 acervum
559 1233 632 1255 esse
655 1221 928 1261 sententiarum,
954 1232 1104 1266 quarum

113 1272 207 1306 nulli
235 1272 305 1306 sint
337 1272 422 1306 certi
454 1273 586 1313 fontes,
619 1272 739 1305 nullae
772 1271 1103 1305 demonstrationes.

115 1322 182 1357 Sed
196 1323 416 1356 verissimum
433 1330 495 1364 est,
512 1322 696 1367 principia,
713 1329 751 1356 ut
767 1329 894 1357 vocant
910 1321 1104 1360 Dialectici,

115 1384 187 1406 esse
203 1380 384 1417 praecepta
403 1374 572 1417 decalogi,
597 1385 686 1418 quae
704 1380 786 1407 sunt
803 1373 957 1418 primum
976 1373 1013 1405 in
1030 1373 1104 1417 ipsa

115 1430 231 1457 mente
252 1423 392 1467 divina,
419 1425 539 1468 regula
564 1424 721 1458 iusticiae
744 1424 901 1458 immota.
955 1422 1002 1457 Et
1025 1435 1103 1457 cum

114 1474 185 1508 sint
198 1475 349 1508 noticiae
365 1475 538 1509 divinitus
553 1487 690 1519 sparsae
704 1475 741 1508 in
757 1472 942 1509 hominum
959 1481 1106 1514 mentes,

114 1532 240 1559 natura
264 1532 368 1559 notae
390 1533 472 1560 sunt
494 1533 527 1560 et
543 1527 683 1567 firmae,
709 1532 749 1559 ut
768 1537 999 1559 numerorum
1017 1526 1104 1558 ordo

114 1583 220 1610 notus
237 1583 286 1610 est
312 1583 344 1610 et
370 1577 615 1611 immutabilis.
667 1575 721 1610 Ex
737 1574 792 1609 his
808 1577 919 1610 initiis
935 1588 1013 1609 cum
1030 1588 1105 1609 cer-

115 1634 191 1660 tum
205 1627 251 1661 sit
266 1628 439 1672 reliquam
458 1628 657 1661 doctrinam
676 1633 867 1661 extructam
885 1638 958 1660 esse
976 1627 1103 1670 partim

115 1678 496 1720 demonstrationibus,
527 1678 655 1723 partim
684 1675 940 1711 honestissimis
962 1684 995 1711 et
1021 1690 1104 1721 pro-

112 1728 294 1763 babilibus
320 1729 537 1770 rationibus,
575 1741 664 1775 quae
692 1729 829 1762 vicinae
861 1735 943 1762 sunt
974 1728 1105 1761 divinis

113 1780 324 1824 praeceptis,
350 1791 578 1823 agnoscamus
595 1786 709 1814 totum
725 1779 941 1820 aedificium,
966 1779 1105 1822 sapien-

113 1830 200 1864 tiam
224 1841 296 1863 esse
319 1842 338 1863 a
354 1830 429 1864 Deo
453 1837 679 1864 monstratam
705 1830 823 1873 generi
839 1827 1016 1869 humano,
1043 1829 1104 1873 qui

114 1880 220 1914 etiam
247 1880 392 1914 consilia
417 1880 689 1924 gubernantium
716 1880 825 1923 rexit,
862 1886 900 1913 ut
930 1880 1104 1923 principia

114 1931 294 1972 viderent,
329 1938 362 1964 et
389 1931 516 1964 deinde
539 1931 713 1964 concinna
744 1930 900 1963 membra
925 1931 1104 1965 adderent.

115 1982 188 2016 Scit
199 1981 472 2015 Iurisconsultus
490 1981 662 2015 iusticiam
678 1981 714 2013 in
727 1981 966 2014 contractibus
976 1992 1104 2025 aequa-

116 2033 248 2066 litatem
268 2044 358 2074 esse,
388 2044 476 2078 quae
499 2039 636 2076 sumpta
656 2038 706 2065 est
730 2043 769 2064 ex
795 2038 993 2076 praecepto:
1024 2031 1103 2065 Non

114 2084 248 2118 furtum
278 2083 394 2117 facies.
454 2082 547 2116 Hinc
578 2083 734 2116 nascitur
764 2082 900 2125 regula,
929 2081 1103 2116 Iniustum

116 2145 187 2168 esse
209 2146 288 2168 cum
305 2134 449 2168 alterius
467 2134 598 2168 iniuria
622 2133 840 2177 locupletari.
892 2130 1105 2167 Eruditissi-

114 2197 170 2218 me
186 2185 293 2228 igitur
310 2185 465 2230 quaesita
484 2192 532 2218 est
549 2184 757 2229 aequalitas,
783 2195 822 2217 ac
839 2195 938 2227 saepe
956 2184 1105 2217 demon-

115 2236 302 2270 strationes
319 2236 522 2270 manifestae
539 2242 638 2276 suut,
666 2241 704 2268 ut
728 2235 764 2267 in
791 2235 864 2277 lege
885 2233 1043 2268 lulianus
1060 2235 1104 2279 &⁸-

116 2299 156 2320 ex
180 2287 345 2327 vendito,
370 2287 407 2322 ff.
430 2287 473 2320 de
495 2286 693 2320 actionibus
711 2285 818 2329 empti
833 2292 865 2319 et
882 2285 1033 2319 venditi:
1066 2286 1104 2319 Si

116 2344 254 2382 emptor
276 2349 349 2370 non
371 2337 470 2371 dedit
492 2338 645 2381 precium
671 2343 747 2380 post
772 2336 864 2369 diem
891 2336 1105 2375 traditionis,

116 2400 196 2422 cum
221 2388 360 2422 fruatur
382 2400 420 2421 re
444 2395 573 2432 empta,
597 2387 749 2421 vicissim
776 2387 904 2431 pendat
930 2387 1104 2420 venditori

117 2439 241 2484 quanti
260 2439 412 2473 interest.
453 2437 640 2482 Perspicua
657 2445 706 2471 est
721 2438 821 2478 ratio,
849 2444 888 2470 ut
906 2436 977 2481 ipse
994 2445 1106 2472 textus

116 2488 251 2535 inquit,
279 2496 319 2523 ut
342 2490 385 2523 sit
405 2489 608 2534 aequalitas·
663 2488 762 2522 Pleni
786 2495 867 2522 sunt
890 2488 971 2521 libri
995 2489 1104 2522 nostri

117 2540 241 2574 talium
256 2540 565 2584 investigationum
589 2539 826 2584 aequalitatis,
853 2551 1001 2583 quarum
1019 2540 1107 2573 aliae

118 2591 239 2634 magis,
259 2591 347 2625 aliae
364 2592 481 2624 minus
499 2590 700 2634 perspicuae
716 2597 814 2624 sunt:
838 2602 926 2634 quae
942 2602 1020 2623 cum
1037 2591 1107 2625 siut

118 2642 455 2683 demonstrationes,
491 2641 680 2681 fateamur,
713 2647 753 2674 ut
787 2641 823 2673 in
859 2640 937 2673 aliis
963 2641 1108 2683 artibus,

118 2692 301 2727 veritatem
323 2692 624 2727 demonstratione
647 2699 802 2730 erutam,
831 2691 1107 2736 amplectendam

171 2742 358 2777 Mamm
387 2746 491 2778 Orza.
519 2745 602 2777 Vox..
630 2743 692 2776 XI.

839 121 997 158 DECL.
1039 121 1111 158 DE
1145 122 1409 159 LEGlBUS.

2077 131 2148 167 914

1133 234 1135 260 1
1160 219 1252 248 esse,
1279 215 1311 242 et
1327 209 1520 241 laudandos
1539 219 1608 241 esse
1624 209 1787 250 artifices,
1811 216 1885 243 tum
1904 219 2043 252 veteres,
2072 222 2143 248 tum

1132 265 1135 291 1
1159 266 1332 300 recentes,
1357 258 1539 292 Bartolum
1558 266 1589 293 et
1604 259 1752 301 similes,
1778 261 1839 305 qui
1855 262 1992 305 ingenia
2009 265 2146 299 discen-

1159 309 1247 342 tium
1280 311 1321 342 ad
1356 310 1468 342 sontes
1500 310 1690 346 deducunt.
1743 310 1924 346 Interdum
1953 315 2146 358 probabilis

1160 366 1294 393 tantum
1316 360 1403 393 ratio
1423 360 1506 403 legis
1522 367 1592 401 est,
1619 362 1677 393 sed
1697 367 1814 395 tamen
1834 364 2024 406 concinna,
2051 373 2089 399 ut
2110 367 2142 399 iu

1159 410 1306 442 diversis
1334 422 1526 453 poenarum
1554 412 1678 444 modis.
1735 411 1862 447 Nostro
1891 415 1967 448 iure
1995 417 2146 459 debitor,

1159 460 1219 504 qui
1237 472 1307 492 non
1325 468 1436 504 potest
1452 460 1598 499 solvere,
1613 462 1700 494 facta
1711 465 1912 498 excussione
1929 466 2146 509 facultatum,

1158 511 1226 543 nisi
1252 511 1355 543 bouis
1380 512 1496 551 cedat,
1530 511 1658 544 multas
1680 523 1800 554 graves
1823 527 1952 558 poenas
1975 519 2146 552 sustinere

1159 561 1305 603 cogitur.
1359 560 1501 593 Alicubi
1527 561 1563 593 in
1591 561 1738 594 Graecia
1766 564 1819 596 lex
1848 567 1997 600 addebat
2026 577 2144 602 notam

1159 619 1251 645 certo
1276 612 1492 656 spectaculo,
1520 619 1558 645 ut
1583 613 1771 646 deterreret
1795 615 1931 657 plures,
1957 630 2000 649 ue
2024 632 2146 653 cumu-

1158 663 1273 696 larent
1288 674 1343 695 aes
1360 663 1527 697 alienum.
1572 662 1752 697 Pendebat
1771 664 1808 697 in
1825 663 1979 709 cophino
1999 670 2147 710 debitor,

1160 721 1190 747 et
1210 726 1356 746 coenum
1375 714 1410 745 in
1434 725 1514 746 eum
1536 714 1798 748 coniiciebatur.
1852 715 1903 749 Ac
1924 725 2055 761 patrem
2073 719 2147 754 Eu-

1158 764 1283 808 ripidis
1307 764 1422 797 virum
1450 776 1635 808 pauperem
1660 766 1820 800 scribunt
1842 764 1906 800 hac
1922 781 2033 813 poena
2051 773 2147 803 adfe-

1159 822 1253 849 ctum
1277 827 1360 848 esse.
1415 814 1516 848 Talia
1542 816 1697 856 decreta,
1731 828 1820 862 quae
1842 818 1904 850 etsi
1927 832 1998 853 non
2016 818 2148 856 habeut

1158 877 1296 900 causam
1324 877 1571 906 necessariam,
1614 873 1731 899 tamen
1756 867 1920 902 oriuntur
1947 883 1986 903 ex
2012 873 2147 905 ration(-

1158 917 1334 962 probabili
1361 924 1393 950 et
1415 917 1606 957 concinna,
1633 918 1751 952 valent
1768 926 1910 963 propter
1928 922 2148 964 magistratus

1159 968 1393 1006 autoritatem,
1421 979 1524 1012 quem
1541 966 1637 1000 Deus
1654 969 1805 1003 armavit
1824 967 1887 1003 hac
1905 978 2082 1014 potestate,
2109 983 2147 1008 ut

1158 1018 1261 1052 certis
1278 1018 1537 1051 circunstantiis
1552 1030 1754 1052 communes
1775 1023 1964 1055 sententias
1981 1024 2148 1059 includat.

1157 1068 1230 1102 Nec
1247 1069 1402 1102 recitabo
1419 1069 1519 1113 plura
1543 1070 1719 1113 exempla,
1743 1083 1821 1103 cum
1839 1071 1873 1104 in
1900 1073 2001 1107 libris
2019 1077 2147 1109 nostris

1158 1120 1290 1165 ubique
1306 1120 1409 1152 obvia
1427 1119 1507 1152 sint.
1562 1118 1658 1153 Haec
1676 1120 1736 1165 qui
1755 1121 1934 1162 derident,
1959 1135 2149 1170 excerpunt

1158 1171 1282 1204 mutila
1301 1177 1334 1203 et
1350 1170 1439 1203 levia
1459 1171 1626 1214 exempla.
1668 1171 1735 1204 Sed
1755 1172 1866 1206 bonae
1883 1175 2009 1208 mentis
2026 1184 2075 1210 est
2093 1178 2148 1210 in-

1159 1221 1249 1254 tueri
1272 1227 1385 1254 totum
1410 1221 1606 1253 aedificium
1632 1222 1832 1264 doctrinae,
1866 1231 1897 1257 et
1926 1227 2148 1261 considerare

1159 1272 1219 1305 illa
1237 1271 1378 1305 divinae
1395 1271 1584 1315 sapientiae
1603 1273 1762 1313 oracula,
1789 1274 1950 1309 videlicet
1967 1286 2148 1323 praecepta

1158 1322 1334 1366 decalogi,
1369 1334 1409 1356 ex
1426 1323 1553 1368 quibus
1571 1329 1689 1367 postea
1706 1324 1840 1369 reliqua
1857 1326 1966 1359 moles
1983 1330 2023 1360 ad
2050 1329 2148 1363 sasti-

1159 1374 1254 1417 gium
1275 1385 1387 1419 usque
1412 1373 1594 1407 extruitur.
1649 1373 1723 1407 lmo
1751 1381 1864 1409 totum
1888 1377 2071 1420 politicum
2090 1393 2148 1414 or·-

1158 1425 1278 1458 dinem
1295 1424 1474 1459 intuearis.
1526 1424 1609 1458 Non
1629 1424 1723 1457 enim
1745 1432 1880 1460 tantum
1900 1435 2098 1464 contractus
2117 1440 2149 1466 et

1159 1475 1392 1509 successiones
1414 1475 1503 1518 regit
1526 1472 1611 1509 haec
1626 1476 1803 1517 doctrina,
1830 1479 1887 1511 sed
1908 1479 2010 1512 etiam
2034 1493 2149 1515 mores

1157 1524 1364 1567 hominum,
1398 1526 1509 1560 sancit
1538 1537 1667 1571 poenas
1699 1528 1858 1561 omnium
1889 1530 2077 1571 scelerum,
2109 1540 2148 1567 ut

1158 1577 1382 1621 disciplinam
1407 1577 1562 1615 muniat,
1589 1589 1628 1610 ac
1651 1589 1771 1611 revera
1798 1580 1958 1613 omnium
1977 1581 2146 1616 virtutum

1159 1628 1357 1661 doctrinam
1384 1628 1558 1668 continet,
1589 1628 1681 1673 quod
1707 1628 1742 1660 in
1762 1630 1939 1664 actionum
1958 1638 1990 1665 et
2007 1644 2148 1667 accusa-

1158 1679 1295 1712 tionum
1331 1679 1519 1724 generibus
1550 1679 1715 1723 adparet,
1749 1692 1838 1724 quae
1869 1683 1911 1714 ad
1943 1683 2147 1727 decalogum

1158 1730 1335 1773 aptissime
1359 1730 1550 1774 quadrant:
1592 1736 1625 1763 et
1652 1730 1921 1772 gubernatorem
1947 1740 1986 1767 ut
2014 1735 2150 1777 puniat,

1159 1787 1379 1814 contumaces
1404 1779 1484 1813 ideo
1507 1786 1636 1820 armat,
1671 1780 1752 1824 quia
1778 1781 1895 1825 legum
1920 1795 1987 1816 vox
2011 1785 2148 1819 inutilis

1159 1837 1263 1871 esset,
1297 1830 1366 1863 nisi
1398 1831 1553 1864 executio
1582 1831 1777 1872 accederet,
1813 1833 1903 1867 sicut
1929 1846 2008 1867 vere
2034 1836 2149 1881 inquit

1158 1879 1368 1919 Aeschines,
1397 1878 1497 1914 Nihil
1517 1881 1631 1914 valere
1657 1882 1834 1924 politiam,
1862 1896 1935 1917 non
1960 1883 2147 1920 habentem

1159 1943 1286 1965 nervos
1300 1938 1420 1965 contra
1435 1931 1663 1965 facinorosos.

1258 1981 1348 2017 Cum
1373 1982 1480 2025 igitur
1498 1989 1591 2016 totus
1611 1983 1698 2015 ordo
1719 1983 1882 2026 politicus
1899 1985 2147 2021 admirandum

1157 2032 1223 2066 Dei
1247 2045 1335 2077 opus
1359 2033 1420 2073 sit,
1447 2039 1481 2066 et
1498 2039 1635 2067 nostrae
1654 2033 1816 2067 utilitatis
1839 2046 1958 2077 causa,
1985 2043 2018 2070 et
2041 2044 2080 2071 ut
2104 2039 2148 2073 sit

1157 2084 1397 2117 testimonium
1414 2084 1456 2116 de
1473 2083 1547 2117 Deo
1559 2110 1570 2123 ,
1598 2095 1637 2117 ac
1654 2084 1859 2128 sapientiam
1871 2113 1880 2127 ,
1905 2086 2098 2122 bonitatem
2114 2096 2148 2123 et

1159 2135 1332 2168 iusticiam
1357 2135 1430 2168 eius
1454 2136 1632 2175 ostendat,
1659 2135 1877 2177 institutum,
1904 2144 1937 2171 et
1961 2138 2005 2172 sit
2030 2151 2147 2173 assue-

1158 2185 1261 2218 factio
1279 2186 1320 2219 ad
1342 2191 1453 2219 totum
1472 2183 1620 2219 chorum
1644 2186 1830 2220 virtutum:
1859 2199 1920 2220 vos
1937 2187 2066 2222 iterum
2083 2192 2147 2223 ob-

1159 2243 1278 2276 testor,
1302 2243 1339 2269 ut
1358 2242 1389 2269 et
1406 2236 1517 2280 ipsum
1536 2236 1717 2280 politicum
1735 2237 1895 2270 ordinem
1915 2247 2058 2283 propter
2070 2242 2146 2284 glo-

1158 2286 1246 2319 riam
1265 2287 1335 2320 Dei
1354 2287 1494 2327 ametis,
1522 2294 1553 2319 et
1570 2294 1770 2320 reverenter
1787 2288 1877 2321 tueri
1899 2291 2084 2334 studeatis,
2113 2299 2146 2326 et

1158 2335 1250 2370 hanc
1272 2337 1467 2370 doctrinam
1495 2338 1666 2371 eruditam
1692 2339 1735 2371 de
1758 2338 1853 2372 civili
1881 2340 2146 2382 gubernatione,

1159 2395 1191 2421 et
1210 2400 1227 2420 a
1253 2388 1421 2432 sapientia
1443 2387 1508 2421 Dei
1526 2395 1655 2428 ortam,
1682 2395 1720 2421 ut
1737 2389 1795 2422 illa
1814 2389 1887 2434 ipsa
1904 2391 2073 2435 sapientia
2091 2394 2146 2426 di-

1160 2439 1240 2471 viua
1259 2439 1391 2484 inquit:
1420 2438 1487 2471 Per
1502 2452 1556 2471 me
1574 2451 1669 2481 reges
1687 2447 1854 2482 regnaut,
1881 2443 2144 2483 magnifaciatis,

1161 2497 1193 2524 et
1217 2490 1278 2523 toti
1304 2490 1422 2533 generi
1448 2487 1622 2531 humano,
1648 2501 1710 2523 suo
1732 2491 1879 2537 quisque
1906 2493 1981 2525 loco
2005 2506 2143 2526 couscr-

1161 2552 1233 2574 vari
1251 2540 1389 2576 curetis.

1261 2589 1421 2636 Cumque
1439 2587 1496 2623 hic
1515 2589 1647 2635 inquiri
1665 2591 1833 2625 virtutum
1852 2599 1992 2625 naturas
2011 2594 2144 2627 videbi-

1161 2641 1224 2681 tis,
1250 2653 1352 2686 saepe
1368 2642 1403 2674 iu
1423 2647 1574 2674 mentem
1592 2642 1727 2682 veniat,
1756 2643 1833 2675 ideo
1854 2645 2055 2685 patefactam
2074 2657 2145 2677 ess-⁸

1162 2692 1332 2727 virtutum
1356 2692 1572 2736 doctrinam,
1607 2699 1645 2726 ut
1671 2700 1703 2727 et
1727 2705 1798 2726 esse
1820 2692 1951 2733 Deum,
1978 2701 2010 2727 et
2033 2697 2145 2740 qualis

1446 2741 1494 2776 58
