2338 2958
78 121 151 158 745

176 206 219 241 In
236 204 301 240 hoc
318 205 448 250 populo
465 207 628 240 maxillae
639 215 720 242 sunt
733 205 949 253 Prophetae,
975 220 1065 254 quo—

75 270 154 292 rum
176 258 278 290 labor
301 263 352 290 est
375 256 500 298 foelix,
535 258 727 302 praeliante
751 259 822 292 filio
846 258 931 298 Dei,
958 266 991 293 et
1007 270 1063 292 re-

74 315 174 352 gente
198 314 331 340 mentes
355 314 388 341 et
410 308 546 351 linguas
572 307 840 353 Prophetarum.
903 309 972 344 Sed
1005 307 1062 342 hic

73 359 147 402 ipse
169 358 238 391 dux
268 357 361 391 inter
388 359 631 402 praeliandum
657 367 755 393 aestu
779 367 811 394 et
837 360 894 393 siti
917 360 1061 403 langue-

71 409 184 441 factus
209 414 281 450 est,
317 421 395 442 cum
419 409 558 442 victima
580 410 676 444 fieret
702 411 737 443 in
761 422 871 453 agone
895 417 927 444 et
950 417 1061 444 morte

71 459 203 492 adfixus
226 459 338 492 cruci:
368 459 427 492 ubi
451 467 585 501 tamen,
614 461 782 494 invocans
800 469 979 494 aeteruum
1000 473 1059 504 pa-

70 515 177 550 trem,
203 522 243 543 ex
266 517 378 544 morte
400 511 534 545 revixit.
596 509 727 555 Estque
744 512 776 544 ei
799 523 838 544 ex
854 511 1058 544 mandibula

70 559 206 600 asinae,
241 560 275 593 id
301 567 368 601 est,
401 573 440 593 ex
466 561 595 605 populo
621 560 746 600 Israel,
784 574 823 595 ex
855 558 1058 605 prophetico

69 610 218 654 collegio
240 618 338 645 ortus
359 611 455 652 fons,
491 612 526 644 id
559 618 625 652 est,
662 610 838 653 Ecclesia,
881 624 969 657 quae
998 624 1060 656 per

69 660 204 705 ipsum,
230 674 292 706 per
306 660 494 706 Apostolos
513 669 543 695 et
559 674 619 705 per
635 662 810 701 doctores,
839 663 899 707 qui
916 664 1058 697 fuerunt

69 712 250 756 deinceps,
277 719 309 746 et
330 719 412 746 sunt
436 719 469 746 et
495 719 599 745 erunt
625 723 736 757 usque
761 713 802 746 ad
831 714 1058 747 resurrectio—

0 801 10 810 Ι,
68 773 149 795 110111
171 769 410 803 mortuorum,
437 763 624 806 colligitur.

170 812 316 858 Semper
339 820 455 846 autem
481 813 699 856 intelligatur
724 810 781 846 hic
807 815 876 847 dux
895 814 1056 858 praeliari

0 869 9 891 Ζ
67 864 292 904 mandibula,
322 875 409 908 quae
425 864 566 908 quidem
581 864 706 897 similis
722 871 772 898 est
782 865 938 909 collegii,
961 867 1055 910 quod

68 921 141 947 erat
175 914 213 947 in
249 914 378 958 populo
415 913 536 948 lsrael:
582 921 620 948 ut
647 921 729 948 tunc
756 913 872 956 Elias,
907 914 1056 955 Eliseus‚

65 961 188 997 Esaias
211 971 244 998 et
277 971 395 1009 postea
421 963 583 1009 Apostoli
617 965 761 1000 suerunt
791 967 969 999 maxillae:
1008 967 1055 1000 ita

67 1014 231 1058 deinceps
247 1015 410 1048 maxillae
421 1015 746 1061 suutPolycarpus,
776 1016 956 1056 tremens,
979 1015 1056 1050 Au-

66 1065 245 1107 gustinus,
279 1063 475 1105 Lutherus,
511 1068 664 1113 denique
689 1078 811 1100 omues
836 1068 884 1112 pii
901 1067 1056 1101 ministri

66 1115 104 1148 in
125 1123 197 1149 tota
212 1114 378 1151 Ecclesia.

166 1164 213 1199 Et
236 1173 317 1200 sunt
349 1166 455 1199 unius
478 1166 595 1199 asinae
620 1166 844 1206 mandibula,
879 1168 960 1212 quia
985 1180 1054 1201 uua

65 1223 133 1257 est,
167 1214 372 1261 prophetica
396 1224 429 1250 et
447 1216 636 1260 apostolica
665 1218 843 1258 doctrina,
879 1230 983 1262 quam
1006 1219 1056 1250 le-

64 1278 161 1311 gere,
195 1267 345 1308 discere,
379 1268 542 1301 meditari
576 1273 609 1300 et
637 1278 762 1301 sonare
791 1268 866 1313 pios
896 1269 1055 1302 doctores

66 1324 216 1362 oportet.

167 1367 219 1401 Ne
239 1374 376 1411 putate,
403 1365 564 1400 homines
589 1367 702 1409 seros,
735 1370 839 1402 rudes
864 1369 1055 1411 literarum,

64 1420 205 1462 ignaros
223 1416 446 1462 propheticae
463 1424 496 1451 et
512 1419 722 1461 apostolicae
740 1421 939 1460 doctrinae,
969 1433 1056 1465 qua-

64 1470 115 1502 les
136 1475 218 1502 sunt
239 1469 342 1502 multi
367 1467 532 1513 Episcopi
558 1476 590 1502 et
607 1468 776 1503 Canonici
796 1469 1054 1504 Centaurorum

64 1519 213 1558 similes,
248 1527 392 1563 propter
415 1519 482 1552 loci
507 1520 711 1561 dignitatem
739 1521 918 1554 ministros
934 1520 1055 1554 Evan-

63 1571 144 1614 gelii
168 1581 251 1605 esse.
303 1570 374 1603 Nec
401 1576 519 1614 putate
542 1570 647 1611 alios,
675 1571 735 1615 qui
754 1584 956 1616 quanquam
973 1578 1054 1605 sunt

63 1621 211 1661 literati,
243 1628 358 1654 tamen
395 1617 634 1664 propheticam
670 1628 702 1654 et
734 1622 961 1665 apostolicam
989 1623 1053 1655 do-

63 1671 212 1707 ctrinam
230 1677 480 1714 aspernantur,
508 1670 688 1703 ministros
705 1670 890 1715 Evangelii
910 1683 993 1705 esse.

165 1722 232 1756 Sed
252 1733 290 1754 ex
309 1718 373 1754 hac
390 1721 505 1761 asina,
532 1721 567 1753 id
588 1728 655 1761 est,
683 1733 722 1754 ex
737 1722 884 1765 collegio
900 1720 1053 1765 prophe-

61 1773 132 1808 tico
148 1779 181 1806 et
204 1771 416 1816 apostolico,
443 1782 579 1804 necesse
602 1778 651 1805 est
668 1779 840 1816 sumptam
865 1784 937 1806 esse
954 1784 1052 1805 man-

62 1823 220 1857 dibulam
233 1849 241 1861 ,
267 1822 348 1866 quia
370 1819 432 1854 liae
449 1822 606 1854 doctrina
623 1822 696 1855 sola
715 1834 750 1855 se
768 1823 928 1865 patefecit
949 1821 1054 1863 Deus,

62 1874 152 1907 sicut
185 1870 315 1904 Paulus
354 1871 488 1916 inquit,
528 1869 720 1904 Ecclesiam
756 1879 947 1906 extructam
982 1884 1053 1906 esse

62 1935 167 1969 super
190 1918 448 1966 Prophetarum
470 1928 503 1954 et
525 1920 777 1965 Apostolorum
802 1923 1052 1957 ministerium.

161 1972 257 2007 Haec
288 1984 349 2005 vos
383 1971 615 2005 consideratio
642 1973 876 2007 adolescentes
905 1981 1052 2015 moveat,

60 2032 101 2060 ut
115 2023 274 2058 statuatis
293 2035 367 2056 non
391 2023 534 2056 aliunde
554 2024 597 2055 de
613 2021 678 2057 Dei
701 2024 849 2058 essentia
867 2031 901 2058 et
923 2025 1051 2058 volun-

60 2083 130 2111 tate
145 2074 351 2108 sumendam
374 2085 446 2107 esse
463 2073 678 2114 doctrinam,
713 2075 781 2107 nisi
799 2087 838 2108 ex
858 2073 1051 2119 Propheta-

60 2139 140 2161 rum
157 2132 191 2159 et
206 2123 460 2169 Apostolorum
478 2124 730 2165 monumentis,
757 2131 791 2159 et
808 2122 890 2159 haec
902 2126 959 2170 pio
976 2133 1051 2160 stu-

59 2178 120 2211 dio
151 2183 185 2210 et
221 2187 302 2209 vera
333 2175 533 2209 animorum
564 2175 761 2209 intentione
795 2176 950 2210 discatis:
987 2189 1051 2210 nec

59 2228 189 2272 pudeat
218 2237 280 2260 vos
307 2223 414 2259 huius
442 2226 559 2259 asinae
593 2226 730 2259 labores
767 2233 800 2261 et
827 2227 1049 2261 tolerantiam

39 2300 43 2301 ⁷
60 2277 204 2312 imitari.

162 2327 230 2362 Sed
257 2338 319 2360 vos
340 2327 384 2360 ad
408 2328 558 2360 eundem
582 2327 747 2367 modum,
782 2326 967 2370 disciplina
992 2339 1049 2360 re—

59 2379 150 2424 gite,
176 2384 210 2411 et
228 2378 330 2411 facite
346 2389 470 2422 operas
490 2378 526 2411 in
545 2388 628 2420 agro
640 2376 723 2417 Dei,
751 2374 816 2410 hoc
832 2384 900 2417 est,
927 2378 963 2410 in
979 2375 1049 2410 Ec-

59 2429 179 2464 clesia:
208 2436 240 2462 et
265 2428 301 2461 in
327 2425 392 2461 hac
413 2427 616 2462 assiduitate
634 2428 795 2461 laborum
819 2435 852 2461 et
870 2428 1048 2461 aerumnis

59 2479 281 2524 ingentibus,
309 2490 398 2523 quae
412 2479 576 2512 ferendae
594 2485 676 2512 sunt
699 2479 735 2510 in
760 2475 825 2511 1100
842 2478 1048 2520 ministerio,

58 2532 164 2564 talem
199 2535 367 2574 praestate
398 2529 643 2568 tolerantiam,
684 2529 822 2573 qualem
851 2529 1047 2573 praestabat

58 2580 274 2619 Hieremias,
300 2579 428 2614 Daniel
446 2587 478 2614 et
495 2580 570 2613 alii.
620 2578 715 2612 Haec
731 2580 875 2613 veniant
892 2580 928 2612 in
944 2591 1047 2613 men-

57 2639 148 2672 tem,
187 2643 266 2664 eum
298 2630 543 2664 mandibulam
574 2629 663 2663 asini
693 2630 878 2663 nominare
903 2631 1046 2666 auditis.

57 2682 207 2717 Accidet
217 2688 331 2715 autem
349 2681 449 2715 vobis
465 2693 606 2727 quoque
619 2687 657 2714 ut
681 2679 863 2721 Samsoni,
887 2688 929 2715 ut
944 2688 1044 2715 aestu

513 117 672 156 DECL.
714 120 786 157 DE
819 120 1004 158 DICTO
1035 120 1230 157 PAULI:
1266 121 1413 159 DEL'S
1442 121 1547 160 EST
1580 133 1663 159 ETC.

2042 129 2114 166 746

1115 213 1148 240 et
1166 207 1222 242 siti
1241 208 1278 241 in
1295 205 1350 242 his
1367 209 1618 244 certaminibus
1635 223 1724 254 pene
1744 211 1924 245 interituri
1936 212 2105 246 videami-

1114 258 1169 291 ni:
1197 265 1236 292 ut
1262 271 1356 292 nunc
1383 260 1472 293 bella
1500 268 1532 294 et
1557 262 1767 295 vastationes
1791 263 1894 295 nobis
1916 263 2018 296 multi
2038 264 2104 297 mi·

1113 317 1257 343 uantur.
1311 309 1379 343 Sed
1399 312 1557 345 exaudiet
1578 324 1641 345 1105
1652 312 1746 346 Deus
1763 312 1799 346 in
1818 311 1872 346 his
1888 313 2024 357 magnis
2045 326 2104 358 pe—

1113 359 1254 399 riculis,
1281 368 1477 403 precantes,
1506 374 1548 394 ne
1561 360 1753 396 Ecclesiam
1773 364 1883 397 deleri
1900 364 2001 400 sinat.

1213 408 1308 442 Haec
1327 416 1396 442 tam
1421 411 1530 444 multa
1550 408 1606 444 hic
1630 412 1885 456 pulcherrimus
1904 421 2008 460 typus
2025 427 2101 448 mo-

1111 466 1190 501 net,
1217 461 1260 492 de
1285 460 1412 505 quibus
1437 473 1514 493 cum
1541 473 1640 505 saepe
1661 464 1745 497 alias
1763 465 1865 498 etiam
1884 466 2041 505 dicatur,
2068 473 2101 500 et

1112 522 1212 554 saepe
1235 510 1423 543 dicendum
1449 511 1511 552 sit,
1545 524 1640 545 nunc
1662 514 1803 547 brevior
1824 527 1900 555 ero,
1929 516 1991 549 etsi
2018 514 2100 549 haec

1112 561 1296 605 explicatio
1313 561 1425 594 multo
1445 562 1586 596 tenuior
1604 560 1664 604 est,
1689 577 1793 609 quam
1807 566 1945 610 qualem
1962 567 2099 610 magni-—

1111 613 1198 645 tudo
1217 612 1265 644 rei
1284 612 1492 656 postulabat.

1213 659 1308 695 Mihi
1325 663 1428 696 etiam
1447 662 1625 697 interdum
1642 665 1677 697 in
1691 671 1843 698 mentem
1859 665 1972 706 venit,
1998 679 2098 700 man-

1110 712 1268 746 dibulam
1296 713 1489 756 significare
1525 714 1621 747 illam
1647 716 1757 760 ipsam
1781 713 1969 749 humanam
1995 725 2099 751 natu-

1110 776 1184 796 ram
1200 764 1238 796 in
1256 764 1327 796 filio
1343 762 1429 804 Dei,
1459 766 1678 809 adsumptam
1696 778 1735 798 ex
1752 764 1818 799 1100
1834 767 1976 811 popu10.
2027 767 2097 802 Sed

1110 811 1201 847 hanc
1218 814 1542 858 interpretationem
1560 828 1654 850 nunc
1672 817 1845 861 relinqu0.

1211 864 1352 910 Vosque
1383 872 1526 909 propter
1552 865 1666 900 Deum
1697 878 1818 900 omnes
1855 868 2027 908 obtestor,
2059 876 2098 901 ut

1109 916 1351 949 mandibulam
1377 913 1530 957 Christi,
1564 917 1598 950 id
1624 925 1694 958 est,
1727 924 1839 951 10111111
1862 918 2096 952 ministerium

1108 963 1292 1009 Evangelii
1309 978 1389 1000 vera
1407 966 1534 1010 pietate
1550 968 1778 1008 veneremini,
1805 967 1960 1002 etDeum
1976 969 2096 1002 nobis-

1109 1028 1188 1048 cum
1209 1017 1420 1060 precemini,
1447 1024 1487 1050 ut
1503 1015 1569 1051 hoc
1587 1019 1701 1062 ipsum
1721 1018 1954 1052 ministerium
1973 1026 2005 1052 et
2022 1026 2095 1052 stu-

1109 1066 1165 1099 dia
1184 1065 1371 1110 Evangelii
1394 1074 1489 1110 regat
1511 1074 1543 1102 et
1566 1074 1721 1102 tueatur:
1756 1070 1851 1114 quod
1875 1075 1965 1102 certe
1982 1070 2096 1110 faciet,

1108 1118 1136 1149 si
1155 1129 1220 1150 nos
1244 1124 1276 1150 et
1298 1118 1495 1151 doctrinam
1519 1121 1733 1158 amabimus,
1760 1126 1792 1152 et
1815 1126 1970 1153 nostram
1989 1120 2096 1162 grati-

1108 1168 1268 1201 tudinem
1293 1168 1368 1202 Deo
1393 1180 1456 1212 pro
1481 1175 1580 1202 tanto
1600 1182 1766 1211 munere,
1803 1170 1929 1214 pietate
1956 1182 2096 1204 morum

1108 1218 1375 1252 declarabimus.
1426 1219 1525 1252 Dixi.

1915 1424 1960 1441 an.
1987 1412 2079 1443 1546.

1915 1456 2085 1470 Μ

1218 1505 1294 1545 De
1321 1504 1443 1545 dicto
1470 1504 1633 1546 Pauli.-
1665 1506 1794 1548 Deus
1813 1513 1879 1548 est
1897 1513 1979 1549 etc.

1175 1583 1203 1608 ln
1226 1583 1315 1608 select.
1340 1582 1419 1608 Dect.
1438 1582 1471 1607 T.
1492 1582 1539 1608 ΙΙΙ.
1565 1593 1591 1617 p.
1612 1584 1686 1617 435.,
1719 1585 1835 1612 Ser-vest.
1859 1586 1905 1612 tlt.
1926 1595 1950 1620 p.
1967 1586 2041 1618 413„
2067 1586 2094 1612 in

1207 1617 1299 1642 T.111.
1319 1615 1429 1641 Erford.
1450 1616 1489 1642 lit.
1503 1617 1544 1647 D,
1564 1619 1588 1644 ὅ.
1614 1623 1639 1644 et
1659 1619 1730 1650 apud
1750 1619 1877 1646 ltichard.
1894 1620 1940 1646 lll.
1961 1630 1987 1655 p.
2003 1621 2063 1647 558.

1119 1406 1184 1440 No.
1203 1406 1262 1439 92.

1104 1696 1232 1728 Oratio
1263 1692 1309 1727 de
1338 1693 1437 1729 dicto
1465 1695 1600 1729 Pauli.-
1634 1697 1741 1730 Deus
1768 1701 1842 1740 est,
1871 1700 1936 1742 qui
1959 1695 2093 1745 efficit,

1104 1749 1145 1778 ut
1170 1745 1294 1778 velitis
1323 1749 1360 1778 et
1387 1744 1620 1791 perficiatis,
1656 1752 1697 1780 ut
1727 1748 1855 1792 aliqua
1884 1751 1954 1793 ipsi
1978 1753 2092 1795 grata

1127 1793 1246 1842 [ἰωῆς
1274 1798 1436 1830 recitata
1457 1798 1605 1831 aDoct.
1631 1799 1862 1833 Maaeimil.
1891 1801 2065 1835 Mauro.

1104 1861 1201 1903 Cum
1225 1869 1358 1902 dictum
1383 1869 1428 1902 sit
1454 1869 1523 1902 iam
1552 1869 1589 1902 in
1616 1867 1672 1903 his
1697 1872 1940 1914 congressibus
1957 1873 2091 1917 praeci-

1103 1931 1169 1964 pue
1194 1919 1389 1952 faciendam
1410 1930 1482 1953 esse
1504 1919 1761 1954 invocationem
1788 1921 1874 1964 Dei,
1906 1930 1939 1957 et
1963 1925 2091 1958 deinde

1102 1972 1144 2003 de
1155 1971 1270 2015 aliqua
1283 1970 1464 2003 doctrinae
1478 1978 1576 2014 parte
1586 1971 1843 2006 disserendum:
1868 1980 1941 2007 tum
1951 1976 1993 2008 ad
2010 1987 2091 2008 eru-—

1101 2021 1251 2054 diendos
1275 2020 1449 2067 iuniore5‚
1485 2027 1557 2054 tum
1574 2034 1658 2055 vero
1682 2024 1724 2056 ad
1741 2024 1940 2058 excitandos
1956 2037 2090 2064 omnes,

1101 2073 1158 2106 fiet
1181 2084 1200 2105 a
1235 2083 1291 2105 me
1313 2083 1453 2117 quoque
1483 2083 1561 2105 meo
1585 2072 1664 2106 loco
1694 2081 1728 2107 et
1749 2086 1825 2108 mea
1849 2076 2092 2110 mediocritate

1101 2129 1301 2167 utrumque.
1359 2120 1437 2155 Etsi
1463 2122 1556 2155 enim
1580 2135 1643 2156 nec
1665 2126 1762 2158 ardet
1779 2126 1918 2159 animus
1935 2127 1969 2159 in
1989 2127 2091 2160 invo-

1100 2173 1255 2212 catione,
1281 2179 1453 2218 quantum
1478 2179 1580 2217 opto,
1609 2185 1674 2207 nec
1697 2176 1779 2208 satis
1803 2177 2014 2210 eruditionis
2032 2185 2090 2211 aut

1099 2223 1292 2262 facultatis,
1320 2224 1361 2256 ad
1380 2221 1474 2256 hunc
1491 2230 1627 2257 coetum
1643 2225 1842 2259 docendum
1859 2235 1918 2261 aut
1936 2228 2089 2261 excitan-

1100 2275 1204 2312 dum,
1230 2273 1369 2314 adsero,
1402 2280 1519 2307 tamen
1542 2274 1670 2307 scimus
1691 2276 1824 2309 dictum
1842 2289 1931 2311 esse:
1957 2276 2009 2312 Ex
2029 2291 2091 2311 ore

1100 2324 1289 2358 infantium
1307 2330 1340 2357 et
1356 2324 1561 2357 lactantium
1580 2326 1755 2369 perfecisti
1776 2327 1926 2363 laudem.
1970 2327 2088 2362 Etiam

1099 2376 1135 2408 in
1162 2374 1399 2409 imbecillibus
1427 2381 1520 2408 amat
1544 2381 1576 2408 et
1600 2374 1763 2420 provehit
1781 2376 1877 2412 Deus
1895 2379 1993 2412 initia
2017 2380 2088 2413 vir-

1099 2433 1231 2466 tutum,
1271 2425 1378 2458 modo
1409 2432 1448 2458 ut
1480 2425 1650 2469 proficere
1685 2427 1844 2464 velimus.
1910 2429 2028 2473 Quare
2056 2438 2088 2464 et

1098 2474 1182 2510 haec
1215 2488 1292 2509 mea
1327 2481 1408 2509 vota
1441 2481 1475 2508 et
1509 2473 1599 2509 hanc
1627 2478 1821 2512 orationem
1849 2479 1926 2513 Deo
1954 2488 2085 2524 gratam

1098 2539 1170 2561 esse
1196 2538 1309 2571 spero.

1197 2576 1356 2611 Primum
1388 2576 1495 2620 igitur
1523 2575 1601 2611 Deo
1627 2585 1787 2621 aeterno,
1824 2582 1915 2625 patri
1940 2580 2085 2614 Domini

1095 2629 1206 2662 nostri
1224 2627 1301 2662 Iesu
1317 2625 1449 2662 Christi
1466 2628 1594 2672 gratias
1611 2640 1692 2673 ago,
1719 2632 1814 2675 quod
1838 2632 2005 2664 immensa
2022 2631 2085 2662 bo-

1093 2680 1205 2714 nitate
1225 2691 1262 2713 se
1285 2678 1462 2723 patefecit,
1496 2686 1529 2713 et
1554 2679 1663 2713 filium
1687 2693 1789 2714 suum
1805 2681 2000 2715 Dominum
2021 2693 2085 2714 no-
