2338 2958
188 141 261 176 883

193 227 417 271 adiungenda
444 227 524 259 erit:
564 225 633 257 imo
658 230 759 266 auget
782 223 978 256 doctrinam
1003 219 1088 255 haec
1114 222 1187 266 ipsa

195 290 311 311 rerum
355 275 640 311 convenientium
684 274 883 307 observatio
927 280 960 307 et
993 273 1186 307 distinctio.
1212 285 1213 320 ς

194 328 268 362 Has
292 328 554 361 admonitiones
578 332 616 358 ut
645 337 746 369 saepe
772 332 986 368 repetamus,
1021 325 1187 357 mandato
1212 321 1214 373 1

195 381 318 413 divino
335 379 509 421 cogimur:
537 389 575 410 ac
595 377 706 409 filium
725 375 790 409 Dei
810 376 989 409 custodem
1012 373 1189 408 Ecclesiae
1213 379 1214 382 ’

196 443 277 464 suae
300 440 459 468 oramus,
489 435 525 461 ut
550 427 622 472 ipse
642 439 782 473 quoque
800 427 843 460 sit
867 433 982 460 custos
1000 438 1188 470 corporum

196 489 411 519 vestrorum,
452 485 486 512 et
520 479 636 513 flectat
667 478 805 511 animos
837 484 968 511 vestros
995 478 1038 510 ad
1068 489 1188 511 curam

196 532 345 565 tuendae
363 530 526 575 publicae
544 537 577 563 et
594 537 727 563 vestrae
745 529 878 562 salutis.
933 528 1028 564 Dixi.

677 621 732 637 -2-

195 697 260 732 No,
282 698 366 731 111.
1011 709 1055 727 an.
1084 697 1177 727 1550,

1012 741 1183 755 Μ

343 797 418 837 De
450 795 580 838 Illose
607 794 810 852 feriente
835 801 1034 851 petram.

265 876 292 901 ln
310 875 399 902 select.
413 875 492 901 Dect.
506 875 539 900 Τ.
554 875 601 900 ΙΙΙ.
621 885 646 909 p.
659 875 793 908 507sqq.‚
823 875 949 900 Richard.
966 874 998 900 Τ.
1016 875 1064 901 ΙΙΙ,
1086 884 1111 908 p.
1123 873 1193 906 213„

297 910 413 936 Servest.
437 910 468 934 T.
487 910 533 935 lll.
562 919 585 943 p.
604 910 664 937 431,
692 915 717 934 et
744 911 770 935 in
792 909 823 934 T.
843 909 888 935 ΙΙΙ.
908 909 1018 934 Ersord.
1047 909 1085 935 lit.
1106 918 1137 942 q,
1157 909 1192 942 5.‚

298 945 343 970 ubi
361 944 476 970 dicitur:
501 945 638 976 „recitata
656 953 670 970 a
687 945 800 971 Decano
816 944 918 970 Ioanne
937 943 1071 971 Marcello
1088 943 1191 977 Regio-

297 984 428 1005 montano
443 988 466 1004 a.
482 979 520 1004 M.
532 980 566 1005 D.
578 979 625 1004 L.''

334 1061 461 1093 Οναίὶο
485 1058 530 1093 dc
555 1061 660 1093 DIose
685 1057 856 1105 feriente
882 1063 1047 1103 petram.

193 1131 237 1171 In
260 1135 328 1171 hoc
351 1137 490 1179 opificio
515 1136 639 1169 mundi
670 1135 928 1180 pulcherrimus
951 1137 1039 1169 ordo
1065 1148 1190 1180 corpo-

193 1201 291 1229 rum,
318 1195 352 1221 et
377 1199 431 1221 ars
456 1185 615 1220 adhibita
641 1187 677 1219 in
709 1188 856 1230 singulis
884 1187 1131 1220 construendis
1158 1194 1191 1220 et

195 1239 385 1279 ornandis,
425 1238 576 1271 illustria
601 1238 802 1271 testimonia
826 1245 925 1277 sunt,
969 1236 1064 1271 hunc
1085 1250 1191 1271 mun-

194 1292 279 1324 dum
295 1302 367 1323 non
384 1289 537 1322 extitisse
552 1300 644 1329 casu,
666 1290 725 1322 sed
743 1301 760 1322 a
779 1296 895 1323 mente
912 1286 1190 1322 architectatrice

193 1341 355 1374 miranda
373 1339 544 1385 sapientia
564 1340 745 1374 conditum
769 1352 851 1374 esse.

295 1389 373 1425 Etsi
397 1398 532 1430 autem,
561 1398 599 1425 ut
624 1392 723 1424 navis
747 1391 838 1425 inter
863 1391 1010 1432 fluctus,
1039 1391 1084 1425 ita
1101 1390 1190 1424 ratio

194 1441 349 1477 humana
379 1442 551 1487 aspiciens
579 1442 671 1476 vitae
703 1443 947 1483 confusiones,
982 1442 1191 1476 tristissimis

195 1494 480 1528 dubitationibus
497 1500 702 1539 quassatur,
729 1506 768 1527 ac
785 1506 902 1527 secum
922 1494 1071 1539 quaerit,
1100 1493 1191 1526 adsit

194 1557 239 1579 ne
253 1546 351 1580 Deus
366 1546 583 1589 gubernator
599 1545 692 1579 inter
706 1552 820 1579 tantas
836 1545 1104 1579 dilacerationes
1122 1542 1190 1577 liu—

194 1609 319 1630 manae
343 1597 517 1630 societatis
536 1603 569 1630 et
592 1596 731 1629 ruinas:
760 1603 875 1629 tamen
901 1604 933 1630 et
951 1597 1010 1629 illa
1028 1596 1190 1629 conside--

195 1648 333 1681 ratione
356 1647 492 1681 ordinis
517 1654 620 1691 atque
643 1647 728 1680 artis
752 1647 787 1679 in
806 1647 946 1690 opificio
963 1647 1089 1680 mundi
1106 1658 1190 1680 con—

194 1699 344 1738 firmati,
385 1697 630 1731 adsensionem
662 1699 705 1730 de
729 1697 798 1731 Dei
833 1698 1026 1741 praesentia
1056 1709 1188 1742 nequa-

196 1761 300 1795 quam
318 1750 430 1783 excuti
450 1749 552 1782 nobis
576 1748 744 1783 sinamus.
798 1748 852 1783 Sit
869 1756 985 1783 autem
1004 1749 1141 1782 firmior
1158 1754 1191 1781 et

196 1801 340 1834 immota
359 1800 520 1833 adsensio
545 1806 688 1843 propter
712 1799 962 1843 patefactiones
977 1798 1045 1833 Dei
1067 1799 1104 1832 in
1121 1798 1191 1833 Ec-

195 1851 298 1886 clesia
314 1852 432 1892 factas,
457 1851 493 1883 in
510 1850 698 1884 eductione
713 1851 835 1896 populi
854 1863 895 1884 ex
905 1849 1079 1896 Aegypto,
1105 1851 1192 1884 mis-

196 1903 294 1937 sione
312 1902 374 1935 filii
386 1929 394 1943 ,
420 1909 452 1936 et
470 1902 728 1936 resurrectione
746 1909 978 1938 mortuorum.

298 1954 473 1987 Adfirmat
497 1960 612 1987 autem
639 1953 731 1986 filius
750 1953 836 1994 Dei,
862 1965 897 1987 se
922 1953 958 1986 in
979 1964 1105 1996 genere
1123 1950 1191 1987 hu-

196 2017 301 2038 mano
320 2002 570 2038 haereditatem
587 2004 654 2037 sibi
674 2012 850 2038 aeternam
869 2016 1006 2048 semper
1023 2004 1192 2038 collectu-

199 2069 276 2090 rum
294 2069 384 2097 esse,
412 2063 442 2089 et
462 2055 605 2101 quidem
634 2055 726 2089 inter
750 2068 830 2096 eos,
854 2056 915 2101 qui
931 2055 1129 2090 doctrinam
1147 2055 1191 2088 ab

196 2108 272 2152 ipso
290 2109 452 2141 traditam
467 2107 608 2140 ‹liscunt
623 2113 655 2140 et
672 2107 947 2152 amplectuntur,
965 2113 998 2140 et
1014 2118 1094 2140 eum
1112 2118 1191 2140 coe-

197 2165 271 2193 tum
289 2159 355 2191 sibi
372 2171 473 2191 curae
489 2170 572 2192 esse.

300 2210 419 2252 Quare
444 2222 514 2243 non
539 2209 761 2250 dubitemus,
797 2210 909 2243 filium
933 2208 1000 2243 Dei
1025 2215 1056 2242 et
1088 2208 1192 2241 nobis

198 2261 332 2301 adesse,
359 2273 509 2306 eumque
525 2261 731 2294 ardentibus
750 2261 838 2294 votis
854 2273 1012 2299 oremus.
1040 2273 1084 2293 ne
1101 2260 1193 2294 inter

199 2323 263 2345 nos
278 2312 388 2345 lucem
402 2311 583 2345 doctrinae
600 2324 682 2345 suae
698 2312 867 2355 extingui,
888 2325 950 2345 nec
962 2311 1071 2345 deleri
1086 2311 1192 2345 disci-

199 2363 331 2407 plinam
351 2376 410 2395 nec
429 2361 600 2396 ethnicam
621 2363 819 2397 barbariem
838 2364 911 2397 fieri
929 2363 1032 2398 sinat.
1070 2361 1192 2396 Hone-

199 2414 347 2448 stissima
371 2421 487 2447 antem
512 2416 730 2448 consuetudo
755 2421 824 2455 est,
853 2415 887 2447 in
916 2412 971 2447 his
995 2414 1191 2457 congressi-

198 2465 265 2499 bus
281 2466 656 2498 commonefactionem
674 2473 848 2510 sumptam
867 2479 905 2499 ex
923 2466 1040 2511 aliqua
1057 2465 1192 2498 doctri-

199 2529 325 2550 narum
343 2523 451 2561 parte.
470 2517 591 2549 utilem
608 2517 734 2550 studiis
751 2525 784 2551 et
802 2518 968 2556 moribus,
983 2528 1191 2561 proponere.

300 2567 420 2610 Quare
439 2580 516 2601 cum
535 2569 577 2600 de
601 2575 807 2611 argumento
826 2569 1034 2602 deliberanti
1059 2567 1192 2601 veniret

200 2620 235 2651 in
255 2626 406 2653 mentem
425 2616 570 2652 ltistoria
588 2618 701 2664 Moysi
722 2627 854 2664 petram
873 2620 1120 2664 percutientis,
1147 2619 1190 2652 dc

199 2683 267 2715 qua
284 2671 417 2716 alioqui
436 2682 536 2714 saepe
552 2670 677 2711 cogito,
698 2668 786 2704 lianc
803 2671 1042 2705 narrationem
1060 2670 1190 2713 delegi:

200 2734 287 2766 quae
312 2735 390 2756 cnm
415 2722 451 2755 in
476 2721 573 2754 omni
593 2722 661 2755 vita
685 2733 786 2766 saepe.
805 2723 989 2765 cogitanda
1011 2729 1079 2763 est,
1108 2721 1190 2767 quia

663 137 821 172 DECL.
856 135 932 170 DE
966 133 1124 170 MOSE
1159 129 1461 169 FERIENTE
1495 130 1753 167 PETRAM.

2158 133 2233 172 884

1239 224 1359 252 monet
1384 217 1494 250 filium
1511 215 1577 250 Dei
1601 224 1745 261 propter
1763 218 1872 261 legem
1888 219 2034 263 percuti.
2058 226 2133 254 tum
2152 231 2234 253 vero

1239 270 1427 312 imaginem
1443 267 1600 301 continet
1621 268 1852 312 imperiorum
1866 269 2068 304 ferientium
2087 276 2235 314 petram.

1239 319 1349 354 Cuius
1367 319 1416 352 rei
1433 326 1464 353 et
1480 316 1564 352 hacc
1581 325 1674 352 aetas
1691 319 1849 363 exempla
1864 320 1947 354 satis
1963 321 2074 354 tristia
2094 318 2210 356 habet.

1342 378 1440 422 Quid
1475 385 1590 412 autem
1619 378 1730 422 magis
1757 379 1855 412 decet
1882 380 1920 412 in
1948 377 2015 414 hoc
2042 382 2118 426 ipso
2147 381 2237 420 loco,

1241 443 1345 476 quam
1371 431 1414 463 de
1436 430 1509 473 lege
1525 429 1612 471 Dei,
1640 429 1683 462 de
1705 429 1837 463 iustitia
1856 437 1889 464 et
1905 431 1958 463 ira
1975 431 2140 466 adversus
2156 445 2236 477 pec-

1241 488 1314 515 cata
1326 508 1335 522 ,
1362 482 1405 514 de
1423 481 1495 513 filio
1520 480 1731 521 mediatore,
1756 481 1799 514 de
1817 479 1975 514 Ecclesia
1993 488 2025 515 et
2043 483 2117 516 eius
2134 496 2237 517 aeru-

1241 532 1334 565 mnis
1359 539 1392 565 et
1416 531 1688 565 liberationibus
1713 543 1813 576 saepe
1829 532 1967 566 dicere?
1993 531 2104 577 Spero
2129 534 2238 577 igitur

1242 589 1488 626 argumentum
1506 582 1648 627 quidem
1667 582 1767 615 vobis
1789 590 1924 626 gratum
1945 584 2030 617 fore.
2085 583 2152 618 Sed
2174 587 2237 618 do-

1243 635 1299 667 leo
1316 646 1371 667 me
1388 635 1511 667 rudem
1529 640 1562 666 et
1579 633 1794 677 imperitum,
1822 646 1895 667 non
1914 646 2014 678 posse
2030 634 2167 669 adferre
2184 648 2239 669 sa-

1243 685 1287 718 tis
1305 685 1478 718 illustrem
1497 684 1776 728 explicationem.
1826 683 1916 718 Cum
1934 691 2051 719 autem
2068 686 2238 731 scriptum

1244 735 1308 776 sit,
1332 733 1385 768 Ex
1405 747 1465 768 ore
1484 735 1673 769 infantium
1691 742 1724 769 et
1741 735 1947 769 lactantium
1971 737 2147 780 perfecisti
2161 738 2240 772 lau-

1244 787 1340 819 dem:
1377 787 1502 830 probat
1532 783 1615 818 haec
1641 786 1755 819 studia
1781 786 1876 820 Deus
1901 787 2152 822 considerandi
2179 801 2240 823 sua

1245 837 1424 872 beneficia.
1477 834 1524 870 Et
1548 837 1712 870 universa
1737 834 1922 871 hominum
1951 838 2142 882 sapientia,
2167 840 2240 874 col-

1245 888 1313 921 lata
1329 889 1373 921 ad
1391 887 1569 927 divinam,
1594 887 1679 932 quid
1699 894 1748 921 est
1767 887 1832 920 nisi
1855 888 2028 924 infantia?
2054 902 2143 935 quae
2160 892 2241 936 qui-

1243 941 1323 972 dem
1349 946 1432 972 tunc
1458 938 1583 982 recipit
1604 950 1791 982 agnoscere
1815 938 1949 979 Deum,
1977 952 2056 974 cum
2079 941 2166 976 lacte
2185 942 2241 976 di-

1244 990 1329 1023 vino
1347 990 1486 1023 alimur.
1543 988 1664 1034 ltaque
1683 989 1769 1023 boni
1787 990 2002 1024 consulenda
2022 991 2089 1026 erit
2106 994 2240 1038 qualis-

1244 1053 1384 1087 cunque
1402 1040 1560 1074 recitatio
1579 1047 1650 1074 tam
1667 1041 1830 1074 sublimis
1847 1043 2057 1084 argumenti.

1345 1099 1434 1133 Cum
1454 1099 1631 1134 Israelitae
1650 1099 1685 1131 in
1702 1100 1851 1138 deserto,
1879 1101 1942 1134 ubi
1957 1108 2101 1146 propter
2117 1114 2241 1147 perpe-

1244 1158 1322 1185 tuos
1338 1158 1452 1184 aestus
1470 1163 1533 1183 nec
1552 1150 1699 1183 flumina
1719 1163 1782 1184 nec
1799 1152 1912 1185 sontes
1928 1152 2030 1186 multi
2049 1160 2160 1194 erant,
2181 1167 2242 1186 va-

1243 1209 1421 1245 garentur,
1441 1201 1542 1235 multi
1562 1198 1725 1234 homines
1743 1201 1903 1235 omnium
1922 1210 2073 1237 aetatum
2089 1204 2146 1238 siti
2164 1217 2240 1238 mo-

1243 1253 1444 1293 riebantur,
1477 1252 1608 1285 multae
1631 1258 1760 1285 matres
1790 1253 1826 1285 in
1851 1253 2035 1297 complexu
2062 1255 2239 1289 infantum

1242 1304 1476 1348 pendentium
1494 1303 1538 1336 ab
1556 1302 1716 1336 arefactis
1733 1303 1878 1337 uberius
1902 1304 1959 1338 siti
1982 1317 2052 1338 una
2080 1318 2160 1340 cum
2183 1306 2240 1339 in-

1242 1355 1400 1389 fantibus
1416 1354 1723 1398 extinguebantur.

1343 1413 1420 1447 Hac
1445 1420 1543 1447 tanta
1560 1413 1758 1447 calamitate
1777 1413 1871 1447 Deus
1894 1414 2101 1459 aliquandiu
2120 1415 2242 1449 multi-

1244 1465 1406 1499 tudinem
1431 1465 1584 1509 punivit.
1637 1464 1706 1499 Sed
1732 1471 1870 1506 tamen,
1898 1472 1936 1500 ut
1953 1464 2147 1500 Ecclesiam
2167 1478 2241 1500 ser-

1243 1524 1359 1556 varet,
1390 1516 1488 1550 iubet
1507 1515 1668 1561 Moysem
1692 1515 1798 1549 ferire
1822 1523 1974 1560 petram,
2004 1529 2042 1551 ac
2065 1517 2241 1562 promittit

1243 1579 1280 1601 se
1304 1568 1388 1601 inde
1414 1568 1610 1601 effusurum
1632 1578 1704 1600 esse
1720 1579 1890 1612 aquarum
1910 1567 2077 1610 flumina,
2103 1569 2242 1614 praebi-

1245 1625 1323 1652 tura
1345 1625 1467 1662 potum
1487 1618 1672 1651 universae
1688 1618 1924 1653 multitudini.
1971 1618 2039 1653 Hic
2058 1632 2138 1654 curn
2157 1631 2241 1654 con-

1243 1669 1387 1703 stitisset
1409 1668 1550 1714 Moyses
1578 1669 1670 1702 inter
1696 1669 1878 1702 seditiosas
1905 1677 1937 1704 et
1964 1670 2090 1714 impias
2117 1671 2241 1716 populi

1244 1721 1529 1760 vociferationes,
1556 1719 1593 1752 in
1610 1732 1681 1765 quo
1699 1720 1801 1753 multi
1821 1720 2040 1762 clamabant,
2065 1733 2146 1755 eum
2162 1729 2241 1756 tan-

1244 1783 1348 1816 quam
1368 1772 1595 1815 impostorem
1610 1770 1700 1804 saxis
1715 1771 1939 1805 obruendum
1954 1783 2046 1814 esse,
2073 1769 2139 1806 hae
2155 1785 2241 1806 con—

1244 1822 1409 1856 tumeliae
1426 1822 1529 1855 fidem
1547 1821 1584 1854 in
1602 1833 1642 1854 eo
1662 1821 1962 1865 languefecerunt.

1348 1880 1390 1915 In
1412 1879 1477 1915 hac
1503 1880 1741 1926 trepidatione
1765 1893 1804 1914 ac
1822 1881 2045 1916 dubitatione
2063 1894 2143 1917 cum
2166 1883 2241 1917 fru-

1243 1939 1312 1967 stra
1345 1933 1479 1976 virgam
1511 1931 1712 1965 incussisset
1744 1933 1910 1977 scopulo,
1948 1945 2012 1967 nec
2041 1942 2243 1979 erumperet

1243 1995 1346 2030 aqua,
1372 1983 1490 2017 subito
1509 1990 1542 2017 et
1560 1983 1692 2027 ingenti
1708 1984 1993 2018 consternatione
2009 1985 2152 2019 animus
2167 1985 2242 2019 eius

1243 2046 1432 2080 oppressus
1455 2042 1517 2069 est.
1572 2035 1641 2069 Sed
1669 2046 1748 2068 cum
1775 2043 1910 2069 erectus
1932 2047 2025 2069 novo
2050 2036 2184 2070 adflatu
2209 2044 2242 2071 et

1244 2086 1326 2119 fidei
1345 2094 1442 2120 motu
1462 2086 1588 2119 iterum
1608 2085 1727 2119 feriret
1742 2093 1895 2130 petram,
1921 2086 2025 2120 scissa
2039 2087 2165 2121 effudit
2186 2087 2240 2121 in—

1243 2149 1328 2182 gens
1343 2149 1517 2182 aquarum
1536 2137 1679 2172 flumen.

1346 2196 1423 2231 Etsi
1440 2204 1556 2231 autem
1574 2197 1642 2230 iam
1658 2196 1809 2231 laetatur
1824 2202 1970 2241 propter
1980 2197 2124 2232 divinae
2139 2211 2241 2243 prae·

1246 2249 1378 2283 sentiae
1411 2248 1673 2289 testimonium,
1717 2255 1749 2281 et
1775 2247 1857 2293 qnia
1885 2248 2043 2282 seditiosi
2071 2249 2242 2284 clamores

1245 2298 1311 2334 hoc
1330 2313 1423 2333 novo
1443 2300 1612 2334 beneficio
1630 2299 1771 2332 refutati
1795 2306 1909 2332 erant:
1939 2306 2055 2333 tamen
2079 2301 2239 2336 dolorem

1244 2360 1277 2387 et
1301 2352 1499 2386 recordatio
1524 2350 1772 2396 trepidationis
1798 2357 1832 2384 et
1853 2350 2089 2385 dubitationis
2114 2353 2240 2394 adfert,

1244 2410 1277 2437 et
1298 2404 1397 2437 audit
1417 2403 1574 2437 divinam
1594 2399 1926 2447 reprehensionem,
1953 2414 2020 2448 qua
2039 2403 2150 2448 ipsius
2169 2404 2239 2438 dif-

1244 2455 1388 2488 fidentia
1404 2466 1521 2489 severe
1540 2460 1688 2488 taxatur.

1346 2513 1515 2547 Continet
1538 2509 1622 2546 tun-c
1645 2512 1799 2545 narratio
1823 2511 1933 2546 multa
1953 2511 2104 2556 insignia
2123 2524 2238 2546 exem-

1244 2565 1320 2610 pla,
1349 2577 1497 2609 poenam
1515 2576 1587 2597 non
1606 2564 1717 2596 levem
1735 2563 1878 2607 populi.
1906 2563 1943 2596 in
1961 2575 2032 2608 quo
2058 2563 2161 2597 multi
2184 2576 2239 2598 se-

1244 2628 1304 2650 nes
1326 2623 1356 2649 et
1384 2617 1546 2654 iuvenes,
1581 2622 1708 2648 matres
1734 2622 1766 2648 et
1792 2614 1941 2647 infantes
1964 2613 2020 2646 siti
2046 2615 2239 2658 perierunt.

1243 2667 1336 2701 llinc
1362 2674 1559 2713 sequuntur
1583 2679 1623 2699 ex
1649 2665 1866 2710 impatientia
1891 2663 2008 2707 magni
2039 2665 2175 2700 furores
2205 2673 2239 2702 et

1243 2719 1476 2754 contumeliae
1500 2719 1668 2752 ads-ersus
1692 2715 1805 2751 Deum
1835 2722 1866 2750 et
1890 2716 2056 2750 adversus
2072 2718 2189 2752 duces·
