2338 2958
107 125 182 161 417

103 223 166 255 ego
191 217 306 244 tamen
331 205 395 240 has
418 206 607 242 sententias
624 204 818 252 Evangelio
839 209 977 242 misceri
993 209 1087 247 volo,

101 263 160 296 sed
190 266 331 294 teneant
363 269 464 292 suum
505 258 621 291 locum
650 260 810 293 doctrina
845 260 991 294 rationis
1027 266 1086 300 est,

100 323 187 357 quae
204 321 282 342 cum
306 316 398 343 recte
421 307 710 353 philosophatur,
738 322 814 343 cum
832 311 973 353 vestigia
993 310 1086 343 divi—

99 361 218 395 nitatis
235 360 272 392 in
293 361 396 393 rebus
413 360 569 406 quaerit,
597 372 675 394 cum
692 361 888 395 considerat
911 359 1085 395 humanae

98 411 225 445 mentis
251 418 434 452 naturam,
463 411 622 455 pervenit
647 412 688 444 ad
715 409 776 444 has
796 418 924 452 metas,
953 411 1084 445 divini-

97 469 153 496 tus
180 461 384 506 propositas.
435 460 524 495 Nam
550 459 696 505 Epicuri
714 461 942 495 deliramenta
963 463 1083 506 procul

97 525 116 547 a
138 513 193 546 via
227 513 405 552 deerrant,
439 519 471 546 et
502 512 633 545 tollunt
661 512 833 556 principia
858 510 1019 558 physica,
1052 519 1085 546 et

96 564 253 597 obruunt
288 563 454 596 noticiam
490 563 533 596 de
566 562 646 595 Deo
679 562 882 606 impressam
919 561 1084 596 humanis

95 614 287 647 mentibus.
337 614 404 647 Sed
421 614 525 646 redeo
541 613 584 645 ad
605 610 800 647 historiam.
851 611 905 646 Ex
923 612 1083 659 Aegypto

96 675 258 698 reversus
274 663 393 705 Plato,
419 663 531 697 adfuit
549 662 687 696 Socrati
704 663 740 695 in
759 663 908 697 iudicio:
933 677 1082 709 cumque

96 716 236 760 publice
259 727 321 758 pro
347 727 386 747 eo
406 714 520 747 dicere
544 713 730 757 coepisset,
757 714 908 748 clamore
921 715 1083 749 factionis

95 766 377 799 adversariorum
399 764 586 808 impeditus
605 772 670 799 est:
698 777 805 809 quare
829 778 906 799 cum
924 778 997 799 non
1020 778 1082 798 au-

97 817 249 856 diretur,
281 815 438 848 desinere
474 820 634 856 coactus,
665 816 837 858 praestitit
872 817 907 849 in
940 817 1082 850 caeteris

95 867 219 901 officiis
238 866 374 900 Socrati
399 866 503 898 fidem
529 872 562 899 et
587 867 818 900 constantiam
841 868 984 911 dignam
1006 868 1081 900 viro

93 919 202 951 bono.
254 915 302 950 Et
326 922 454 961 quanta
479 928 556 949 cum
579 917 747 959 gravitate
764 917 942 952 Socratem
961 919 1082 952 desen-

93 979 196 1002 surus
219 967 343 1007 suerit,
369 967 397 1000 si
424 967 597 1007 licuisset,
624 968 756 1001 indicat
772 967 967 1013 Apologia,
995 981 1082 1014 quae

93 1016 209 1052 adhuc
224 1024 336 1058 extat,
364 1017 401 1050 in
421 1030 488 1062 qua
504 1018 613 1052 multa
629 1019 882 1062 sapientissime
901 1020 1080 1060 dicuntur,

94 1076 215 1103 contra
245 1068 482 1114 arrogantiam
513 1065 718 1107 hominum,
758 1070 819 1114 qui
851 1070 966 1104 Deum
998 1082 1082 1103 con-

93 1126 275 1159 temnunt,
300 1119 361 1164 qui
385 1125 513 1161 negant
533 1119 789 1162 providentiam
808 1132 891 1156 esse.
944 1119 1082 1154 Deinde

94 1171 193 1205 addit
227 1170 335 1202 multa
363 1170 406 1202 de
432 1169 711 1203 immortalitate:
745 1171 893 1215 sapienti
927 1171 1082 1215 gratissi-

91 1233 188 1254 mum
213 1231 306 1261 esse,
340 1220 514 1253 discedere
539 1232 579 1253 ex
602 1218 666 1253 hac
688 1221 775 1262 vita,
808 1223 852 1255 ad
876 1222 956 1255 illos
978 1222 1081 1262 viros,

91 1272 155 1306 ubi
175 1272 217 1305 de
232 1271 376 1304 summis
393 1271 497 1304 rebus
513 1271 640 1304 certius
657 1272 775 1305 doceri
792 1273 910 1316 possit.
966 1272 1081 1306 Inter-

93 1322 182 1355 fecto
209 1321 367 1361 Socrate,
395 1333 474 1354 cum
498 1328 713 1355 accusatores
735 1323 844 1367 ipsius
869 1323 1081 1356 insidiaren-

92 1379 150 1406 tur
172 1372 291 1405 amicis
322 1372 436 1411 illius,
471 1371 570 1404 Plato
597 1384 717 1406 rursus
751 1374 982 1407 secedendum
1013 1373 1079 1406 sibi

92 1434 164 1456 esse
187 1422 331 1455 censuit.
390 1421 571 1454 Profectus
592 1422 698 1465 igitur
719 1423 755 1455 in
779 1423 955 1465 Siciliam,
984 1424 1079 1456 venit

91 1475 134 1507 ad
153 1473 363 1518 Dionysium
389 1479 598 1517 tyrannum,
624 1479 759 1516 patrem
775 1473 925 1507 iunioris
943 1474 1080 1519 Diony-

91 1524 154 1567 sii,
190 1523 281 1567 pulsi
309 1524 490 1568 aliquanto
516 1529 593 1566 post
625 1535 663 1556 ex
688 1535 812 1565 regno;
846 1536 925 1557 nam
951 1523 1079 1557 Siculis

91 1581 191 1608 erant
213 1574 332 1607 crebra
359 1586 437 1607 cum
457 1571 735 1607 Atheniensibus
758 1575 986 1615 commercia,
1013 1572 1079 1607 ho-

90 1638 168 1659 rum
186 1625 293 1667 leges,
320 1624 453 1664 studia,
474 1622 584 1657 Siculi
602 1624 841 1658 imitabantur.
894 1623 940 1658 Et
958 1631 1078 1670 tyran-

90 1687 156 1709 nus
180 1675 252 1719 ipse
277 1674 420 1717 ingenio
446 1674 616 1718 pollebat,
642 1681 674 1708 et
700 1673 844 1708 Graecis
867 1675 993 1709 studiis
1017 1676 1077 1708 de-

90 1727 294 1760 lectabatur.
356 1724 424 1759 Sed
452 1731 524 1758 erat
549 1725 634 1757 civis
659 1725 898 1771 Syracusanus
921 1737 1078 1759 summae

91 1776 289 1811 autoritatis
306 1774 419 1808 Dion:
448 1775 476 1808 is
491 1774 674 1808 Platonem
691 1774 843 1819 hospitio
863 1777 1013 1820 excepit,
1039 1783 1078 1809 ut

90 1840 169 1861 eum
190 1827 415 1860 disserentem
446 1827 488 1858 de
516 1832 639 1858 natura
677 1832 709 1859 et
743 1827 785 1859 de
815 1826 905 1870 Rep.
931 1827 1077 1866 audiret,

91 1879 149 1912 sed
173 1878 260 1910 sicut
286 1876 444 1909 naturale
463 1876 648 1908 dissidium
670 1883 719 1909 est
734 1877 924 1910 multarum
948 1889 1078 1917 rerum,

90 1935 194 1974 atque
212 1927 446 1960 animantium
465 1926 557 1959 inter
572 1938 624 1965 se,
652 1926 726 1960 vini
743 1934 774 1960 et
795 1927 947 1966 cicutae,
974 1928 1076 1973 cygni

91 1987 124 2013 et
146 1979 304 2024 aquilae,
331 1978 378 2010 ita
401 1977 560 2010 nativum
585 1983 617 2010 ct
642 1977 863 2020 implacabile
888 1978 1008 2011 odium
1027 1985 1077 2012 est

89 2031 181 2064 inter
198 2041 232 2063 se
258 2028 519 2074 tyrannicarum
537 2033 742 2061 naturarum
762 2034 794 2061 et
816 2025 1071 2072 philosophica-

89 2093 179 2114 rum.
234 2079 316 2113 ldeo
342 2091 420 2112 cum
447 2077 547 2111 Plato
574 2078 719 2110 liberius
739 2075 1019 2122 reprehendisset
1039 2079 1074 2111 in

91 2132 300 2177 quibusdam
333 2130 437 2163 rebus
460 2127 622 2174 Dionysii
648 2129 870 2167 violentiam,
906 2136 1075 2175 tyrannus

92 2194 171 2215 eum
206 2181 452 2215 interfecturus
480 2186 563 2213 erat.
616 2178 684 2213 Sed
713 2186 873 2212 exoratus
903 2192 921 2213 a
950 2179 1076 2221 Dione,

91 2233 199 2266 vitam
219 2232 249 2265 ei
268 2231 455 2271 concessit,
487 2232 547 2263 sed
571 2231 636 2271 ita,
667 2237 705 2264 ut
729 2230 764 2262 in
789 2230 991 2264 servitutem
1013 2232 1076 2264 ad-

91 2283 222 2317 diceret
256 2282 395 2315 cuidam
427 2281 725 2321 Lacedaemonio,
760 2281 965 2326 iuberetque
996 2293 1074 2315 eum

91 2333 210 2368 vendi.
245 2331 396 2366 Avectus
412 2331 518 2375 igitur
533 2331 633 2365 Plato
649 2332 686 2364 in
704 2331 848 2375 Aegina,
876 2333 1076 2377 redemptus

93 2392 145 2419 est
160 2396 179 2418 a
192 2382 308 2418 Dione
323 2382 429 2415 minis
447 2382 601 2425 triginta,
628 2379 695 2416 hoc
711 2389 771 2423 est,
798 2383 960 2416 trecentis
976 2395 1076 2417 coro-

91 2435 202 2477 natis,
228 2442 266 2468 ut
281 2446 376 2468 nunc
392 2433 583 2478 loquimur.
626 2432 772 2467 Mortuo
787 2440 883 2477 patre
901 2446 978 2467 cum
998 2445 1076 2467 suc-

93 2487 228 2520 cederet
244 2485 444 2519 adolescens
461 2483 665 2528 Dionysius‚
684 2492 716 2518 et
732 2485 916 2529 praecipue
931 2485 1076 2518 consilio

93 2537 219 2571 Dionis
236 2542 430 2580 regeretur,
457 2546 494 2567 ac
510 2534 605 2568 Dion
623 2535 776 2568 iuvenile
794 2535 973 2578 ingenium
990 2534 1077 2569 Dio-

94 2587 187 2632 nysii
218 2588 261 2620 ad
289 2587 472 2625 virtutem,
522 2585 692 2618 iusticiam
734 2593 766 2619 et
800 2586 1076 2619 moderationem

94 2637 232 2671 ssectere
253 2637 412 2671 doctrina
430 2643 463 2669 et
481 2636 669 2669 autoritate
692 2636 859 2680 sapientis
877 2637 944 2669 viri
963 2637 1079 2677 vellet,

94 2687 229 2722 censuit
261 2688 459 2721 vocandum
492 2698 564 2720 esse
598 2685 794 2723 Platonem.
854 2685 930 2721 Etsi
963 2688 1078 2733 priore

143 2741 320 2773 lituum.
347 2739 451 2774 orn.
478 2734 560 2773 Vot..
591 2739 654 2772 xl.

826 121 985 158 DECL.
1017 121 1092 158 DE
1126 119 1416 159 PLATONE.

2053 136 2124 172 418

1139 208 1296 252 exemplo
1321 216 1393 243 erat
1423 212 1623 247 admonitus
1650 213 1767 257 Plato,
1802 229 1873 250 non
1905 230 2003 262 posse
2028 223 2121 257 coire

1137 259 1324 292 amicitiam
1351 261 1443 294 inter
1467 261 1700 309 Philosophus
1729 273 1761 300 et
1790 274 1975 314 tyrannos,
2006 273 2116 307 victus

1137 316 1254 342 tamen
1291 307 1538 346 adhortatione
1569 314 1710 357 Dionis,
1757 318 1793 350 in
1825 319 1979 354 Siciliam
2017 325 2118 361 redit,

1135 358 1248 393 Erant
1271 361 1424 405 auspicia
1448 363 1580 397 aulicae
1603 369 1867 403 consuetudinis
1895 372 2000 413 laeta,
2028 375 2118 409 cives

1135 422 1256 443 omnes
1280 423 1424 445 aureum
1447 415 1623 458 quoddam
1659 419 1812 451 seculum
1837 422 1903 454 sibi
1936 425 2120 467 promitte—

1136 461 1237 501 bant,
1272 468 1455 507 postquam
1484 465 1671 506 gubernari
1703 470 1903 505 adolescens
1927 485 1945 506 a
1971 473 2118 510 Platone

1135 512 1258 555 coepit.
1312 511 1489 547 Audiebat
1513 516 1606 548 enim
1623 515 1877 563 Philosophum
1902 535 2028 567 magno
2045 534 2118 559 stu-

1134 562 1192 595 dio
1209 563 1251 595 de
1274 561 1366 601 Deo,
1393 565 1505 609 deque
1529 566 1789 602 immortalitate
1806 572 2051 616 disserentem,
2080 585 2117 611 ut

1134 613 1299 656 epistolae
1316 620 1487 648 testantur
1502 629 1591 661 quae
1607 615 1722 652 adhuc
1739 627 1866 655 extant.
1902 623 2011 658 Porro
2032 625 2114 660 haec

1134 664 1361 697 fundamenta
1385 672 1466 699 sunt
1489 679 1588 700 verae
1610 669 1769 708 virtutis,
1796 678 1913 706 tenere
1931 682 2057 709 rectam
2074 679 2117 711 de

1133 712 1208 747 Deo
1238 721 1271 748 et
1303 716 1345 748 de
1378 715 1638 752 immortalitate
1664 721 1863 756 animorum
1894 728 2118 761 sententiam:

1133 763 1227 798 Ilaec
1243 762 1466 810 philosophia
1484 769 1624 811 regibus
1641 771 1745 814 digna
1763 780 1823 808 est.
1879 773 2033 809 Tantum
2054 779 2118 821 igi-

1132 821 1190 848 tur
1206 817 1380 859 promovit
1399 816 1508 859 Plato,
1528 826 1564 852 ut
1581 821 1640 853 illa
1660 828 1757 855 atrox
1776 826 1972 868 tyrannidis
1989 830 2118 871 species

1133 878 1274 910 prorsus
1292 868 1483 908 tolleretur,
1511 871 1673 913 prodibat
1694 873 1729 905 in
1748 875 1939 917 publicum,
1955 879 2117 912 versaba-

1133 923 1190 950 tur
1206 929 1283 950 cum
1302 918 1436 951 civibus
1453 919 1547 958 Rex,
1574 933 1645 954 non
1670 925 1854 967 tyrannico
1870 928 2034 961 satellitio
2055 931 2118 963 sti-

1133 975 1243 1012 patus,
1272 970 1330 1001 sed
1348 970 1559 1003 doctissimis
1576 978 1608 1005 et
1626 974 1855 1008 nobilissimis
1871 977 2016 1013 civibus,
2043 979 2118 1013 Do-

1133 1019 1272 1051 mestica
1295 1019 1365 1052 vita
1388 1021 1618 1055 adolescentis
1646 1035 1716 1056 non
1743 1026 1849 1059 modo
1872 1027 1946 1061 sine
1964 1030 2116 1073 turpitu-

1132 1069 1214 1102 dine
1241 1076 1332 1109 erat,
1361 1071 1419 1103 sed
1443 1072 1544 1104 etiam
1570 1073 1607 1105 in
1628 1075 1770 1117 optimis
1795 1077 1920 1110 studiis
1938 1081 2117 1122 agebatur.

1133 1119 1173 1152 ln
1198 1120 1345 1163 imperio
1370 1119 1461 1154 nihil
1488 1124 1692 1165 crudeliter,
1726 1123 1817 1159 nihil
1846 1128 1992 1170 iniuste,
2026 1129 2117 1164 nihil

1131 1170 1206 1203 sine
1223 1171 1369 1204 consilio
1395 1172 1569 1206 bonorum
1586 1175 1743 1209 virorum
1761 1175 1888 1211 Dionis
1907 1186 1938 1212 et
1958 1180 2119 1215 Heracli-

1131 1222 1194 1254 ‹lae
1212 1221 1323 1255 fiebat.
1363 1221 1457 1255 Haec
1475 1230 1569 1257 tanta
1587 1225 1679 1259 bona
1697 1239 1768 1259 non
1788 1234 1856 1260 tam
1873 1227 2036 1276 Dionysii
2056 1245 2118 1265 na-

1131 1279 1226 1312 tura,
1254 1284 1357 1316 quam
1377 1273 1529 1316 vulgaris
1547 1275 1706 1309 aularum
1725 1279 1828 1320 pestis
1846 1279 1978 1314 invidia
1995 1294 2117 1316 corru-

1132 1322 1198 1366 pit,
1233 1323 1385 1366 improbi
1411 1325 1574 1367 quidam,
1608 1327 1667 1371 qui
1691 1335 1729 1361 ut
1747 1328 1923 1363 licentiam
1947 1329 2117 1367 haberent

1131 1372 1317 1413 scelerum,
1345 1374 1590 1410 desiderabant
1613 1384 1740 1411 statum
1761 1381 1995 1424 tyrannicum,
2023 1391 2053 1417 et
2072 1386 2115 1417 ad

1130 1435 1165 1456 se
1195 1435 1310 1456 rerum
1346 1421 1499 1458 habenas
1533 1424 1668 1460 trahere
1697 1430 1931 1470 conabantur,
1975 1445 2115 1468 excusso

1131 1472 1258 1507 Dione.
1313 1473 1494 1515 Quantum
1511 1484 1625 1509 autem
1645 1479 1781 1513 valeant
1805 1481 2017 1524 calumniae,
2043 1497 2116 1518 non

1130 1524 1234 1555 modo
1261 1524 1298 1555 in
1319 1525 1425 1564 aulis,
1453 1527 1511 1558 sed
1530 1527 1632 1559 etiam
1658 1531 1749 1572 apud
1772 1531 1945 1573 privatos,
1972 1547 2043 1568 non
2067 1543 2116 1569 est

1130 1574 1328 1607 obscurum.
1379 1573 1424 1607 Et
1443 1576 1523 1620 quia
1541 1589 1695 1611 sororem
1712 1578 1874 1626 Dionysii
1891 1582 1985 1617 Dion
2010 1583 2116 1619 habe-

1131 1625 1199 1663 bat,
1226 1624 1467 1659 instillabatur
1485 1628 1575 1670 regi,
1604 1640 1674 1661 non
1695 1641 1766 1663 esse
1783 1635 2041 1668 concedendam
2059 1638 2115 1669 ni—

1130 1675 1236 1707 miam
1255 1675 1444 1718 potentiam
1462 1678 1570 1718 affini,
1598 1691 1640 1711 ne
1659 1691 1804 1722 regnum
1824 1684 2012 1729 aliquando
2031 1699 2116 1720 con-

1130 1725 1334 1769 cupisceret,
1386 1724 1475 1759 Cum
1505 1728 1611 1770 igitur
1644 1732 1784 1764 tandem
1810 1734 1989 1770 vincerent
2019 1750 2117 1771 svco-

1130 1773 1312 1820 phantiae‚
1339 1777 1482 1819 pellitur
1499 1790 1537 1811 ex
1562 1791 1667 1822 regno
1684 1780 1796 1822 Dion,
1823 1785 1949 1819 frustra
1967 1777 2114 1821 Plaione

1130 1826 1295 1859 omnibus
1310 1827 1425 1860 modis
1440 1829 1638 1868 annitente,
1667 1844 1710 1864 ne
1727 1833 1810 1877 quid
1831 1835 1865 1867 in
1883 1837 1986 1869 talem
2003 1837 2113 1871 civem

1130 1889 1264 1910 summa
1294 1877 1422 1911 virtute
1454 1885 1487 1912 et
1523 1881 1709 1915 autoritate
1737 1885 1951 1927 praeditum,
1986 1888 2113 1922 iniuste

1130 1928 1409 1961 constitueretur⁴
1462 1927 1581 1963 Eiecto
1603 1930 1718 1965 Dione
1741 1935 1908 1977 paulatim
1934 1937 2114 1982 improbo-

1130 1990 1207 2011 rum
1235 1979 1393 2022 potentia
1422 1981 1548 2018 crevit,
1583 1989 1615 2015 et
1643 1984 1824 2027 depravari
1860 1988 1949 2030 regis
1975 1990 2113 2023 animus

1129 2028 1251 2072 coepit.
1305 2028 1410 2062 Forte
1426 2042 1465 2063 eo
1485 2038 1640 2075 tempore
1658 2033 1756 2067 Plato
1781 2038 1951 2079 praedixit
1967 2040 2111 2083 eclipsin

1129 2080 1294 2113 suturam.
1351 2079 1403 2113 Ibi
1421 2079 1638 2126 Aristippus,
1666 2085 1726 2128 qui
1752 2098 1820 2119 una
1845 2089 1982 2130 aderat,
2007 2091 2054 2123 ait
2078 2103 2113 2123 se

1129 2131 1170 2162 de
1196 2130 1449 2173 significatione
1470 2132 1731 2173 divinaturum,
1759 2148 1797 2169 ac
1820 2137 1958 2179 iocans,
1995 2141 2113 2186 inquit

1128 2180 1291 2224 portendi
1328 2181 1548 2215 inimicitiam
1587 2184 1678 2217 inter
1710 2197 1823 2229 regem
1853 2196 1886 2222 et
1911 2189 2112 2226 Platonem.

1129 2231 1204 2264 Hoc
1230 2231 1306 2264 ioco
1330 2231 1438 2265 facete
1458 2233 1556 2265 aulae
1579 2236 1806 2270 mutationem
1830 2237 2032 2285 Aristippus
2055 2254 2111 2275 re-

1128 2279 1332 2326 prehendit,
1360 2283 1419 2314 sed
1446 2283 1533 2316 illud
1562 2284 1627 2318 suit
1650 2287 1870 2330 addendum,
1898 2289 2110 2337 Dionysium

1128 2339 1271 2376 propter
1286 2339 1434 2365 mutatos
1451 2345 1582 2374 moreS,
1610 2347 1754 2378 regnum
1771 2339 1979 2375 amissurum
1995 2343 2114 2380 fuisse.

1126 2382 1203 2417 Etsi
1221 2389 1337 2415 autem
1355 2389 1525 2428 tyrannus
1541 2386 1690 2420 retinere
1706 2386 1888 2423 Platonem
1911 2398 1983 2425 arte
2005 2405 2112 2427 cona-

1128 2441 1203 2474 tur,
1236 2439 1352 2466 tamen
1385 2434 1563 2478 suspicans
1591 2435 1710 2477 Plato,
1744 2438 1777 2471 id
1803 2442 1895 2485 quod
1919 2450 2008 2484 erat,
2043 2444 2110 2477 sibi

1129 2491 1270 2529 propter
1284 2484 1434 2517 Dionem
1461 2484 1625 2519 nonnihil
1652 2499 1723 2521 esse
1748 2491 1913 2533 periculi,
1939 2494 2058 2528 avellit
2076 2506 2111 2527 se

1128 2549 1146 2569 a
1173 2534 1345 2579 Dionysio
1370 2535 1499 2579 quibus
1525 2544 1637 2580 potest
1659 2539 1789 2573 modis:
1816 2542 2007 2577 dimittitur
2031 2557 2110 2586 ergo

1129 2598 1200 2620 non
1219 2586 1293 2618 sine
1311 2597 1472 2627 munere;
1501 2588 1659 2623 scribunt
1676 2590 1769 2623 enim
1787 2593 1960 2636 octoginta
1984 2595 2110 2627 talenta

1129 2638 1159 2670 ei
1177 2637 1305 2670 donata
1325 2647 1413 2677 esse,
1439 2634 1505 2671 hoc
1523 2645 1591 2679 est,
1617 2647 1694 2673 octo
1713 2647 1744 2674 et
1762 2643 2015 2690 quinquaginta
2034 2645 2113 2677 mil-

1130 2689 1177 2721 lia
1201 2688 1621 2772 coronatorum.2⁷Redit
1646 2691 1752 2734 igitur
1770 2691 1925 2726 Athenas
1944 2701 2046 2739 atque
2064 2695 2112 2727 ibi
