2338 2958
227 116 317 155 x207
700 105 864 142 DECL.
894 102 1137 141 CONTRA
1170 101 1505 140 EMPIthos
1539 102 1816 142 MEDICOS.
2198 106 2274 143 208

248 204 285 236 in
318 213 355 234 re
387 205 501 238 tanta,
542 193 767 239 Magistratus
796 190 946 225 debebat
975 190 1233 236 impudentiam
1260 197 1263 236 3
1288 187 1451 224 homines
1480 195 1634 228 constat,
1675 197 1710 224 et
1735 189 1844 225 Poe‘ta
1873 190 2079 235 significavit
2109 202 2190 225 cum
2220 190 2277 225 in-

250 255 397 286 istorum
417 246 618 286 cohercere,
646 242 846 287 praesertim
862 253 940 276 cum
959 243 1068 276 multa
1085 241 1234 275 crimina
1261 242 1264 255 '
1291 241 1392 287 quit:

250 305 286 338 in
316 314 387 336 uno
414 301 540 337 insint,
575 306 725 340 quorum
749 292 928 338 quaelibet
951 304 1079 337 poenas
1104 290 1236 326 habent
1260 266 1264 340 l
1424 291 1532 323 Foelix
1548 294 1601 334 qui
1618 295 1718 332 potuit
1733 305 1831 324 rerum
1848 305 2025 335 cognoscere
2039 306 2151 327 ceusu.

251 353 386 389 leuibus
408 347 623 384 constitutas.
676 342 723 378 Et
747 344 940 388 prudenter
963 343 1000 376 in
1025 343 1234 388 quibusdam
1261 348 1263 350 '
1288 340 1336 375 Et
1359 340 1460 375 Plato
1481 341 1616 386 inquit:
1642 339 1813 376 Naturam
1838 340 1994 377 hominis
2014 343 2089 377 sine
2111 340 2278 376 Philoso-

250 380 449 437 eii-itaubus
474 399 563 431 bene
586 394 784 430 constitutis
808 394 988 439 provisum
1007 401 1071 434 est,
1096 405 1141 426 ne
1157 393 1237 438 quis
1289 389 1372 436 phia
1394 403 1554 425 mancam
1582 397 1687 437 atque
1713 391 1874 427 inutilem
1899 405 1983 429 esse.
2044 392 2135 427 Vere
2159 398 2277 427 autem

251 438 403 489 &arceat
424 447 642 483 Medicinam
669 445 744 478 siue
771 442 984 478 authoritate
1007 444 1143 488 collegii
1171 445 1235 477 do-
1262 467 1264 474 t
1291 439 1357 475 hoc
1372 442 1539 475 affirmari
1556 449 1685 486 potest:
1713 441 1872 477 Medicus
1887 442 2049 478 adbucin
2061 443 2278 488 possessione

251 514 383 539 cun-„m
411 498 621 533 Medicinae.
682 495 787 539 Quod
813 496 842 528 si
868 495 1000 539 ubique
1025 501 1234 533 servaretur,
1261 479 1265 531 l
1291 493 1416 526 veteris
1441 493 1536 526 illius
1555 493 1736 526 doctrinae
1754 505 1844 533 esse,
1871 507 1976 540 quam
1995 506 2099 528 unam
2117 501 2156 545 «εἰδ
2168 493 2279 527 solam

251 554 374 588 melius
399 550 598 584 consultum
624 555 711 581 esset
733 545 917 579 hominum
943 545 1067 583 saluti,
1094 557 1172 578 cum
1199 545 1233 577 iu
1261 543 1266 601 i
1291 541 1452 576 homines
1484 543 1755 587 sapientissimi,
1789 544 1852 589 qui
1883 552 1955 577 tum
1987 546 2078 590 apud
2112 542 2279 584 Graecos,

251 603 382 638 morbis
397 613 469 634 uon
487 597 695 633 adhiberent
712 597 778 630 nisi
798 597 909 629 bonos
925 595 1039 633 viros,
1067 602 1100 629 et
1117 597 1237 629 doctos
1262 603 1268 637 ¹,
1292 600 1365 627 tum
1389 595 1482 639 apud
1506 593 1672 635 Latinos,
1706 602 1780 628 tum
1806 596 1898 638 apud
1925 593 2057 629 Arabes
2079 595 2281 635 extiterunt,

254 655 422 690 Medicus.
484 650 586 684 Nunc
610 649 757 682 salutem
781 659 878 680 suam
901 647 1127 679 committunt
1145 645 1238 679 eius-

251 705 345 739 modi
367 701 625 738 nebulonibus,
653 699 782 744 quibus
799 710 871 730 non
890 698 1059 730 auderent
1078 697 1236 740 exiguam

252 754 435 801 pecuniam
462 750 692 785 committere.
745 747 792 782 Et
816 755 931 781 tamen
951 747 1008 781 isti
1028 748 1069 780 ad
1087 747 1238 780 curatio-
1264 736 1266 792 l

251 820 331 841 nem
365 803 453 838 nihil
488 802 593 835 etiam
618 800 800 838 adferunt,
834 798 900 831 nisi
926 798 1182 842 impudentiam
1207 804 1239 831 et
1264 827 1266 839 ,

251 856 430 892 audaciam
464 851 682 898 plectendam
712 850 862 893 legibus:
906 849 963 882 sed
998 847 1087 882 hanc
1119 859 1266 895 curamj

250 907 402 952 Reipub.
432 902 693 946 Magistratibus
723 901 1018 934 commendemus¹
1084 898 1152 933 Vos
1185 899 1267 939 in-;

251 959 353 994 terim
372 954 556 1000 privatim,
582 953 769 997 siquando
787 962 874 994 opus
891 951 974 991 erit,
1003 950 1147 994 periculi
1166 963 1239 982 ma-
1264 949 1267 986 ἶ

251 1009 398 1054 gnitndo
424 1007 628 1044 admoneat,
655 1003 774 1048 quales
792 1001 951 1034 Medicus
977 1001 1160 1034 consulere
1178 1002 1239 1033 tle·
1264 1031 1267 1045 ;

251 1060 370 1094 beatis.
425 1055 555 1090 Tutius
573 1060 622 1088 est
640 1053 735 1087 enim
751 1050 918 1085 adhibere
936 1052 1050 1085 bonos
1068 1052 1180 1092 viros,
1208 1058 1240 1084 et
1264 1056 1266 1097 j

253 1111 312 1157 qui
336 1115 443 1143 artem
464 1118 568 1152 quam
586 1110 746 1138 exercent
763 1103 982 1141 didicerunt,
1010 1115 1114 1148 quam
1133 1102 1239 1135 levis·
1263 1101 1265 1139 ἶ

251 1164 358 1195 simos
396 1159 604 1202 impostores
637 1162 670 1189 et
707 1152 949 1188 histrionicam
989 1154 1096 1196 magis
1134 1165 1237 1198 quam

251 1211 461 1247 medicinam
486 1213 694 1241 exercentes,
746 1202 821 1248 Ego
845 1216 926 1237 vero
952 1204 989 1236 in
1014 1201 1077 1236 hac
1095 1216 1148 1241 re,
1176 1203 1236 1236 etsi

253 1261 407 1307 periculo
425 1258 562 1304 publico
577 1257 726 1290 maxime
742 1266 902 1295 moveor,
929 1262 1044 1288 tamen
1064 1262 1239 1298 praeterea

252 1310 450 1347 incredibili
482 1309 604 1342 dolore
636 1305 788 1346 afficior,
823 1312 965 1350 propter
988 1305 1266 1360 contumeliam1

251 1364 336 1398 artis
366 1369 399 1395 et
429 1359 620 1394 doctrinae.
674 1355 786 1390 Doleo
817 1355 911 1389 enim
937 1356 1067 1399 negligi
1096 1362 1127 1388 et
1155 1367 1240 1388 con-
1264 1361 1266 1395 Ι

252 1413 360 1450 temni
379 1418 509 1446 tantam
529 1406 711 1443 scientiam
727 1403 1043 1451 pulcherrimarum
1062 1406 1097 1438 in
1117 1412 1240 1439 natura
1264 1405 1266 1412 '

1291 656 1407 678 veram
1440 642 1700 689 philosophiam
1730 656 1802 678 esse
1834 645 2092 680 iudicaverunt.
2163 644 2283 688 Quare

1292 707 1428 728 necesse
1454 702 1503 728 est
1522 693 1604 736 hos,
1632 708 1781 741 quorum
1798 696 1907 729 animi
1926 709 1996 729 non
2013 697 2200 741 capiuntur
2218 694 2281 729 hac

1291 745 1452 778 doctrina
1465 773 1474 787 ,
1502 746 1556 779 vel
1575 758 1594 779 a
1614 753 1735 779 natura
1752 744 1936 780 hominum
1955 749 2199 791 degenerasse,
2225 745 2280 779 vel

1293 803 1460 841 tanquam
1494 803 1650 830 monstra
1681 809 1699 829 a
1731 805 1854 830 natura
1879 796 2064 832 inchoatos
2087 809 2177 837 esse,
2207 808 2281 830 non

1292 847 1481 881 absolutos,
1536 845 1593 880 An
1622 859 1691 880 non
1719 849 1869 892 portenti
1894 849 2008 882 simile
2025 857 2091 890 est,
2120 846 2282 881 homines

1292 905 1489 931 exercentes
1508 896 1736 938 Medicinam,
1763 906 1794 932 et
1814 898 1850 932 in
1872 897 1936 933 hoc
1955 901 2073 933 studio
2092 905 2281 935 versantes,

1292 956 1407 982 tamen
1425 948 1520 981 velot
1538 947 1677 993 Ulysses
1695 949 1869 983 obstruxit
1886 962 2005 991 aures,
2034 963 2076 983 ne
2093 958 2197 984 cantu
2214 948 2282 995 Sy·
2322 952 2324 954 ’

1292 1010 1417 1033 renum
1447 999 1681 1039 detineretur,
1715 1000 1904 1043 praeterire
1924 1002 2111 1035 obstructis
2135 999 2280 1034 auribus

1291 1056 1395 1094 atque
1421 1050 1550 1088 oculis,
1585 1049 1781 1083 doctrinam
1805 1051 1965 1084 omnium
1989 1051 2092 1095 longe
2114 1049 2281 1084 suavissi-

1293 1112 1383 1133 mam
1406 1112 1444 1133 ac
1464 1100 1771 1133 liberalissimam?
1825 1100 2008 1136 Delectant
2027 1099 2190 1135 homines
2204 1100 2282 1134 ludi

1290 1158 1323 1185 et
1349 1151 1555 1194 spectacula.
1617 1150 1722 1193 Quod
1748 1158 1863 1185 autem
1890 1153 2020 1195 gratius
2045 1151 2280 1196 spectaculum

1291 1201 1476 1245 excogitari
1496 1202 1633 1246 potest?
1661 1213 1764 1246 quam
1781 1202 1843 1236 ista
1863 1203 1995 1246 pictura
2013 1203 2121 1237 totius
2138 1202 2282 1236 univer-

1291 1253 1400 1286 sitatis
1433 1265 1568 1293 rerum,
1608 1264 1697 1297 quae
1728 1260 1818 1286 extat
1850 1253 1885 1286 in
1917 1255 2046 1287 nostris
2079 1253 2280 1287 autoribus:

1291 1302 1390 1345 Quae
1416 1304 1523 1347 possit
1546 1300 1682 1336 homiui
1708 1303 1855 1346 sapienti
1880 1305 1994 1337 maior
2017 1304 2177 1348 voluptas
2195 1315 2280 1337 con-

1291 1353 1442 1395 tingere,
1477 1365 1582 1398 quam
1613 1353 1724 1386 oculis
1754 1360 1858 1398 atque
1888 1355 2007 1388 auimo
2035 1354 2280 1388 admirabilem

1291 1403 1556 1443 oeconomiam,
1583 1403 1765 1443 ordinem,
1792 1404 1884 1438 vices
1907 1417 2024 1438 rerum
2043 1405 2191 1438 maxime
2208 1404 2282 1438 dis-

253 1476 392 1503 rcruui,
418 1473 523 1503 quam
547 1456 712 1493 authores
729 1457 838 1490 nostri
858 1457 1029 1501 complexi
1046 1463 1139 1490 sunt.
1172 1455 1241 1489 Ne·
1264 1474 1268 1512 -ι
1291 1454 1458 1487 similium
1486 1454 1521 1487 in
1548 1462 1671 1488 natura
1697 1455 1853 1488 intueri?
1904 1455 1952 1490 At
1975 1456 2058 1489 istos
2080 1453 2280 1493 histriones.

253 1528 320 1562 que
344 1511 553 1551 verisimile,
581 1515 713 1543 tantam
740 1507 941 1541 varietatem
959 1507 1124 1540 scientiae
1144 1519 1241 1550 rcpe-
1264 1523 1268 1549 ,ν
1292 1517 1404 1550 neque
1435 1505 1568 1538 utilitas
1597 1503 1722 1538 harum
1751 1517 1890 1547 rerum,
1923 1518 2036 1552 neque
2061 1507 2214 1541 suavitas
2236 1507 2282 1546 ad

253 1567 315 1601 riri
346 1564 517 1609 potuisse,
545 1561 611 1594 nisi
637 1558 732 1593 Deus
755 1558 904 1592 istorum
928 1558 1086 1590 virorum
1109 1565 1241 1590 mentes
1264 1573 1267 1614 i
1291 1556 1497 1588 discen-lum
1516 1564 1715 1599 permovet,
1743 1556 1802 1600 qui
1823 1557 1965 1601 quidem
1987 1555 2052 1590 boc
2072 1557 2180 1601 inagis
2198 1557 2282 1590 odio

252 1614 423 1660 singulari
457 1612 576 1646 afflatu
607 1609 773 1643 movisset
800 1609 841 1641 ad
875 1621 994 1642 earum
1024 1608 1240 1642 observatio-
1265 1624 1267 1636 ι
1292 1606 1388 1649 digni
1414 1613 1512 1645 suut,
1540 1608 1632 1651 quod
1658 1607 1761 1639 etiam
1786 1607 1945 1651 exemplo
1968 1615 2108 1643 nocent.
2161 1607 2284 1642 Plures

254 1680 352 1708 nem,
375 1664 435 1711 qui
454 1674 510 1697 eas
528 1667 752 1707 repererunt,
779 1666 812 1693 et
831 1659 995 1704 pleraque
1016 1665 1243 1692 monstrasset
1292 1657 1385 1690 enim
1403 1664 1482 1690 sunt
1495 1684 1504 1697 ,
1531 1664 1567 1690 ut
1584 1658 1620 1690 lit
1638 1657 1728 1690 iuter
1744 1654 1922 1698 homines,
1950 1659 2009 1703 qui
2028 1656 2117 1692 banc
2136 1655 2282 1693 histrio-

253 1720 423 1755 abstrusa,
450 1726 537 1760 quae
553 1711 711 1746 humano
731 1710 872 1754 ingenio
890 1710 964 1743 erui
983 1722 1054 1743 non
1072 1716 1242 1754 poteraut.

254 1770 354 1812 Quae
376 1767 516 1800 tandem
543 1771 687 1798 naturae
706 1773 784 1806 pars
798 1761 1037 1801 desideratur,
1065 1772 1152 1804 quae
1170 1772 1241 1794 nou

253 1809 297 1854 sit
317 1818 482 1863 patefacta
499 1822 602 1860 atque
619 1813 791 1846 illustrata
807 1809 935 1845 horum
956 1811 1090 1845 literis?
1133 1810 1242 1843 Gein-
1266 1816 1269 1851 Ι

254 1882 350 1910 mae,
385 1868 545 1912 plantae,
577 1863 769 1898 animantia
797 1869 829 1896 et
857 1870 970 1907 partes
995 1862 1242 1899 animantium,

255 1924 613 1965 temperamentorum
644 1915 846 1953 varietates,
881 1925 1003 1946 causae
1026 1913 1243 1953 morborum,

255 1983 377 2006 causae
394 1968 649 2007 remediorum,
676 1964 859 2009 multiplex
877 1964 964 1998 ratio
984 1971 1015 1998 et
1032 1975 1243 1998 conservan-

255 2025 318 2057 dae
346 2019 504 2055 sanitatis
527 2025 559 2052 ct
583 2016 858 2060 recuperandae,
885 2016 1063 2060 quomodo
1089 2015 1169 2048 iude.
1185 2027 1243 2048 us-

256 2086 322 2119 que
346 2084 364 2105 a
384 2076 552 2114 conceptu
570 2069 612 2101 ad
633 2074 824 2101 extremum
847 2065 936 2099 vitae
953 2073 1067 2100 actum
1082 2093 1090 2105 ,
1119 2072 1242 2100 natura

256 2123 404 2157 fovenda
430 2128 462 2154 et
487 2121 652 2153 adversus
677 2118 818 2151 morbos
842 2117 1033 2150 munienda
1061 2117 1122 2156 sit,
1156 2123 1243 2150 tem-

257 2180 457 2219 peramenta
481 2171 754 2206 elementorum,
783 2167 891 2207 aeris,
917 2180 1046 2212 aquae,
1075 2166 1244 2207 locorum,

256 2238 301 2271 qu
317 2237 341 2257 ιε
363 2222 510 2256 babeant
525 2248 532 2261 ,
560 2232 696 2260 causas,
720 2231 808 2264 quos
829 2218 989 2256 effertus,
1018 2231 1106 2263 quae
1125 2218 1166 2251 sit
1185 2230 1243 2251 co-

256 2276 367 2320 gni2io
393 2274 601 2318 qualitatum
628 2271 662 2303 iu
687 2270 895 2313 corporibus
921 2269 1146 2302 inferioribus
1164 2281 1242 2302 cum

257 2325 458 2359 coelestium
470 2334 656 2367 corporum
670 2321 835 2358 motibus.
862 2320 1245 2353 uude.existautomnes

259 2378 293 2410 in
317 2374 524 2419 corporibus
550 2372 782 2410 mutationes,
819 2384 907 2416 quae
932 2369 1081 2404 habeant
1107 2378 1242 2404 tantum

259 2429 292 2461 in
329 2426 469 2460 nuato-ria
497 2435 633 2462 (misas,
667 2434 753 2466 quae,
778 2423 881 2455 etiam
907 2419 1055 2456 habeant
1081 2422 1244 2455 coelestes

258 2490 394 2512 causas;
439 2475 589 2508 bri-xiter
619 2480 690 2506 tota
724 2485 838 2505 rerum
873 2480 1013 2510 natura,
1051 2473 1085 2505 in
1117 2472 1245 2505 nostris

259 2529 357 2563 libris
374 2527 468 2570 quasi
488 2527 530 2569 pi«
545 2534 575 2557 ta
596 2523 762 2556 rei-nitur.
793 2524 906 2566 Quem
926 2530 1041 2557 autem
1061 2536 1130 2556 uon
1152 2523 1242 2556 iuvet

1294 1708 1428 1748 nicam,
1453 1720 1532 1741 cuin
1556 1705 1681 1741 habeat
1707 1709 2006 1753 compendiariam
2026 1710 2117 1743 viam
2136 1711 2179 1743 ad
2198 1720 2281 1754 opes

1293 1759 1486 1803 parandas,
1511 1759 1641 1791 imitari
1662 1759 1783 1798 velint,
1811 1772 1914 1804 quam
1933 1759 1991 1805 qui
2012 1761 2198 1805 perfectam
2216 1761 2282 1794 do-

1292 1809 1441 1843 ctrinam
1473 1816 1655 1853 expetant,
1688 1822 1776 1854 quae
1810 1810 1899 1843 nulli
1934 1817 2047 1854 potest
2077 1811 2280 1855 contingere

1267 1893 1270 1921 Ι
1293 1860 1367 1893 sine
1393 1859 1561 1893 acerrimo
1586 1861 1718 1894 studio:
1754 1861 1799 1893 ita
1826 1861 1994 1905 paulatim
2022 1874 2100 1895 vera
2127 1874 2182 1896 ars
2202 1873 2281 1896 tor-

1294 1911 1490 1955 rumpitur,
1526 1911 1686 1944 doctrina
1711 1911 1864 1954 neglecta
1891 1912 2057 1955 paulatim
2083 1913 2280 1947 collabitur.

1295 1960 1368 2004 Ego
1400 1974 1482 1994 xero
1517 1962 1599 2007 quia
1631 1962 1731 1995 doleo
1757 1963 1866 1996 viceni
1891 1963 2043 2006 optimae
2067 1963 2172 2001 artis,
2207 1975 2280 1997 non

1295 2025 1433 2057 possum
1456 2025 1527 2045 non
1546 2024 1748 2046 succensere
1765 2013 1838 2046 istis
1857 2013 2031 2057 pestibus,
2058 2025 2148 2058 quae
2162 2026 2280 2049 veram

1293 2061 1559 2108 Philosophiam
1572 2090 1581 2103 ,
1608 2076 1675 2109 qua
1695 2063 1832 2097 nullum
1851 2061 1980 2097 habent
1997 2061 2158 2099 homines
2174 2077 2281 2099 orna-

1294 2122 1451 2148 mentum
1484 2115 1612 2153 maius,
1649 2114 1856 2159 opprimunt
1887 2121 1917 2148 rt
1950 2115 2169 2158 extinguunt.
2230 2116 2281 2150 Ae

1296 2167 1474 2198 videamus
1500 2165 1603 2199 etiam
1627 2165 1705 2198 aliis
1726 2165 1965 2208 temporibus,
1995 2164 2059 2199 hoc
2082 2178 2192 2213 genus
2214 2166 2282 2200 ini·

1296 2225 1475 2260 postorum
1502 2216 1660 2250 nocuisse
1683 2215 1767 2257 arti;
1797 2215 1953 2250 Galenus
1969 2217 2061 2250 enim
2079 2217 2179 2251 valde
2195 2230 2283 2263 que-

1296 2268 1384 2300 ritur
1418 2267 1557 2300 sceleste
1587 2274 1786 2311 corruptam
1812 2279 1884 2300 esse
1908 2280 1925 2299 a
1952 2268 2103 2302 Servulo
2128 2269 2280 2314 quodam

1296 2317 1397 2359 nib-ili
1427 2316 1589 2358 homine,
1616 2315 1802 2357 'l'ln-ss.·to;
1830 2318 1888 2351 sed
1906 2317 2064 2353 Galenus
2081 2319 2202 2353 divina
2216 2330 2283 2364 ope

1297 2370 1528 2403 collabentem
1580 2380 1620 2402 eo
1669 2375 1823 2413 tempore
1870 2369 2066 2403 doctrinam
2118 2369 2280 2404 restituit.

1298 2420 1396 2453 Nunc
1424 2433 1494 2453 nou
1521 2427 1569 2453 est
1597 2431 1688 2452 unus
1705 2418 1914 2459 'thessalum
1940 2422 1998 2454 sed
2025 2419 2155 2466 ubique
2178 2420 2282 2465 plena

1296 2480 1373 2503 sunt
1403 2471 1631 2515 impostorum
1657 2470 1796 2511 munia,
1826 2478 1857 2504 et
1875 2471 1988 2505 fatalis
2005 2471 2175 2517 quaedam
2191 2471 2283 2505 cala-

1298 2523 1416 2560 mitas,
1451 2530 1557 2555 artem
1581 2533 1703 2562 urgere
1729 2522 1877 2554 videtur.
1936 2520 1987 2556 Ac
2011 2519 2097 2555 mihi
2122 2522 2283 2555 conside-

260 2581 321 2613 ista
357 2579 486 2618 legare,
521 2587 745 2615 cognoscere.
781 2575 1036 2617 contemplari?
1090 2574 1177 2608 Nam
1202 2575 1244 2606 ad
1270 2586 1273 2633 Ι
1298 2574 1386 2606 ranti
1417 2573 1591 2605 interdum
1618 2573 1703 2605 alias
1726 2572 1947 2616 disciplinas,
1975 2573 2138 2606 videntur
2155 2586 2194 2606 ex
2214 2573 2285 2607 illis

259 2630 382 2664 haruin
418 2641 531 2660 rernm
567 2625 828 2669 impositionem
862 2632 964 2669 atque
998 2625 1247 2666 coguitionem,
1270 2638 1273 2660 ι
1297 2625 1400 2657 etiam
1426 2623 1588 2667 plurimi.
1622 2631 1756 2656 tautum
1783 2622 1901 2654 ieiuni
1927 2623 2064 2659 titulos.
2100 2624 2142 2657 ad
2167 2632 2284 2658 osto-n-

260 2681 428 2724 pr···:re.ui
467 2686 566 2721 ..tque
606 2676 712 2719 geniti
754 2687 893 2713 sunaus.
937 2683 975 2709 ut
1015 2675 1106 2709 iuter
1145 2687 1245 2709 sanos
1268 2663 1275 2717 l
1298 2676 1462 2708 tationem
1483 2682 1719 2719 et11=i;···stii==i.
1775 2673 2285 2718 Yerauietpei-settaindoctti-
