2338 2958
153 123 249 160 1025

152 221 221 253 quo
246 214 360 251 postea
387 207 488 251 plura
514 206 638 238 dicam.
693 205 760 239 Sed
783 213 901 239 narrat
919 206 1009 250 ipse,
1039 212 1136 239 tuto-

152 271 206 292 res
234 256 469 302 prohibuisse,
505 257 648 289 latinam
679 257 835 299 linguam
866 257 981 289 doceri
1017 257 1136 289 adole-

151 306 500 357 scentemffortassis
517 318 560 339 ne
580 307 640 340 diu
660 307 695 340 iu
713 307 836 340 studiis
857 307 1035 340 literarum
1051 306 1136 339 reti—-

152 366 310 397 neretur,
338 371 375 391 ac
398 358 519 391 scribit
544 356 752 398 Nauclerus,
779 369 879 400 saepe
901 356 1135 394 Eberardum‚

152 421 230 442 cum
255 417 369 453 postea
387 415 579 442 conventus
596 408 752 451 imperii,
778 415 811 441 et
827 414 960 440 exteras
977 407 1136 441 nationes

151 460 282 498 adiret,
317 471 394 492 cum
419 458 546 501 insigni
570 458 823 501 significatione
847 458 980 490 doloris
1003 458 1136 501 impro-

151 511 250 543 basse
275 507 358 542 haec
382 509 543 542 mandata
563 515 739 549 tutorum,
766 520 804 541 ac
829 508 974 546 dixisse,
1001 507 1134 540 nemini

151 561 261 603 magis
293 572 380 603 opus
409 571 480 592 esse
512 559 711 601 cognitione
737 559 915 591 doctrinae
942 564 974 590 et
998 558 1136 600 lingua-

151 622 250 651 rum,
273 622 377 654 qnam
397 609 564 654 Principi.
616 608 663 643 Et
683 616 799 653 postea
823 609 890 641 sibi
915 608 1135 642 doctissimos

150 659 313 693 homiues
339 660 517 700 adiunxit,
554 671 571 693 a
597 660 725 705 quibus
748 666 781 692 et
802 658 978 692 Ecclesiae
1002 658 1135 691 doctri-

151 723 232 744 nam
253 711 404 754 integre,
431 717 602 756 quantum
622 717 753 753 posset,
780 709 942 746 disceret,
972 716 1004 743 ct
1021 710 1135 742 fontes

150 762 330 795 doctrinae
350 762 438 796 luris
460 768 492 795 et
512 758 674 794 historias
692 767 931 805 cognosceret,
951 766 990 793 ut
1007 760 1135 793 deinde

149 813 274 846 dicam.

251 870 420 915 Egressus
436 883 475 905 ex
491 871 742 912 adolescentia,
765 872 802 904 in
829 872 911 915 ipsis
934 871 1044 904 initiis
1071 882 1134 914 gu-

149 922 366 955 bernationis
396 934 478 955 suae
510 924 682 966 profectus
714 929 764 956 est
795 922 1060 967 lerosolymam,
1101 928 1134 954 et

150 973 231 1016 quia
260 973 376 1005 studio
410 974 594 1007 tenebatur
623 973 766 1006 videndi
799 973 940 1015 vestigia
970 972 1031 1005 filii
1056 971 1133 1011 Dei,

148 1022 315 1067 impressa
339 1024 390 1056 illi
415 1024 567 1067 regioni,
593 1023 629 1057 in
653 1024 781 1069 quibus
804 1023 952 1057 illustria
976 1023 1130 1056 testimo-

149 1072 207 1106 nia
231 1074 388 1107 coelestis
411 1075 589 1108 doctrinae
613 1075 704 1108 edita
725 1081 826 1114 sunt,
853 1080 885 1107 et
906 1073 986 1118 quia
1012 1084 1133 1116 respu-

148 1123 255 1157 blicas
287 1125 391 1165 alibi,
437 1132 468 1158 et
496 1125 687 1168 peritorum
713 1121 896 1156 hominum
921 1134 1060 1162 sensus,
1100 1130 1133 1156 et

147 1185 263 1207 mores
290 1186 495 1217 cognoscere
512 1174 683 1217 cupiebat.
737 1173 777 1206 ln
796 1186 832 1207 ea
851 1173 1132 1217 peregrinatione

147 1231 182 1256 et
203 1225 311 1257 multa
337 1225 478 1265 didicit,
505 1231 537 1257 et
558 1225 670 1257 virtus
694 1224 768 1257 eius
789 1224 825 1257 in
852 1224 1016 1267 periculis
1035 1230 1068 1257 et
1083 1224 1132 1256 la-

145 1275 294 1307 boribus
312 1275 528 1317 perferendis
544 1275 662 1314 crevit,
689 1282 721 1308 et
738 1287 815 1308 cum
834 1275 870 1307 in
889 1274 1052 1307 omnibus
1070 1275 1131 1307 de-

146 1325 418 1358 liberationibus
460 1331 492 1358 et
525 1326 722 1359 actionibus
758 1325 824 1358 iam
860 1325 1064 1367 diligentior
1098 1331 1132 1358 et

146 1376 288 1419 gravior
305 1376 416 1408 factus
433 1382 538 1416 esset,
564 1388 742 1409 reversum
760 1375 868 1419 magis
884 1375 1053 1409 admirari
1065 1400 1073 1414 ,
1098 1383 1131 1410 et

145 1426 293 1470 diligere
311 1426 457 1470 patriam
480 1427 604 1471 coepit.

234 1485 439 1519 lnciderunt
455 1493 568 1519 autem
586 1486 724 1519 exordia
742 1485 1006 1530 gubernationis
1022 1485 1131 1530 ipsius

145 1536 182 1568 in
210 1542 366 1580 tempora
391 1537 474 1570 satis
497 1537 617 1572 tristia.
677 1535 834 1579 Agnatus
857 1548 970 1570 comes
991 1535 1131 1570 Ulricus

144 1587 248 1630 gessit
266 1587 396 1620 bellum
417 1588 560 1620 infoelix
579 1600 657 1620 cum
675 1586 853 1620 friderico
867 1586 1047 1627 Palatino,
1076 1587 1130 1618 iu-

145 1637 272 1671 citatus
288 1639 332 1670 ab
351 1636 498 1671 Alberto
514 1635 740 1678 Marchione,
766 1649 784 1671 a
802 1637 901 1671 cuius
918 1637 1002 1671 bclli
1020 1637 1131 1670 socie-

143 1695 213 1721 tate
239 1695 277 1721 ut
303 1688 493 1722 abstineret
514 1686 738 1729 Eberardus,
770 1694 880 1721 mater
903 1688 1064 1732 perfecit,
1093 1688 1129 1719 in

144 1749 211 1782 qua
226 1745 300 1771 erat
316 1739 486 1771 excellens
505 1738 693 1782 prudentia
717 1745 749 1772 ct
769 1738 889 1772 virtus.
944 1737 1078 1771 Interea
1097 1745 1130 1771 et

143 1787 291 1820 Carolus
310 1787 524 1831 Burgundus
543 1788 770 1821 Germaniam
794 1789 976 1828 turbabat,
1001 1795 1032 1819 et
1049 1787 1129 1820 Ma-

143 1835 309 1871 humetus
334 1845 431 1881 capta
451 1838 764 1881 Constantinopoli
787 1845 819 1870 et
838 1845 966 1871 vastata
981 1836 1126 1870 Graecia

142 1889 275 1921 bellum
301 1889 528 1921 transferebat
554 1889 588 1920 in
615 1888 854 1928 Pannoniam,
891 1895 922 1921 ct
947 1888 1127 1932 aliquanto

143 1947 221 1983 post
240 1938 505 1972 Maximiliauus
524 1939 656 1982 gallicis
673 1939 827 1971 artificiis
842 1947 961 1982 captus
979 1945 1040 1975 est.

555 123 715 159 DECL.
767 123 841 159 DE
875 123 1241 161 EBERIIARDO
1277 124 1427 161 DUCE
1465 126 1789 163 WURTEMB.

2083 137 2177 172 1026

1162 214 1254 252 lusu
1286 219 1400 240 rerum
1431 208 1619 251 prudentia
1651 210 1835 254 crevisset,
1882 218 1914 245 et
1950 221 2025 256 post
2056 218 2173 259 agnati

1162 257 1165 270 ¹
1189 265 1336 290 mortem
1368 259 1550 291 comitatus
1582 266 1766 305 utramque
1800 269 1932 305 partem
1959 276 2073 307 regere
2095 280 2172 300 coe-

1189 307 1291 350 pisset
1306 334 1314 347 ,
1342 309 1525 352 praecipue
1549 307 1613 342 boc
1636 311 1722 353 egit,
1747 318 1785 344 ut
1804 312 1870 346 sibi
1890 313 1982 346 viros
2001 317 2171 359 sapientes

1189 364 1221 390 et
1246 358 1401 391 eruditos
1426 359 1647 402 adiungeret,
1683 373 1834 405 quorum
1867 364 2003 398 audiret
2027 368 2172 401 consilia

1189 408 1231 439 de
1256 408 1414 440 maximis
1437 410 1552 442 rebus.
1608 410 1750 444 Viderat
1773 414 1867 445 enim
1892 421 1922 447 et
1949 414 2172 460 Imperatoris

1188 457 1324 497 aulam,
1351 465 1381 490 et
1400 457 1566 492 Venetam
1586 461 1895 505 gubernationem,
1930 472 1962 498 et
1981 467 2077 500 aulas
2098 468 2172 502 Du-

1189 519 1261 540 cem
1287 508 1477 548 saxoniae,
1506 508 1646 545 Ernesti
1673 518 1706 545 et
1724 510 1883 554 Alberti,
1910 515 1971 547 ubi
1998 518 2039 549 ad
2065 530 2172 561 nego-

1189 557 1238 590 cia
1265 558 1359 590 docti
1386 555 1546 592 homines
1571 557 1843 598 adhibebantur.
1896 564 2013 606 Quare
2039 575 2072 602 et
2100 569 2171 613 ipse

1190 608 1271 640 viris
1288 608 1469 641 nobilibus
1485 609 1619 643 addidit
1636 608 1822 650 Doctores,
1851 613 1943 646 inter
1960 628 2046 659 quos
2063 620 2172 652 excel-

1189 659 1330 691 luerunt
1355 657 1478 691 Petrus
1505 659 1713 694 Arlunensis
1740 669 1773 695 et
1797 661 1944 698 loannes
1970 665 2172 711 Nauclerns,

1189 715 1222 742 et
1239 716 1317 754 post
1335 706 1398 742 lios
1416 709 1563 754 Capnio.

1290 783 1340 819 Ac
1355 793 1395 820 ut
1411 792 1481 820 tota
1500 786 1594 830 regio
1612 796 1799 823 ornaretur
1822 791 2000 833 doctrina,
2028 801 2060 827 et
2079 794 2173 829 fieret

1188 836 1334 877 cultior,
1370 844 1401 870 et
1427 837 1463 869 iu
1485 836 1650 872 Ecclesiis
1671 841 1784 873 maior
1804 842 1862 874 lux
1886 850 1971 876 esset
1995 844 2172 879 doctrinae

1187 888 1229 919 de
1254 885 1347 925 Deo,
1383 886 1608 921 Academiam
1631 891 1813 925 constituit
1837 891 2040 936 Tubingae,
2080 908 2171 929 anno

1187 937 1374 971 millesimo
1410 939 1755 983 quadringentesimo
1784 944 2037 986 septuagesimo
2065 947 2173 990 septi-

1187 1000 1264 1026 mo,
1306 989 1342 1020 in
1370 1001 1474 1033 quam
1503 991 1683 1024 accersivit
1707 993 1837 1026 multos
1865 994 1985 1028 doctos
2013 995 2106 1029 viros
2136 998 2172 1030 in

1187 1039 1346 1072 doctrina
1362 1037 1556 1079 Ecclesiae,
1587 1040 1665 1074 lure
1682 1048 1714 1075 et
1732 1043 1809 1076 aliis
1827 1044 1973 1079 artibus.
2014 1044 2172 1081 Fuerunt

1187 1089 1237 1120 ibi
1255 1088 1344 1121 luris
1360 1091 1510 1123 consulti
1524 1089 1694 1132 Uranius,
1721 1093 1781 1137 qui
1800 1094 1902 1127 etiam
1921 1107 1960 1128 ex
1971 1096 2069 1130 Italia
2086 1110 2172 1130 con-

1186 1139 1382 1177 sulebatur,
1408 1139 1601 1183 Gregorius
1615 1141 1822 1185 Lamparter
1839 1145 2044 1188 Imperatori
2056 1146 2171 1181 Maxi-

1185 1189 1331 1222 miliano
1347 1191 1536 1224 admodum
1554 1192 1748 1227 familiaris.
1802 1192 1975 1238 Theologi
1994 1197 2077 1229 clari
2097 1198 2172 1232 sue-

1185 1246 1287 1280 runt,
1315 1239 1460 1274 Gabriel
1476 1240 1573 1282 Biel,
1595 1242 1858 1285 Summenhart,
1883 1253 1913 1279 et
1928 1246 2171 1282 &Vendelinus

1184 1290 1244 1335 qui
1270 1289 1361 1324 Duci
1386 1290 1568 1325 Eberardo
1599 1293 1892 1330 familiarissimus
1920 1297 1998 1332 suit.
2059 1296 2172 1333 Erant

1184 1348 1298 1374 autem
1321 1339 1448 1374 horum
1473 1343 1631 1376 omnium
1652 1356 1765 1378 mores
1784 1347 1867 1380 casti
1893 1354 1924 1380 et
1950 1349 2071 1384 sancti.
2125 1349 2171 1383 Et

1187 1390 1448 1431 VVendelinus,
1476 1405 1553 1427 cum
1573 1394 1739 1428 adsiduus
1758 1396 1866 1430 lector
1883 1405 1969 1431 esset
1991 1410 2170 1433 sacrorum

1184 1443 1379 1483 librorum,
1411 1449 1443 1476 et
1461 1442 1670 1485 Augustini,
1698 1448 1905 1489 agnoscebat
1927 1449 2036 1482 multa
2059 1459 2171 1484 errata

1185 1504 1256 1526 esse
1281 1493 1317 1526 in
1344 1494 1480 1537 scriptis
1496 1492 1657 1528 Thomae
1682 1503 1714 1530 et
1729 1496 1841 1538 Scoti,
1869 1505 1901 1531 et
1924 1499 2112 1541 similium,
2139 1508 2171 1534 et

1184 1544 1265 1577 satis
1292 1544 1399 1576 libere
1422 1545 1458 1576 in
1478 1542 1606 1578 scholis
1631 1547 1827 1580 doctrinam
1854 1549 1896 1581 (le
1924 1550 2032 1591 gratia
2057 1552 2170 1583 since-

1184 1595 1312 1627 riorem
1331 1595 1500 1628 tradebat.
1553 1594 1620 1628 Hic
1639 1595 1839 1641 Principem
1863 1600 2026 1633 audiebat
2048 1609 2169 1643 peten—

1184 1651 1252 1677 tem
1271 1645 1547 1686 absolutionem,
1577 1643 1633 1679 hic
1658 1659 1734 1679 eum
1756 1650 1797 1681 de
1823 1650 1998 1682 beneficiis
2024 1651 2085 1684 filii
2107 1651 2170 1684 Dei

1183 1695 1382 1735 erudiebat,
1410 1696 1552 1730 collecta
1574 1697 1677 1730 etiam
1701 1700 1899 1740 germanico
1924 1701 2052 1745 scripto
2075 1715 2170 1736 sum—

1182 1757 1237 1778 ma
1256 1745 1447 1780 doctrinae.

1284 1819 1419 1863 Capnio
1453 1818 1636 1855 historiam
1660 1823 1864 1858 continuam
1891 1826 1932 1858 de
1956 1824 2169 1861 monarchiis

1183 1871 1370 1911 contexuit,
1397 1878 1429 1904 et
1447 1872 1615 1905 elementa
1633 1872 1721 1906 luris
1739 1875 1861 1916 civilis,
1889 1889 1977 1921 quae
1992 1885 2168 1923 utcunque

1183 1922 1272 1954 viam
1290 1922 1321 1954 ei
1341 1929 1575 1956 monstrarent
1599 1923 1632 1956 iu
1653 1924 1853 1958 iudicando.

246 2005 287 2039 ln
311 2004 364 2039 liis
380 2007 527 2050 publicis
546 2005 680 2050 imperii
700 2005 862 2050 periculis
880 2017 952 2038 non
969 2006 1128 2039 adiunxit
1152 1979 1156 2047 l
1284 1995 1496 2042 Q¹¹ffl¹q¹¹²³m
1515 2005 1629 2031 aulem
1649 1998 1755 2031 '‘stin“-
1775 1999 1975 2041 lgnffl'ab'st,
2001 2007 2117 2034 lamen
2136 2009 2168 2036 θῑ

141 2069 177 2091 se
192 2057 274 2090 ullis
289 2057 511 2090 factionibus.
564 2056 631 2090 Sed
650 2055 732 2089 haec
754 2057 824 2089 duo
846 2056 1028 2100 praecipua
1056 2069 1126 2090 esse
1152 2053 1156 2091 Ι
1182 2043 1446 2090 Theologorum
1475 2055 1506 2081 ‘t
1536 2046 1624 2080 [¹¹5⁵
1649 2050 1889 2083 c⁰¹¹⁵¹¹¹¹0r¹¹¹n
1913 2051 2167 2095 disputationes

141 2107 320 2152 Principis
341 2108 454 2140 officia
479 2107 566 2141 dixit
588 2107 675 2150 ipse:
704 2105 862 2139 primum
884 2107 1073 2150 adiungere
1092 2119 1127 2140 se
1152 2093 1155 2136 Ι
1181 2097 1319 2154 adibat,
1346 2104 1378 2130 et
1396 2098 1637 2131 sciscitabatur
1654 2111 1751 2139 suos,
1780 2113 1846 2145 qua
1863 2102 1905 2134 de
1924 2113 1959 2134 re
1978 2102 2166 2146 disputatio

143 2158 187 2191 ad
213 2157 465 2201 Imperatorem
491 2165 523 2191 et
547 2159 589 2190 a(1
616 2157 753 2202 imperii
780 2164 957 2198 senamm'
993 2165 1025 2191 et
1048 2170 1127 2191 cum
1181 2154 1340 2180 instituta
1361 2155 1468 2186 esset,
1502 2156 1534 2188 et
1557 2149 1584 2181 si
1611 2150 1694 2194 quid
1719 2151 1863 2193 dignum
1889 2152 2167 2186 consideratione

142 2205 199 2242 his
216 2209 305 2241 velle
322 2209 411 2242 tueri
434 2220 655 2241 communem
684 2208 814 2251 patriae
839 2207 1004 2246 salutem,
1030 2216 1067 2241 ut
1089 2208 1127 2240 in
1152 2219 1155 2240 ι
1181 2198 1398 2241 ΡΠῬΟδῙῖὓΠῚ
1418 2206 1508 2239 erist,
1536 2200 1675 2233 inbebffi
1693 2208 1729 2233 ¹¹¹
1747 2202 1943 2243 gfffflflnlce
1959 2203 2168 2246 ἱΜΕΓΡΓΡΜ·

141 2259 383 2292 fflfimamibus
410 2258 545 2302 Singula
579 2259 733 2291 membra
766 2257 828 2291 1011
860 2258 998 2301 corpori
1025 2270 1126 2302 opem
1151 2244 1155 2279 l
1181 2255 1311 2282 rentur.
1364 2248 1542 2282 interdum
1568 2257 1599 2283 et
1625 2251 1695 2292 ipse
1721 2262 1800 2283 suas
1824 2253 2050 2295 cogitationes
2076 2254 2166 2286 inter

140 2309 233 2342 ferre
250 2315 434 2344 conantur.
486 2309 623 2343 Deinde
640 2309 820 2342 consulere
836 2315 866 2341 et
884 2309 986 2341 saluti
1005 2309 1128 2342 subdi·
1181 2299 1337 2355 ‘lOle’ses
1356 2299 1467 2342 Ρἱιιέιῐῃ
1482 2301 1720 2344 ΡωΡΟΠΕῙΜῚῑ»
1747 2308 1785 2335 Ut
1805 2303 2040 2336 COUU'OVCrSia
2059 2305 2166 2347 magis

142 2367 270 2393 torum.
332 2360 451 2403 Quare
474 2360 602 2393 auxilia
630 2358 834 2404 imperatori
860 2358 1057 2400 Friderico‚
1095 2366 1127 2393 et
1180 2349 1423 2392 ΕΧΡῙΙΕΉΕΠΠ·

141 2410 269 2444 deinde
290 2409 538 2444 issaximiliano
564 2410 713 2443 fideliter
736 2410 848 2449 misit,
881 2409 980 2443 duxit
1001 2417 1034 2444 et
1055 2410 1128 2454 ipse

141 2461 331 2495 exercitum
360 2461 396 2494 in
419 2460 600 2505 Belgicum
629 2473 754 2504 magno
780 2465 922 2504 sumptu
947 2461 990 2493 ad
1012 2459 1127 2493 Maxi-

141 2512 328 2545 milianum
353 2512 595 2544 liberandum:
624 2517 657 2544 et
676 2523 753 2544 cum
772 2510 916 2553 frugalis
933 2518 1035 2550 esset,
1064 2508 1128 2544 hos

142 2570 301 2607 ‘umptus
317 2563 391 2596 Sine
408 2562 542 2606 m³g¹¹i⁵
560 2561 833 2605 expllauombus
850 2561 1027 2597 summm·
1152 2556 1156 2607 i
1182 2576 1248 2608 viri
1272 2581 1306 2608 et
1330 2575 1454 2608 eximia
1480 2576 1633 2609 eruditio
1657 2583 1689 2610 et
1704 2588 1838 2610 summa
1855 2578 2050 2620 integritas,
2078 2586 2111 2613 et
2127 2587 2166 2613 ut

1152 2615 1156 2649 i
1182 2625 1318 2670 Capnio
1336 2627 1378 2658 de
1395 2637 1435 2659 eo
1455 2626 1689 2669 praedicabat,
1716 2627 1751 2660 in
1773 2627 1958 2661 iudicando
1979 2629 2165 2672 singularis

1424 2675 1475 2710 lbi
1502 2689 1580 2710 cum
1607 2684 1687 2711 ante
1713 2677 1825 2711 lucem
1849 2686 2048 2722 surgerent,
2075 2681 2166 2714 dicta

1464 2725 1512 2761 65

1282 2423 1493 2468 Plerumque
1511 2435 1589 2457 cum
1599 2423 1784 2468 Tubingae
1800 2426 1883 2467 fuit,
1910 2428 2041 2461 dimisit
2058 2430 2166 2462 comi-

1183 2481 1294 2508 tatum
1312 2474 1350 2508 in
1370 2486 1496 2508 arcem.
1535 2473 1611 2517 Ipse
1628 2475 1771 2509 divertit
1786 2477 1828 2509 ad
1840 2476 2002 2511 Naucleri
2021 2480 2165 2512 domum

1181 2525 1360 2567 exiguam,
1387 2526 1447 2557 sed
1471 2525 1622 2558 vicinam
1647 2526 1790 2570 templo.
1842 2526 1923 2560 Fuit
1948 2529 2040 2560 enim
2061 2527 2165 2563 huius

244 2628 411 2664 Liberato
429 2628 677 2663 Maximiliano
702 2640 780 2661 cum
800 2627 868 2660 iam
886 2626 1072 2661 mediocris
1090 2627 1126 2660 in

143 2678 333 2714 Germania
360 2680 599 2725 tranquillitas
621 2685 727 2719 esset,
756 2684 789 2712 et
812 2678 850 2711 in
876 2689 936 2720 eo,
962 2684 1071 2712 aetate
1094 2684 1128 2711 et
1151 2675 1156 2718 ἐ
1182 2676 1368 2711 rectitudo.

193 2729 377 2764 Meum-n.
407 2734 511 2765 Onu.
539 2732 622 2764 voi.
651 2731 712 2762 XI.
