2338 2958
95 128 168 165 425

94 228 114 249 a
136 214 270 248 ratione
302 218 335 246 et
361 222 380 244 a
413 211 790 249 demonstrationibus,
826 217 875 245 est
901 211 1071 256 quaedam

92 265 219 299 noticia
236 262 318 305 legis
335 261 492 302 divinae,
518 262 673 306 agnoscit
691 274 762 295 esse
777 261 901 302 Deum,
928 268 960 294 et
979 260 1070 294 iudi-

91 322 144 349 cat
160 315 202 347 de
216 313 372 346 moribus
388 313 569 353 civilibus,
598 313 691 346 videt
716 310 781 345 hoc
798 313 986 345 discrimen
1007 308 1072 343 ho-

89 371 264 399 nestarum
285 370 319 397 et
342 364 496 407 turpium
516 364 685 399 divinitus
703 363 804 395 nobis
824 363 967 396 insitum
987 372 1071 401 esse,

88 414 219 448 iudicat
239 413 359 457 puniri
385 414 514 447 atrocia
538 415 664 447 scelera
682 426 699 446 a
716 412 812 454 Deo,
839 410 943 446 habet
967 413 1069 445 etiam

88 465 186 511 quasi
210 465 426 508 praesagium
449 465 590 509 aliquod
608 466 651 497 de
677 464 948 497 immortalitate.
1000 461 1070 495 Ne-

87 527 154 561 que
171 522 287 549 tamen
308 515 366 547 illa
386 515 482 549 videt
499 523 558 549 aut
580 516 696 552 docet,
724 526 811 558 quae
830 513 969 557 propria
990 518 1071 545 sunt

84 564 282 609 Evangelii,
302 566 476 605 videlicet,
497 565 738 599 remissionem
754 570 973 608 peccatorum
992 574 1071 605 gra-

86 616 131 650 tis
153 617 355 649 donandam
380 623 522 661 propter
547 615 657 648 filium
680 614 759 650 Dei.
819 613 915 647 Haec
940 613 1069 646 noticia

86 679 160 700 non
189 674 238 701 est
261 674 335 700 orta
365 668 408 700 ab
432 665 595 700 humanis
625 665 821 705 mentibus,
854 665 925 698 imo
948 663 1069 708 procul

87 724 180 751 extra
201 725 422 761 conspectum
435 716 583 750 rationis
602 713 775 748 humanae
794 715 904 760 posita
920 721 982 754 est,
1010 715 1069 747 sed

88 767 199 801 Filius
215 768 279 802 Dei
297 768 358 813 qui
374 774 423 800 est
440 767 475 799 in
493 767 571 799 sinu
590 766 714 806 Patris,
740 778 814 798 eam
834 765 1005 810 patefecit.
1032 771 1070 798 ut

85 819 171 852 alias
187 819 325 862 copiose
340 818 479 852 dicitur.
531 816 649 859 Quare
667 817 852 860 prudentia
870 814 1069 849 adhibenda

86 876 136 903 est
162 869 197 901 in
216 869 455 902 discernendis
473 868 712 901 doctrinarum
732 868 936 911 generibus,
961 873 993 899 et
1012 878 1070 898 ex-

85 920 254 963 plodendi
272 926 354 952 sunt
371 918 481 963 inepti
498 919 568 959 illi,
596 918 655 963 qui
672 918 865 952 offundunt
885 917 1070 959 caliginem

84 967 296 1013 Evangelio,
331 970 401 1002 imo
432 970 588 1002 obruunt
619 980 657 1001 ac
682 969 801 1002 delent
824 967 1070 1011 Evangelium,

85 1032 164 1053 cum
192 1020 443 1053 transformant
475 1020 511 1052 in
544 1019 760 1052 Platonicam
794 1015 1069 1062 Philosophiam.

85 1069 200 1113 blagis
223 1071 326 1117 etjam
351 1071 491 1103 taxandi
517 1077 618 1109 sunt,
647 1070 706 1113 qui
730 1082 774 1102 ne
790 1069 971 1103 Platonem
990 1068 1070 1113 qui-

84 1122 164 1154 dem
189 1121 440 1164 intelligentes,
472 1121 546 1154 eius
572 1120 690 1162 figuris
714 1120 931 1164 depravatis,
967 1130 1070 1151 mon-

85 1178 212 1205 strosas
229 1172 417 1216 opiniones
433 1177 651 1213 genuerunt,
679 1182 803 1215 easque
822 1171 859 1203 in
876 1168 1069 1203 Ecclesiam

84 1229 305 1267 sparserunt,
344 1229 384 1255 ut
407 1220 580 1265 Origenes
614 1229 645 1254 et
677 1228 755 1264 post
780 1233 859 1253 eum
882 1221 943 1254 alii
966 1220 1070 1252 multi

83 1274 259 1316 fecerunt3
292 1273 461 1314 flagitiose
477 1273 572 1305 enim
588 1272 823 1305 contaminata
842 1278 892 1305 est
911 1271 1070 1304 doctrina

84 1321 284 1357 Christiana
311 1323 486 1356 veteribus
513 1323 582 1354 illis
608 1322 844 1365 temporibus,
873 1322 989 1365 inepte
1008 1322 1070 1353 ad-

86 1374 190 1407 mixta
217 1373 396 1406 Platonica
417 1370 659 1416 Philosophia.
714 1371 808 1404 Ilaec
830 1372 983 1405 breviter
1008 1371 1070 1403 ad-

87 1424 168 1464 ieci3
191 1431 228 1456 ut
246 1423 338 1456 enim
356 1423 496 1457 collatio
510 1423 749 1456 doctrinarum
765 1423 897 1467 aliquid
909 1422 996 1455 lucis
1007 1422 1070 1454 ad-

84 1475 150 1507 fert
172 1474 355 1514 studiosis,
384 1474 430 1507 ita
449 1472 623 1507 Ecclesiae
646 1473 838 1517 plurimum
863 1474 986 1512 refert,
1013 1483 1070 1504 ca-

85 1536 181 1566 vere,
208 1537 252 1557 ne
267 1525 506 1558 doctrinarum
523 1535 648 1567 genera
666 1524 941 1557 confundantur.
977 1521 1070 1555 Dixi.

901 1706 947 1723 an.
966 1694 1057 1724 1539.

893 1738 1064 1752 Μ

107 1695 172 1728 No.
191 1692 251 1728 55.

373 1774 568 1825 Querela
598 1773 783 1815 Lazari.

152 1854 275 1880 Prodiit:
310 1853 454 1886 „Querela
474 1851 562 1877 Lasari
582 1851 759 1881 pronunciata
784 1860 798 1876 a
818 1850 936 1885 quodam
956 1849 1070 1876 Schola-

186 1889 254 1914 stico
274 1888 440 1919 Vitebergae.
479 1888 559 1911 Anno
576 1885 615 1911 M.
627 1885 791 1912 uxxlssx.

235 1922 286 1948 Hic
300 1921 396 1947 recitat
410 1921 513 1946 cunctis
527 1920 675 1952 iustamque
691 1928 851 1952 gravemque
868 1918 1007 1953 querelam

291 1955 440 1981 Confectus
455 1953 552 1978 morbo
568 1953 685 1978 Lazarus
701 1959 781 1987 atque
797 1953 876 1986 farne,

235 1991 268 2016 Et
282 1989 350 2016 mala
364 1988 504 2021 deplorat,
525 1997 591 2022 quae
605 1996 678 2013 nunc
693 1987 809 2013 Ecclesia
825 1987 935 2021 perfert,

291 2024 368 2049 Parte
383 2023 469 2056 aliqua
479 2043 486 2053 ,
507 2031 587 2046 nemo
602 2026 699 2047 cuncta
714 2021 816 2046 referre
829 2026 925 2054 potest.

236 2058 325 2092 Quem
342 2067 396 2083 non
410 2056 458 2082 ista
475 2061 587 2082 movent
601 2061 639 2081 est
653 2056 735 2080 divite
750 2055 845 2080 durior
859 2056 916 2084 illo,

290 2093 370 2117 lanua
386 2092 461 2117 cuius
476 2096 530 2116 erat
547 2091 646 2115 Lazare
661 2089 840 2117 clausatibi.''

185 2128 288 2154 Recusa
309 2132 347 2151 est
367 2126 432 2151 haee
452 2124 540 2151 oratio
553 2124 623 2158 apud
638 2123 710 2150 Crat.
727 2123 794 2158 Myt.
810 2123 842 2149 32
855 2133 930 2157 sqq„
948 2123 976 2148 in
989 2122 1066 2148 Decl.

185 2162 218 2188 Τ,
234 2162 252 2187 1.
279 2169 303 2194 p.
315 2161 371 2191 7o.,
398 2159 523 2185 Richard.
538 2158 584 2184 ΙΙΙ.
610 2168 636 2190 ρ.
650 2158 710 2185 847.
728 2164 754 2183 et
775 2158 802 2182 in
824 2158 940 2183 Sei-vest.
955 2156 972 2182 Ι.
989 2166 1013 2191 p.
1024 2157 1067 2182 60.

185 2196 231 2222 ubi
244 2203 333 2220 versus
347 2194 374 2219 in
390 2194 468 2219 titulo
484 2193 620 2227 archetypi
634 2197 696 2218 sunt
712 2191 907 2225 praetermissi,
930 2191 1065 2217 adiectum

185 2239 251 2256 vero
264 2234 301 2255 est
316 2229 425 2263 longum
439 2237 565 2259 carmen,
584 2226 723 2252 historiam
736 2226 825 2252 Lazari
840 2226 958 2251 reserens
968 2245 975 2256 ,
993 2225 1066 2259 quod

186 2264 356 2297 archetypon
386 2271 442 2287 non
467 2262 545 2287 habet
566 2271 653 2295 neque
672 2270 685 2285 a
706 2260 882 2285 Melanthone
904 2260 1066 2293 profectum.

185 2307 269 2331 eaque
288 2297 322 2321 de
342 2305 421 2323 causa
443 2296 485 2321 hic
506 2296 722 2330 praetermissum
741 2300 787 2321 est.
827 2294 886 2319 vid.
901 2294 981 2319 etiam
998 2293 1066 2328 Epp.

188 2333 249 2358 Vol.
264 2330 310 2356 ΙΙΙ.
330 2341 354 2365 p.
366 2331 425 2356 7⁴3.
439 2329 498 2356 745.

109 2413 268 2454 Querela
305 2411 497 2448 Lazari,
543 2411 795 2453 pronunciata
827 2419 850 2442 α
882 2407 1040 2453 quodam

334 2460 554 2495 scholastico
590 2459 818 2507 Viteberyae.

82 2533 250 2582 Pei-grata
274 2537 378 2570 nobis
400 2533 485 2569 haec
511 2535 651 2568 dicendi
675 2536 891 2568 consuetudo
915 2545 986 2567 esse
1002 2534 1065 2566 de-

82 2591 158 2628 bet,
184 2600 254 2621 non
277 2595 412 2622 tantum
436 2599 476 2619 eo
499 2586 592 2632 quod
614 2584 759 2618 Latinae
777 2587 916 2628 linguae
933 2584 1063 2617 exerci-

83 2640 171 2674 tium
195 2646 393 2676 conservat,
422 2645 564 2681 propter
585 2636 678 2681 quod
700 2637 883 2679 praecipue
903 2635 1060 2668 instituta

81 2697 148 2730 est,
176 2691 235 2723 sed
258 2689 363 2722 etiarn
387 2688 469 2732 quia
494 2688 598 2721 nobis
621 2687 761 2731 quidem
781 2686 1059 2719 adolescentibus

690 123 846 161 DECL.
881 123 953 160 DE
982 122 1252 169 QUERELA
1288 125 1512 163 LAZARI.

2037 126 2107 160 426

1125 210 1180 245 hic
1204 211 1298 245 locus
1323 211 1434 255 imago
1455 213 1623 257 quaedam
1642 219 1692 246 est
1710 210 1853 251 Curiae,
1880 217 1937 244 aut
1957 210 2104 256 Synodi.

1125 262 1191 295 Hic
1225 263 1317 294 enim
1343 263 1385 294 ‹le
1408 262 1564 305 Repnb.‚
1599 265 1641 297 de
1667 263 1841 307 imperiis,
1874 262 1916 294 de
1939 259 2105 299 Ecclesia,

1125 313 1232 345 multa
1255 324 1438 345 monemus
1459 315 1652 347 auditores:
1680 326 1780 356 saepe
1797 312 1953 357 querelas
1970 318 2106 344 nostras

1124 363 1347 407 exponimus,
1373 374 1471 407 saepe
1495 365 1683 397 sententias
1707 364 1873 403 dicimus,
1901 362 2045 406 perinde
2068 372 2106 394 ac

1123 413 1151 446 si
1174 414 1210 446 in
1234 421 1372 453 senatu,
1398 421 1455 447 aut
1482 414 1517 446 in
1541 426 1702 447 consessu
1720 414 1853 459 Synodi
1869 413 1980 446 oratio
1996 410 2106 445 habe—

1122 471 1230 498 retur.
1285 463 1335 496 Ac
1358 475 1517 507 magnam
1543 465 1686 506 gratiam
1704 464 1911 497 Academiae
1929 464 2107 502 debemus,

1124 527 1212 560 quae
1239 514 1372 547 etiamsi
1398 515 1627 558 petulantiam
1653 526 1691 547 ac
1715 514 1994 547 maledicentiam
2033 513 2106 555 lege

1123 563 1326 609 prohibuit,
1351 572 1468 597 tamen
1485 563 1667 597 honestam
1685 571 1717 597 et
1735 565 1826 608 piam
1842 564 1980 597 dicendi
2001 564 2106 595 liher—

1124 622 1227 649 tatem
1259 615 1361 648 nohis
1396 616 1573 653 concedit,
1605 616 1749 648 fortasse
1782 615 1967 653 maiorem,
2001 625 2106 658 quam

1123 664 1267 699 haberet
1283 665 1449 711 Synodus
1470 666 1540 699 ulla
1555 665 1776 699 Pontificum.
1829 663 1876 697 L‘t
1894 664 2019 698 Poetae
2041 664 2106 696 fin-

1123 723 1249 750 xerunt
1274 715 1434 749 Astream
1459 717 1650 759 fugientem
1675 728 1714 749 ex
1736 714 1904 755 urbibus,
1932 714 2107 758 paulisper

1123 764 1237 800 adhuc
1269 767 1304 799 in
1331 779 1412 800 rure
1438 774 1686 800 commoratam
1712 774 1744 799 et
1767 765 2007 799 concinnatam
2035 775 2106 797 esse

1124 818 1301 861 agricolis:
1331 818 1376 851 ita
1397 818 1496 861 pulsa
1515 818 1642 851 veritas
1665 829 1704 850 ex
1725 816 1936 850 Pontificum
1953 814 2108 856 collegiis

1123 877 1155 902 et
1186 869 1364 910 conciliis,
1395 868 1577 901 nobiscum
1608 865 1722 910 adhuc
1746 866 1813 900 Dei
1836 865 2004 899 beneficio
2027 863 2108 909 phi-

1122 917 1339 963 losophatur.
1399 917 1448 952 Et
1470 931 1509 951 ex
1534 916 1589 950 his
1611 915 1826 951 scholasticis
1850 916 2008 950 coetibus
2033 915 2107 948 eius

1122 970 1262 1003 oracula
1289 970 1330 1002 ad
1362 969 1497 1014 aliquas
1529 967 1701 1001 Ecclesias
1735 968 1970 1011 perferuntur.
2038 965 2107 999 Sed

1122 1032 1200 1053 cum
1224 1017 1281 1052 hic
1299 1032 1400 1064 saepe
1417 1020 1504 1052 aliae
1522 1031 1643 1052 causae
1660 1019 1872 1062 pertinentes
1891 1018 1934 1050 ad
1950 1027 2107 1049 commu-

1122 1083 1202 1103 nem
1232 1071 1380 1103 salutem
1413 1077 1509 1103 actae
1540 1070 1626 1110 sint,
1663 1081 1757 1102 nunc
1791 1074 1945 1102 nostram
1969 1077 2107 1100 causam

1122 1133 1238 1164 agam:
1267 1121 1457 1164 deplorabo
1484 1127 1618 1153 nostras
1641 1119 1817 1160 miserias,
1843 1125 1876 1152 et
1903 1129 2024 1151 omnes
2044 1129 2108 1160 gu-

1122 1173 1326 1205 bernatores
1335 1170 1487 1214 Reipub.
1507 1171 1548 1203 de
1564 1183 1626 1204 suo
1643 1171 1757 1203 officio
1775 1169 1986 1209 admonebo,
2013 1168 2108 1212 quod

1123 1222 1245 1260 nobis,
1280 1222 1373 1267 quod
1401 1220 1598 1261 Ecclesiae,
1631 1222 1668 1253 in
1697 1219 1764 1254 hoc
1795 1220 1940 1263 negocio
1968 1219 2107 1252 debent.

1122 1271 1283 1306 Christus
1305 1278 1423 1305 narrat
1448 1271 1552 1305 fuisse
1571 1271 1715 1304 divitem
1733 1272 1927 1316 quendam,
1954 1269 2108 1302 fortassis

1123 1324 1226 1356 etiam
1245 1323 1413 1366 dignitate
1430 1329 1682 1366 praestantem,
1710 1322 1769 1366 qui
1788 1333 1860 1354 non
1877 1326 2013 1353 tantum
2032 1319 2107 1351 sine

1123 1380 1218 1407 metu
1243 1373 1421 1415 egestatis,
1448 1373 1522 1404 sine
1546 1372 1784 1405 sollicitudine
1801 1371 1954 1404 suaviter
1972 1369 2108 1409 vixerit,

1122 1425 1180 1456 sed
1208 1424 1310 1457 etiam
1329 1423 1549 1467 splendorem
1569 1423 1737 1455 amaverit
1756 1422 1791 1454 in
1809 1421 1907 1455 omni
1926 1427 2107 1465 apparatu,

1122 1474 1309 1514 comitatu,
1333 1474 1516 1513 aedificiis,
1543 1486 1611 1517 quo
1634 1471 1793 1506 homines
1813 1471 1970 1515 opulenti
1991 1470 2108 1513 digni-

1121 1530 1228 1557 tatem
1252 1524 1369 1567 augeri
1393 1530 1527 1566 putant.
1589 1522 1632 1556 Iu
1655 1521 1721 1556 hoc
1747 1523 1905 1562 divitias,
1932 1521 2107 1566 tranquil—

1122 1575 1277 1614 litatem,
1308 1586 1347 1607 ac
1370 1574 1585 1617 voluptates,
1611 1580 1651 1606 ut
1675 1574 1730 1613 fit,
1756 1580 1893 1606 secutus
1919 1579 1968 1606 est
1989 1573 2108 1612 fastus,

1122 1631 1154 1658 et
1167 1624 1338 1667 neglectio
1355 1636 1471 1657 rerum
1489 1624 1687 1657 divinarum
1705 1635 1743 1657 ac
1758 1635 1961 1668 pauperum.
1991 1622 2109 1665 Quare

1121 1688 1199 1709 cum
1227 1682 1307 1708 ante
1327 1676 1428 1708 aedes
1446 1675 1520 1708 eius
1536 1675 1709 1719 quispiam
1728 1686 1874 1718 pauper,
1901 1674 1954 1706 cui
1974 1673 2106 1706 Lazaro

1121 1738 1249 1759 nomen
1280 1726 1364 1763 fuit,
1401 1725 1546 1764 iaceret,
1580 1732 1756 1768 aegrotus,
1790 1725 1952 1770 squalens
1978 1723 2107 1756 ulceri-

1122 1777 1207 1816 bus,
1238 1777 1425 1809 destitutus
1451 1775 1607 1808 omnium
1638 1774 1821 1808 homiuum
1847 1787 1930 1818 ope,
1960 1781 2105 1817 peteret-

1122 1838 1189 1871 que
1216 1827 1407 1869 pauxillum
1433 1826 1520 1865 cibi,
1549 1826 1644 1859 dives
1671 1838 1730 1858 sua
1751 1827 1891 1858 fortuna
1911 1825 2044 1863 ebrius,
2073 1830 2106 1856 et

1121 1877 1252 1910 oblitus
1282 1876 1438 1910 coelestis
1470 1877 1626 1909 mandati
1656 1884 1689 1910 et
1722 1876 1918 1909 communis
1951 1882 2105 1913 naturae,

1121 1940 1210 1973 quae
1237 1939 1300 1960 nos
1325 1928 1367 1959 ad
1392 1934 1483 1960 certa
1509 1927 1621 1960 officia
1645 1927 1776 1969 obligat
1793 1927 1999 1971 praestanda
2015 1926 2106 1958 cala-

1121 1978 1272 2018 mitosis,
1306 1978 1472 2010 miserum
1498 1977 1596 2010 illum
1621 1978 1774 2021 negligit.
1833 1976 1992 2021 Cumque
2016 1988 2105 2020 quo-

1120 2029 1205 2062 tidie
1230 2030 1272 2061 ad
1299 2028 1510 2061 vestibulum
1546 2028 1713 2061 iacentem
1741 2029 1777 2060 in
1813 2027 1946 2070 maguis
1971 2027 2105 2059 crucia-

1120 2079 1214 2112 tibus
1232 2079 1383 2116 videret,
1412 2079 1588 2121 praeteriit
1608 2086 1721 2111 tamen
1738 2079 1850 2111 ferreo
1867 2078 1985 2110 animo
1998 2105 2006 2116 ‚
2031 2089 2102 2108 non

1119 2130 1183 2170 ali,
1217 2141 1289 2162 non
1315 2129 1430 2162 sanari
1456 2136 1570 2169 curat,
1606 2129 1759 2162 fortassis
1785 2129 1887 2162 etiam
1914 2129 2104 2161 arbitratur

1118 2180 1275 2213 alienum
1306 2191 1379 2212 esse
1410 2180 1577 2222 gravitate
1609 2179 1677 2212 viri
1701 2181 1807 2223 tanti,
1843 2180 1973 2223 alloqui
1997 2178 2102 2210 inise-

1118 2243 1215 2269 rum,
1243 2237 1301 2264 aut
1326 2230 1400 2263 eius
1427 2242 1526 2263 causa
1547 2230 1636 2271 angi.
1692 2229 1826 2264 Interea
1847 2230 1969 2273 stipem
1989 2229 2103 2272 porri-

1117 2288 1204 2325 gunt
1228 2280 1338 2325 aliqui
1363 2281 1405 2313 de
1431 2281 1561 2324 populo
1587 2279 1747 2314 homines
1770 2281 1839 2325 pii,
1865 2287 1897 2312 et
1914 2280 2028 2312 ulcera
2045 2291 2102 2311 ca-

1118 2343 1179 2364 nes
1211 2332 1446 2369 medicantur,
1490 2331 1606 2372 lingua
1640 2332 1822 2373 detergunt
1855 2343 1893 2363 ac
1926 2330 2102 2373 mitigant.

1117 2382 1186 2416 Sed
1211 2389 1286 2426 post
1309 2387 1456 2414 mortem
1475 2381 1625 2414 Lazarus
1643 2382 1796 2414 donatur
1814 2380 2021 2413 coelestibus
2036 2381 2100 2411 do-

1117 2433 1188 2473 nis,
1222 2433 1318 2465 dives
1346 2432 1402 2464 ille
1434 2432 1605 2474 superbus
1636 2439 1668 2464 et
1697 2433 1848 2465 crudelis
1876 2431 2039 2464 alniicitur
2064 2431 2100 2462 iu

1116 2483 1287 2516 cruciatus
1311 2489 1479 2514 aeternos.
1533 2481 1633 2514 Hauc
1658 2480 1840 2515 historiam
1859 2483 1979 2515 recitat
1995 2479 2099 2514 Chri-

1115 2540 1205 2571 stus,
1241 2540 1277 2566 ut
1307 2533 1502 2576 exemplum
1534 2533 1718 2565 universae
1740 2532 1915 2566 Ecclesiae
1940 2532 2097 2564 omnium

1115 2592 1311 2627 temporum
1341 2590 1521 2626 proponat.
1575 2583 1725 2616 Lazarus
1751 2591 1825 2617 erat
1849 2583 2010 2616 Ieremias
2037 2593 2096 2613 sua

1114 2642 1244 2674 aetate,
1279 2645 1380 2678 quem
1405 2632 1584 2677 Principes
1615 2645 1652 2666 ac
1677 2634 1860 2667 Pontifices
1891 2645 1960 2665 non
1992 2631 2095 2662 modo

1113 2686 1260 2729 superbe
1285 2685 1575 2721 contemnebant,
1603 2685 1660 2717 sed
1680 2685 1781 2718 etiam
1801 2684 1922 2717 acerbe
1939 2683 2097 2716 oderant.
