2338 2958
65 131 140 168 753

659 126 822 164 DECL.
862 127 936 164 DE
971 126 1113 163 VITA
1147 127 1505 170 HIERONYMI.

2024 136 2097 171 734

67 215 178 250 cernit
197 214 290 249 mitti
306 214 350 247 ab
372 225 434 254 e0,
467 220 500 247 et
525 213 716 258 sapientiae
749 214 892 248 divinae
918 221 951 248 et
972 225 1056 257 ope-
1106 220 1156 248 est
1174 214 1397 258 ingeniorum
1416 216 1627 260 petulantia,
1654 230 1743 263 quae
1767 220 1970 263 praesertim
1997 230 2093 265 post-

66 278 145 300 rum
155 265 357 299 divinorum
375 264 655 299 consideratione
669 277 739 299 una
755 277 834 298 cum
851 265 900 299 eis
915 264 1055 300 fruitur.

165 314 395 348 Meminimus
416 321 546 359 quanta
567 327 645 349 cum
666 315 844 359 voluptate
859 312 1054 359 Propheta-

63 377 142 399 rum
159 365 338 409 politiam,
363 365 527 406 consilia‚
553 366 726 410 pericula,
749 365 974 400 liberationes
998 377 1054 398 re-

62 416 208 456 citabat,
236 422 269 449 et
285 427 389 460 quam
407 416 543 449 erudite
560 416 679 450 omnia
697 414 873 450 Ecclesiae
898 423 1052 460 tempora

63 466 282 507 conserebat,
310 473 349 500 ut
371 466 517 509 flagrare
543 478 578 499 se
599 467 744 500 illorum
764 478 981 500 summorum
1000 466 1052 498 vi-

62 527 182 550 rorum
199 516 372 550 desiderio
391 529 462 549 non
479 516 614 560 vulgari
634 517 852 560 significaret.

164 565 240 601 Hos
263 579 359 600 nunc
385 567 645 611 complectitur,
673 574 706 600 et
729 568 855 610 gaudet
871 565 970 601 vivas
988 577 1051 599 au-

60 618 156 658 dire,
181 624 215 651 et
239 618 384 651 reddere
407 630 518 651 voces.
570 617 619 650 Hi
642 614 738 651 hunc
760 629 862 651 suum
889 627 1051 663 συμφοι-

59 665 174 714 τητὴν
205 668 287 702 laeti
316 668 487 709 salutant,
525 674 558 702 et
582 678 652 700 una
676 668 803 711 gratias
826 667 900 701 Deo
930 674 1050 711 agunt,

59 719 240 762 colligenti
259 725 291 753 et
309 718 462 752 servanti
479 716 685 753 Ecclesiam.

160 769 279 814 Ipsum
300 769 406 813 igitur
421 766 616 802 Lutherum
638 768 779 802 beatum
797 780 869 802 esse
893 781 967 802 non
982 769 1050 802 du-

58 820 223 854 bitemus.
275 819 400 853 Nostra
424 830 508 852 vero
526 819 676 853 orbitate
693 830 880 863 angamur:
909 827 941 853 et
958 831 1048 864 quo-

58 871 154 904 niam
169 869 236 904 Dei
250 869 444 910 voluntati,
471 877 656 915 postquam
673 881 753 903 eum
778 868 860 903 hinc
879 870 1049 910 evocavit,

57 932 123 954 nos
145 932 286 966 quoque
305 921 546 964 obtemperare
568 931 705 954 necesse
722 927 790 959 est,
815 921 964 954 sciamus
982 918 1048 953 hoc

56 983 197 1016 quoque
213 971 302 1004 velle
318 971 444 1009 Deum,
471 977 510 1005 ut
526 971 733 1004 memoriam
750 971 921 1014 virtutum
938 971 1048 1015 ipsius

55 1028 91 1056 et
105 1022 354 1056 beneficiorum
373 1021 596 1056 retineamus.
635 1020 675 1055 Id
691 1021 759 1054 iam
776 1022 930 1055 officium
947 1033 1049 1065 prae-

55 1079 197 1108 stemus.
241 1072 481 1116 Agnoscamus
499 1083 578 1105 eum
596 1071 703 1105 fuisse
720 1083 891 1115 organum
909 1070 977 1106 Dei
993 1083 1048 1105 sa-

54 1123 188 1161 lutare,
217 1130 250 1157 et
267 1124 340 1156 eius
357 1122 554 1156 doctrinam
570 1122 725 1156 studiose
737 1122 925 1158 discamus.
965 1122 1047 1155 Vir-

54 1180 146 1207 tutes
169 1173 271 1207 etiam
288 1173 391 1207 nobis
414 1172 623 1206 necessarias
639 1185 702 1217 pro
722 1179 839 1207 nostra
858 1172 1046 1207 mediocri-

55 1230 126 1258 tate
140 1223 336 1258 imitemur:
364 1223 526 1257 timorem
542 1222 624 1264 Dei,
650 1224 754 1257 fidem
772 1230 805 1257 et
828 1225 990 1257 ardorem
1008 1224 1045 1257 in

54 1274 298 1313 invocatione,
333 1274 567 1317 integritatem
593 1274 630 1307 in
655 1273 872 1315 ministerio,
907 1274 1046 1309 castita-

54 1332 145 1365 tem,
171 1325 390 1368 diligentiam
409 1325 543 1358 vitandi
566 1325 729 1359 seditiosa
754 1325 918 1366 consilia,
945 1326 1046 1370 cupi-

55 1375 199 1408 ditatem
214 1375 383 1410 discendi.
438 1374 554 1419 thue
570 1376 612 1408 de
629 1375 774 1409 caeteris
790 1376 855 1420 piis
871 1377 1045 1419 guberna-

55 1426 192 1460 toribus
208 1424 401 1465 Ecclesiae,
429 1438 579 1470 quorum
597 1433 714 1459 extant
732 1423 916 1467 historiae,
944 1439 1044 1471 saepe
1067 1429 1069 1432 ⁴

52 1476 275 1521 multumque
290 1475 513 1518 cogitandum
528 1482 589 1516 est,
616 1477 660 1509 de
677 1475 834 1517 Ieremia,
860 1478 903 1510 de
919 1476 1044 1521 Bapti-

53 1533 122 1567 sta,
155 1527 198 1559 de
220 1526 349 1566 Paulo,
385 1526 430 1560 ita
454 1538 555 1570 saepe
582 1524 687 1560 huius
706 1527 771 1560 viri
790 1528 986 1561 doctrinam
1010 1534 1044 1561 et

52 1588 193 1611 cursum
225 1577 502 1618 consideremus,
529 1584 563 1610 et
589 1577 778 1620 gratiarum
806 1578 980 1611 actionem
1010 1585 1043 1611 et

50 1627 288 1671 precationem
312 1627 562 1670 adiungamus,
595 1628 691 1672 quod
721 1639 816 1661 nunc
839 1639 979 1673 quoque
1004 1628 1041 1660 in

50 1675 117 1712 hac
132 1677 328 1723 frequentia
344 1677 418 1710 fieri
435 1679 547 1711 decet.
583 1677 723 1711 Mecum
742 1677 850 1721 igitur
868 1690 948 1711 vera
965 1677 1042 1722 pie-

48 1735 120 1763 tate
134 1728 334 1762 animorum
353 1727 469 1764 dicite.

149 1777 292 1813 Gratias
308 1778 443 1821 agimus
459 1778 523 1812 tibi
538 1778 763 1822 omnipotens
771 1778 880 1819 Deus,
902 1786 1041 1812 aeterne

49 1828 154 1862 Pater
168 1826 315 1862 Domini
339 1829 449 1861 nostri
468 1827 546 1861 lesu
562 1826 714 1869 Christi,
739 1829 903 1861 conditor
918 1827 1040 1861 Eccle—

49 1879 121 1913 siae
138 1885 228 1919 tuae,
254 1890 325 1912 una
341 1891 421 1912 cum
436 1878 508 1911 filio
525 1885 585 1912 tuo
601 1885 786 1912 coaeterno
802 1877 958 1912 Domino
974 1891 1041 1912 no-

48 1936 122 1963 stro
139 1927 216 1963 Iesu
227 1926 382 1969 Christo,
405 1935 438 1962 et
454 1927 590 1972 Spiritu
606 1935 737 1966 sancto,
761 1929 910 1973 sapiens,
937 1929 1039 1970 bone,

47 1980 258 2017 misericors,
286 1979 390 2012 iudex
410 1991 526 2019 verax,
551 1979 653 2013 sortis
667 1985 700 2013 et
716 1978 914 2021 liberrime,
941 1981 1037 2025 quod

49 2030 186 2074 colligis
210 2030 283 2063 filio
309 2036 371 2064 tuo
391 2027 641 2063 haereditatem
665 2041 706 2063 ex
725 2040 851 2073 genere
867 2028 1037 2072 humano,

47 2089 82 2116 et
106 2092 223 2115 servas
244 2078 429 2124 Evangelii
449 2080 704 2121 ministerium,
730 2086 761 2114 et
785 2093 879 2114 nunc
896 2093 1036 2126 quoque

47 2129 314 2176 perLutherum
332 2131 549 2165 instaurasti:
576 2142 615 2164 ac
631 2131 836 2165 ardentibus
851 2132 939 2165 votis
957 2144 1036 2176 pre-

47 2194 188 2223 camur,
216 2189 256 2216 ut
279 2182 444 2226 deinceps
466 2179 660 2215 Ecclesiam
683 2188 715 2215 et
740 2193 855 2215 serves
873 2189 905 2216 et
926 2193 1036 2226 regas,

47 2240 82 2267 et
104 2233 265 2276 obsignes
288 2232 325 2265 in
353 2233 455 2265 nobis
479 2244 596 2265 veram
621 2232 838 2275 doctrinam,
870 2232 958 2266 sicut
981 2232 1035 2266 Ie-

0 2282 1 2289 *
47 2283 135 2316 saias
153 2284 196 2316 de
213 2283 284 2316 suis
301 2283 481 2327 discipulis
499 2289 671 2327 precatur,
699 2289 733 2316 et
750 2290 886 2317 nostras
901 2290 1035 2317 mentes

47 2332 186 2378 Spiritu
212 2340 329 2367 sancto
353 2340 413 2367 tuo
440 2334 622 2371 accendas,
657 2340 694 2367 ut
724 2340 756 2367 te
778 2340 871 2367 recte
893 2333 1034 2368 invoce-

47 2395 126 2418 mus
145 2391 178 2418 et
195 2395 309 2417 mores
326 2391 463 2417 nostros
483 2384 537 2427 pie
551 2396 724 2426 regamus.

147 2433 286 2468 Deinde
302 2435 383 2479 quia
398 2446 604 2477 magnorum
623 2435 898 2477 gubernatorum
911 2434 1034 2468 interi-

47 2491 103 2519 tus
126 2497 227 2530 saepe
251 2485 469 2518 denunciant
495 2485 689 2528 posteritati
715 2497 862 2529 poenas,
891 2497 952 2518 vos
968 2486 1033 2519 ob-

46 2541 230 2577 testamur,
261 2542 295 2570 et
319 2547 440 2569 omnes
463 2535 592 2580 quibus
614 2536 762 2569 docendi
787 2548 914 2569 munus
937 2547 1033 2569 com-

46 2587 249 2620 mendatum
266 2593 337 2626 est,
363 2593 401 2620 ut
419 2587 461 2619 de
483 2586 646 2630 periculis
665 2587 760 2620 orbis
784 2593 955 2619 terrarum
973 2598 1032 2620 co-

45 2636 173 2679 gitetis,
225 2635 325 2671 Alibi
348 2636 459 2670 Turci
483 2643 705 2680 grassantur,
741 2636 825 2670 alibi
849 2637 1032 2671 minantur

45 2687 138 2721 bella
160 2687 348 2722 domestica
370 2687 431 2721 alii
458 2685 590 2729 hostes,
621 2687 748 2732 passim
772 2687 876 2721 etiam
905 2699 1030 2732 magna

1105 276 1210 309 quam
1234 263 1383 299 Lutheri
1408 279 1589 301 censuram
1616 269 1728 302 vereri
1753 270 1931 312 desinent,
1967 273 2093 305 maiori

1103 316 1249 348 audacia
1266 316 1463 349 doctrinam
1484 325 1574 351 recte
1593 320 1755 354 traditam
1774 328 2010 365 corrumpent.

1204 364 1299 398 Haec
1321 366 1410 398 mala
1437 374 1475 400 ut
1493 366 1588 402 Deus
1610 377 1763 411 avertat,
1787 372 2028 414 diligentiores
2044 372 2092 405 si-

1102 426 1180 448 mus
1199 415 1234 448 in
1251 416 1412 459 regendis
1429 418 1586 451 moribus
1601 426 1633 452 et
1651 421 1789 462 studiis,
1814 432 2019 467 semperque
2034 423 2091 455 in-

1102 465 1204 498 fixam
1222 463 1313 499 hanc
1329 467 1536 500 sententiam
1555 469 1680 502 animis
1699 477 1893 513 teneamus,
1921 473 2091 517 tantisper

1102 517 1215 549 donec
1248 528 1371 560 puram
1403 515 1588 560 Evangelii
1622 520 1817 554 doctrinam
1851 523 2092 565 retinebimus,

1100 566 1301 607 audiemus,
1328 566 1512 609 discemus,
1539 570 1748 611 amabimus,
1773 572 1847 604 sore
1866 585 1928 605 nos
1943 572 2007 606 Dei
2026 575 2091 607 do-

1099 617 1273 650 micilium
1292 623 1325 651 et
1341 615 1552 660 Ecclesiam,
1578 620 1666 654 sicut
1688 620 1803 666 inquit
1826 622 1917 655 filius
1935 622 2017 656 Dei:
2051 624 2090 658 Si

1100 667 1179 712 quis
1198 667 1312 711 diligit
1328 679 1403 709 me,
1427 680 1626 703 sermonem
1643 683 1757 704 meum
1776 674 1944 713 servabit,
1972 681 2003 708 et
2022 673 2090 708 Pa-

1100 725 1153 752 ter
1167 730 1267 752 meus
1284 718 1407 762 diliget
1422 731 1513 760 eum,
1540 727 1573 754 et
1588 721 1631 754 ad
1648 733 1728 754 eum
1745 722 1924 756 veniemus
1941 731 1973 757 et
1989 736 2089 758 man-

1099 769 1235 802 sionem
1253 770 1344 813 apud
1364 781 1445 803 eum
1465 770 1644 806 faciemus.
1696 771 1771 805 Hac
1789 784 1853 806 nos
1876 774 2088 817 amplissima

1099 819 1331 863 promissione
1366 821 1410 852 ad
1447 820 1648 855 discendam
1681 822 1878 856 doctrinam
1906 825 2088 859 coelestem

1098 871 1347 911 accendamus,
1370 877 1404 904 et
1419 871 1567 905 sciamus
1590 879 1731 916 propter
1745 871 1936 907 Ecclesiam
1958 876 2089 908 servari

1097 932 1205 963 genus
1222 918 1418 954 humanum
1434 927 1468 954 et
1485 922 1644 965 politias,
1670 929 1704 956 et
1730 923 1826 956 illam
1847 926 2088 959 aeternitatem

1096 971 1250 1005 suturam
1275 972 1454 1004 mentibus
1479 972 1699 1013 intueamur,
1725 974 1768 1006 ad
1786 986 1890 1019 quam
1915 988 1979 1009 nos
1994 976 2088 1010 Deus

1097 1021 1251 1054 vocavit:
1288 1021 1360 1064 Qui
1384 1021 1527 1067 quidem
1553 1035 1618 1057 nec
1640 1023 1769 1056 frustra
1794 1036 1829 1057 se
1850 1032 1919 1058 tam
1941 1026 2088 1060 illustri-

1096 1071 1163 1105 bus
1189 1071 1397 1105 testimoniis
1420 1073 1599 1116 patefecit,
1628 1085 1691 1107 nec
1710 1074 1838 1108 frustra
1856 1075 1967 1109 filium
1983 1076 2088 1116 misit,

1095 1122 1156 1155 sed
1178 1133 1258 1155 vere
1282 1122 1397 1165 diligit
1422 1129 1456 1156 et
1485 1131 1582 1159 curat
1612 1122 1696 1158 haec
1720 1125 1887 1159 beneficia
1916 1126 2088 1170 magnifa-

1095 1172 1236 1208 cientes.
1289 1170 1383 1206 Dixi.

1093 1370 1160 1405 No.
1186 1371 1247 1405 90.
1881 1388 1929 1408 an.
1964 1379 2056 1410 15⁴6.

1376 1470 1421 1511 V
1419 1473 1485 1513 ita
1512 1471 1800 1529 Hieronymi.

1162 1555 1192 1581 lu
1216 1555 1319 1595 select..
1334 1556 1482 1596 Declamat.
1501 1557 1536 1582 T.
1553 1557 1601 1584 ΙΙΙ.
1613 1567 1651 1597 ἰ).
1663 1558 1695 1585 71
1709 1568 1782 1618 sqg„
1812 1559 1839 1585 in
1859 1560 1976 1588 Servest,
1991 1561 2022 1587 T.
2038 1561 2084 1587 ΙΙΙ.

1193 1589 1428 1658 ξ..ἱὶὗ..,Ρι.ιι7’ἑὲ>.ηι.
1444 1591 1492 1618 ΙΙΙ.
1508 1590 1674 1618 Errordnano
1691 1592 1730 1618 lit.
1768 1613 1776 1626 ,
1789 1593 1814 1621 3.
1829 1599 1855 1620 et
1872 1595 1942 1628 apud
1958 1595 2083 1623 ltiehard.

1064 1719 1066 1748 3
1093 1704 1220 1737 Oratio
1238 1702 1284 1737 de
1301 1705 1442 1738 vitaD.
1460 1707 2083 1753 HieronymiStridonenSt'S,

1256 1757 1422 1790 recitata
1451 1767 1475 1789 a
1501 1759 1680 1791 Ioanne
1706 1760 1920 1805 Stiyelio.

1063 1819 1065 1855 Ῑ
1092 1819 1190 1862 Cum
1210 1839 1271 1872 per
1287 1838 1359 1861 sese
1377 1826 1516 1862 honesti
1533 1837 1615 1864 sunt
1639 1827 1675 1863 hi
1699 1843 1922 1874 congressus,
1949 1833 2082 1867 doctri-

1091 1890 1157 1911 nae
1180 1885 1214 1911 et
1238 1878 1446 1923 disciplinae
1474 1891 1576 1914 causa
1601 1880 1773 1923 instituti,
1806 1889 1880 1916 tum
1908 1895 1989 1916 vero
2016 1881 2080 1918 hoc

1091 1934 1248 1973 tempore
1289 1929 1502 1963 levationem
1543 1931 1698 1976 aliquam
1738 1933 1936 1967 moesticiae
1977 1935 2080 1968 bonis

1089 1979 1268 2013 mentibus
1283 1980 1458 2019 adferunt,
1478 1982 1573 2025 quod
1589 1982 1707 2016 multis
1721 1983 1765 2016 de
1781 1984 1893 2017 causis
1909 1984 1953 2018 fit.
1989 1983 2078 2018 Nam

1089 2036 1294 2074 conspectus
1310 2030 1385 2074 ipse
1400 2031 1576 2066 bonorum
1588 2033 1744 2066 virorum
1760 2041 1877 2077 gratus
1891 2041 1956 2068 est:
1977 2035 2080 2068 dein—

1089 2081 1132 2114 de
1155 2080 1327 2114 sermonis
1360 2082 1631 2116 communicatio
1658 2083 1913 2127 aegritudinem
1941 2085 2079 2119 animo-

1089 2143 1168 2164 rum
1187 2131 1290 2172 lenit‚
1318 2138 1350 2164 et
1368 2132 1500 2165 mutuis
1523 2134 1688 2178 exemplis
1706 2135 1909 2169 accenditur
1934 2136 2077 2170 invoca-

1089 2181 1150 2217 tiO.
1204 2180 1311 2224 Quod
1330 2181 1437 2225 igitur
1453 2189 1485 2216 et
1502 2184 1687 2228 praecipue
1702 2186 1933 2219 necessarium
1952 2194 2019 2227 est,
2045 2195 2077 2222 et

1088 2232 1238 2265 maxime
1254 2232 1355 2275 erigit
1371 2232 1519 2273 animos,
1544 2234 1697 2277 primum
1713 2235 1757 2268 sit
1776 2235 1811 2268 in
1831 2233 1896 2269 hoc
1913 2249 2076 2280 congres-

1088 2295 1141 2324 su,
1166 2282 1328 2316 videlicet
1344 2289 1383 2316 ut
1397 2282 1503 2317 simul
1521 2291 1598 2317 vota
1616 2285 1793 2326 faciamus,
1819 2293 1857 2320 ut
1872 2285 1966 2320 Deus
1983 2296 2076 2331 regat

1087 2345 1126 2367 ac
1141 2339 1254 2367 servet
1268 2330 1460 2366 Ecclesiam
1487 2340 1521 2367 et
1540 2332 1715 2376 scholam,
1741 2342 1775 2369 et
1793 2333 1985 2381 hospitium
2009 2336 2074 2372 lioc

1088 2391 1259 2423 nostrum,
1279 2389 1311 2416 et
1328 2381 1392 2416 hos
1409 2384 1556 2427 parietes
1572 2385 1631 2429 qui
1649 2386 1920 2421 adolescentiam
1937 2389 2074 2422 discen-

1088 2442 1156 2469 tem
1173 2434 1290 2467 literas
1305 2440 1338 2467 et
1353 2434 1549 2467 doctrinam
1568 2436 1763 2475 coelestem,
1789 2443 1820 2470 et
1838 2445 1972 2471 nostras
1989 2451 2073 2472 con-

1088 2486 1184 2528 iuges
1210 2492 1243 2518 et
1267 2496 1393 2528 parvos
1421 2485 1550 2518 liberos
1573 2493 1710 2520 nostros
1731 2494 1869 2531 tegunt,
1897 2490 2072 2523 defendat.

1086 2535 1158 2569 Nec
1188 2535 1330 2569 inanem
1355 2546 1427 2568 esse
1455 2535 1688 2578 precationem
1716 2545 1871 2572 nostram
1898 2540 2070 2573 existime-

1086 2597 1175 2621 mus,
1217 2585 1307 2620 Cum
1325 2585 1419 2618 enim
1437 2585 1514 2619 ideo
1532 2588 1682 2620 exerceri
1698 2587 1791 2622 Deus
1808 2587 1996 2622 Ecclesiam
2017 2590 2070 2621 in-

1085 2637 1247 2679 gentibus
1263 2636 1428 2680 periculis
1443 2636 1555 2677 sinat,
1581 2645 1620 2672 ut
1645 2638 1869 2673 liberationes
1886 2640 2069 2673 ostendant

1083 2685 1149 2721 Dei
1173 2687 1404 2732 praesentiam
1431 2687 1468 2720 in
1482 2686 1659 2730 Ecclesia,
1685 2690 1760 2724 vult
1779 2701 1813 2723 se
1832 2689 1984 2723 invocari
1998 2717 2005 2730 ‚
2033 2698 2069 2724 ut
