2338 2958
223 140 293 176 891

225 227 294 262 tari
310 224 518 270 significatio
537 222 664 256 summi
680 220 811 254 amoris
829 231 909 263 erga
931 229 996 251 nos
1017 217 1089 259 tui,
1115 229 1220 263 quam

228 276 313 311 haec
332 277 405 322 ipsa
425 272 741 309 commemoratio?
767 283 872 317 quam
889 269 1032 316 quidem
1053 275 1170 313 postea
1188 275 1221 302 et

227 329 398 373 sanguine
417 333 477 360 tuo
497 323 704 366 obsignasti.

326 378 477 421 Superat
492 375 652 408 omnium
670 372 876 418 angelorum
892 378 926 406 et
942 368 1130 405 hominum
1147 370 1221 403 elo-

225 429 406 477 quentiam
439 425 624 470 explicatio
654 422 781 458 harum
812 423 1046 456 maximarum
1083 432 1219 455 rerum:

226 492 333 528 quare
358 476 447 512 mihi
472 476 612 510 veniam
638 477 736 516 date,
769 481 840 508 tam
866 473 1086 514 tenuiter-,de
1112 473 1218 506 rebus

225 531 332 566 tantis
350 529 493 563 dicenti.
547 526 599 561 Ac
617 539 725 571 pene,
763 533 804 560 ut
830 525 892 558 illa
919 525 1047 558 mulier
1072 524 1110 556 in
1127 523 1220 556 Tra—

225 582 348 625 goedia
365 580 466 614 dicit:
492 578 588 612 Haec
604 578 709 612 unica
727 583 777 610 est
795 588 870 609 mea
885 575 1085 620 eloquentia
1101 574 1139 606 in
1154 571 1220 607 hac

224 631 507 667 consideratione
525 629 748 663 miseriarum
769 625 946 661 Ecclesiae
973 633 1006 660 et
1027 625 1158 659 amoris
1182 636 1220 657 ac

224 682 462 718 solicitudinis
486 681 549 714 filii
565 680 648 718 Dei,
673 679 809 713 adferre
835 675 1031 722 lachrymas
1055 682 1087 709 et
1110 675 1221 719 gemi-

224 744 292 770 tus.
346 732 419 766 Vos
439 739 552 766 autem
573 732 673 764 valde
694 742 756 763 oro
775 736 809 763 et
825 729 999 768 obtestor,
1024 735 1063 761 ut
1079 724 1146 760 hoc
1164 738 1221 759 ca-

223 793 287 831 put
305 785 341 818 in
358 783 562 817 narratione
579 781 721 815 Ioannis
746 791 848 823 saepe
874 779 1014 821 legatis,
1041 784 1074 811 et
1100 777 1221 810 crebra

224 836 434 881 repetitione
455 833 669 867 confirmetis
694 832 732 864 in
750 830 851 864 vobis
870 830 994 870 fidem,
1022 840 1090 875 qua
1115 829 1222 861 bene-

224 888 302 922 ficia
334 887 397 919 filii
422 884 489 919 Dei
525 884 635 927 accipi
664 888 823 927 oportet,
859 892 992 926 vosque
1022 879 1222 913 exuscitetis

226 940 269 973 ad
299 937 548 981 cogitationem
578 935 621 967 de
649 933 795 967 summis
823 932 948 972 rebus,
987 938 1021 965 et
1047 931 1091 964 ad
1119 930 1223 963 invo-

225 990 409 1024 cationem.

328 1039 466 1073 Accedo
486 1044 603 1071 autem
621 1048 717 1069 nunc
735 1037 777 1069 ad
801 1033 892 1068 hanc
912 1040 1065 1077 partem,
1093 1033 1136 1065 de
1155 1043 1223 1076 qua

227 1094 264 1125 in
281 1090 478 1137 praesentia
497 1088 684 1132 praecipue
700 1087 816 1120 dicere
834 1085 941 1118 volui.
992 1083 1114 1123 Pater,
1141 1094 1223 1115 san-

225 1143 337 1177 ctifica
353 1153 410 1174 eos
427 1141 463 1173 in
482 1140 630 1173 veritate
655 1145 734 1178 tua,
762 1149 877 1170 sermo
904 1142 983 1168 tuus
1009 1141 1059 1168 est
1083 1133 1223 1168 veritas.

226 1194 345 1228 Verba
362 1198 500 1235 sumpta
518 1197 599 1223 sunt
624 1201 663 1221 ex
686 1188 756 1221 ritu
785 1187 846 1232 qui
871 1186 1082 1220 describitur
1105 1185 1144 1217 in
1167 1196 1224 1217 ca·-

224 1246 296 1290 pite
313 1250 436 1277 octavo
456 1241 538 1274 libri
559 1240 673 1285 quarti
692 1238 830 1284 Moysi,
858 1237 921 1271 ubi
941 1236 1039 1270 iubet
1055 1234 1152 1269 Deus
1170 1246 1225 1268 se-

223 1295 358 1341 parari,
400 1291 611 1326 sanctificari
633 1297 664 1323 et
691 1289 813 1323 offerri
838 1287 980 1322 Levitas
1007 1299 1025 1320 a
1060 1286 1225 1331 pontifice

224 1345 402 1381 Aharone.
470 1342 526 1376 Ad
562 1339 657 1374 hunc
691 1347 815 1386 typum
845 1338 1009 1382 congruit
1043 1337 1112 1370 iam
1138 1334 1224 1370 haec

224 1398 314 1432 actio
340 1395 404 1429 filii
422 1394 518 1428 Dei..
560 1391 678 1426 Offert
700 1389 758 1425 hic
780 1401 938 1424 summus
963 1389 1124 1422 sacerdos
1150 1387 1225 1432 pri-

226 1460 324 1482 mum
356 1458 429 1480 sese
461 1451 604 1479 aeterno
625 1442 737 1488 patri:
777 1441 904 1475 deinde
932 1440 964 1474 ei
988 1447 1021 1474 et
1044 1439 1225 1473 ministros

223 1497 411 1542 Evangelii
443 1508 481 1530 ac
518 1495 720 1529 universam
756 1491 950 1527 Ecclesiam
991 1491 1225 1525 commendat.

225 1550 328 1584 Hanc
346 1547 554 1582 sanctificari
571 1553 666 1583 orat,
695 1545 730 1578 id
755 1551 825 1581 est,
854 1557 872 1576 a
900 1540 1096 1588 prophanis
1119 1542 1225 1575 rebus

226 1601 351 1641 eximi,
379 1607 411 1633 et
428 1600 471 1632 ad
488 1609 573 1632 usus
598 1597 740 1629 divinos
764 1594 966 1634 transferri,
987 1593 1118 1637 recipi,
1145 1604 1226 1636 per-

225 1652 327 1687 fundi
348 1651 468 1683 divina
487 1649 584 1688 luce,
611 1653 650 1680 ut
675 1653 766 1680 recte
790 1651 973 1688 agnoscat,
1001 1644 1163 1683 invocet,
1192 1650 1224 1677 et

227 1702 389 1737 doctrina
407 1708 439 1734 et
458 1699 602 1733 caeteris
618 1697 743 1731 officiis
760 1695 876 1730 Deum
893 1695 1062 1734 celebret,
1087 1701 1126 1728 nt
1145 1706 1224 1727 vera

228 1754 359 1788 noticia
378 1752 452 1784 eius
470 1751 537 1784 late
555 1755 748 1793 spargatur.

330 1803 425 1837 Petit
441 1808 557 1835 autem
574 1807 614 1833 ut
632 1799 895 1832 sanctificentur
918 1808 991 1831 non
1017 1796 1154 1829 umbris
1178 1796 1227 1828 ri-

228 1865 327 1890 tuum
345 1851 542 1892 Aharonis,
570 1863 642 1883 non
667 1861 757 1895 aqua
780 1849 938 1886 lustrali,
967 1859 1039 1880 non
1061 1846 1228 1880 radendis

228 1907 329 1952 pilis,
373 1903 534 1938 lavandis
564 1901 735 1941 vestibus,
777 1912 850 1933 nou
876 1898 1088 1933 mactatione
1116 1897 1228 1937 bovis,

228 1971 300 1991 non
319 1956 490 1990 libatione
507 1961 540 1987 et
559 1953 732 1997 placenta.
787 1950 868 1984 Non
887 1951 955 1983 iam
981 1951 1024 1982 de
1049 1947 1105 1981 his
1128 1949 1228 1991 suga-

230 2010 329 2043 cibus
347 2014 381 2041 et
400 2004 690 2039 evanescentibus
707 2002 842 2036 umbris
859 2001 1021 2047 loquitur
1036 1997 1092 2033 hic
1108 2006 1228 2033 noster

230 2061 403 2096 sacerdos,
431 2058 546 2090 iturus
563 2056 605 2088 ad
626 2066 791 2096 agonem,
819 2065 890 2098 quo
909 2052 1030 2085 nullus
1050 2051 1086 2083 in
1101 2062 1228 2094 genere

233 2110 388 2144 humano
411 2109 478 2142 suit
504 2107 618 2139 maior
643 2113 675 2139 et
693 2105 904 2138 terribilior:
931 2104 990 2136 sed
1009 2103 1096 2146 petit
1111 2110 1148 2136 ut
1168 2114 1227 2134 ve-

230 2163 289 2201 ris,
316 2159 540 2193 durabilibus
562 2164 593 2190 et
612 2156 762 2190 aeternis
782 2156 885 2189 bonis
903 2161 1050 2187 ornetur
1060 2151 1230 2194 Ecclesia,

230 2225 310 2246 vera
329 2213 405 2245 luce
423 2218 453 2244 et
471 2208 642 2253 sapientia
663 2215 753 2241 recte
770 2212 978 2249 agnoscente
995 2205 1126 2240 Deum.

335 2263 384 2296 Ac
410 2273 491 2294 mox
517 2260 613 2293 addit
637 2258 982 2302 interpretationem„
1011 2256 1095 2301 quid
1126 2262 1230 2300 petat,

231 2322 262 2348 et
287 2326 375 2359 quae
404 2313 445 2346 sit
472 2311 584 2345 multo
601 2309 838 2355 praestantior
855 2320 944 2353 aqua
964 2307 1117 2341 lustrali:
1147 2306 1228 2340 Ser-

233 2379 290 2399 mo
323 2372 403 2398 tuus
432 2370 481 2396 est
506 2362 647 2396 veritas.
718 2360 830 2393 Breve
852 2359 1034 2393 oraculum
1063 2365 1129 2392 est:
1170 2358 1227 2391 sed

233 2417 330 2450 nulla
363 2421 457 2448 tanta
490 2420 538 2446 est
571 2412 773 2457 eloquentia
799 2411 1005 2453 augelorum
1032 2416 1092 2443 aut
1114 2406 1230 2442 homi—
1255 2416 1257 2429 ·

236 2480 339 2505 tium,
383 2478 472 2510 «piae.
505 2462 608 2496 liuius
644 2463 726 2496 dicti
763 2462 1033 2505 :unplitudinem
1067 2461 1257 2493 evolvere·

233 2518 353 2564 possit.
393 2516 558 2549 Dicemus
575 2521 690 2547 autem
709 2515 750 2546 ad
772 2526 834 2546 nos
851 2512 1230 2549 commonefaciendus,
1255 2506 1257 2538 ⁴,

236 2577 407 2615 quantum
427 2577 622 2611 possumus.

337 2619 495 2653 Primum
522 2614 714 2649 Ecclesiam
743 2615 848 2647 condi
879 2614 1038 2647 adfirmat
1070 2625 1230 2647 sermone.

236 2672 372 2705 divino.

239 2736 308 2768 quo
328 2734 391 2754 vox
409 2720 529 2754 divina
549 2725 669 2755 sonat,
698 2715 760 2750 liar,
782 2730 864 2749 voce
883 2716 1097 2750 transfundit
1116 2715 1231 2760 Spiri-

540 135 702 173 DECL.
738 133 809 170 DE
845 130 1041 168 DICTO:
1084 129 1302 171 PATER,
1333 129 1688 166 SANCTIFICA
1721 129 1833 168 EOS
1860 142 1943 169 ETC.

428 2667 489 2702 Est
511 2668 617 2709 igitur
636 2667 753 2699 efficax
777 2667 874 2698 Deus
892 2666 927 2697 in
948 2665 1166 2702 ministerio.
1196 2664 1230 2697 iu
1256 2679 1260 2756 ι

2188 132 2263 170 892

1274 223 1346 250 tum
1366 223 1525 250 sanctum
1542 216 1579 249 in
1600 222 1738 260 pectora
1754 214 1953 261 hominum,
1977 225 2018 253 ut
2033 219 2070 252 in
2088 218 2137 252 eis
2153 218 2267 252 lucem

1273 274 1306 301 et
1325 266 1527 308 veritatem,
1554 267 1590 300 id
1610 273 1682 308 est,
1708 267 1926 302 intellectum
1953 269 2127 303 sermonis
2151 268 2268 302 divini

1273 318 1449 351 accendat.
1485 317 1585 351 Sicut
1602 317 1690 351 alibi
1704 317 1852 352 dicitur:
1879 316 2116 365 Evangelium
2134 327 2185 354 est
2202 332 2267 364 po-

1273 368 1382 402 tentia
1393 367 1459 402 Dei
1475 369 1519 401 ad
1536 368 1684 402 salutem
1702 369 1800 402 omni
1817 370 1988 406 credenti.
2017 370 2122 405 Item:
2145 369 2269 405 Evan-

1273 419 1404 463 gelium
1433 426 1484 453 est
1507 419 1743 453 ministerium
1767 419 1924 464 spiritus.
1977 419 2138 456 Primum
2161 422 2269 466 igitur

1275 469 1332 504 hic
1347 471 1390 503 de
1409 470 1599 504 ministerii
1615 469 1767 504 efficacia
1785 482 1852 504 nos
1870 471 1990 505 doceri
2006 471 2140 508 scitote.

1376 518 1640 565 Comprehensa
1656 527 1706 555 est
1724 518 1781 554 hic
1797 521 1926 555 deinde
1944 528 1978 556 et
1995 519 2080 556 haec
2097 523 2268 556 doctrina.

1273 570 1430 606 Ecclesia
1449 572 1499 605 sic
1514 573 1558 605 ad
1577 583 1774 605 sermonem
1785 570 1852 605 Dei
1869 573 2009 616 alligata
2027 579 2098 614 est,
2124 580 2163 607 ut
2179 573 2270 607 nulli

1274 623 1389 656 cultus
1406 629 1501 656 extra
1518 620 1612 656 hunc
1634 634 1833 656 sermonem
1861 623 2036 665 instituti,
2071 624 2164 657 nulli
2185 635 2272 671 ,coe-

1275 681 1330 707 tus
1352 674 1426 706 sine
1452 672 1519 707 hoc
1540 686 1702 707 sermone
1724 674 1880 715 collecti,
1905 675 1982 708 Deo
2006 675 2181 719 placeant:
2210 675 2270 707 sed

1276 722 1312 757 hi
1337 731 1456 758 coetus
1481 732 1619 759 tantum
1643 725 1714 758 sint
1729 737 1811 758 vera
1829 723 1894 758 Dei
1914 723 2091 764 Ecclesia,
2118 725 2272 759 ubicun-

1275 787 1343 820 que
1367 781 1466 817 sunt,
1506 776 1543 808 in
1569 776 1698 821 quibus
1723 788 1789 809 vox
1816 773 1999 819 Evangelii
2027 784 2129 810 sonat
2154 777 2273 809 incor-

1276 833 1389 871 rupta.
1456 825 1538 860 Non
1561 831 1644 860 sunt
1667 827 1776 870 igitur
1799 824 1956 860 Ecclesia
1982 825 2070 868 Dei,
2111 825 2274 860 homines

1277 877 1409 920 ignari,
1436 884 1495 911 aut
1521 875 1637 911 hostes
1654 875 1858 921 Evangelii,
1886 890 2099 923 quocunque
2126 878 2271 911 nomine

1276 928 1511 973 adpellantur.

1277 980 1394 1019 ustae,
1437 980 1520 1024 quia
1553 991 1626 1013 non
1659 979 1922 1013 sanctificantur
1952 992 2114 1013 sermone
2138 979 2275 1015 divino.

1277 1030 1329 1064 De
1354 1027 1430 1072 his,
1465 1042 1546 1064 cum
1571 1037 1689 1075 aperte
1715 1030 1947 1074 profiteantur
1974 1042 2009 1064 se
2042 1029 2157 1064 hostes
2192 1042 2276 1069 esse,

1278 1093 1351 1115 non
1369 1087 1418 1115 est
1436 1093 1524 1125 opus
1542 1082 1645 1125 longa
1661 1081 1832 1115 oratione.
1881 1080 1938 1114 Illi
1959 1078 2077 1115 hostes
2093 1081 2276 1115 difficilius

1278 1139 1530 1176 agnoscuntur,
1558 1133 1619 1178 qui
1638 1132 1674 1164 in
1686 1130 1844 1165 Ecclesia
1862 1132 2104 1173 dominantur,
2131 1133 2193 1178 qui
2209 1132 2277 1166 sibi

1278 1186 1564 1217 commendatum
1583 1195 1654 1216 esse
1669 1183 1906 1216 ministerium
1924 1184 2074 1217 docendi
2088 1183 2278 1227 Evangelii

1278 1234 1461 1268 ordinario
1492 1234 1568 1267 loco
1601 1233 1781 1273 iactitant,
1822 1235 1917 1279 quod
1944 1234 2088 1279 quidem
2115 1246 2197 1268 vere
2221 1234 2277 1267 di-

1279 1292 1380 1319 cunt:
1406 1286 1465 1318 sed
1483 1285 1578 1318 illam
1596 1285 1706 1329 ipsam
1724 1296 1846 1318 vocem
1865 1286 2147 1320 commendatam
2168 1285 2276 1318 mini-

1279 1336 1386 1370 sterio
1420 1336 1641 1380 evangelico,
1674 1333 1932 1380 sophismatum
1963 1336 2163 1380 praestigiis
2197 1347 2277 1370 cor-

1279 1394 1468 1432 rumpunt,
1495 1394 1527 1421 et
1552 1387 1591 1420 in
1606 1385 1764 1420 Ecclesia
1789 1398 1945 1427 errores,
1981 1386 2106 1421 salsam
2133 1387 2277 1421 invoca-

1280 1439 1433 1477 tionem,
1476 1445 1510 1472 et
1538 1438 1632 1472 idola
1659 1437 1861 1471 stabiliunt:
1905 1445 1943 1472 ut
1965 1437 2100 1473 faciunt
2125 1437 2186 1484 qui
2210 1435 2279 1472 hoc

1280 1497 1437 1534 tempore
1471 1490 1582 1523 edunt
1611 1489 1748 1523 sucosas
1773 1488 2059 1523 confirmationes
2084 1489 2279 1524 multorum

1281 1548 1439 1575 veterum
1481 1541 1675 1581 abusuum,
1718 1539 1985 1574 commenticiae
2024 1540 2280 1585 adplicationes

1280 1604 1408 1626 coenae
1435 1590 1583 1626 Domini
1611 1604 1675 1636 pro
1706 1591 1805 1632 aliis,
1849 1591 2091 1626 invocationes
2118 1598 2280 1626 mortuo-

1280 1655 1378 1684 rum,
1415 1649 1447 1676 et
1472 1643 1665 1676 multarum
1690 1642 1839 1675 aliarum
1864 1643 2168 1686 superstitionum.
2228 1641 2279 1677 Hi

1281 1706 1344 1739 pro
1362 1705 1451 1739 aqua
1470 1693 1605 1727 lustrali
1624 1693 1802 1736 conspersi
1818 1701 1900 1727 sunt
1914 1692 2118 1737 sophistica,
2142 1700 2176 1728 et
2189 1694 2279 1727 alios

1282 1745 1403 1778 eadem
1420 1755 1510 1789 aqua
1530 1744 1667 1778 lustrali
1691 1751 1939 1788 conspergunt.
1995 1744 2129 1778 Nolunt
2150 1745 2280 1778 sancti-

1282 1795 1377 1829 ficari
1394 1796 1556 1833 veritate,
1584 1807 1644 1828 seu
1664 1807 1824 1828 sermone
1841 1795 1975 1828 divino.
2032 1796 2105 1828 lmo
2124 1796 2191 1840 ipsi
2206 1807 2279 1829 ser-

1283 1846 1379 1880 moni
1396 1846 1519 1879 divino
1539 1846 1647 1890 impia
1667 1845 1812 1879 audacia
1828 1846 1978 1879 miscent
1997 1858 2059 1879 sua
2081 1858 2228 1881 venena.

1384 1896 1490 1930 Tales
1508 1897 1536 1930 si
1555 1894 1624 1930 huc
1645 1897 1849 1940 irruperint,
1877 1897 2040 1930 vitandos
2057 1909 2128 1931 esse
2148 1898 2278 1932 sciatis:

1282 1955 1313 1981 et
1333 1955 1371 1981 ut
1396 1948 1507 1981 vitare.
1524 1948 1681 1992 possitis„
1709 1948 1823 1981 sontes
1840 1948 2022 1981 doctrinae
2039 1955 2130 1982 recte
2149 1960 2280 1993 cogno-

1282 1999 1400 2032 scendi
1419 2006 1511 2033 sunt.
1565 1998 1654 2031 Nam
1675 1996 1740 2031 lioc
1765 2006 1986 2043 praeceptum
2007 1999 2112 2033 etiam
2132 1999 2167 2032 in
2186 2001 2280 2035 dicto

1282 2047 1432 2083 Christi:
1461 2050 1584 2083 Sermo
1611 2056 1693 2083 tuus
1716 2056 1765 2083 est
1785 2050 1930 2087 veritas,
1956 2047 2282 2094 comprehenditur,

1282 2108 1319 2134 ut
1338 2099 1433 2134 hunc
1449 2112 1647 2133 sermonem
1666 2101 1837 2144 legamus.
1866 2101 2070 2139 audiamus,
2094 2102 2282 2139 discamus.

1282 2151 1330 2185 lli
1360 2152 1497 2185 labores
1523 2152 1674 2196 pueriles
1699 2152 1837 2195 legendi
1861 2159 1891 2185 et
1909 2152 2087 2192 discendi,
2117 2150 2173 2187 bic
2190 2166 2280 2199 quo-

1283 2216 1350 2248 que
1369 2203 1650 2247 praecipiuntur:
1680 2215 1747 2248 qua
1771 2203 1806 2235 iu
1838 2215 1872 2235 re
1899 2203 2005 2236 nimis
2024 2216 2150 2247 magna
2167 2206 2281 2249 negli-

1283 2255 1399 2297 gentia
1426 2261 1475 2287 est
1502 2254 1718 2292 multorum,
1747 2254 1806 2299 qui
1832 2254 1885 2286 vel
1915 2267 1976 2298 per
2002 2254 2199 2297 ignaviam,
2227 2258 2280 2291 rel

1284 2313 1426 2350 propter
1453 2317 1552 2338 curas
1580 2305 1627 2337 rei
1651 2305 1853 2342 familiaris,
1881 2306 2050 2339 omittunt
2077 2306 2280 2341 lectionemt

1255 2392 1257 2403 A
1285 2364 1316 2390 et
1335 2357 1429 2401 quod
1450 2356 1696 2390 stultissimum
1716 2364 1763 2389 est
1778 2384 1785 2393 ,
1813 2357 1990 2391 somniant
2012 2369 2046 2389 se
2066 2358 2205 2401 penitus
2223 2371 2281 2393 ex·—

1285 2406 1441 2440 liausisse
1474 2414 1581 2440 totam
1615 2407 1820 2451 sapientiam
1852 2408 2022 2441 librorum
2055 2406 2281 2453 prophetico-

1284 2471 1361 2492 rum
1380 2466 1412 2491 et
1430 2458 1717 2503 apostolicorum.
1773 2458 1864 2491 llaec
1882 2460 2080 2502 arrogantia
2100 2460 2200 2493 valde
2219 2462 2280 2495 de·

1285 2511 1442 2543 testanda
1485 2516 1546 2545 est.
1623 2508 1760 2542 Deinde
1796 2517 1827 2543 et
1866 2507 1932 2542 linc
1969 2511 2281 2551 considerandum,

1284 2574 1388 2606 quam
1409 2561 1534 2594 multas
1558 2561 1603 2593 ob
1630 2573 1748 2594 causas
1773 2561 1874 2594 lertio
1898 2573 1956 2593 seu
1985 2562 2192 2595 auscultatio
2220 2575 2281 2597 ne-

1283 2612 1428 2645 cessaria
1447 2613 1500 2645 sit.

1389 2662 1548 2696 Primum
1573 2675 1707 2696 summa
1729 2662 1912 2695 doctrinae
1935 2662 2062 2696 ordine
2088 2671 2119 2698 et
2147 2665 2281 2709 integre

1284 2715 1368 2748 disci
1389 2722 1418 2748 et
1440 2712 1691 2759 comprehendi
1714 2725 1783 2747 non
1803 2719 1932 2756 potest.
1970 2714 2037 2748 nisi
2063 2727 2102 2749 cx
2131 2716 2281 2752 lectione

1567 927 1687 961 Palam
1707 925 1822 962 hostes
1837 926 1969 963 Christi
1987 936 2070 963 sunt
2082 927 2271 962 Mahome-
2314 937 2318 941 ’
