2338 2958
175 131 248 168 587
713 115 873 153 DECL.
920 111 994 150 DE
1028 108 1230 147 VERBO
1262 109 1686 148 ’OPOOTOMEIM
2151 108 2226 144 688

183 220 211 253 si
233 218 314 251 fons
337 208 562 255 metaphorae
586 203 843 239 consideretur.
896 200 1064 235 Arbitror
1081 199 1176 233 enim
1200 202 1205 256 l
1228 197 1371 231 victima
1404 196 1594 241 significari
1618 195 1873 239 Mediator-em,
1908 197 1968 244 qui
2003 197 2165 230 sacerdos
2192 202 2227 230 et

183 275 363 313 sumptum
389 274 460 296 esse
489 259 635 291 verbum
658 268 676 289 a
700 255 921 288 sacerdotum
948 251 1084 292 officim
1117 249 1179 296 qui
1232 249 1387 294 placator
1410 249 1552 282 futurus
1573 254 1668 288 erat,
1695 253 1729 282 et
1750 255 1895 294 propter
1915 261 1994 283 eum
2011 253 2143 282 norant
2160 244 2228 281 hoc

184 321 347 356 secabant
369 312 565 347 hostiarum
586 307 743 340 membra
756 332 764 347 ,
791 317 856 338 nec
873 303 967 337 enirn
985 303 1112 336 licebat
1129 309 1180 336 te·
1233 299 1470 334 ministerium
1489 299 1690 333 institutum
1709 310 1792 332 esse-

185 383 279 407 mere
303 363 444 412 partiri,
470 368 510 395 ut
533 359 660 404 cuique
685 357 886 391 videbatur:
915 355 974 388 sed
991 352 1089 388 Deus
1112 352 1179 386 alia
1337 349 1445 394 Quod
1463 362 1546 384 vero
1563 350 1733 393 sanguine
1749 362 1843 383 aram
1859 350 2042 394 conspergi
2057 349 2229 395 oportuit,

187 421 346 457 membra
363 412 488 453 abiici,
511 411 579 445 alia
597 409 665 444 sibi
686 406 918 445 inflammari,
947 406 1015 439 alia
1033 403 1180 439 attribui
1235 408 1365 435 norant
1393 413 1467 436 non
1499 402 1692 446 pecudum,
1728 402 1787 434 sed
1819 399 2030 435 Mediatoris
2059 401 2231 445 sanguine

189 467 427 508 Sacm-dotibus
449 463 575 498 voluit.
627 460 737 495 Plane
760 470 817 493 ars
841 465 914 492 erat
937 457 1098 491 dividere
1116 453 1183 488 ho·
1208 463 1210 469 ¹
1235 453 1438 487 universam
1452 450 1647 487 Ecclesiam
1670 452 1809 487 redimi.
1861 450 1952 486 Cum
1975 464 2057 486 vero
2081 453 2230 487 caudam

189 525 301 559 stiam.
354 517 427 552 Nec
449 522 614 559 putemus
637 512 728 546 ritus
752 510 832 544 illos
856 508 1076 543 barbaricam
1097 519 1184 540 con-
1209 507 1211 518 ’
1238 512 1270 538 et
1289 505 1427 548 adipem
1444 504 1660 548 conflagrare
1675 504 1861 544 videbant,
1887 504 2123 547 agnoscebant
2138 503 2234 537 iudi—

190 571 413 610 snetudiuem
433 567 560 606 fuisse,
586 576 624 598 ac
643 563 761 597 nullas
777 572 915 602 causaS,
941 560 1058 593 nullas
1076 558 1186 601 signi-
1210 583 1214 626 ι
1238 556 1292 589 cio
1325 555 1391 589 Dei
1427 553 1517 589 hanc
1548 562 1706 589 nostram
1735 554 1920 589 mortalem
1953 561 2115 589 naturam
2149 555 2235 589 sub·

191 625 370 660 suffitiones
388 617 569 653 habuisse:
598 616 669 648 imo
688 625 771 646 vero
790 619 822 646 et
839 624 958 645 causas
974 611 1126 649 rituum,
1154 614 1187 640 et
1212 633 1215 652 ἶ
1240 607 1364 641 iectam
1379 619 1451 640 esse
1467 607 1574 641 morti
1588 613 1620 640 et
1635 606 1840 650 ingentibus
1854 606 2049 639 aerumnis:
2073 607 2132 639 sed
2149 607 2235 641 abo·

193 685 343 724 quarum
367 682 485 706 rerum
510 673 623 701 essent
646 664 834 707 imagines,
862 659 1060 706 Prophetae
1077 658 1187 694 etalii
1241 658 1304 692 lito
1336 665 1476 703 peccato
1507 657 1545 690 in
1579 665 1710 698 morte,
1745 664 1864 702 postea
1894 663 2057 691 naturam
2089 657 2234 692 restitui.

193 728 244 774 pii
265 738 304 760 ac
326 722 457 758 eruditi
482 719 650 753 sciebant.
704 716 773 749 Sed
795 713 899 746 nobis
924 714 960 745 in
985 710 1050 745 hac
1069 718 1188 744 nostra
1241 708 1344 742 Nasci
1366 721 1431 743 nos
1448 710 1491 742 ad
1509 709 1652 743 delicias
1669 709 1852 753 fingimus,
1879 714 1914 742 et
1931 720 2035 742 curae
2051 706 2237 743 hominum

195 777 353 816 inscitia,
380 771 523 807 difficile
548 775 599 802 est
624 779 680 801 eas
704 777 824 799 causas
847 771 879 797 et
903 763 1075 806 imagines
1097 768 1190 795 recte
1243 761 1462 806 consiliaque
1486 763 1530 793 ad
1556 757 1623 794 hoc
1647 760 1835 805 praecipue
1856 759 2077 799 referuntur,
2100 766 2140 793 ut
2158 771 2240 794 sua—

195 829 378 875 explicare.
423 822 505 856 ldeo
524 819 626 853 multi
645 818 682 851 in
699 815 858 850 texendis
871 814 1049 858 allegoriis
1067 811 1192 846 insulsi
1245 812 1335 845 viter
1360 811 1531 845 vivamus.
1585 810 1633 845 At
1655 812 1743 845 scias
1765 811 1863 845 illam
1881 811 2090 845 suavitatem
2107 810 2241 845 confla-

195 887 289 916 sunt,
342 876 411 911 Sed
429 872 584 907 recitabo
602 876 636 904 et
653 880 735 913 ego,
762 867 848 914 quid
866 863 956 899 mibi
973 867 1015 899 de
1029 863 1085 899 his
1101 863 1192 910 typis
1245 875 1345 908 grare
1361 869 1541 908 oportere,
1570 874 1643 896 non
1659 874 1784 906 regna,
1807 875 1880 896 non
1896 862 2120 909 tyrrannides
2132 889 2140 902 ,
2167 874 2241 896 non

197 933 377 968 videatur,
410 932 443 958 et
469 936 486 957 a
510 919 798 968 praeceptoribus
825 917 931 959 meis,
960 929 1041 951 vera
1066 915 1194 961 pietate
1246 914 1414 958 gloriam,
1446 925 1519 947 non
1551 911 1739 947 hominum
1771 914 1913 958 plausus
1947 912 2012 948 boc
2044 913 2242 948 ministerio
2287 938 2291 942 -

197 980 374 1020 colendis,
402 983 480 1022 9010
499 972 759 1008 enarrationem
778 969 888 1012 magis
904 969 1128 1002 concinnam.
1247 966 1468 1012 quaerendos
1493 977 1577 1005 esse,
1635 964 1732 998 Haec
1753 972 1786 999 et
1811 965 1940 998 similia
1968 965 2169 1009 cogitabant
2193 965 2243 1010 pii

303 1031 434 1073 Magna
453 1023 624 1072 sapientia
643 1029 693 1056 est
710 1022 764 1055 lex
783 1020 924 1061 divina,
952 1026 1080 1053 etcum
1094 1016 1196 1051 utili·
1248 1017 1444 1051 sacerdotes
1457 1044 1467 1057 ‚
1502 1016 1682 1049 flammam
1707 1016 1869 1050 sacrificii
1893 1016 2090 1061 intuentes,
2123 1024 2155 1050 et
2178 1014 2245 1050 hac

199 1085 262 1121 tati
285 1080 472 1116 hominum
495 1075 666 1115 consulit,
693 1080 768 1106 tum
794 1084 877 1105 vero
896 1071 985 1105 ritus
1004 1069 1071 1114 ipsi
1087 1069 1198 1102 multa
1249 1068 1492 1103 consolatione
1510 1067 1691 1101 leniebant
1709 1068 1869 1108 dolores,
1897 1068 1991 1113 quod
2012 1080 2085 1101 non
2104 1073 2246 1106 temere,

201 1147 329 1171 arcana
345 1133 386 1165 de
405 1130 586 1163 voluntate
602 1125 669 1159 Dei
684 1130 842 1159 monent.
897 1121 1002 1156 Iussit
1017 1120 1113 1154 Deus
1130 1119 1196 1153 sibi
1250 1132 1324 1153 non
1351 1130 1432 1152 casu
1456 1119 1612 1162 perirent
1634 1118 1816 1159 victimae,
1841 1119 1902 1152 sed
1928 1119 2022 1164 quod
2045 1125 2078 1152 et
2096 1117 2171 1152 Deo
2190 1119 2247 1153 iu-

202 1181 418 1221 inssammari
443 1180 580 1224 adipem
607 1183 639 1210 et
663 1176 829 1214 caudam,
858 1172 1100 1206 sacerdotibus
1116 1182 1198 1204 vero
1251 1173 1355 1205 bente
1375 1170 1534 1210 oblatae,
1563 1177 1596 1203 et
1613 1170 1654 1202 ad
1677 1169 1928 1203 celebrandum
1946 1168 2061 1204 Deum
2081 1167 2146 1203 hae
2165 1182 2249 1215 par-

203 1235 350 1273 attribui
375 1238 495 1278 pectus
519 1236 552 1263 et
571 1225 724 1260 barmos.
778 1224 848 1257 Hic
865 1224 1025 1257 videmus
1042 1220 1199 1255 habitam
1253 1229 1303 1256 tes
1320 1221 1559 1254 inflammatae
1576 1228 1700 1255 essent.
1756 1220 1970 1254 Gaudebant
1987 1221 2094 1264 igitur
2109 1231 2144 1254 se
2159 1233 2248 1266 quo-

204 1301 276 1324 esse
300 1283 464 1320 utilitatis
489 1279 678 1314 rationem:
707 1288 790 1309 nam
813 1272 878 1308 hae
895 1281 1010 1320 partes
1026 1285 1104 1307 cum
1124 1284 1200 1305 ma·
1254 1285 1321 1318 que
1348 1283 1422 1305 non
1446 1278 1577 1304 temere
1600 1271 1769 1305 dimicare
1794 1271 1830 1304 in
1854 1272 1947 1312 acie,
1981 1272 2108 1315 affligi,
2145 1273 2250 1306 susti-

204 1341 296 1375 xime
322 1345 486 1370 carnosae
510 1331 600 1368 sint,
634 1334 754 1373 pectus
776 1333 809 1359 et
829 1324 966 1368 harmi,
995 1326 1097 1358 (latae
1121 1330 1199 1358 sunt
1254 1336 1337 1357 nere
1361 1323 1521 1366 ingentes
1546 1334 1748 1356 aerumnas:
1777 1323 1837 1356 sed
1863 1320 1947 1356 haec
1964 1323 2155 1357 certamina
2173 1335 2251 1357 sns-

205 1389 395 1425 vescendam
424 1381 673 1418 sacerdotibus.
744 1376 869 1411 Voluit
900 1377 994 1410 enim
1029 1374 1125 1409 Deus
1155 1374 1201 1407 ali
1255 1375 1325 1420 cipi
1358 1374 1503 1408 iubente
1523 1372 1618 1415 Deo,
1652 1380 1685 1407 et
1714 1374 1782 1407 late
1807 1373 1923 1418 spargi
1948 1374 1984 1409 in
2010 1374 2060 1408 eis
2082 1375 2250 1409 noticiam

205 1442 401 1476 sacerdotes
426 1434 601 1481 pecudum
628 1430 819 1465 oblatione.
889 1426 1010 1472 Adeps
1037 1434 1069 1461 et
1093 1426 1201 1460 cauda
1256 1426 1339 1467 Dei,
1366 1432 1406 1459 nt
1429 1425 1465 1458 in
1493 1424 1632 1459 Psalmo
1656 1425 1804 1459 dicitur:
1832 1424 1982 1469 Propter
2005 1432 2038 1460 te
2062 1426 2253 1460 mortifica-

206 1505 332 1539 parum
354 1487 489 1523 habent
511 1483 689 1523 carnium,
717 1493 777 1514 seu
796 1480 884 1520 cibi,
913 1479 993 1512 ideo
1012 1476 1074 1511 has
1094 1477 1204 1522 potis·
1256 1490 1337 1512 mur
1354 1483 1425 1511 tota
1445 1476 1513 1511 die.

208 1546 336 1579 simum
356 1546 471 1585 partes
487 1534 623 1570 absumi
642 1534 722 1577 igne
740 1531 851 1566 iussit,
1362 1527 1535 1561 Videmus
1562 1527 1670 1572 igitur
1695 1527 1732 1561 in
1757 1525 1813 1560 his
1836 1528 2042 1571 spectaculis
2065 1528 2253 1562 sacrificio·

304 1579 1206 1629 NecnibildesignificationibuscogitabantAaron,
1258 1592 1337 1613 rum
1373 1579 1571 1624 propositas
1603 1590 1676 1612 esse
1707 1579 1895 1621 imagines,
1931 1591 2019 1625 quae
2047 1579 2256 1623 significant,

208 1645 381 1683 Phincos,
420 1636 627 1674 Zacharias,
662 1642 697 1668 et
728 1633 860 1667 similes
891 1633 1087 1665 sacerdotes
1116 1630 1207 1663 inter
1259 1629 1380 1676 quales
1403 1641 1475 1662 esse
1499 1630 1680 1662 ministros
1705 1630 1886 1662 doctrinae
1911 1631 2088 1671 coelestis,
2117 1638 2150 1665 et
2165 1643 2255 1676 quae

211 1689 490 1732 sacrificandum.
561 1687 739 1719 Videbam
772 1691 890 1728 pectus
914 1690 945 1716 et
971 1680 1113 1715 barinos
1141 1681 1206 1713 sibi
1259 1680 1454 1720 sustinere,
1482 1687 1513 1713 ct
1536 1693 1606 1725 quo
1627 1680 1775 1714 consilio
1793 1687 1970 1724 oporteat:
1998 1682 2068 1715 sint
2088 1689 2207 1726 pectus
2224 1690 2257 1717 et

210 1746 377 1785 ffitritmi,
405 1750 443 1777 nt
466 1743 699 1773 monerentur
720 1735 917 1769 sacerdotes
940 1741 972 1767 ct
998 1740 1116 1777 pectus
1137 1743 1208 1765 esse
1261 1731 1370 1766 baiuli
1399 1731 1538 1775 populi,
1566 1732 1763 1765 sustineant
1785 1743 1915 1775 agones
1936 1739 1969 1766 et
1993 1734 2174 1767 vetustatis
2192 1746 2258 1767 no-

211 1797 335 1845 populi
360 1802 391 1829 et
415 1791 564 1827 baiulos.
619 1787 710 1821 Boni
736 1788 898 1819 doctores
917 1784 1066 1817 consilio
1085 1789 1208 1827 regunt
1262 1791 1352 1817 strae
1378 1782 1579 1822 interitum,
1606 1790 1638 1817 et
1664 1783 1814 1816 referant
1834 1794 1913 1816 suas
1931 1795 2117 1818 aerumnas
2135 1785 2178 1818 ad
2197 1796 2258 1818 ce-

215 1849 404 1896 populum,
431 1851 466 1878 et
484 1841 707 1887 praecipuam
727 1837 855 1870 molem
874 1847 1038 1869 curarum
1058 1841 1089 1868 et
1109 1834 1209 1867 dolo·
1264 1834 1474 1868 lebrandum
1506 1831 1633 1868 Deum,
1700 1832 1772 1867 Has
1806 1834 1977 1878 imagines
2009 1835 2134 1869 rudior
2165 1842 2258 1870 aetas

215 1913 292 1936 mm
309 1900 344 1932 in
362 1903 432 1931 tota
451 1891 708 1939 gubernatione
724 1888 911 1922 sustinent.
967 1884 1108 1920 Etcum
1128 1883 1210 1918 baec
1263 1885 1472 1923 consideret,
1499 1892 1532 1918 et
1550 1885 1718 1928 adiungat
1735 1885 1904 1929 exempla,
1931 1898 2083 1931 qnorum
2097 1887 2260 1921 omnium

215 1953 370 1986 membra
391 1947 488 1992 prins
508 1943 750 1976 offerebantur
766 1938 841 1973 Deo
861 1939 991 1978 levata,
1020 1944 1051 1970 et
1074 1937 1108 1969 in
1127 1937 1210 1969 (lex—
1267 1936 1415 1970 maxime
1432 1935 1569 1969 illustre
1587 1943 1634 1969 est
1654 1937 1728 1982 ipse
1746 1936 1839 1969 filius
1856 1935 1934 1970 Dei.
1975 1935 2114 1971 Deinde
2133 1938 2259 1972 caeteri

216 2014 309 2039 trum
341 2007 373 2034 et
397 1998 579 2032 sinistrum
605 1994 695 2027 latus
718 1997 832 2029 mota,
868 1989 979 2022 multa
1005 2000 1121 2021 secum
1147 1987 1211 2031 ipsi
1265 1989 1480 2026 sacerdotes,
1508 1987 1567 2031 qui
1587 1987 1764 2031 praeclare
1784 1988 1896 2021 functi
1914 1995 1995 2022 sunt
2013 2000 2077 2023 sno
2097 2001 2260 2024 munere:

217 2053 427 2098 cogitabant.
482 2047 642 2081 Primum
667 2042 902 2087 agnoscebant
925 2041 968 2073 ab
992 2037 1059 2072 boc
1085 2051 1158 2072 unu
1183 2045 1211 2071 et
1268 2039 1430 2072 videlicet
1452 2037 1593 2077 Patres,
1618 2035 1838 2083 Prophetae,
1866 2038 2047 2083 Apostoli,
2071 2047 2103 2074 et
2132 2037 2260 2075 horum
2291 2054 2295 2060 ·

217 2114 359 2139 aeterno
380 2101 454 2135 Deo
476 2098 677 2131 institutum
698 2106 769 2127 esse
787 2090 854 2126 boc
872 2091 1125 2125 sacerdotium:
1153 2090 1213 2123 de·
1267 2090 1428 2123 omnium
1445 2089 1574 2123 milites
1593 2096 1625 2123 et
1642 2086 1886 2133 παραστάται.

219 2159 301 2190 ind(-
327 2162 359 2188 et
385 2151 555 2185 auxilium
577 2148 611 2180 in
631 2144 694 2179 bac
713 2144 891 2178 oblatione
911 2142 1094 2187 petebant,
1123 2141 1214 2175 etad
1368 2140 1458 2175 Cum
1484 2149 1598 2174 antem
1625 2149 1656 2175 et
1682 2141 1746 2186 ipsi
1771 2151 1914 2186 prorsus
1936 2142 1979 2175 ad
2005 2144 2151 2177 eandem
2169 2143 2265 2178 mili-

219 2221 296 2241 vum
327 2202 577 2239 celebrandum
610 2197 728 2230 omnia
762 2195 908 2229 consilia
935 2194 1116 2227 reserenda
1145 2203 1216 2226 esse
1269 2193 1352 2226 tiam
1377 2193 1487 2225 vocati
1507 2193 1634 2233 simus,
1661 2199 1800 2226 nostrae
1820 2193 2020 2227 voluntates
2038 2202 2069 2228 et
2088 2195 2203 2229 studia
2218 2197 2263 2230 ad

220 2258 429 2293 statuebant.
501 2249 543 2285 Et
572 2251 606 2282 in
633 2247 695 2282 bac
720 2259 863 2281 suorum
891 2246 1053 2278 laborum
1079 2250 1111 2277 et
1137 2255 1218 2277 suae
1271 2244 1346 2276 illas
1367 2243 1536 2286 imagines
1554 2250 1767 2287 congruant,
1793 2250 1824 2277 et
1846 2244 2029 2279 imitentur
2047 2243 2131 2280 baec
2148 2258 2265 2280 exem·

221 2309 366 2343 ,ῃῃῃῑ-Ἣ.
389 2303 620 2349 cogitatione,
649 2307 764 2332 mente
790 2298 1020 2331 intuebantur
1041 2307 1216 2329 summum
1273 2295 1345 2339 pla.
1380 2307 1468 2339 quae
1491 2295 1587 2328 Dens
1611 2295 1714 2328 nobis
1732 2307 1803 2328 non
1822 2295 1950 2329 frustra
1969 2297 2170 2341 proposuit:
2205 2310 2265 2343 pe-

222 2361 436 2395 sacerdotem
467 2355 576 2387 silium
604 2351 686 2389 Dei,
723 2362 827 2395 quem
852 2349 1007 2381 sciebant
1034 2346 1218 2392 praecipue
1272 2354 1366 2379 ctura
1391 2347 1605 2380 instruamus
1630 2358 1710 2379 vera
1735 2346 1915 2385 doctrina,
1943 2354 1980 2381 ut
1997 2349 2040 2381 (le
2058 2348 2119 2382 Dei
2136 2349 2265 2383 volun-

223 2420 340 2457 pectns
361 2416 391 2441 et
415 2406 602 2440 tunm-rum
623 2414 694 2435 esse
714 2401 898 2435 universae
919 2398 1103 2433 Ecclesiae.
1160 2396 1219 2430 Fi·
1273 2405 1342 2432 tate
1357 2405 1389 2431 et
1405 2397 1547 2431 salutari
1566 2398 1657 2430 vitae
1673 2398 1928 2440 gubernatione
1941 2399 2030 2433 alios
2045 2401 2170 2435 docere
2186 2411 2266 2446 pos-

224 2465 291 2497 lins
325 2458 522 2503 suppeditat
553 2454 759 2492 consitium,
794 2459 825 2484 et
856 2463 918 2495 pro
943 2451 1047 2483 nobis
1073 2449 1217 2483 sustinet
1273 2450 1399 2482 simus:
1437 2450 1547 2482 robur
1576 2460 1593 2481 a
1627 2449 1699 2482 filio
1723 2449 1786 2483 Dei
1815 2457 1993 2493 petamus.
2030 2457 2068 2485 ut
2093 2451 2267 2486 sustinere

225 2512 442 2549 msfissflm„
460 2518 599 2551 poc-uas,
629 2512 658 2538 et
677 2505 789 2548 placat
808 2503 894 2535 iram
911 2502 1028 2546 patris.
1084 2500 1139 2534 Ab
1156 2497 1219 2532 boc
1275 2501 1412 2534 labores
1432 2500 1618 2533 ministerii
1640 2501 1828 2544 possimus:
1857 2513 1919 2535 nec
1936 2501 2141 2536 misceamus
2160 2503 2267 2537 vitio·

225 2577 363 2600 summo
404 2560 581 2593 sacerdot<-
613 2556 800 2588 consilium
834 2562 865 2587 et
898 2554 1008 2586 robur
1040 2551 1220 2597 petebant:
1247 2571 1249 2594 ,
1274 2564 1327 2585 sas
1348 2551 1574 2595 cupiditates,
1601 2553 1657 2585 scd
1686 2563 1932 2597 praeparemus
1956 2564 2019 2585 uos
2042 2554 2084 2586 ad
2110 2554 2269 2588 miserias

225 2616 333 2651 buius
363 2623 454 2645 onus
479 2609 631 2642 sciebant
660 2608 763 2647 longc-
790 2605 931 2646 gratius
959 2605 1031 2637 sore
1056 2602 1222 2635 omnibns
1247 2599 1249 2615 ¹
1275 2604 1454 2641 ferendas,
1495 2615 1534 2636 ac
1564 2611 1704 2647 portum
1737 2603 1940 2637 intueamur
1968 2611 2170 2643 aeternum.
2207 2604 2268 2651 qui

227 2665 427 2702 aortnnuis.
477 2672 563 2706 quas
601 2659 704 2691 etiam
740 2656 933 2690 tuh-tissimi
970 2656 1224 2698 gubernatores
1275 2655 1344 2687 iam
1365 2652 1428 2687 ltac
1449 2654 1674 2697 navigatione
1693 2656 1862 2698 petendus
1882 2661 1951 2690 est.
1980 2655 2141 2690 xittoticet
2157 2663 2270 2691 aeter-

228 2720 286 2753 am
321 2724 533 2763 quocunqu‘·
561 2719 716 2754 [mnpnro
744 2709 906 2742 tolerant.
960 2707 1127 2741 Sciebant
1152 2711 1221 2739 tota
1248 2711 1251 2739 t
1276 2718 1357 2739 nam
1380 2705 1671 2741 consuetudinem
1692 2703 1756 2739 Dei
1780 2712 1812 2740 et
1831 2706 1893 2739 filii
1913 2707 2006 2747 eius,
2033 2714 2066 2742 ct
2087 2708 2270 2742 universae
