2338 2958
86 148 160 184 689

82 231 266 265 Ecclesiae.
319 227 424 261 Tales
447 238 518 260 esse
535 228 734 272 quicunque
751 229 911 266 student,
936 225 1062 259 horum

82 282 277 315 voluntates
303 289 342 310 ac
369 278 505 310 labores
534 277 668 310 iuvabit
693 284 723 310 et
757 285 849 320 reget
877 276 990 315 Deus,
1024 282 1063 309 ut

83 329 165 364 haec
189 328 386 362 dulcissima
405 340 470 361 vox
494 326 593 360 Pauli
619 334 777 361 testatur:
813 327 906 360 Deus
931 333 979 360 est
1002 326 1063 371 qui

80 380 183 413 efficit
205 386 243 412 ut
257 378 389 418 velitis,
415 385 448 412 et
472 378 564 411 bona
581 378 781 421 perficiatis,
808 384 847 410 ut
863 377 978 420 aliqua
996 377 1062 420 ipsi

78 441 159 462 vere
173 435 268 472 grata
284 428 378 461 fiant.

177 485 383 520 Charissimi
409 485 604 526 auditores,
630 485 820 528 cogitemus
837 484 928 518 vitae
944 494 1061 517 causas

79 544 191 571 totum
207 537 418 569 curriculum
436 543 468 569 et
490 535 629 569 exitum.
682 535 884 568 Dolendum
901 541 960 574 est,
986 546 1061 566 ma-

79 598 181 630 gnam
207 594 337 630 partem
363 586 497 628 generis
523 583 667 618 humani
699 586 891 623 furentem,
923 590 1059 617 tantum

78 638 212 679 ingrata
232 636 307 669 Deo
325 636 455 674 facere,
479 642 511 669 et
526 641 636 679 pestes
653 646 723 667 esse
741 634 937 667 communis
951 634 1061 667 socie-

79 687 169 721 tatis.
228 685 409 729 Excerpsit
432 692 548 719 autem
570 683 664 717 Deus
695 684 762 716 sibi
786 682 997 722 Ecclesiam,
1024 684 1060 716 in

79 749 146 781 qua
174 743 264 770 certe
288 737 362 768 vult
385 736 451 768 sibi
482 734 593 767 officia
624 741 718 776 grata
747 734 925 777 praestari.
975 733 1061 767 Vult

80 786 295 820 circumferri
325 785 518 818 doctrinam
546 781 750 826 Evangelii,
788 791 825 817 ut
855 790 1061 827 agnoscatur

80 843 112 870 et
129 848 208 869 vere
225 837 420 869 invocetur:
447 834 522 867 vult
538 831 628 867 hanc
653 834 767 867 lucere
789 834 825 866 in
845 833 1060 867 consessione

79 893 198 920 nostra
226 893 257 919 et
282 884 462 927 diligentia
490 884 722 926 regendorum
741 895 891 917 morum.
946 883 1060 916 Anni-

79 943 195 969 tamur
211 947 308 978 ergo,
334 942 372 968 ut
391 932 496 966 huius
522 941 639 967 coetus
656 945 734 977 pars
757 934 886 974 simus,
910 935 969 978 qui
987 933 1059 967 Deo

80 993 175 1028 grata
208 985 319 1018 officia
351 990 518 1027 praestat,
555 996 628 1016 non
657 984 766 1016 simus
796 981 910 1016 hostes
935 984 999 1017 Dei
1028 991 1061 1017 et

79 1042 190 1079 pestes
207 1033 351 1068 humani
369 1034 515 1077 generis.
557 1032 629 1066 Has
647 1041 782 1066 nostras
799 1031 1060 1067 adhortationes

79 1085 174 1118 scitis
196 1085 417 1129 quotidianas
434 1095 526 1123 esse,
553 1084 680 1127 quibus
702 1090 739 1116 ut
765 1084 868 1116 multi
884 1095 962 1116 vere
984 1095 1059 1116 mo—

78 1142 239 1175 veantur,
266 1135 369 1167 saciat
382 1132 477 1167 Deus
494 1140 655 1166 aeternus
670 1132 774 1166 Pater
787 1131 934 1166 Domini
949 1133 1061 1166 nostri

79 1183 158 1218 lesu
176 1183 326 1224 Christi,
353 1191 385 1217 et
409 1184 501 1217 inter
524 1195 588 1216 nos
612 1194 747 1226 semper
765 1183 921 1226 colligat,
948 1190 1061 1217 servet

79 1247 117 1268 ac
136 1241 229 1278 regat
246 1233 448 1269 Ecclesiam.
501 1232 627 1266 Amen.
681 1233 774 1266 Dixi.

94 1423 157 1456 No.
185 1422 244 1455 83.

87 1468 256 1482 §om

877 1434 923 1452 an.
949 1423 1040 1454 1545.

862 1468 1062 1484 m

268 1521 343 1561 De
366 1522 624 1574 quaestione
650 1519 881 1561 Simeonis.

151 1600 180 1626 ln
201 1600 350 1629 Deciatum,
370 1599 401 1624 T.
419 1598 463 1625 ΙΙΙ.
486 1608 512 1632 p.
528 1599 578 1624 492
589 1608 655 1633 sqq.,
676 1599 702 1624 in
719 1598 834 1624 Sei-vest.
851 1598 884 1625 Τ,
901 1597 945 1623 lll.
964 1607 990 1630 p.
1003 1599 1063 1623 40¹.

187 1639 211 1660 et
231 1635 300 1667 apud
324 1633 447 1659 Richard.
464 1633 495 1661 T.
508 1633 556 1658 lll-
578 1642 603 1666 p.
622 1634 677 1658 190.
714 1633 781 1657 item
801 1632 829 1657 in
843 1631 932 1657 Tomo
947 1631 994 1658 ΙΙΙ.
1012 1632 1063 1657 Er-

184 1668 309 1693 sordiano
326 1667 398 1699 lit-J,
412 1668 438 1692 4.

83 1747 211 1779 Oran'o
237 1743 282 1778 de
312 1746 530 1789 quaestione
556 1745 746 1787 proposita
768 1753 792 1776 α
822 1744 1063 1785 samsone,

85 1794 204 1829 ludio.
230 1797 358 1836 1111„
396 1793 527 1827 habita
564 1805 587 1826 a
623 1794 778 1827 Decano
812 1795 861 1826 M.
891 1796 1065 1827 Ioanne

360 1845 628 1877 Durstenio.
683 1842 793 1877 1545.

86 1910 206 1962 Saepe
221 1915 366 1956 auditis,
392 1915 569 1949 institutos
583 1925 654 1948 esse
669 1911 734 1947 hos
749 1926 950 1958 congressus
963 1913 1066 1949 scho-

85 1968 245 2003 lauicos,
276 1978 348 1998 non
376 1972 416 2000 ut
448 1965 532 1998 olim
564 1965 756 2008 spectacula
781 1963 974 2006 Circensia‚
1007 1973 1065 1999 aut

86 2019 189 2052 ludos
214 2014 446 2055 theatrorum,
472 2015 660 2058 voluptatis
685 2026 804 2047 causa:
830 2016 889 2048 scd
908 2022 945 2048 ut
966 2017 1066 2049 adiu—

88 2075 171 2102 vent
194 2067 374 2100 doctrinae
396 2063 561 2098 honestae
585 2065 890 2108 propagationem,
917 2078 983 2110 qua
1000 2064 1067 2099 Ec-

88 2118 211 2152 clesiae
243 2123 274 2149 ct
302 2116 393 2149 vitae
420 2112 595 2149 humanae
620 2126 708 2159 opus
735 2121 795 2147 est.
853 2114 1068 2149 Adferantur

89 2179 170 2211 ergo
187 2165 256 2201 hnc
271 2165 379 2199 animi
397 2177 467 2198 non
493 2165 650 2209 profani,
671 2165 730 2197 sed
750 2165 793 2197 de
816 2165 1068 2207 gubernatione

89 2216 285 2254 Ecclesiae,
311 2217 354 2248 de
371 2215 483 2248 causis
506 2227 568 2248 cur
583 2215 740 2248 doctrina
761 2215 839 2247 data
856 2215 917 2258 sit,
945 2217 988 2248 de
1009 2229 1069 2261 pe-
1094 2240 1096 2260 3

90 2267 212 2300 riculis
229 2265 397 2310 publicis,
422 2266 534 2310 deque
554 2265 704 2297 iuvanda
722 2264 923 2298 defensione
940 2267 1068 2300 doctri-
1094 2263 1097 2273 ¹

91 2328 160 2350 nae
183 2316 391 2359 cogitantes,
424 2322 458 2348 et
479 2315 684 2348 ardentibus
706 2315 796 2348 votis
827 2322 1000 2358 petentes,
1031 2324 1070 2350 ut

91 2366 187 2402 Deus
208 2366 321 2399 studia
339 2371 457 2398 nostra
475 2372 569 2408 regat
589 2371 622 2397 et
641 2365 812 2399 defendat.
865 2364 934 2398 Seu
951 2367 993 2400 ad
1012 2379 1070 2400 or-

91 2424 166 2452 tum
184 2416 293 2450 flectis
311 2416 449 2453 oculos,
472 2426 532 2448 seu
547 2415 588 2448 ad
609 2426 788 2454 occasum,
815 2415 967 2458 pericula
990 2425 1071 2451 sunt

92 2467 131 2500 in
154 2472 351 2510 conspectu.
404 2464 461 2498 Ad
483 2476 606 2498 eurum
627 2463 737 2498 Turci
759 2463 931 2498 Ecclesias
952 2473 984 2499 et
1009 2479 1072 2511 po..

93 2517 186 2551 litias
202 2523 356 2557 vastant,
382 2515 425 2548 ad
441 2526 599 2548 occasum
617 2514 653 2546 in
669 2513 810 2558 Belgico
828 2522 861 2548 et
879 2515 915 2548 in
932 2514 1072 2559 Celtica,

95 2567 187 2600 etin
217 2566 338 2600 multis
366 2566 444 2598 aliis
472 2564 674 2608 regionibus
696 2565 821 2598 exarsit
849 2566 991 2600 saevitia
1018 2580 1072 2602 re-

96 2628 178 2660 gum
204 2618 369 2649 adversus
383 2627 483 2648 verae
499 2614 679 2648 doctrinae
697 2615 957 2658 professionem.
1004 2617 1072 2652 lta-

97 2679 164 2713 que
182 2666 248 2699 nisi
276 2665 370 2699 Deus
393 2666 459 2709 ipsi
483 2665 647 2710 reliquias
665 2662 838 2698 EcclesIae
863 2666 929 2700 sibi
952 2674 984 2701 et
1002 2679 1073 2702 ser-

151 2715 334 2750 BltrAxrn.
362 2718 465 2748 Oen.
491 2717 574 2748 Vor..
602 2717 662 2747 XI.

590 141 745 178 DECL.
781 141 852 177 DE
888 140 1273 185 QUAESTIONE
1308 140 1593 177 SlMSONlS.

1092 1982 1093 1991 ¹
1117 1968 1315 2012 quaeritur,
1345 1967 1430 2011 quid
1455 1967 1490 1999 fit
1514 1967 1754 2002 fortissimum.

1092 2025 1094 2058 ζ
1118 2018 1353 2063 quaestionem
1384 2029 1423 2049 ex
1448 2017 1584 2050 arcanis
1614 2024 1758 2050 naturae
1780 2018 1944 2060 operibus
1973 2019 2095 2052 sumit:

1094 2104 1095 2107 Ἰ
1119 2080 1199 2100 nam
1221 2080 1300 2100 cum
1324 2067 1606 2099 animadversum
1638 2067 1681 2100 sit
1703 2067 1769 2100 alia
1795 2068 1923 2101 insecta
1946 2069 2033 2101 oriri
2057 2081 2096 2102 ex

2024 145 2096 181 690

1116 232 1206 258 varet
1226 233 1255 258 et
1276 227 1488 266 defenderet,
1513 227 1641 260 noticia
1662 228 1722 260 filii
1739 226 1804 261 Dei
1825 228 1859 260 in
1879 229 1978 261 terris
1996 229 2094 272 peni-

1115 282 1168 308 tus
1193 276 1462 317 extingueretur.
1516 277 1608 309 llaec
1629 279 1810 320 cogitanda
1831 285 1931 318 sunt,
1958 279 2093 323 quoties

1114 323 1180 358 huc
1211 325 1455 357 convenimus:
1491 333 1523 360 et
1544 325 1616 359 Deo
1645 329 1773 369 gratiae
1797 332 1965 370 agendae,
1998 330 2092 373 quod

1113 375 1222 407 lucem
1240 375 1417 407 doctrinae
1437 376 1538 408 nobis
1552 378 1706 409 accendit
1724 385 1754 410 et
1775 378 1938 421 impertit,
1963 385 1995 411 et
2013 385 2091 411 vota

1112 425 1267 457 facienda
1294 431 1392 463 sunt,
1427 431 1464 457 ut
1489 426 1603 458 studia
1629 428 1806 460 doctrinae
1837 428 1995 461 salutaris
2019 440 2092 461 non

1111 475 1202 508 sinat
1225 474 1391 516 extingui.
1453 473 1492 507 Id
1524 487 1602 507 cum
1631 476 1794 517 facimus,
1828 478 1993 521 scriptum
2020 489 2091 510 esse

1111 523 1390 557 meminerimus:
1420 523 1630 569 Ubicunque
1645 527 1717 558 duo
1741 533 1799 558 aut
1826 534 1892 559 tres
1919 539 2092 560 convene-

1111 575 1182 608 rint
1212 574 1248 606 in
1275 574 1418 606 nomine
1449 586 1543 613 meo,
1577 575 1613 606 in
1640 575 1754 607 medio
1783 588 1902 608 eorum
1929 589 2023 617 snm,
2058 584 2091 611 et

1110 624 1276 669 quicquid
1313 630 1449 667 petent,
1488 624 1544 657 fiet
1576 624 1636 659 eis.
1687 624 1788 657 Ilanc
1824 627 2089 668 promissionem

1110 675 1212 709 etiam
1235 676 1276 706 ad
1303 681 1440 707 nostros
1465 685 1666 716 congressus
1692 675 1865 716 pertinere
1889 683 2090 717 statuamus,

1110 725 1137 757 si
1164 731 1294 757 mentes
1318 725 1390 768 pias
1415 724 1615 757 adserimus.
1669 723 1860 767 Adiungite
1885 725 1991 767 igitur
2011 733 2089 759 vota

1111 781 1221 807 vestra
1246 775 1289 807 ad
1321 786 1432 807 meam
1456 774 1666 806 orationem:
1703 774 1842 808 Gratias
1867 775 1931 807 tibi
1958 775 2091 817 agimus

1110 824 1203 858 Deus
1227 831 1383 863 aeterne,
1418 831 1514 867 pater
1541 822 1687 856 Domini
1710 820 1820 857 no’stri
1845 823 1922 857 Iesu
1945 823 2088 868 Christi,

1110 876 1203 919 quod
1228 886 1311 906 voce
1332 872 1515 916 Evangelii
1541 873 1676 916 colligis
1696 880 1727 906 et
1745 886 1859 906 servas
1882 875 1945 908 tibi
1968 874 2090 908 Eccle-

1111 925 1210 956 siam:
1248 931 1279 957 et
1300 936 1440 956 oramus
1462 931 1513 963 te,
1548 930 1586 956 ut
1608 931 1740 957 mentes
1763 931 1897 957 nostras
1920 931 1951 957 et
1975 925 2089 958 studia

1109 986 1244 1017 semper
1264 974 1435 1016 gubernes
1448 999 1457 1012 ,
1489 979 1520 1006 et
1537 985 1601 1006 nos
1615 985 1694 1006 vasa
1713 973 1970 1007 misericordiae
1987 981 2019 1007 et
2035 986 2090 1007 sa-

1111 1024 1233 1057 lutaria
1252 1023 1354 1055 nobis
1372 1030 1405 1056 et
1420 1021 1592 1056 Ecclesiae
1611 1029 1689 1055 tuae
1707 1024 1822 1057 facias.

1211 1072 1299 1106 Cum
1330 1080 1443 1106 autem
1471 1073 1604 1116 aliquid
1631 1070 1696 1105 hoc
1720 1073 1795 1106 loco
1825 1073 2013 1107 dicendum
2036 1075 2090 1115 sit,

1111 1130 1143 1157 et
1166 1123 1204 1156 in
1223 1123 1418 1166 deligendis
1441 1122 1654 1165 argumentis
1675 1135 1774 1166 saepe
1790 1124 1937 1166 tempori
1960 1125 2090 1157 servia-

1110 1181 1184 1213 tur,
1213 1173 1325 1205 dicam
1350 1179 1383 1206 et
1409 1183 1470 1214 ego
1493 1174 1536 1204 de
1559 1173 1762 1216 quaestione
1778 1172 1975 1214 Samsonis,
2002 1186 2090 1218 quae

1109 1223 1380 1266 significationes
1414 1222 1569 1255 continet
1604 1223 1832 1255 maximarum
1872 1235 2006 1263 rerum,
2047 1225 2090 1257 de

1111 1273 1239 1317 quibus
1254 1273 1321 1305 iam
1338 1272 1406 1305 dici
1423 1272 1520 1312 solet,
1547 1284 1624 1304 cum
1642 1272 1807 1305 memoria
1826 1273 2090 1306 resurrectionis

1110 1321 1241 1357 Christi
1261 1322 1467 1355 celebratur.
1521 1321 1629 1365 quue
1650 1334 1688 1354 eo
1707 1322 1772 1354 feci
1796 1323 1981 1362 libentius,
2008 1324 2089 1367 quia

1110 1372 1265 1405 narratio
1288 1372 1346 1403 illa
1372 1371 1551 1404 Samsonis
1577 1384 1648 1403 non
1675 1371 1787 1404 aliena
1814 1379 1863 1404 est
1886 1384 1903 1404 a
1933 1370 2092 1415 philoso-

1112 1420 1206 1465 phia.
1260 1421 1419 1454 Primum
1449 1421 1542 1453 enim
1571 1432 1646 1453 mos
1677 1421 1917 1455 consideretur
1949 1423 2091 1455 illorum

1113 1478 1321 1515 temporum.
1387 1470 1552 1512 Quaestio
1590 1471 1800 1514 proponitur
1838 1472 1874 1503 in
1911 1472 2091 1505 convivio:

1113 1522 1242 1554 multae
1258 1527 1371 1553 autem
1388 1527 1469 1553 sunt
1482 1527 1612 1553 veteres
1629 1521 1856 1559 narrationes,
1877 1534 1962 1566 quae
1977 1529 2094 1555 osten-

1114 1572 1204 1604 dunt
1228 1568 1321 1602 hunc
1353 1570 1533 1612 publicum
1557 1570 1662 1602 fuisse
1692 1583 1824 1602 morem
1850 1571 1885 1603 in
1911 1572 2092 1610 conviviis,

1114 1632 1174 1653 seu
1196 1618 1360 1652 historias
1385 1620 1550 1662 recitare,
1576 1626 1614 1653 ut
1640 1621 1729 1662 apud
1755 1619 1940 1662 Virgilium
1959 1622 2094 1654 Aeneas

1115 1670 1243 1703 Troiae
1268 1669 1438 1701 excidium
1468 1676 1599 1702 narrat:
1636 1681 1694 1702 seu
1720 1670 1841 1702 audire
1864 1671 2029 1711 musicos,
2057 1678 2096 1704 ut

1114 1720 1206 1763 apud
1223 1720 1372 1752 eundem
1393 1719 1529 1762 poe'tam
1549 1719 1648 1762 lopas
1662 1719 1755 1752 canit
1772 1727 1942 1753 errantem
1961 1721 2095 1754 Lunam

1115 1769 1278 1813 Solisque
1302 1769 1453 1807 labores,
1487 1766 1700 1808 Arcturum,
1730 1769 1935 1814 pluviasque
1956 1768 2097 1815 hyadas,

1115 1819 1340 1862 geminosque
1374 1818 1518 1850 triones:
1560 1819 1618 1850 sed
1656 1818 1919 1862 quaestionibus
1954 1827 2095 1858 certare,

1116 1880 1204 1913 qnae
1227 1868 1455 1901 continebant
1478 1862 1594 1912 aliqua
1619 1876 1764 1902 naturae
1783 1879 1925 1909 arcana,
1952 1877 2010 1903 aut
2030 1870 2095 1903 ali-

1117 1930 1220 1963 quam
1240 1919 1283 1950 de
1305 1917 1433 1950 virtute
1451 1918 1819 1951 commonefactionem
1832 1945 1841 1957 ‚
1867 1925 1905 1952 ut
1929 1919 1965 1951 in
1984 1918 2096 1952 Esdra

1809 1967 1859 2000 lta
1875 1968 2021 2002 Samson
2040 1968 2097 2002 hic

1118 2118 1197 2151 aliis
1212 2117 1365 2155 naturis,
1390 2116 1589 2161 quaeritur,
1611 2118 1706 2150 unde
1728 2130 1807 2161 apes
1825 2125 2022 2154 nascantur.

1219 2166 1286 2200 Hic
1304 2167 1410 2210 igitur
1428 2178 1560 2199 morem
1584 2174 1732 2200 veterem
1749 2167 1958 2210 cogitemuS,
1983 2181 2099 2202 exem-

1120 2219 1215 2262 plum
1238 2215 1424 2250 honestum
1450 2228 1540 2257 esse,
1567 2218 1661 2261 quod
1681 2218 1825 2250 eruditis
1849 2218 2033 2262 colloquiis
2051 2219 2099 2252 si—

1119 2267 1192 2300 mul
1210 2264 1512 2305 exhilarabantur,
1540 2273 1572 2299 et
1589 2267 1805 2299 docebantur
1829 2268 1937 2299 animi
1961 2268 1996 2300 in
2015 2281 2099 2301 con-

1121 2317 1242 2357 viviis,
1269 2328 1340 2349 non
1361 2316 1667 2359 strangulabantur
1685 2315 1910 2350 helluatione.
1961 2316 2100 2351 Deinde

1121 2366 1263 2412 physica
1287 2367 1440 2410 exempla
1463 2365 1733 2399 consideremus.
1785 2365 1994 2400 Plutarchus
2015 2366 2099 2401 haec

1122 2424 1271 2462 quatuor
1288 2416 1423 2449 recitat:
1445 2417 1503 2454 ait,
1519 2427 1558 2448 ex
1573 2416 1681 2450 tauris
1695 2417 1895 2459 putrefactis
1906 2429 1985 2460 apes
1996 2418 2100 2458 nasci,

1122 2474 1159 2500 ut
1185 2473 1218 2499 et
1241 2465 1409 2508 Virgilius
1431 2465 1585 2509 scripsit:
1621 2478 1660 2498 ex
1689 2466 1786 2510 equis
1818 2468 2021 2505 crabrones,
2060 2480 2099 2500 ex

1098 2542 1099 2547 ,
1123 2517 1229 2551 asinis
1245 2516 1424 2549 scarabeos
1436 2543 1444 2555 ,
1473 2527 1513 2548 ex
1530 2513 1732 2549 hominibus
1752 2524 1936 2559 serpentes,

1225 2565 1324 2598 Hanc
1347 2566 1545 2599 varietatem
1571 2566 1743 2610 sapientes
1766 2567 1850 2605 viri,
1877 2568 1936 2611 qui
1959 2565 2041 2599 haec
2065 2567 2099 2597 in

1126 2618 1240 2650 literas
1257 2617 1470 2656 retulerunt,
1497 2616 1774 2649 consideratione
1791 2617 1930 2658 dignam
1950 2628 2019 2648 esse
2037 2616 2102 2647 dn-

1127 2674 1262 2701 xerunt.
1313 2664 1389 2700 Etsi
1406 2673 1521 2700 autem
1541 2678 1662 2700 causae
1681 2679 1751 2700 non
1775 2667 1855 2700 satis
1881 2664 2103 2709 pervestigari

1524 2715 1575 2750 44·
