2338 2958
175 131 249 168 775

178 219 307 253 deinde
332 217 517 259 adiungito
543 215 628 248 alias
651 214 931 256 consolationes,
971 215 1066 260 quod
1093 227 1167 248 non

178 269 336 304 amiseris
354 268 558 309 coniugem,
585 266 645 299 sed
669 277 790 299 rursus
817 278 892 299 eam
921 266 1169 310 complexurus

180 322 244 362 sis,
271 328 303 354 et
319 321 354 352 in
369 317 622 351 consuetudine
641 325 827 361 perpetua,
863 317 1119 351 eruditissimos
1136 323 1171 350 et

180 371 406 406 suavissimos
432 379 611 401 sermones
643 368 807 401 collaturi
836 367 931 406 sitis,
976 368 1070 412 quod
1095 366 1171 401 Deo

181 430 276 456 tuam
296 428 330 454 et
349 419 460 458 filiae,
487 426 520 452 et
539 417 665 452 harum
680 417 919 452 Ecclesiarum
942 418 1091 452 salutem
1114 430 1171 452 ar-

181 470 395 506 dentissimis
412 470 503 503 votis
518 471 759 511 commendet,
795 470 890 515 quod
908 469 1172 503 turbulentissi-

179 524 246 556 mis
263 521 482 566 temporibus
498 533 537 553 ex
562 519 624 554 hac
650 521 776 554 misera
801 521 871 554 vita
900 527 1061 561 evocata,
1103 521 1174 554 iarn

180 575 222 607 ad
239 579 377 617 portum
395 572 612 615 pervenerit,
638 584 701 605 nec
719 573 764 605 sit
781 572 932 605 obnoxia
958 571 1089 605 nostris
1114 583 1174 614 pe-

181 624 313 658 riculis.
342 622 499 656 Laeteris
516 623 619 657 etiam
637 622 849 665 cogitatione
865 622 1035 656 virtutum
1053 621 1176 665 ipsius,

180 674 326 720 Deoque
345 673 473 716 gratias
492 685 589 716 agas,
625 674 718 718 quod
738 674 828 707 vitae
846 673 974 706 sociam
993 673 1099 707 tantis
1117 685 1176 706 or-

180 733 299 759 natam
316 724 518 763 virtutibus,
537 731 570 757 et
586 724 752 757 concordi
767 725 887 757 animo
905 731 938 757 et
956 736 1040 757 voce
1057 735 1175 756 verum

181 775 297 810 Deum
332 776 567 819 invocantemg
584 775 696 820 (quod
722 775 904 808 vinculum
927 781 979 808 est
1003 775 1176 808 amicitiae

183 824 436 869 arctissimum)
454 826 518 859 tibi
537 826 644 861 dedit.
686 825 823 859 Ilarum
843 833 874 859 te
891 826 1175 859 consolationum

183 879 343 912 omnium
371 877 580 919 cogitatione
610 889 628 910 a
661 877 840 910 moesticia
865 877 1043 910 abducito.
1105 875 1176 909 Nec

183 936 262 963 tuae
278 929 392 962 solum
412 927 596 967 tristiciae,
623 928 681 961 sed
706 927 811 961 etiam
833 925 1058 961 charissimae
1085 927 1176 960 filiae

183 979 316 1013 mederi
333 979 483 1012 studeas.
544 977 638 1012 Huic
662 986 699 1012 ut
724 979 862 1023 sapiens
890 985 986 1023 pater
1010 979 1177 1011 omnibus

183 1030 307 1063 officiis
320 1056 329 1070 ,
356 1029 428 1062 imo
446 1036 479 1062 et
496 1036 589 1070 arte,
617 1030 728 1063 lenias
744 1030 919 1063 dolorem:
957 1041 1064 1074 quare
1081 1041 1178 1062 com-

182 1080 390 1114 memoratio
407 1087 647 1114 maternarum
665 1081 837 1115 virtutum
861 1080 1013 1114 multum
1037 1081 1068 1114 ei
1095 1092 1178 1124 pro-

184 1133 301 1166 futura
318 1137 380 1167 est.

286 1181 462 1226 Populum
480 1194 564 1215 vero
583 1178 770 1223 adhortor,
796 1189 837 1215 ut
858 1182 1065 1215 memoriam
1090 1181 1177 1214 reti-

184 1241 265 1268 neat
282 1233 544 1267 laudatissimae
555 1231 750 1275 Principis,
777 1240 810 1266 et
829 1239 975 1277 propter
989 1231 1177 1275 gratitudi-

184 1297 285 1325 nem,
313 1290 346 1317 et
364 1290 402 1318 ut
419 1296 458 1316 ex
476 1283 550 1317 eius
570 1283 651 1322 vita,
680 1283 761 1316 futei
781 1290 814 1316 et
830 1283 1003 1317 virtutum
1020 1283 1178 1326 exempla

184 1335 356 1368 imitanda
381 1341 507 1369 sumat.
560 1333 749 1378 Propterea
769 1334 864 1366 enim
881 1333 977 1367 Deus
1001 1334 1038 1366 in
1054 1331 1178 1367 Eccle-

185 1387 234 1420 sia
257 1386 388 1420 multos
414 1384 665 1418 excellentibus
688 1385 876 1418 virtutibus
899 1391 1018 1423 ornat,
1053 1391 1092 1418 ut
1116 1384 1178 1417 alii

184 1449 305 1470 eorum
323 1437 482 1480 exemplo
500 1435 717 1477 invitentur,
743 1436 972 1476 erudiantur,
999 1442 1032 1468 et
1049 1435 1178 1468 confir-

184 1494 352 1521 mentur„
405 1486 502 1521 Haec
523 1493 563 1520 ut
584 1487 702 1531 potui,
745 1487 836 1528 dixi,
880 1487 992 1520 multo
1024 1486 1177 1527 brevius,

184 1551 288 1584 quam
308 1539 513 1580 magnitudo
533 1539 583 1570 rei
601 1537 813 1582 postulabat.
865 1537 968 1571 Nunc
985 1538 1022 1570 in
1043 1538 1178 1571 funeris

183 1590 414 1624 caeremoniis
426 1601 498 1623 non
515 1589 629 1622 solum
644 1586 832 1633 lachrymis
847 1588 1006 1621 dolorem
1022 1595 1176 1621 vestrum

184 1641 376 1680 declarate,
405 1642 464 1673 sed
484 1639 587 1673 etiam
614 1640 669 1683 pia
698 1639 899 1683 precatione
923 1639 1070 1672 salutem
1093 1638 1176 1670 illu-

184 1690 347 1726 strissimi
366 1689 560 1733 Principis,
597 1697 628 1723 et
652 1690 760 1730 filiae,
795 1696 827 1722 et
844 1688 1096 1733 Reipublicae,
1139 1701 1176 1721 ac

184 1749 346 1781 vestram,
371 1740 445 1774 Deo
460 1741 714 1775 commendate.
751 1739 832 1773 Tali
849 1740 1070 1773 invocatione
1081 1737 1176 1772 Deus

184 1793 250 1827 coli
268 1804 303 1825 se
324 1792 494 1836 postulat,
520 1792 596 1826 vult
613 1803 631 1824 a
648 1803 684 1824 se
702 1791 772 1835 peti
791 1790 900 1824 vitam
928 1797 962 1824 et
985 1791 1174 1824 salutarem

183 1843 474 1886 gubernationem
493 1842 631 1885 generis
647 1839 805 1877 humani.
858 1841 929 1875 Nec
953 1841 1176 1875 aestimemus

183 1896 268 1929 tales
286 1894 521 1938 precationes,
547 1893 679 1927 otiosos
697 1893 784 1926 ritus
802 1904 891 1934 esse,
926 1899 964 1926 ut
989 1892 1093 1926 multi
1120 1892 1176 1925 di-

183 1946 284 1979 vinae
301 1945 492 1978 voluntatis
515 1944 628 1987 ignari
654 1944 885 1977 audacissime
906 1944 1079 1977 iudicant:
1114 1945 1173 1976 sed

182 1998 350 2036 sciamus,
375 1996 463 2029 velle
480 1995 613 2033 Deum,
642 1992 737 2028 hunc
762 1995 828 2028 sibi
855 1995 963 2029 tribui
991 1992 1176 2034 honorem,

182 2056 218 2081 ut
239 2060 318 2080 vere
339 2059 566 2090 agnoscamus
583 2053 615 2080 et
632 2047 804 2079 fateamur
825 2059 904 2079 eum
925 2043 1052 2079 horum
1077 2056 1174 2077 sum-

182 2111 319 2132 morum
337 2099 512 2131 bonorum
528 2105 686 2131 autorem
710 2108 800 2138 esse,
828 2104 860 2131 et
883 2108 963 2130 vere
988 2108 1026 2129 ea
1050 2102 1174 2140 peten-

184 2151 276 2183 tibus
296 2149 427 2192 largiri.
481 2147 577 2184 Dixi.

994 2353 1020 2372 a.
1054 2342 1144 2374 1547.

960 2386 1169 2402 Μ

327 2457 395 2496 De
424 2456 563 2496 dicto:
615 2456 689 2497 Sis
720 2456 921 2497 intentus
951 2462 1031 2497 ele.

250 2549 277 2573 ln
303 2546 393 2572 select.
410 2545 561 2571 timiama«.
580 2545 611 2570 T.
626 2544 673 2571 ΙΙΙ.
696 2554 721 2578 p.
738 2545 789 2571 5⁴2
804 2555 865 2585 sqq.
877 2564 884 2576 ,
906 2545 932 2570 in
947 2545 1062 2571 serven.
1078 2544 1168 2572 T.¹tt.

278 2593 302 2617 p.
317 2582 375 2607 ΒΝ.
398 2587 422 2605 et
440 2582 466 2604 in
483 2580 567 2604 libror
588 2579 698 2613 Grau-gii
717 2579 850 2615 l’rineipn
868 2580 1006 2605 Anhatiini
1021 2579 1169 2606 concinno

275 2622 300 2642 tt
314 2617 412 2649 nen-ipio
433 2613 559 2643 (NYueh.
579 2615 651 2639 1570.
675 2615 746 2645 t'ot.)
766 2623 790 2646 p.
805 2614 888 2640 «Uib.
938 2614 1002 2639 ltu-m
1024 2615 1094 2648 apud
1118 2614 1168 2639 Ri-

275 2650 365 2676 rharael.
396 2649 427 2674 Τ.
444 2648 490 2675 ΙΙΙ.
521 2658 547 2682 p.
569 2648 628 2673 373.
654 2663 686 2667 —
745 2649 811 2674 Nam
838 2654 877 2674 en
905 2650 992 2674 matio
1023 2648 1166 2683 synodica,

274 2687 371 2718 scripta
392 2683 512 2716 Georgio
528 2683 648 2711 Anbalt..
673 2683 717 2716 qui
737 2683 810 2708 illam
832 2684 952 2709 recitavit
968 2684 994 2708 in
1009 2693 1033 2716 ι)
1043 2683 1115 2709 nodo
1136 2683 1163 2710 d.

277 2721 299 2745 5.
316 2719 469 2746 ()(ι.1547.

655 127 814 165 DECL.
849 127 922 163 DE
956 125 1160 164 DlCTO:
1197 129 1283 167 Sls
1320 130 1623 169 INTENTUS
1649 143 1733 170 ETc.

2145 135 2219 173 776

1223 220 1352 253 oratio
1372 216 1594 266 [synodica]
1617 219 1664 254 de
1683 219 1783 255 dicto
1799 222 1932 257 Pauli:
1965 223 2028 257 Sis
2053 224 2219 258 intentu-5

1256 271 1409 305 lectioni
1431 274 1501 306 etc.
1533 273 1670 312 (recitata
1684 285 1701 303 a
1719 272 1851 314 Georgio
1870 275 1969 306 Ptine.
1988 276 2186 315 Autxattino.)

1224 345 1502 386 Misericordiae
1519 351 1685 395 Domini,
1719 355 1812 399 quod
1842 366 1916 388 non
1937 355 2135 400 consumpti
2159 367 2220 389 su-

1226 414 1322 443 mus,
1350 403 1468 448 inquit
1488 403 1709 444 Hieremias,
1738 417 1810 439 non
1836 406 1879 438 de
1907 405 1961 439 sui
1980 412 2115 440 tantum
2133 413 2220 440 tem-

1226 454 1323 499 poris
1341 454 1538 489 tristissima
1556 456 1773 497 calamitate,
1800 457 1858 489 sed
1879 456 1981 490 etiam
1999 457 2041 490 de
2055 457 2134 491 aliis
2150 455 2221 491 Ec-

1228 505 1351 539 clesiae
1368 505 1670 550 dissipationibus.
1712 505 1800 540 Nam
1820 514 1853 540 et
1872 507 1908 540 in
1925 504 1992 540 hoc
2010 507 2098 542 tristi
2115 509 2221 549 bello,

1228 558 1321 602 quod
1344 557 1471 590 exarsit
1486 565 1568 591 ante
1583 570 1716 591 annum
1744 558 1781 590 in
1806 555 1860 591 his
1884 558 2106 601 regionibus,
2131 571 2221 604 quae

1228 615 1329 642 antea
1346 608 1490 642 suerunt
1508 609 1795 650 florentissimae,
1822 609 1982 642 funditus
1999 609 2222 653 periissemus

1228 666 1373 703 propter
1404 659 1531 692 delicta
1564 667 1683 693 nostra
1698 686 1706 701 ‚
1749 671 1838 705 quae
1867 667 1898 694 et
1930 660 2039 693 multa
2073 667 2157 694 sunt
2190 667 2223 695 ct

1229 720 1354 753 magna
1367 734 1375 747 ‚
1403 711 1471 743 nisi
1487 709 1582 745 Deus
1600 711 1673 755 ipse
1690 711 1725 743 in
1744 711 1795 744 ira
1812 711 2001 745 iustissima
2023 711 2223 744 misericor·

1230 761 1308 793 diae
1334 772 1414 794 suae
1441 763 1646 795 recordatus
1668 769 1774 803 esset,
1816 768 1849 795 et
1876 762 1983 796 iustas
2008 774 2138 806 poenas
2159 773 2222 795 sua

1230 812 1400 844 immensa
1420 812 1577 846 bonitate
1595 813 1758 848 leniisset.
1821 812 1941 858 ltaque
1965 812 2069 846 initio
2094 813 2222 857 gratias

1230 863 1365 905 agimus
1380 869 1455 896 toto
1475 870 1613 906 pectore
1630 863 1705 897 Deo
1725 870 1867 898 aeterno
1885 863 1982 897 Patri
2003 864 2139 897 domini
2158 875 2223 896 no-

1231 914 1293 947 stri
1313 913 1391 947 Iesu
1407 911 1561 953 Christi,
1589 915 1766 948 conditori
1784 915 1872 949 coeli
1890 922 1922 948 et
1938 922 2070 956 terrae,
2104 921 2136 949 et
2154 912 2224 948 Ec-

1231 965 1355 998 clesiae
1371 976 1471 1006 suae,
1493 977 1563 999 una
1582 979 1660 1000 cum
1678 965 1750 999 filio
1768 978 1831 999 suo
1847 965 1993 999 domino
2012 972 2131 1000 nostro
2145 965 2224 1000 lesu

1231 1013 1375 1050 Christo
1401 1023 1433 1050 et
1451 1016 1587 1060 Spiritu
1606 1024 1726 1051 sancto
1743 1029 1824 1057 sue,
1865 1018 1958 1062 quod
1981 1028 2110 1060 poenas
2127 1016 2223 1050 miti-

1231 1067 1343 1110 gavit,
1370 1073 1402 1100 et
1426 1067 1654 1101 intervallum
1678 1069 1821 1113 aliquod
1846 1068 2080 1113 tranquillum
2105 1067 2223 1101 reddi·

1231 1118 1302 1155 dit,
1328 1125 1361 1151 et
1371 1116 1548 1152 Ecclesiae
1567 1131 1650 1153 suae
1665 1119 1835 1164 reliquias
1854 1125 1979 1153 servat.
2032 1117 2224 1152 precamur

1232 1169 1335 1202 etiam
1354 1176 1429 1202 toto
1447 1176 1602 1213 pectore,
1625 1177 1663 1204 ut
1680 1170 1774 1214 piam
1793 1177 1828 1203 et
1844 1170 2030 1204 salutarem
2049 1169 2114 1203 toti
2131 1167 2223 1203 Ger—

1232 1220 1370 1252 maniae
1392 1232 1511 1263 pacem
1535 1221 1713 1262 restituat,
1745 1233 1810 1254 nec
1835 1221 1928 1254 sinat
1951 1220 2108 1264 extingui
2131 1220 2224 1254 inter

1232 1282 1296 1305 nos
1312 1270 1425 1303 lucem
1443 1271 1497 1304 sui
1514 1270 1721 1315 Evangelii,
1748 1284 1786 1305 ac
1801 1271 1911 1304 deleri
1936 1283 2054 1305 veram
2078 1271 2223 1304 invoca-

1232 1323 1378 1356 tionem.
1433 1320 1534 1355 Hanc
1552 1323 1790 1366 precationem
1806 1322 1955 1355 assiduis
1970 1322 2062 1355 votis
2086 1327 2222 1366 repeta-

1233 1386 1309 1407 mus
1321 1400 1329 1412 ,
1358 1380 1390 1406 et
1408 1373 1446 1406 in
1463 1374 1664 1407 domesticis
1681 1371 1850 1407 Ecclesiis
1867 1379 1900 1406 et
1919 1373 1954 1405 in
1972 1371 2123 1416 publicis
2137 1383 2223 1405 eon-

1232 1424 1417 1467 gressibus.
1472 1422 1545 1457 lam
1565 1437 1646 1458 vero
1665 1425 1869 1469 priusquam
1896 1423 1932 1456 in
1959 1424 2110 1457 dicendo
2137 1435 2222 1467 pro—

1231 1475 1450 1519 grediamur,
1481 1473 1535 1508 his
1552 1475 1619 1519 piis
1633 1475 1724 1510 votis
1739 1475 1964 1509 Dominicam
1985 1474 2220 1518 precationem

1232 1528 1420 1565 addamus,
1460 1527 1601 1561 ardenti
1630 1527 1698 1560 fide.
1733 1527 1939 1560 clamantes:
1981 1525 2086 1559 Abba
2117 1523 2222 1559 Pater

1231 1578 1368 1612 noster!

1331 1645 1420 1679 Cum
1439 1653 1553 1679 antem
1574 1645 1783 1691 (venerandi
1800 1644 2092 1689 Consacerdotes)
2112 1645 2222 1678 veteri

1231 1704 1263 1731 et
1280 1695 1527 1730 honestissimo
1542 1707 1639 1729 more
1655 1697 1698 1729 ad
1715 1697 2005 1730 deliberationem
2031 1698 2075 1728 de
2102 1703 2220 1729 nostra

1230 1748 1487 1791 gubernatione
1517 1747 1807 1786 convenerimus,
1841 1754 1875 1781 et
1902 1747 2015 1791 prima
2043 1759 2124 1780 cura
2148 1757 2221 1779 esse

1231 1800 1354 1833 debeat
1372 1800 1574 1839 doctrinae,
1601 1798 1704 1831 initio
1724 1810 1806 1835 vos,
1832 1805 1870 1831 ut
1891 1809 1990 1841 saepe
2016 1797 2079 1830 feci
2107 1804 2221 1835 antea,

1230 1849 1472 1884 adhortandos
1490 1861 1562 1883 esse
1580 1849 1684 1889 duxi,
1712 1849 1754 1882 ad
1773 1849 1930 1882 studium
1954 1849 2155 1887 doctrinae.
2187 1855 2220 1882 et

1230 1903 1271 1935 ad
1292 1902 1450 1935 lectionis
1470 1900 1729 1939 assiduitatem,
1753 1902 1847 1945 quod
1865 1906 1904 1933 ut
1919 1899 2014 1943 gravi
2032 1898 2222 1933 autoritate

1231 1954 1340 1986 facere
1357 1965 1505 1997 possem,
1527 1952 1615 1985 illud
1635 1952 1748 1995 ipsum
1769 1957 2001 1995 praeceptum,
2020 1950 2115 1995 quod
2128 1949 2221 1983 Pau-

1230 2005 1282 2036 lus
1299 2001 1490 2037 Timotheo
1510 2003 1696 2046 proponit,
1724 2003 1823 2036 vobis
1841 2000 1999 2035 hocloco
2019 2001 2146 2035 iterum
2165 2013 2220 2034 re-

1228 2055 1336 2088 citare
1354 2061 1385 2087 et
1404 2054 1581 2088 inculcare
1598 2053 1749 2088 decrevi.
1807 2052 1842 2086 ld
1860 2052 1953 2086 enim
1973 2051 2110 2096 scripsit
2126 2050 2220 2085 Pau-

1228 2106 1282 2138 lus
1315 2118 1388 2138 non
1421 2113 1489 2139 tam
1518 2112 1662 2148 propter
1683 2101 1934 2143 Timotheum,
1975 2103 2074 2136 cuins
2098 2109 2220 2146 pectus

1229 2157 1376 2198 flagrare
1393 2168 1511 2190 amore
1525 2156 1706 2189 doctrinae
1725 2155 1873 2194 sciebat,
1897 2166 2001 2200 quam
2021 2153 2128 2188 totius
2153 2165 2217 2198 po-

1226 2209 1393 2242 steritatis
1408 2219 1520 2243 cansa.

1329 2277 1420 2311 Sunt
1437 2283 1552 2310 autem
1570 2275 1676 2309 verba
1692 2271 1793 2308 haec:
1818 2273 1875 2309 Sis
1892 2274 2049 2308 intentus
2064 2271 2217 2313 lectioni,

1225 2328 1479 2367 consolationi,
1505 2334 1537 2361 et
1552 2326 1745 2361 doctrinae.

1329 2395 1430 2429 Hanc
1456 2394 1666 2429 sententiam
1692 2406 1770 2427 cum
1797 2393 1915 2435 legunt
1938 2389 2101 2425 homines
2133 2402 2215 2436 pro-

1226 2445 1357 2491 phani,
1385 2447 1584 2480 existimant
1610 2445 1782 2489 puerilem
1809 2455 1880 2477 csse
1903 2441 2214 2477 commonefactio-

1225 2512 1322 2536 nem.
1352 2511 1424 2531 non
1440 2497 1555 2538 magni
1573 2496 1765 2534 momenti,
1790 2502 1827 2528 ut
1845 2494 1872 2527 si
1895 2495 2111 2538 paedagogus
2128 2490 2213 2525 hor-

1224 2558 1316 2585 tetur
1341 2551 1519 2583 auditores
1541 2550 1583 2581 ad
1611 2548 1795 2581 lectionem
1819 2545 2085 2579 Grammaticos.
2138 2541 2214 2577 Etsi

1223 2609 1338 2635 autem
1356 2602 1414 2634 illa
1433 2594 1536 2634 etiam
1556 2599 1767 2643 paedagogia
1791 2597 1838 2631 rei
1864 2607 2008 2637 magnae
2037 2594 2213 2629 nutricula

1222 2661 1288 2692 est,
1317 2660 1433 2686 tamen
1451 2649 1507 2684 hic
1525 2652 1568 2684 de.
1590 2650 1693 2683 rebus
1717 2649 1826 2682 multo
1851 2647 2045 2681 maioribus
2070 2645 2212 2686 dicitur,

1220 2712 1253 2738 ct
1272 2718 1342 2738 uon
1366 2704 1480 2737 solum
1502 2701 1700 2735 doctrinam
1725 2699 1881 2734 continet
1906 2695 1991 2731 haec
2008 2696 2109 2731 Pauli
2131 2708 2211 2731 sen-
