2338 2958
77 138 152 173 737

672 133 835 173 DECL.
869 134 945 171 DE
979 135 1117 171 VITA
1150 135 1509 175 HIERONYMI.

2032 144 2106 179 758

76 230 108 257 et
126 222 288 257 Latinam
311 220 459 254 discere:
488 227 520 254 et
546 221 720 264 ingeniosi
737 228 771 256 et
793 221 936 255 facundi
954 221 1066 255 disce·
1089 226 1093 279 j
1117 221 1168 254 ria
1189 222 1330 256 affectus
1348 230 1451 263 esset,
1483 236 1556 257 non
1574 224 1871 269 expostulabimus
1887 238 1965 260 cum
1983 226 2104 262 Theo-

75 274 161 307 bant
185 269 419 312 Rhetoricen,
457 278 491 305 et
515 272 830 306 declamationibus
856 272 1064 305 exerceban-
1090 281 1091 298 1

76 330 149 363 tur,
182 334 252 366 quo
283 322 320 354 in
349 333 475 365 genere
497 334 567 355 una
591 335 669 356 cum
697 322 856 357 nobiliss.
882 321 1064 356 Romano-

74 385 154 407 rum
177 372 299 405 liberis
323 380 467 417 apparet
485 371 744 418 Hieronymum
762 374 825 406 diu
842 373 1064 417 multumque

73 422 297 456 exercitatum
321 434 409 456 esse:
434 435 585 468 cumque
609 430 734 457 natura
758 424 801 457 ad
825 423 1005 467 copiosum
1031 429 1064 456 et

72 474 204 517 grande
236 484 345 517 genus
375 474 547 507 orationis
581 475 784 513 duceretur,
830 474 905 506 eius
941 473 1062 507 aetatis

72 523 212 557 licentia
231 524 268 556 in
283 524 511 557 declamando
529 524 754 558 tumidiorem
773 523 938 557 reddidit.
992 522 1062 556 Ar-

72 573 186 607 bitror
202 581 317 608 autem
339 586 409 607 uon
433 575 546 608 solum
567 575 762 608 orationem
783 575 857 607 eius
877 573 1059 606 rectiorem

72 630 104 658 et
122 625 328 668 pressiorem
347 625 501 659 futuram
518 625 635 665 fuisse,
661 626 720 658 sed
737 625 839 658 etiam
857 624 1062 667 diligentio-

70 686 144 708 rem
170 687 249 708 eum
273 677 431 709 futurum
456 676 561 708 fuisse
584 675 622 707 in
641 675 777 708 delectu
801 687 938 715 rerum,
966 681 999 708 et
1026 675 1061 707 in

71 732 143 759 tota
167 726 278 759 forma
300 726 481 759 doctrinae
498 725 598 770 quasi
623 725 771 758 aedificii
797 726 1003 758 extruenda:
1032 726 1061 758 si

70 777 114 809 ad
133 776 221 809 illud
239 774 453 810 rhetoricum
472 775 685 821 tyrocinium
703 776 918 809 adiunxisset
937 773 1061 809 Philo-

71 824 252 870 sophiam,
285 838 374 872 quae
398 833 432 859 ct
454 826 637 870 proprium
660 838 857 860 sermonem
882 833 992 864 amat,
1028 833 1061 859 et

71 877 222 920 negotiis
247 878 290 910 de
313 876 441 922 quibus
467 877 656 909 dicendum
690 883 758 917 est,
794 883 884 910 certa
910 884 1003 920 septa
1027 883 1061 910 et

70 934 180 961 metas
193 927 386 963 circundat.
434 919 518 969 Qud
536 927 571 959 in
590 927 666 960 loco
686 928 780 961 venit
797 925 885 960 mihi
903 928 940 961 in
959 939 1060 960 men-

69 984 139 1011 tem
162 977 288 1010 fabella
314 978 356 1010 de
381 977 519 1011 somnio
544 977 766 1023 Hieronymi.
827 977 903 1022 lpse
929 984 1060 1018 narrat,

70 1039 105 1061 se
123 1027 159 1060 in
177 1028 314 1061 somnio
339 1029 455 1072 plagas
478 1029 665 1072 accepisse,
693 1029 786 1073 quod
805 1028 1060 1061 Ciceronianus

70 1085 173 1111 esset:
192 1090 231 1111 ac
248 1079 574 1118 commonefactum,
590 1085 626 1111 ut
639 1079 768 1111 relictis
780 1077 1061 1122 prophanislite-

69 1128 133 1169 ris,
162 1129 240 1172 plus
256 1141 380 1172 operae
396 1129 582 1162 collocaret
598 1129 635 1160 in
653 1128 800 1164 divinas,
844 1128 959 1162 Credo
979 1141 1057 1161 eum

69 1190 213 1212 narrare
249 1180 344 1223 quod
376 1179 512 1212 accidit.
567 1178 613 1213 Ut
647 1179 741 1212 enim
779 1179 881 1221 vulgo
918 1179 1058 1212 dicitur.

68 1227 264 1263 Causidicis
288 1229 385 1268 lites,
410 1229 550 1271 aurigae
567 1229 702 1261 somnia
728 1241 864 1262 currus:
893 1229 941 1262 ita
960 1230 1056 1272 iuge-

68 1279 178 1313 niosis
196 1280 360 1313 omnibus
381 1281 547 1313 usitatum
567 1286 635 1318 est,
659 1280 779 1312 crebra
800 1281 844 1312 de
859 1280 931 1312 suis
951 1291 1058 1323 nego-

69 1330 143 1369 ciis,
167 1330 303 1368 studiis,
328 1330 430 1370 curis,
452 1330 588 1362 somnia
605 1341 757 1369 cernere,
780 1342 929 1374 quorum
948 1331 1058 1363 multa

71 1379 174 1413 etiam
202 1386 284 1413 sunt
306 1378 491 1424 ,ιιαντηκὼ
549 1378 715 1413 Exercuit
744 1381 944 1423 vigilantem
974 1378 1057 1413 haec

70 1442 153 1463 cura
170 1437 203 1464 et
218 1430 436 1465 deliberatio.
471 1429 560 1464 Cum
576 1431 668 1463 enim
688 1443 806 1463 revera
825 1431 936 1464 Deum
955 1431 1056 1464 time-

69 1487 141 1522 ret,
164 1487 198 1514 et
215 1480 337 1513 divino
355 1481 487 1514 adflatu
507 1483 548 1513 ad
575 1481 763 1513 iuvandam
782 1480 974 1514 Ecclesiam
1002 1482 1058 1514 in-

69 1531 253 1571 citaretur,
280 1531 446 1574 depositis
464 1531 642 1564 interdum
663 1532 762 1563 libris
781 1529 993 1575 prophanis,
1020 1538 1058 1564 ut

68 1593 135 1615 nos
160 1593 301 1626 quoque
325 1582 489 1622 facimus,
523 1581 698 1614 miseriam
727 1579 915 1614 humanam
935 1583 1057 1625 deplo-

69 1633 175 1666 ravit:
209 1632 331 1665 videns
353 1643 570 1665 summorum
599 1631 820 1675 ingeniorum
845 1632 914 1663 vim
937 1639 996 1665 aut
1021 1633 1057 1664 in

68 1683 172 1726 nugis
190 1689 431 1727 consumptam
457 1694 550 1722 esse,
577 1688 637 1715 aut
660 1682 762 1714 falsas
785 1682 828 1714 de
856 1681 929 1715 Deo
957 1689 989 1715 et
1014 1684 1056 1715 de

69 1733 189 1767 inultis
214 1740 360 1766 naturae
391 1733 550 1776 partibus
576 1732 762 1776 opiniones
790 1733 973 1776 sparsisse,
999 1739 1057 1765 aut

69 1784 302 1817 confirmasse.
358 1783 453 1825 Quid
473 1783 610 1815 dulcius
628 1789 677 1815 est
694 1783 872 1815 amatoriis
890 1783 1057 1825 poematis

70 1834 432 1877 ingeniosissimorum
457 1831 641 1865 hominum
667 1832 884 1865 Graecorum
908 1839 941 1864 et
958 1832 1058 1865 Lati-

70 1884 224 1917 norum‘?
258 1895 346 1928 quae
364 1884 480 1925 legens
499 1883 600 1914 doleo
618 1883 784 1926 profecto,
810 1894 874 1916 nos
893 1894 966 1915 non
983 1883 1055 1927 pari

71 1935 239 1969 suavitate
257 1946 310 1966 res
327 1933 464 1966 divinas
481 1944 614 1965 cauere.

172 1984 269 2027 Quid
286 1985 328 2016 de
346 1982 513 2016 Cicerone
530 1983 666 2015 dicam?
693 1980 768 2015 Etsi
785 1983 893 2016 multa
914 1981 1058 2016 honeste

70 2036 173 2073 dicit,
202 2043 317 2068 tamen
335 2034 526 2067 dolendum
542 2041 608 2073 est,
636 2033 697 2065 illo
715 2044 820 2066 aureo
838 2034 1057 2078 eloquentiae

69 2086 216 2120 flumine
252 2098 323 2118 non
354 2082 432 2117 vehi
467 2096 519 2116 res
555 2084 589 2115 in
624 2080 850 2127 Philosophia
886 2085 1057 2118 meliores.

69 2136 208 2171 Deinde
224 2136 285 2169 etsi
303 2136 340 2168 in
358 2135 561 2179 vulgaribus
578 2147 615 2166 ac
632 2134 767 2167 levibus
783 2134 951 2168 molestiis
969 2133 1056 2168 Phi-

70 2185 230 2231 losophia
247 2187 334 2219 lenit
349 2186 457 2219 animi
475 2185 726 2228 aegritudines:
755 2191 871 2218 tamen
893 2185 926 2217 in
947 2187 1057 2220 maio-

70 2239 170 2271 ribus
185 2237 368 2270 doloribus
384 2249 456 2269 nou
472 2236 735 2280 acquiescimus,
763 2235 830 2269 nisi
850 2234 916 2269 Dei
931 2237 1056 2269 volun-

70 2296 140 2322 tate
160 2288 296 2331 cognita
319 2300 356 2320 ex
386 2287 427 2320 iis
453 2286 710 2326 monumentis,
746 2298 834 2330 quae
861 2286 932 2330 ipse
956 2288 1058 2321 certis

70 2338 281 2373 testimoniis
298 2338 452 2371 tradidit.
505 2336 599 2370 Haec
618 2349 695 2370 cum
715 2348 815 2379 saepe
832 2337 979 2379 vigilans
999 2351 1057 2372 co-

71 2390 195 2434 gitaret
218 2387 478 2433 Hieronymus,
513 2389 632 2420 eadem
660 2387 850 2420 somniasse
871 2399 969 2428 eum,
995 2401 1058 2422 ne-

70 2452 246 2486 quaquam
265 2439 465 2471 miraudum
483 2445 544 2472 est.
598 2437 650 2470 Ac
668 2444 786 2470 narrat
802 2436 866 2471 hoc
881 2440 1057 2473 somnium

71 2491 163 2536 ipse,
191 2497 230 2523 ut
245 2490 323 2522 aliis
340 2487 500 2522 hortator
517 2494 624 2528 esset,
651 2500 695 2520 ne
713 2489 927 2531 negligerent
945 2491 1057 2524 coele-

71 2548 158 2575 stem
176 2541 371 2574 doctrinam
384 2567 393 2579 ,
419 2539 508 2582 capti
528 2538 715 2571 immodica
733 2539 963 2572 admiratione
977 2553 1058 2584 pro-

71 2589 270 2635 phanorum
297 2591 519 2634 scriptorum.
575 2588 680 2631 Quod
705 2596 821 2622 autem
847 2587 1059 2625 Theodorus

73 2641 168 2675 Gaza
193 2641 279 2674 salse
302 2641 407 2681 dixit,
442 2640 470 2673 si
494 2646 675 2683 propterea
698 2641 791 2684 quod
808 2639 1059 2676 Ciceronianus

72 2699 159 2725 esset
177 2690 435 2737 Hieronymus,
464 2691 581 2735 plagas
597 2690 793 2734 accepisset,
822 2702 945 2734 magna
964 2693 1058 2727 iuiu—

126 2741 312 2776 Metam-n.
342 2744 445 2774 Oeen.
473 2743 556 2773 Vox..
585 2742 645 2772 XI.

1087 390 1091 462 Ι

1117 273 1220 305 doro:
1256 275 1362 306 credo
1389 274 1482 306 enim
1506 275 1621 307 virum
1654 287 1726 308 non
1753 277 1866 310 solum
1894 278 2103 321 eruditione,

1116 324 1174 355 sed
1207 323 1310 356 etiam
1343 324 1512 367 sapientia
1545 333 1796 369 praestantem,
1826 334 1864 361 ut
1891 329 2102 370 audivimus,

1114 384 1191 405 cum
1219 374 1357 407 dicendi
1389 386 1514 416 genera
1547 377 1792 410 conferrentur
1817 375 1882 411 hoc
1911 379 2004 419 loco,
2042 381 2103 425 qui

1114 421 1205 457 nihil
1229 422 1335 457 habet
1357 425 1502 464 veneni,
1529 437 1601 458 non
1626 426 1861 471 eloquentiam
1882 427 2101 475 Hieronymo

1114 474 1313 514 detraxisse,
1339 475 1395 507 sed
1415 474 1625 517 significasse
1641 477 1845 511 dissimilem
1863 480 2011 513 formam
2029 493 2101 514 esse

1114 524 1284 557 orationis
1308 525 1344 557 in
1368 531 1535 570 utroque,
1569 527 1662 570 quod
1687 528 1867 561 fatendum
1891 537 1952 563 est.
2005 529 2050 564 Et
2073 532 2102 564 si

1114 574 1150 607 in
1169 575 1368 620 eloquentia
1386 582 1467 609 sunt
1484 575 1622 620 aliquae
1638 589 1765 620 paucae
1782 579 1912 612 formae
1930 582 2102 615 excellen—

1113 632 1180 665 tes,
1204 633 1243 659 ut
1264 626 1300 658 in
1317 626 1473 669 pictura,
1501 627 1544 659 ad
1565 639 1650 671 quas
1667 627 1727 671 qui
1748 629 1903 671 proxime
1921 634 2102 673 accedunt,

1114 682 1327 717 praestantes
1347 683 1428 709 sunt
1445 677 1609 710 artifices:
1638 685 1753 710 tamen
1771 679 1806 711 in
1831 686 1923 712 tanta
1942 681 2100 715 imbecil-

1113 726 1209 759 litate
1226 727 1360 768 generis
1377 724 1536 767 humani,
1563 739 1710 771 magnus
1729 740 1810 761 usus
1825 736 1874 762 est
1890 731 1994 763 etiam
2012 733 2101 765 alio-

1113 789 1209 817 rum,
1244 777 1304 822 qui
1330 777 1465 810 etiarnsi
1501 779 1621 821 procul
1647 779 1691 811 ab
1715 779 1774 812 illa
1802 780 2012 823 perfectione
2039 784 2101 815 ah-

1112 833 1213 868 sunt,
1246 834 1362 860 tamen
1388 828 1498 860 lineas
1528 828 1715 861 meliorum
1745 841 1890 873 operum
1922 838 2101 878 utcunque

1112 878 1314 917 imitantur,
1350 885 1382 911 et
1407 879 1527 911 dicunt
1550 890 1604 911 res
1620 879 1748 912 bonas:
1777 887 1810 913 et
1830 881 1874 914 ita
1892 882 2033 921 dicunt,
2061 891 2101 917 ut

1113 928 1263 971 intelligi
1281 928 1425 972 possint,
1448 929 1541 973 quod
1560 929 1673 972 ipsum
1692 936 1807 963 tamen
1825 932 1965 965 difficile
1980 940 2039 973 est,
2068 942 2099 968 et

1112 990 1277 1021 magnum
1293 990 1364 1012 esse
1376 980 1480 1012 decus
1498 981 1685 1022 prudentes
1704 980 1915 1025 intelligunt.
1943 982 2101 1026 Longior

1113 1035 1161 1061 est
1184 1035 1299 1062 autem
1323 1027 1407 1062 haec
1429 1036 1498 1062 tota
1517 1030 1708 1073 disputatio
1727 1031 1769 1063 de
1789 1032 2008 1076 eloquentia,
2037 1047 2100 1068 nec

1112 1076 1217 1111 huius
1243 1086 1291 1111 est
1315 1079 1393 1113 loci.
1447 1079 1539 1112 Satis
1565 1092 1688 1123 magna
1714 1080 1788 1114 laus
1813 1089 1861 1115 est
1879 1081 2100 1125 Ilieronvmi,

1112 1131 1205 1174 quod
1235 1141 1313 1162 cum
1340 1136 1464 1163 natura
1489 1137 1574 1163 esset
1598 1132 1706 1173 uber,
1743 1133 1884 1175 perfecit
1904 1124 2024 1167 studio
2049 1135 2099 1168 le-

1111 1180 1233 1223 gendis
1254 1180 1410 1213 fontibus
1434 1180 1589 1222 linguae,
1617 1189 1655 1214 ut
1681 1181 1782 1214 honis
1801 1184 1916 1216 verbis
1932 1191 2100 1227 uteretur,

1111 1237 1143 1263 ct
1161 1241 1214 1262 res
1233 1231 1343 1263 bonas
1358 1231 1582 1263 mediocriter
1599 1240 1800 1275 exponeret:
1829 1234 1899 1266 imo
1921 1237 2015 1279 quod
2035 1234 2098 1270 hac

1111 1281 1282 1313 sermonis
1316 1281 1434 1324 copia,
1476 1293 1564 1326 quae
1601 1283 1792 1315 necessaria
1823 1291 1871 1317 est
1900 1285 2096 1330 interpreti,

1110 1342 1271 1373 magnam
1288 1331 1399 1363 lucem
1419 1332 1537 1365 attulit
1553 1330 1750 1376 Prophetis,
1803 1334 1872 1367 Sed
1891 1336 2009 1370 relicta
2027 1337 2096 1370 iam

1110 1382 1363 1421 adolescentia,
1401 1382 1579 1415 videamus
1607 1383 1783 1427 reliquum
1806 1385 1896 1419 vitae
1922 1387 1995 1419 eius
2017 1400 2098 1420 cur-

1110 1443 1198 1466 sum.
1251 1431 1441 1476 Praecipue
1460 1439 1575 1465 autem
1594 1436 1831 1478 quaerendum
1850 1443 1898 1469 est
1918 1437 1953 1469 in
1971 1436 2098 1471 Eccle-

1110 1483 1179 1523 sia,
1205 1482 1289 1526 quid
1309 1483 1456 1527 quisque
1481 1484 1524 1516 de
1539 1482 1614 1516 Deo
1640 1485 1801 1524 senserit,
1828 1494 1861 1519 et
1877 1489 1970 1519 unde
1987 1500 2096 1530 genus

1109 1533 1290 1565 doctrinae
1315 1533 1500 1576 acceperit:
1536 1541 1574 1567 ut
1600 1535 1680 1566 sciri
1707 1536 1835 1579 possit,
1863 1549 1906 1569 an
1932 1540 2098 1582 probatae

1109 1584 1187 1615 fidei
1206 1584 1364 1615 doctores
1381 1590 1562 1627 sequatur,
1590 1591 1682 1617 etan
1708 1598 1785 1618 cum
1809 1599 1930 1620 norma
1958 1597 2097 1631 aposto-

1110 1633 1196 1666 licae.
1218 1633 1398 1666 doctrinae
1422 1640 1601 1676 congruat.
1655 1633 1815 1668 Affirmat
1844 1637 1948 1680 igitur
1969 1638 2097 1672 Hiero—

1110 1695 1235 1728 nymus
1263 1695 1298 1715 se
1331 1684 1491 1727 amplecti
1520 1685 1694 1729 synodum
1723 1685 1910 1728 Nicenam,
1947 1696 1979 1722 et
2007 1688 2097 1723 hanc

1109 1733 1235 1766 acriter
1260 1741 1474 1776 propugnat,
1512 1742 1543 1768 et
1565 1736 1723 1768 nominat
1752 1739 2014 1779 probatissimos
2033 1742 2095 1774 do-

1109 1790 1232 1821 ctores,
1254 1783 1527 1825 Naziaiwenum,
1553 1784 1828 1828 Apollinarium,
1857 1789 2097 1824 Antiochenae

1109 1833 1285 1866 Ecclesiae
1307 1833 1538 1878 Episcopum,
1562 1834 1804 1879 Epiphanium
1824 1836 2035 1884 Episcopum
2060 1843 2096 1874 in

1109 1883 1246 1929 Cypro,
1283 1891 1315 1917 et
1340 1883 1532 1930 Didymum
1557 1883 1856 1928 Alexandrinum,
1892 1891 1951 1934 qui
1975 1904 2096 1925 omnes

1109 1941 1192 1967 tunc
1212 1941 1296 1967 natu
1320 1939 1487 1977 grandes,
1514 1936 1701 1969 familiares
1724 1938 1860 1972 fuerant
1879 1940 1937 1981 iis,
1964 1943 2023 1986 qui
2041 1944 2096 1975 di-

1108 1993 1230 2018 xerant
1253 1986 1442 2018 sententias
1475 1987 1510 2018 iu
1537 1987 1672 2030 synodo
1695 1986 1843 2028 Nicena,
1879 1998 1910 2023 et
1935 2000 2009 2035 post
2037 2005 2094 2026 eos

1109 2036 1243 2068 lumina
1260 2036 1402 2069 suerunt
1416 2035 1592 2069 Ecclesiae
1609 2038 1804 2081 praecipua.
1850 2039 1987 2074 Horum
2005 2051 2043 2076 ut
2059 2055 2095 2076 se

1109 2086 1330 2119 confirmaret
1355 2087 1555 2127 sententiis,
1591 2088 1710 2131 procul
1742 2101 1799 2121 eos
1829 2090 1864 2123 in
1892 2092 2094 2138 longinquis

1109 2137 1324 2179 regionibus,
1351 2136 1610 2170 Nazianzenum
1627 2139 1662 2170 in
1677 2138 1910 2183 Cappadocia,
1936 2141 2095 2188 Epipha-

1110 2187 1209 2221 nium
1227 2187 1263 2219 in
1282 2185 1416 2233 Cypro,
1447 2187 1710 2231 Apollinarium
1728 2189 1954 2233 Antiochiae,
1981 2194 2096 2233 Didy-

1109 2249 1205 2270 mum
1222 2237 1259 2270 in
1278 2237 1434 2282 Aegypto
1452 2238 1633 2283 quaesivit.
1679 2238 1785 2273 Scitis
1806 2242 1933 2276 multos
1950 2235 2096 2287 laudari,

1110 2288 1169 2333 qui
1196 2288 1375 2320 doctrinae
1397 2300 1498 2321 causa
1521 2289 1647 2322 multas
1674 2290 1832 2331 regiones
1857 2294 2039 2336 adierunt,
2063 2305 2095 2330 et

1110 2338 1239 2372 multae
1265 2345 1346 2372 sunt
1370 2339 1406 2371 iu
1432 2351 1469 2371 ea
1489 2351 1524 2371 re
1541 2339 1703 2373 virtutes:
1732 2343 1789 2373 sed
1813 2344 1965 2385 profecto
1983 2347 2096 2380 maior

1111 2390 1185 2422 laus
1208 2395 1273 2428 est,
1302 2401 1374 2421 non
1399 2389 1512 2421 solum
1535 2390 1788 2430 eruditionem,
1817 2395 1993 2428 sedetiam
2013 2397 2094 2430 fidei

1110 2439 1411 2472 confirmationem
1428 2439 1463 2471 in
1475 2437 1603 2473 scholis
1619 2442 1927 2485 excellentissimis,
1942 2453 1979 2480 ut
1997 2455 2095 2481 erant

1111 2486 1333 2524 Antiochena
1360 2496 1391 2523 et
1418 2489 1678 2531 Alexandrina,
1715 2500 1747 2526 et
1769 2496 1860 2537 apud
1891 2498 2094 2539 probatissi-

1110 2552 1185 2573 mos
1201 2541 1361 2573 doctores
1381 2552 1558 2585 quaerere.
1609 2541 1712 2576 Nunc
1728 2543 1756 2576 si
1775 2545 1860 2577 tales
1878 2547 1943 2579 viri
1960 2549 2093 2591 uspiam

1112 2597 1245 2630 essent,
1270 2602 1395 2633 magna
1412 2591 1566 2635 profecto
1583 2592 1693 2626 virtus
1713 2601 1799 2627 esset
1818 2607 1948 2633 eorum,
1978 2609 2093 2630 coram

1113 2641 1278 2675 sciscitari
1295 2642 1496 2682 sententias,
1521 2649 1555 2676 et
1570 2643 1667 2676 vivas
1682 2645 1802 2677 audire
1823 2653 1854 2678 et
1874 2647 2017 2679 reddere
2035 2661 2096 2681 vo-

1114 2704 1180 2727 ces.
1236 2690 1370 2725 interea
1400 2700 1432 2726 et
1457 2693 1539 2736 legit
1567 2694 1638 2738 ipse
1665 2695 1868 2739 praecipuos
1892 2696 2097 2741 interpretes

1513 2742 1563 2777 47
