2338 2958
181 135 252 171 551

565 130 724 166 DECL.
772 128 845 165 DE
880 127 1232 174 AEQUITATE
1268 127 1342 162 ET
1381 125 1523 161 IURE
1557 126 1832 164 STRICTO.

2140 127 2216 166 552

185 222 241 255 De
269 223 460 266 aequitate
497 222 531 251 et
569 219 652 250 iure
679 218 832 257 stricto,
876 226 924 250 ex
956 218 995 251 L.
1027 217 1179 250 Placuit
1203 218 1206 264 Ι
1232 213 1292 258 qui
1312 209 1402 245 nibil
1418 218 1621 252 moventur,
1651 209 1687 245 bi
1705 225 1776 245 non
1793 214 1953 248 oratione
1970 214 2133 257 regendi,
2160 216 2218 248 sed

794 265 904 302 1542.

454 270 489 302 G.
519 266 564 301 de
590 266 756 301 iudiciis.

192 405 312 441 graves
345 403 463 425 causas
490 392 526 424 in
554 391 752 424 Academiis
780 392 958 431 instituta,
994 403 1061 436 qua
1090 392 1182 424 sole-

194 456 270 480 mus
295 444 331 476 in
358 440 413 475 bis
440 442 684 484 congressibus
709 443 752 475 de
778 442 937 475 doctrina
964 442 1104 475 virtutis
1128 441 1183 474 di-

194 508 278 529 m›re.
342 493 438 535 Quid
463 493 555 525 enim
580 499 630 526 est
661 493 802 535 dignius
825 490 1046 532 hominibus,
1081 504 1183 535 prae-

194 545 312 580 sertim
340 544 460 584 nobis,
498 555 649 589 qnorum
684 543 822 576 iudiciis
850 550 883 576 et
916 543 1082 585 exemplis
1115 543 1183 575 rita

196 597 346 630 aliorum
365 606 505 639 qnoque
529 594 602 636 regi
628 594 748 634 debet,
776 606 879 638 quam
898 594 933 625 in
955 593 1186 626 comentibus

198 649 240 680 de
259 647 353 685 Deo,
381 647 424 678 de
446 645 592 684 virtute,
620 645 662 676 de
681 641 836 677 honestis
859 643 1056 687 disciplinis
1077 644 1186 676 disse-

198 710 292 737 rere,
323 703 353 728 et
380 708 457 729 cum
484 696 674 738 nosipsos,
701 701 775 727 tum
802 694 889 726 alios
912 696 954 726 ad
973 695 1076 726 decus
1095 693 1187 726 exci-

199 757 281 782 tare.
346 745 449 779 Nunc
481 757 563 777 vero
594 745 696 778 etiam
729 751 885 788 tempora
916 744 1113 788 postulant,
1149 750 1187 777 ut

200 798 285 832 baec
317 805 435 830 nostra
468 795 628 828 exercitia
667 795 800 828 maiore
833 806 914 828 cura
944 803 976 828 et
1006 795 1188 837 diligentia

198 857 360 883 tucamur
386 854 418 881 et
443 858 714 891 propugnemus.
777 846 947 879 Videmus
973 847 1066 879 enim
1094 846 1189 879 laxa-

200 901 243 934 tis
259 899 368 932 frenis
389 899 594 942 disciplinae
619 909 733 930 mores
760 898 882 941 populi
911 898 1062 931 subinde
1080 896 1190 939 magis

200 950 356 991 efferari,
392 949 570 982 contemni
591 949 697 991 leges,
728 949 927 982 doctrinam
951 949 1043 983 vitae
1067 948 1190 981 utilem

202 1001 420 1044 religionem.
484 999 565 1033 Ideo
590 999 704 1032 acrius
722 1006 755 1033 et
776 997 1018 1033 vehementius
1035 1010 1191 1042 pugnare

201 1058 356 1096 oportet,
392 1062 436 1082 ne
458 1050 593 1082 amissis
616 1050 746 1088 literis,
785 1050 920 1093 legibus
948 1058 980 1084 et
1006 1049 1191 1092 religioni-

201 1104 283 1143 bus,
312 1101 447 1135 infinita
473 1101 564 1133 vitae
587 1100 767 1141 confusio,
794 1099 858 1134 Dei
888 1101 1042 1138 oblivio,
1072 1099 1192 1133 libidi-

202 1165 287 1186 num
312 1151 522 1195 impunitas,
553 1158 586 1184 et
611 1157 750 1184 aeterna
779 1151 961 1184 latrocinia
990 1157 1192 1195 sequantur.

201 1203 257 1237 Ad
283 1201 366 1236 haec
390 1203 478 1234 mala
498 1199 720 1245 prohibenda
738 1208 830 1234 certe
849 1213 936 1245 opus
955 1208 1003 1234 est
1022 1202 1192 1234 eruditio-

202 1267 265 1293 ne,
293 1254 448 1293 cultura,
475 1259 507 1285 et
525 1249 1077 1296 hisqualibuscunqueexercitiis
1090 1249 1194 1284 sebo-

203 1304 350 1341 lasticis,
379 1315 468 1349 quae
485 1309 643 1346 potentes
661 1302 780 1334 minus
794 1303 983 1340 adiuvant,
1012 1302 1193 1346 quamde-

201 1356 297 1390 bent.
351 1354 470 1397 Quare
485 1360 522 1386 ut
548 1364 607 1385 vos
631 1365 668 1385 ea
687 1359 857 1396 quantum
877 1364 1079 1395 possumus,
1108 1364 1190 1385 con-

201 1405 328 1439 iunctis
357 1412 389 1438 et
413 1404 522 1447 copiis
545 1410 578 1437 et
600 1403 744 1442 studiis,
780 1404 1030 1441 defendamus,
1067 1409 1193 1447 optan-

201 1458 285 1489 dum
305 1462 364 1489 est.
420 1455 530 1498 Saepe
553 1461 669 1487 autem
698 1451 763 1487 hoc
787 1454 863 1486 loco
883 1455 925 1485 (le
944 1454 1058 1495 legum
1078 1453 1192 1496 digni-

201 1515 269 1541 tate
282 1506 483 1549 gravissime
498 1505 630 1538 dictum
647 1511 708 1539 est.
763 1504 813 1538 Ac
828 1516 1039 1548 magnopere
1055 1505 1193 1547 prodest

201 1558 363 1595 excitari,
399 1556 444 1590 ali
474 1563 504 1590 et
537 1556 736 1589 confirmari
774 1555 809 1588 iu
842 1556 970 1587 animis
1008 1553 1194 1587 bominum

201 1620 356 1642 amorem
388 1607 521 1652 politici
553 1606 709 1645 ordinis,
749 1613 779 1638 et
817 1617 934 1637 veram
964 1605 1194 1637 reverentiam

202 1672 281 1703 erga
301 1659 406 1701 leges:
444 1658 590 1689 eandem
615 1657 661 1688 ob
679 1668 816 1688 cansam
837 1662 977 1688 teneant
995 1655 1122 1687 animis
1140 1655 1196 1686 in-

203 1711 303 1743 fixam
328 1706 418 1741 banc
442 1707 666 1740 sententiam:
703 1705 815 1739 Deum
841 1718 921 1738 vere
948 1718 1019 1738 esse
1038 1712 1195 1738 autorem

202 1767 234 1794 et
251 1760 429 1794 custodem
451 1758 585 1801 politici
605 1757 760 1797 ordinis,
784 1769 823 1789 ac
841 1757 956 1788 lucere
974 1755 1037 1789 Dei
1058 1756 1197 1800 sapien-

204 1812 287 1844 tiam
304 1817 337 1844 et
355 1811 547 1842 bonitatem
573 1820 650 1849 erga
676 1819 784 1850 genus
802 1805 1014 1845 ltnmanum,
1042 1819 1112 1838 non
1130 1806 1196 1838 rni-

204 1873 270 1895 nus
297 1861 332 1893 in
359 1861 484 1893 ordine.
510 1858 671 1903 politico,
708 1871 812 1903 quam
831 1858 865 1890 in
886 1864 996 1890 tetrae
1015 1856 1198 1889 foecundi-

203 1920 271 1946 tate
295 1918 327 1945 et
352 1911 528 1944 similibus
544 1909 739 1950 beneficiis,
765 1909 893 1954 quibus
912 1920 1058 1952 corpora
1080 1915 1197 1940 nostra

204 1963 377 1997 divinitus
393 1962 549 1996 aluntur.
665 1959 684 1970 ‘

304 2037 423 2080 Quare
455 2034 548 2069 lmnc
583 2035 744 2068 ordinem
769 2034 859 2066 vitae.
885 2041 1110 2066 rontemnere
1139 2041 1200 2067 aut

208 2091 356 2127 violare,
381 2088 464 2133 quid
483 2094 531 2119 est
550 2086 615 2119 nisi
635 2085 709 2119 Deo
730 2086 860 2118 bellum
883 2085 1034 2117 1111011·οῬ
1067 2085 1126 2130 qui
1146 2096 1200 2118 as-

208 2141 318 2173 siduis
338 2139 503 2181 exemplis
527 2137 692 2171 omnibus
715 2135 886 2168 κοί-11111115
911 2143 1052 2168 testatus
1069 2144 1136 2173 est,
1166 2147 1200 2168 se

210 2193 347 2223 1101111111
385 2189 525 2221 iniicere
563 2189 676 2229 legum
707 2187 1019 2230 contemptoribus,
1102 2187 1198 2228 Quid

208 2240 378 2285 supplicia
403 2240 539 2271 assidua
567 2239 760 2276 latronum,
793 2249 892 2270 saeva
921 2237 1010 2269 bella
1042 2238 1200 2269 ‹unuium

212 2291 431 2336 lemportttu'.²
465 2290 560 2331 Quid
580 2296 657 2322 sunl
678 2289 743 2321 nisi
763 2299 861 2320 voces
873 2286 935 2320 Dei
952 2314 959 2325 ,
988 2288 1115 2332 quilius
1131 2288 1202 2321 cln-

212 2343 306 2375 mitat
324 2370 331 2379 ,
359 2354 392 2374 50
412 2341 463 2373 5111
483 2347 514 2373 et
532 2352 674 2373 suarum
702 2340 814 2380 legum
839 2345 1078 2381 contemptum
1098 2338 1202 2382 puni-

214 2394 274 2426 re?
313 2391 352 2425 Et
379 2399 492 2424 tamen
513 2391 613 2423 ferrei
633 2397 710 2422 511111
731 2387 914 2422 111111111111111
934 2389 1041 2421 animi
1057 2416 1064 2425 ,
1092 2396 1127 2422 ul
1150 2387 1202 2421 bis

215 2451 283 2477 tam
302 2443 518 2476 terribilibus
533 2441 698 2484 exemplis
718 2452 839 2484 parum
863 2450 1081 2474 most-autur.
1133 2440 1201 2473 Sed

216 2507 275 2526 xos
293 2494 351 2539 qui
371 2493 483 2524 (1111115
501 2493 697 2524 doctrinam
716 2491 872 2529 virtutis,
897 2497 988 2522 certe
1007 2492 1099 2522 deret
1113 2490 1201 2522 affici

216 2557 297 2578 voce
317 2543 380 2577 Dei
400 2551 429 2576 et
451 2543 617 2585 exemplis
640 2543 709 2575 irae
732 2542 886 2574 «livinae.
940 2540 1013 2574 llac
1039 2541 1088 2573 uti
1107 2553 1202 2573 com-

215 2594 466 2629 memoratione.
492 2594 526 2625 111
551 2594 742 2635 praesentia
771 2592 886 2632 volui,
920 2599 955 2625 ut
976 2591 1202 2635 praecipuum

217 2647 316 2679 1111115
331 2652 574 2687 argumentum
594 2656 843 2687 proponerem.
870 2644 962 2688 qnod
981 2642 1130 2676 maxime
1143 2655 1202 2675 vos

215 2709 335 2730 onmes
359 2697 401 2730 ad
429 2695 542 2736 legum
575 2707 728 2727 amorem
756 2694 900 2728 incitare
926 2694 1048 2734 debet,
1081 2705 1150 2738 quo
1174 2693 1200 2726 si

1203 291 1207 359 l

190 340 290 382 Nota
307 350 355 377 est
375 342 474 375 vobis
486 339 732 374 honestissima
750 341 966 374 consuetudo
986 348 1017 374 et
1037 347 1181 384 propter
1205 366 1207 375 t

1205 394 1208 416 l

1207 483 1210 520 l

1232 271 1398 307 tanquam
1416 263 1570 295 furentes
1596 263 1824 305 compedibus
1841 271 1875 298 et
1895 266 2027 299 catenis
2044 265 2223 299 constrin-

1233 313 1336 356 gendi
1362 319 1486 347 essent.

1233 364 1328 398 Deus
1360 370 1540 403 aeternus,
1575 364 1635 408 qui
1662 370 1711 396 cst
1737 371 1838 396 autor
1861 365 1993 408 politici
2024 366 2160 400 ordinis
2192 372 2225 399 et

1235 416 1350 458 legum
1370 421 1495 447 custos-

1538 310 1584 345 Et
1609 313 1751 357 quidem
1769 315 1982 358 constringet
2000 327 2058 349 eos
2078 316 2223 349 tandem

1550 412 1662 446 Porro
1681 426 1760 446 cum
1779 411 1840 446 bas
1859 415 2044 449 conciones
2067 417 2225 462 quotidie

1238 467 1273 498 in
1305 462 1435 497 scholis
1469 470 1501 496 et
1538 463 1576 496 in
1603 464 1742 506 templis
1767 465 1936 505 audiatis,
1976 478 2070 499 nunc
2098 467 2226 499 omissa

1208 529 1211 539 ⁸
1238 516 1399 559 longiore
1430 514 1607 554 oratione,
1640 526 1748 557 pauca
1782 516 1952 559 quaedam
1976 516 2162 559 disputabo
2184 517 2227 549 de

1239 568 1312 609 lege
1336 565 1494 605 Placuit,
1536 565 1654 598 codice
1679 566 1721 597 dc
1747 565 1900 600 iudiciis.
1960 565 2050 599 Nam
2081 572 2113 599 et
2143 564 2229 600 haec

1240 618 1313 661 ipsa
1344 615 1535 660 disputatio
1567 616 1608 649 ad
1639 615 1880 659 defensionem
1906 623 1938 650 et
1966 617 2086 650 laudes
2110 616 2231 660 scripti

1241 668 1327 701 iuris
1344 667 1503 709 pertinet.
1560 665 1674 699 Verba
1700 667 1783 709 legis
1808 664 1892 700 haec
1911 674 2010 701 sunt:
2039 666 2175 700 Placuit
2193 667 2231 699 in

1241 717 1407 751 omuibus
1424 718 1527 750 rebus
1545 717 1765 761 praecipuam
1786 729 1856 750 esse
1877 718 2048 758 iustitiae,
2075 717 2233 762 aequita—

1242 769 1286 801 tis
1308 780 1410 812 quam
1442 768 1608 811 scriptae,
1653 780 1756 812 quam
1788 768 1898 801 stricti
1937 769 2022 801 iuris
2049 769 2233 802 rationem.

1242 818 1358 851 Huius
1382 818 1466 859 legis
1491 819 1596 850 verba
1621 818 1764 862 quidam
1792 819 1882 852 iuter
1906 831 1978 852 5050
2002 830 2157 862 pugnare
2177 818 2234 850 di-

1243 876 1339 904 cunt.
1392 869 1570 912 Scriptum
1589 868 1642 901 ius
1658 868 1691 901 id
1709 869 1810 902 aiunt
1825 881 1914 910 esse,
1941 871 2035 915 quod
2052 870 2090 902 in
2105 868 2235 911 scripto

1245 927 1277 954 et
1296 919 1380 962 legis
1399 919 1514 952 verbis
1531 919 1752 960 continetur,
1778 927 1813 953 ut
1833 921 1992 954 strictum
2007 921 2059 954 ins
2076 918 2236 953 01111Ηο-

1245 983 1368 1005 manae
1393 970 1498 1013 legis,
1531 983 1610 1003 eum
1644 970 1703 1015 qui
1729 977 1849 1004 contra
1874 971 2064 1005 Dictatoris
2087 969 2236 1004 interdi-
2282 982 2287 988 ·

1245 1029 1338 1055 ctum
1364 1021 1588 1064 pugn-iverit,
1626 1022 1906 1055 interficiendum
1926 1034 2008 1055 esse.
2060 1019 2237 1064 Pugnavit

1245 1074 1388 1107 absente
1431 1071 1611 1105 Dictatore
1651 1072 1822 1117 papyrio,
1875 1072 2044 1116 Magister
2078 1072 2238 1117 equitum

1246 1124 1403 1166 Quintus
1418 1122 1549 1156 Fabius
1565 1129 1685 1155 contra
1702 1123 1874 1164 edictum,
1897 1123 2067 1157 invitatus
2084 1121 2240 1156 occasio-

1247 1187 1290 1207 ne
1317 1173 1367 1206 rei
1401 1174 1489 1206 bene
1521 1174 1693 1215 gerendae
1718 1180 1749 1207 et
1773 1173 1867 1207 vicit.
1931 1173 2028 1217 Quid
2053 1171 2111 1207 bic
2137 1171 2240 1206 faciet

1247 1223 1440 1268 Papyrius,
1468 1223 1495 1256 si
1512 1224 1676 1266 scriptam
1694 1224 1904 1268 aequitatem
1929 1231 2151 1270 sequeretur,
2179 1228 2240 1256 aut

1248 1275 1330 1319 quid
1350 1276 1496 1307 interest
1522 1274 1613 1307 inter
1637 1275 1795 1307 strictum
1818 1275 1871 1307 1115
1890 1282 1922 1308 et
1937 1276 2100 1319 scriptam
2118 1273 2240 1319 aequi·
2288 1291 2292 1300 ·

1248 1325 1378 1358 tatem?
1430 1323 1572 1357 Nullam
1596 1325 1712 1369 inquit
1732 1324 1903 1370 papyrius
1921 1326 2104 1358 victoriam
2128 1323 2240 1368 pluris

1249 1376 1441 1408 faciendam
1467 1386 1557 1412 esse,
1595 1387 1698 1419 quam
1731 1375 1894 1408 militaris
1926 1376 2134 1419 disciplinae
2156 1386 2241 1407 0011-

1248 1425 1491 1458 servationem.
1547 1424 1592 1458 [1
1617 1425 1724 1468 igitur
1743 1426 1873 1458 sauciat
1897 1427 2120 1469 disciplinam
2141 1433 2175 1459 et
2191 1425 2242 1458 le-

1248 1477 1298 1519 gis
1325 1476 1441 1509 verbis
1466 1476 1702 1519 obtemperet,
1730 1476 1824 1509 iubet
1848 1476 2059 1519 Magistrum
2082 1476 2241 1521 equitum

1251 1526 1323 1570 rapi
1341 1527 1383 1559 ad
1403 1525 1626 1569 suppliciunt.
1679 1525 1715 1559 Si
1735 1526 1861 1570 igitur,
1888 1534 1926 1561 ut
1943 1528 1978 1560 in
2001 1525 2067 1561 1100
2084 1526 2242 1570 exemplo

1249 1583 1391 1621 apparet
1424 1577 1516 1610 inter
1553 1577 1719 1620 scriptam
1761 1578 1970 1622 aequitatem
2009 1585 2042 1612 et
2082 1578 2243 1611 strictum

1251 1628 1324 1668 ius,
1359 1625 1450 1659 nibil
1478 1633 1528 1661 est
1551 1627 1781 1666 discriminis,
1817 1628 1957 1661 videtur
1987 1629 2139 1663 absurda
2169 1637 2243 1661 esse

1250 1684 1309 1710 aut
1326 1677 1440 1710 ociosa
1464 1673 1569 1709 huius
1595 1677 1679 1720 legis
1695 1677 1808 1711 oratio
1833 1678 1867 1711 in
1883 1679 2014 1714 codice.
2068 1677 2243 1712 Aristote-

1251 1729 1299 1761 les
1326 1728 1430 1772 paulo
1455 1727 1556 1760 aliter
1579 1728 1622 1760 de
1646 1728 1820 1772 aequitate
1842 1729 2000 1770 disserit,
2027 1736 2125 1762 vocat
2147 1728 2243 1762 enim

1251 1778 1459 1822 aequitatem
1481 1778 1757 1811 moderationem
1776 1792 1848 1812 nou
1867 1780 2051 1824 scriptam,
2078 1792 2167 1825 qnae
2190 1785 2244 1813 ta-

1251 1841 1330 1861 men
1358 1826 1461 1861 habet
1487 1825 1668 1861 honestam
1692 1836 1724 1862 et
1753 1830 1969 1873 probabilem
1988 1831 2178 1871 rationem,
2205 1837 2245 1864 ut

1253 1881 1287 1912 iu
1311 1879 1371 1912 illo
1389 1891 1468 1912 casu
1489 1877 1649 1924 Papyrii,
1679 1877 1893 1913 Dictatorem
1912 1881 2046 1926 aliquid
2068 1881 2246 1915 remittere

1252 1932 1294 1963 ‹le
1311 1929 1478 1963 servitute
1495 1930 1738 1964 conueniebat.
1790 1930 1882 1973 Quia
1901 1931 2068 1975 Magister
2085 1931 2245 1977 equitum

1254 1993 1325 2014 non
1347 1981 1540 2014 ambitione
1564 1981 1747 2018 incitatus,
1786 1994 1848 2015 1100
1865 1989 1994 2016 temere
2019 1987 2246 2025 pugnaverat,

1253 2033 1310 2065 5111
1338 2032 1450 2065 facere
1473 2043 1508 2064 se
1533 2038 1654 2064 contra
1677 2032 1862 2065 utilitatem
1885 2032 2038 2076 Reipnb.
2065 2040 2097 2066 et
2123 2040 2245 2066 contra

1254 2083 1469 2117 xoluntatem
1495 2081 1683 2115 Dictatoris
1711 2082 1938 2116 iudicaverat:
1974 2084 2000 2116 si
2026 2083 2246 2116 occasionem

1254 2146 1270 2165 e
1294 2133 1456 2167 manibus
1472 2133 1684 2172 dimitteret,
1713 2145 1816 2177 quam
1840 2133 1998 2167 Dictator
2021 2134 2046 2166 si
2065 2134 2246 2175 adfuisset,

1255 2196 1476 2229 nequaquam
1514 2184 1733 2225 neglecturus
1769 2190 1852 2217 erat.
1927 2183 2102 2218 Attribuit
2139 2184 2247 2227 igitur

1256 2233 1463 2268 Aristoteles
1488 2234 1634 2277 sapienti
1662 2233 1767 2266 11111101
1801 2241 2005 2277 potestatem
2036 2234 2247 2268 moderandi

1255 2285 1393 2329 scripti,
1420 2293 1450 2319 et
1472 2297 1558 2329 pene
1576 2284 1724 2317 nimium
1744 2284 1924 2318 inflectens
1943 2286 2057 2328 legum
2077 2285 2248 2319 autorita-

1257 2344 1344 2376 tem,
1371 2337 1416 2369 ait
1436 2348 1491 2369 eas
1510 2336 1602 2368 vetut
1622 2335 1804 2379 plumbeas
1822 2337 1957 2378 regulas
1973 2338 2014 2370 ad
2032 2336 2171 2379 negotia
2187 2348 2245 2370 ae-

1256 2387 1530 2420 cominodandas
1549 2398 1631 2418 esse.
1674 2385 1727 2419 1³31
1745 2383 1810 2419 ltoc
1826 2387 1970 2421 fortasse
1989 2388 2125 2431 saepius
2140 2398 2245 2431 qnam

1256 2438 1418 2481 prodest,
1448 2444 1483 2470 nt
1509 2444 1538 2470 et
1564 2435 1685 2469 Celsus
1711 2444 1852 2481 questus
1884 2445 1952 2478 est,
1984 2445 2022 2471 ut
2053 2437 2183 2470 dicitur
2208 2437 2245 2470 in

1258 2489 1347 2529 lege,
1384 2489 1410 2521 si
1438 2488 1586 2521 Servum
1611 2488 1646 2520 tt.
1673 2489 1715 2519 de
1745 2489 1932 2521 verborum
1959 2487 2245 2530 obligationibus,

1256 2545 1434 2582 praetextu
1464 2539 1564 2582 aequi
1603 2546 1631 2571 01
1665 2538 1748 2571 1111111
1782 2550 1882 2582 saepe
1906 2539 2098 2582 periculose
2125 2539 2245 2573 errari.

1256 2591 1396 2632 Quanta
1417 2590 1556 2622 licentia
1576 2589 1778 2633 potentibus
1797 2589 2018 2628 conce-titur,
2046 2589 2073 2621 si
2099 2589 2245 2633 permit-

1256 2641 1400 2673 tendum
1419 2647 1466 2673 est
1479 2668 1486 2678 ,
1514 2647 1549 2674 111
1577 2653 1594 2672 a
1612 2640 1741 2684 scripto
1762 2640 1836 2672 iure
1854 2641 2014 2674 recedant
2034 2639 2171 2683 privato
2189 2652 2246 2674 ar—

1256 2692 1363 2725 bitrio
1377 2719 1384 2730 ,
1413 2691 1512 2725 facilc
1529 2698 1578 2725 est
1603 2691 1696 2723 enim
1721 2689 1910 2731 ingeniosis
1927 2692 2120 2735 excogitare
2139 2691 2245 2726 ratio—

2294 1066 2296 1069 ·
2297 957 2304 964 ω
