2338 2958
181 123 278 161 1035

180 218 213 245 et
231 210 360 242 virtute
377 206 524 251 imperia
541 203 854 244 constituebantur,
881 203 976 237 mitti
994 215 1034 237 ac
1051 203 1166 237 iuvari

179 261 368 299 divinitus,
395 265 434 291 ut
450 256 648 296 Herculem,
675 252 864 296 Achillem,
890 254 1070 295 Solonem,
1097 253 1169 300 Cy-

180 324 278 350 rum,
304 309 543 344 Alexandrum
570 313 602 339 et
625 306 774 345 similes,
801 306 862 351 qui
887 317 1008 338 omnes
1032 305 1095 339 etsi
1114 305 1169 339 di-

181 362 314 396 vinitus
337 360 451 393 ornati
470 359 612 391 suerunt
632 358 768 400 magnis
786 357 918 400 ingenii
937 357 1090 397 viribus,
1116 363 1169 390 ta-

181 426 260 446 men
286 418 420 445 tantum
446 409 588 442 fuerunt
611 406 773 441 homines
789 407 907 441 miseri
924 407 1070 441 obnoxii
1089 419 1170 452 pec-

183 473 257 497 cato
276 475 313 495 ac
328 461 445 495 morti.
507 459 587 493 Non
605 472 639 493 se
657 458 797 492 miscuit
815 471 936 492 eorum
952 466 1097 492 naturae
1116 459 1172 491 di-

183 515 321 547 vinitas.

286 590 335 623 Ac
360 590 464 623 talem
488 588 630 633 quidem
655 593 836 630 expectant
854 585 975 620 Iudaei
995 587 1120 619 ducem
1140 592 1173 618 et

185 645 453 675 instauratorem
478 640 529 673 sni
555 638 663 681 regni.
723 636 847 670 Talem
868 635 1095 671 Mahometus
1118 648 1173 669 as-

185 693 334 727 sentitur
350 689 571 724 etCliristum
589 689 706 728 fuisse,
730 695 834 732 atque
854 689 900 721 ita
918 700 1054 731 semper
1071 687 1173 720 multi

185 750 385 780 senserunt,
413 749 449 773 ut
466 741 730 777 Salinsatenus,
757 738 960 779 Nestorius,
983 735 1175 784 Eutyches,

186 803 219 829 et
244 795 314 828 alii.
369 791 414 826 Et
438 790 526 824 lianc
543 787 809 833 Philosophiam
833 802 979 833 magnos
1003 790 1175 823 tumultus

187 846 336 880 excitare
359 844 395 876 in
418 842 544 875 anivnis
562 841 755 874 multorum
775 853 868 873 nunc
885 853 1026 886 quoque
1044 847 1175 874 metuo.

187 897 255 931 Sed
282 896 327 940 pii
352 895 386 927 in
405 892 560 926 Ecclesia
585 892 700 925 sciunt
724 892 766 923 de
783 890 858 924 Deo
878 893 926 924 sic
944 892 1176 925 iudicandum

187 960 277 985 esse,
312 952 349 978 ut
375 946 446 988 ipse
470 955 534 976 nos
557 943 628 976 suis
652 943 862 975 testimoniis
887 942 1029 977 erudiit.
1080 941 1177 975 Haec

187 998 363 1031 affirmant
395 996 430 1027 in
456 993 599 1028 Christo
631 1006 703 1025 non
731 1001 865 1026 tantuin
889 1005 961 1027 esse
984 990 1176 1026 humanam

187 1056 362 1084 naturam,
388 1046 444 1079 sed
463 1045 566 1078 etiam
584 1045 742 1078 divinam
761 1044 823 1076 filii
843 1044 924 1085 Dei,
950 1056 1053 1089 quem
1073 1043 1178 1077 Ioan-

188 1112 249 1132 nes
272 1096 382 1144 λόγον
406 1103 523 1135 vocat,
551 1096 682 1140 quique
703 1102 752 1128 est
770 1095 884 1139 imago
901 1095 1033 1128 aeterni
1057 1095 1177 1139 patris.

187 1150 359 1193 Blagnum
382 1147 449 1181 suit
465 1145 531 1181 Dei
549 1145 755 1179 beneficium
770 1173 780 1186 ,
807 1147 902 1190 quod
919 1145 1069 1191 Moysen
1083 1145 1180 1179 misit

187 1199 379 1234 Doctorem
405 1198 500 1242 legis.
553 1196 622 1231 Sed
647 1197 684 1229 in
703 1196 827 1242 Moyse
851 1203 990 1231 tantum
1016 1203 1089 1229 erat
1111 1193 1180 1229 hu-

188 1263 291 1285 mana
315 1257 439 1282 natura
465 1248 616 1281 obnoxia
642 1254 782 1291 peccato
803 1254 836 1280 et
860 1247 980 1280 morti.
1044 1244 1091 1280 At
1112 1244 1180 1280 hoc

188 1301 396 1335 beneficium
413 1300 535 1345 quanti
553 1299 754 1332 faciendum
771 1305 831 1339 est,
858 1299 953 1343 quod
964 1296 1058 1332 Deus
1069 1304 1181 1332 aeter-

188 1365 254 1387 nus
283 1352 393 1384 filium
420 1357 643 1384 coaeternum
667 1349 859 1393 imaginem
883 1361 983 1383 suam
1004 1349 1114 1382 mittit
1136 1349 1179 1381 ad

189 1416 269 1444 nos,
293 1408 527 1435 assumentem
553 1399 746 1434 humanam
763 1408 943 1440 naturam,
969 1400 1007 1433 in
1024 1412 1092 1446 qua
1108 1406 1181 1433 tota

188 1457 282 1489 lucet
298 1455 396 1488 Deus
421 1453 513 1485 filius
540 1451 755 1485 immutabili
779 1452 930 1485 foedere.
984 1450 1056 1485 Nec
1081 1457 1182 1495 pute-

190 1520 266 1540 mus
290 1506 409 1539 ludere
426 1502 560 1541 Deum,
584 1509 643 1536 aut
666 1515 739 1536 rem
757 1509 889 1536 tantam
907 1502 1035 1535 frustra
1055 1502 1182 1536 factam

190 1569 275 1592 esse.
328 1554 401 1589 Etsi
428 1567 490 1587 nos
510 1565 581 1586 non
600 1565 784 1597 possumus
801 1550 1102 1598 comprehendere
1121 1564 1182 1597 pe-

190 1609 285 1641 nitus
310 1605 400 1639 banc
422 1604 485 1638 Dei
511 1604 820 1644 deliberationem,
846 1611 962 1637 tamen
983 1604 1072 1636 illud
1091 1610 1182 1636 certe

191 1660 372 1692 fatendum
399 1664 468 1692 est,
497 1667 559 1688 nec
581 1662 708 1687 temere
733 1667 796 1687 nec
818 1655 944 1687 frustra
966 1652 1056 1687 hanc
1073 1654 1184 1687 socie-

191 1719 296 1743 tatem
329 1708 469 1739 divinae
500 1713 533 1739 et
565 1703 739 1739 humanae
771 1712 915 1738 naturae
944 1706 1069 1739 factam
1102 1716 1184 1745 esse,

193 1771 338 1804 emaque
364 1757 507 1791 evidens
533 1757 774 1790 testimonium
798 1768 869 1789 esse
888 1756 1006 1800 magni
1025 1767 1104 1799 erga
1120 1767 1185 1789 nos

193 1823 332 1845 amoris.

298 1886 349 1919 Ac
378 1885 474 1928 prius
497 1883 601 1915 verba
622 1882 879 1925 expendamus,
904 1889 1022 1926 postea
1041 1882 1084 1915 (le
1101 1893 1185 1914 cau-

195 1940 241 1972 sis
265 1948 326 1970 cur
349 1935 452 1968 nobis
469 1934 620 1966 donatus
638 1932 682 1965 sit
699 1932 790 1966 filius
805 1934 972 1968 dicemus.
1028 1931 1068 1965 ln
1088 1932 1185 1976 prin-

195 1990 286 2033 cipio
312 1994 385 2019 erat
411 1984 534 2032 λόγος,
563 1985 595 2016 id
617 1991 683 2023 est,
712 1981 768 2017 liic
787 1984 899 2025 filius,
926 1984 986 2029 qui
1004 1992 1053 2017 est
1071 1983 1185 2026 imago

196 2040 303 2084 patris
326 2037 455 2070 aeterni
482 2036 653 2068 intuentis
675 2046 746 2068 sese
768 2047 806 2068 ac
831 2035 1004 2078 gignentis
1024 2032 1114 2067 lianc
1131 2033 1185 2066 sui

198 2091 402 2130 iunginetn,
430 2087 483 2119 cui
503 2095 533 2119 et
553 2086 734 2119 essentiam
750 2098 846 2118 suam
864 2085 1121 2123 communicat,
1150 2091 1187 2118 ut

198 2144 238 2175 ad
253 2140 430 2173 llebraeos
447 2138 585 2175 dicitur,
611 2137 740 2169 Filium
760 2148 831 2169 esse
850 2137 998 2179 effigiem
1017 2143 1049 2169 et
1066 2132 1188 2169 ἀπαύ-

197 2203 324 2240 γασμα
366 2189 532 2221 essentiae
572 2188 688 2231 patris.
756 2186 824 2220 llic
865 2188 957 2221 filius
989 2194 1062 2220 erat
1094 2187 1187 2231 apud

198 2242 328 2279 Deum,
364 2240 477 2284 inquit
506 2238 663 2271 loannes.
723 2237 913 2272 Distinctio
941 2250 1107 2283 personae
1133 2237 1188 2270 in-

199 2295 352 2330 dicatur,
386 2291 456 2323 sive
485 2290 530 2323 sic
559 2290 815 2333 interpreteris,
848 2297 919 2323 erat
942 2290 1034 2333 apud
1061 2287 1188 2328 Deum,
1214 2313 1215 2319 ι

197 2353 235 2378 ut
254 2344 377 2376 usitate
395 2343 676 2384 interpretamur,
697 2348 727 2373 et
746 2353 807 2383 ego
829 2353 900 2373 non
918 2352 1097 2385 aspernor,
1116 2339 1189 2372 sive

200 2404 236 2428 nt
263 2394 405 2439 quidam
433 2404 494 2424 nus
518 2392 625 2423 amice
650 2399 791 2424 mom-nt
807 2419 814 2429 ,
850 2403 963 2424 sermo
987 2399 1057 2424 crat
1086 2391 1191 2434 apud,

202 2448 234 2479 id
258 2453 325 2481 est,
352 2444 392 2475 ad
420 2442 549 2477 Deum,
578 2450 611 2474 ut
640 2443 864 2475 usitatissime
885 2443 1010 2475 Graeci
1036 2442 1189 2486 loquun-
1215 2453 1217 2460 ¹

202 2507 273 2530 tur:
308 2492 520 2540 διαλέγομαι
554 2491 638 2535 ἰςιιίς
665 2492 714 2525 m'.
775 2491 880 2530 Erat,
913 2494 1048 2539 inquit,
1076 2504 1189 2525 sermo

200 2551 242 2581 ml
264 2545 397 2580 Deum,
425 2551 495 2576 erat
519 2544 629 2584 iumagu
656 2545 802 2577 red-leus
829 2552 960 2586 patrem
986 2552 1016 2577 et
1044 2555 1190 2587 respon-

202 2603 288 2631 ‹lo-ns
319 2595 562 2628 deliberationi
591 2597 720 2627 aeterni
750 2596 866 2638 patris.
923 2597 1084 2635 Agnosco
1112 2606 1191 2626 sen-

201 2651 344 2681 tentiani
364 2645 602 2687 gummi-uam
623 2646 790 2677 inclusam
809 2659 879 2678 esse
897 2644 979 2678 lmic
997 2645 1092 2677 brt-xi
1111 2657 1190 2677 ora—

202 2700 397 2735 tiunculae,
433 2706 462 2729 et
490 2696 651 2728 exolvere
678 2708 750 2729 eam
768 2709 948 2741 euperem.
976 2697 1118 2729 nisime
1137 2707 1191 2728 rc-

709 114 868 154 DECL.
910 114 984 153 DE
1016 115 1393 153 NATIVITATE
1425 115 1680 154 CHRISTI.

1215 2527 1217 2534 ¹
1244 2531 1398 2551 :turturi-tu
1424 2526 1537 2552 tuum-

2112 119 2211 156 1036

1219 216 1299 237 rum
1326 204 1532 247 magnitudo
1556 205 1757 238 deterreret.
1810 203 1883 238 Vos
1904 211 2021 239 tamen
2044 204 2106 250 qui
2130 217 2212 239 eru-

1221 256 1356 289 ditione
1380 255 1569 293 excellitis,
1595 255 1760 289 attentius
1775 255 1995 289 considerare
2019 253 2111 290 hanc
2130 268 2212 300 par-

1221 307 1366 340 ticulam
1388 306 1512 339 velim:
1553 304 1639 341 Erat
1656 318 1770 340 sermo
1794 307 1886 350 apud
1906 304 2034 343 Deum.
2087 306 2214 340 Perso-

1222 369 1288 390 nae
1305 357 1573 396 discernuntur,
1599 363 1632 390 et
1648 357 1864 402 colloquium
1880 369 1917 390 ac
1934 357 2131 392 communis
2150 358 2213 391 de-

1224 408 1387 442 liberatio
1420 409 1552 442 aeterni
1585 408 1692 452 patris
1716 408 1948 451 significatur:
1986 405 2064 449 Qua
2088 410 2131 441 de
2154 408 2215 441 re'?

1224 459 1305 493 Non
1325 465 1462 493 tantum
1480 460 1523 492 de
1540 459 1734 500 creatione,
1760 459 1818 492 sed
1839 459 1882 492 de
1896 465 2018 492 mutua
2035 457 2215 502 agnitione

1224 509 1333 554 patris
1371 516 1403 543 et
1436 510 1520 550 filii,
1561 510 1690 543 deinde
1721 510 1765 543 de
1800 509 1995 550 creatione,
2038 516 2215 553 postremo

1226 561 1385 594 omnium
1408 561 1560 593 maxime
1584 561 1628 594 de
1651 561 1788 604 generis
1811 558 1957 593 humani
1973 559 2215 604 redemptione

1226 618 1257 644 et
1285 618 1424 645 aeterna
1450 612 1571 645 salute.
1639 611 1748 645 Addit
1771 611 1935 654 deinceps
1961 609 2127 644 Ioannes:
2169 608 2218 644 Et

1227 659 1333 709 λόγος
1353 669 1427 696 erat
1443 662 1550 697 Deus.
1600 661 1668 696 Hic
1691 669 1835 696 testatur
1857 662 1969 694 filium
1995 673 2067 695 esse
2089 669 2217 695 natura

1226 713 1363 752 Deum,
1403 720 1436 747 et
1472 721 1512 747 ut
1544 713 1580 746 in
1613 712 1774 758 Epistola
1806 714 1849 746 ad
1878 711 2059 746 Hebraeos
2089 712 2220 746 dicitur

1229 760 1462 811 ἀπαύγασμα
1491 763 1622 807 gloriae
1652 771 1686 798 et
1713 765 1880 798 essentiae
1908 763 2026 807 patris.
2080 762 2164 797 Ideo
2186 768 2220 796 et

1228 812 1389 849 Micheas
1404 821 1536 856 narrat,
1553 826 1728 858 egressum
1749 827 1822 848 esse
1838 813 1933 849 hunc
1950 821 2110 849 nostrum
2130 813 2220 847 lihe-

1229 872 1380 899 ratorem
1399 872 1481 899 ante
1497 866 1573 899 dies
1589 866 1732 907 mundi,
1759 865 1794 899 id
1810 873 1879 907 est,
1905 865 2012 899 fuisse
2029 865 2140 898 filium
2152 863 2220 898 Dei

1230 917 1335 950 etiam
1353 923 1434 950 ante
1449 923 1662 960 assumptam
1680 914 1871 950 humanam
1890 923 2066 950 naturam.
2118 914 2222 949 Hanc

1230 967 1440 1002 sententiam
1457 975 1657 1008 teneamus,
1683 965 1907 1001 etChristum
1923 966 2076 1013 aMoyse
2092 974 2124 1000 et
2142 966 2222 1000 aliis

1229 1019 1366 1062 magnis
1387 1018 1473 1051 viris
1498 1018 1603 1062 longe
1623 1019 1880 1057 discernamus,
1908 1030 1971 1052 nec
1986 1017 2101 1052 excuti
2119 1015 2222 1050 nobis

1231 1067 1322 1102 lianc
1339 1081 1456 1102 veram
1473 1069 1683 1103 sententiam
1700 1069 1782 1103 ullis
1801 1067 1966 1103 humanis
1985 1067 2223 1103 cavillationi-

1232 1120 1298 1154 bus
1332 1120 1499 1153 sinamus.
1551 1119 1761 1154 Muniamus
1791 1132 1856 1154 nos
1883 1120 1987 1154 etiam
2011 1117 2223 1154 testimoniis

1231 1170 1358 1204 veteris
1372 1168 1568 1211 Ecclesiae,
1594 1183 1684 1215 quae
1701 1172 1891 1206 ostendunt
1910 1168 2001 1204 hanc
2014 1170 2126 1214 ipsam
2143 1180 2224 1203 sen-

1233 1221 1379 1255 tentiam
1402 1221 1446 1254 ab
1462 1219 1644 1266 Apostolis
1662 1221 1826 1255 traditam
1843 1233 1928 1255 esse.
1981 1220 2041 1255 Sic
2057 1221 2224 1254 Irenaeus

1233 1271 1328 1306 testis
1363 1272 1588 1316 gravissimus
1608 1271 1743 1318 'inquit
1783 1270 1869 1316 Cap.
1896 1272 1958 1306 20.
1995 1271 2079 1304 libri
2110 1270 2223 1304 tertii:

1234 1321 1387 1357 Ostenso
1414 1323 1616 1364 manifeste,
1647 1324 1744 1369 quod
1766 1323 1802 1356 in
1825 1322 2000 1367 principio
2020 1318 2128 1369 λόγος
2151 1319 2226 1354 exi·

1233 1382 1327 1408 stens
1357 1374 1451 1418 apud
1474 1374 1608 1415 Deum,
1643 1387 1706 1418 per
1734 1386 1839 1420 quem
1871 1374 1990 1407 omnia
2019 1373 2107 1406 facta
2132 1377 2227 1411 sunt,

1234 1425 1297 1470 qui
1317 1431 1350 1458 et
1367 1436 1504 1469 semper
1519 1426 1638 1459 aderat
1656 1422 1812 1459 humano
1829 1425 1968 1469 generi,
1997 1421 2091 1457 hunc
2106 1422 2227 1456 novis-

1235 1476 1332 1509 simis
1365 1476 1586 1520 temporibus
1617 1477 1811 1510 secundum
1840 1475 2063 1521 praefinitum
2088 1481 2228 1517 tempus

1235 1540 1253 1561 a
1281 1533 1397 1571 patre,
1424 1527 1562 1561 unitum
1587 1539 1649 1561 suo
1678 1527 1856 1571 plasmati,
1883 1526 2084 1570 passibilem
2110 1522 2229 1558 homi—

1236 1590 1316 1611 nem
1341 1578 1470 1612 factum
1497 1578 1600 1611 misit.
1652 1576 1853 1612 Constituta
1878 1578 1943 1611 hac
1969 1577 2142 1610 sententia
2171 1575 2227 1608 in-

1208 1634 1210 1654 7
1237 1629 1434 1671 telligamus
1450 1629 1561 1661 silium
1578 1629 1615 1662 in
1632 1627 1697 1662 hoc
1713 1630 1826 1663 dicto:
1862 1627 2087 1663 Osculamini
2105 1625 2229 1665 filium,

1238 1691 1317 1712 vere
1343 1690 1414 1712 esse
1431 1677 1563 1719 Deum,
1591 1691 1630 1712 ac
1646 1687 1773 1714 natura
1798 1679 1909 1713 filium
1927 1679 2012 1719 Dei,
2039 1679 2159 1712 lumen
2184 1678 2227 1710 de

1238 1730 1391 1770 lumine,
1418 1737 1457 1763 ut
1475 1730 1512 1763 in
1529 1730 1690 1775 symbolo
1709 1729 1852 1765 dicitur.

1339 1803 1442 1838 Nunc
1469 1804 1603 1850 reliqua
1629 1805 1736 1838 verba
1758 1803 1889 1839 Psalmi
1916 1805 2099 1841 enarrabO.
2159 1804 2229 1840 Sed

1238 1857 1335 1901 prius
1349 1855 1476 1899 gratias
1489 1867 1630 1898 agamus
1639 1855 1712 1889 Deo
1725 1863 1869 1890 aeterno
1881 1856 2056 1890 comlitori
2068 1857 2229 1890 omnium

1239 1919 1376 1945 rerum,
1406 1918 1468 1950 pro
1493 1903 1559 1939 hoc
1583 1914 1680 1940 tanto
1704 1907 1894 1945 beneficio.
1923 1909 2017 1952 quod
2044 1919 2116 1940 non
2141 1907 2230 1941 Pro-

1242 1956 1361 2002 phetas
1388 1958 1499 1995 solos,
1527 1958 1586 1990 sed
1612 1957 1722 1990 filium
1740 1969 1843 1991 suum
1860 1959 1966 1992 misit.
2019 1957 2103 1992 Tibi
2123 1959 2230 2001 igitur

1240 2009 1463 2052 otrinipoteus
1494 2007 1607 2049 Deus,
1645 2016 1784 2043 aeterne
1815 2018 1916 2055 pater
1940 2008 2084 2043 Domini
2117 2009 2231 2044 nostri

1244 2060 1318 2093 lesu
1344 2057 1495 2099 Christi,
1529 2060 1692 2093 conditor
1721 2061 1882 2093 omnium
1912 2073 2050 2101 rerum,
2082 2069 2115 2095 et
2145 2074 2231 2095 con-

1241 2118 1397 2144 servator
1427 2123 1505 2143 cum
1538 2111 1609 2143 filio
1637 2118 1696 2144 tuo
1720 2119 1904 2145 coaeterno
1928 2110 2082 2145 Domino
2110 2120 2230 2146 nostro

1244 2163 1317 2195 lesu
1329 2160 1489 2199 Clu-isto,
1511 2169 1541 2194 et
1553 2161 1688 2205 Spiritu
1704 2170 1823 2196 sancto
1839 2170 1918 2202 tun,
1946 2163 2071 2205 gratias
2086 2163 2233 2207 agimus,

1242 2214 1337 2258 qnod
1353 2212 1463 2245 silium
1483 2219 1579 2245 tuum
1599 2212 1792 2246 Dominum
1817 2220 1976 2247 nostrum
1997 2212 2108 2248 lesum
2126 2211 2232 2248 Chri-

1242 2272 1332 2297 stum
1355 2265 1396 2296 ad
1425 2275 1487 2296 nos
1511 2264 1655 2301 misisti,
1684 2277 1721 2297 ac
1747 2277 1809 2308 pro
1836 2264 1937 2297 uoltis
1962 2265 2139 2298 victimam
2156 2265 2231 2299 fieri

1244 2315 1406 2352 wluisti,
1439 2327 1588 2360 eumque
1614 2312 1767 2359 ¹uem'ny
1795 2313 1854 2349 καῖ
1885 2314 2007 2359 ἱκέτην
2037 2328 2098 2359 pro
2129 2317 2231 2350 nolvis

1243 2365 1473 2401 constituisti.
1511 2368 1676 2410 quodque
1702 2363 1766 2399 ltoc
1794 2366 1946 2399 miraluili
1974 2368 2112 2400 foedere
2140 2367 2232 2400 ‹tivi-

1244 2430 1307 2450 nae
1325 2424 1355 2449 et
1376 2414 1550 2450 humanae
1569 2426 1730 2453 naturae.
1758 2429 1837 2450 cum
1856 2417 1947 2451 filius
1960 2418 2147 2461 assumpsit
2165 2415 2232 2451 liu—

1244 2480 1380 2500 manatu
1415 2475 1591 2505 naturam.
1634 2468 1815 2501 declarasti
1851 2468 2026 2512 ingentem
2058 2481 2136 2512 erga
2168 2481 2231 2502 nos

1591 2518 1713 2564 Teque
1737 2527 1878 2563 propter
1903 2517 1996 2552 lmnc
2018 2519 2127 2552 filium
2153 2532 2231 2553 ora-

1215 2599 1217 2606 ,
1246 2583 1320 2602 mus
1334 2597 1342 2609 ,
1371 2576 1407 2603 ut
1429 2583 1490 2602 uns
1508 2570 1648 2603 erudias
1664 2577 1694 2603 et
1716 2583 1811 2613 regas
1827 2570 1963 2615 Spiritu
1979 2578 2098 2603 sancto
2118 2578 2187 2603 tuo.

1347 2643 1417 2677 [uu
1443 2646 1549 2687 igitur
1571 2646 1612 2678 atl
1632 2644 1761 2678 Psalmi
1786 2646 1888 2678 verba
1913 2646 2026 2680 redeo,
2082 2645 2233 2680 Oscula-

1248 2696 1332 2729 mini
1350 2696 1459 2729 tilium
1472 2724 1479 2734 ,
1505 2696 1632 2742 inquit.
1675 2696 1809 2730 Multae
1824 2703 1905 2729 sunt
1921 2697 2009 2730 aliae
2027 2698 2232 2743 descriptio-
