2338 2958
203 149 277 188 655

205 236 310 270 terias
345 229 589 277 explicandas,
628 231 668 259 ut
697 222 803 258 catuli
831 222 1056 267 panniculos:
1100 221 1186 255 libet

208 286 302 321 enim
324 284 376 317 uti
394 279 550 315 Platonis
574 274 817 310 similitudine.
873 272 964 306 Vere
990 284 1064 305 eam
1086 270 1186 305 Plato

208 335 372 370 laudibus
395 331 512 369 effert,
538 327 721 372 inquiens,
750 324 942 367 igniculum
969 334 1058 362 esse,
1084 334 1187 367 quem

209 380 439 420 Prometheus
457 392 474 413 e
490 378 586 412 coelo
605 375 775 413 attulerit,
803 381 842 408 ut
865 375 901 407 in
923 374 1100 406 mentibus
1123 370 1189 406 ho-

211 437 347 469 minum
375 432 494 464 lumen
519 428 722 462 accenderet
746 426 789 459 ad
823 430 914 458 recte
951 423 1189 457 iudicandum.

209 485 276 519 Sed
295 482 378 515 artis
395 485 576 524 praecepta
598 488 771 522 nusquam
793 475 912 510 tradit.
970 473 1097 508 Carere
1125 473 1191 515 igi-

210 542 267 568 tur
278 531 477 566 Aristotelis
496 527 736 563 monumentis
751 538 821 559 non
839 536 1036 569 possumus.
1075 523 1191 557 Stoica

211 596 284 616 non
309 588 444 619 extant,
482 587 514 613 ct
539 580 682 622 adparet
710 577 889 609 intricatos
911 571 1132 620 labyrinthos
1160 579 1193 605 et

212 632 426 676 corruptelas
442 631 526 663 artis
542 630 664 668 fuisse,
692 640 764 659 non
789 626 979 669 simplicem
998 623 1192 657 disserendi

211 685 322 723 viam,
348 682 471 716 utilem
493 678 714 723 explicationi
734 687 938 718 magnarum
958 687 1085 707 rerum.
1124 672 1194 705 Ve-

213 735 273 768 nio
290 734 332 766 ad
344 730 502 769 thsiea.
530 729 624 761 Ilaec
641 728 702 760 etsi
721 724 863 759 inchoat
882 725 917 757 in
928 724 1073 757 Timaeo
1085 723 1195 762 Plato,

211 792 328 819 tamen
353 771 407 815 ita·
427 779 576 813 involvit
602 777 756 811 numeris
780 783 812 809 et
843 775 1116 818 aenigmatibus,
1158 779 1197 805 ut

214 833 398 868 vaticinari
418 831 553 875 potius,
581 840 684 873 quam
703 828 826 859 docere
843 825 1014 859 videatur.
1057 823 1196 857 Aristo-

215 885 299 919 teles
319 882 501 916 artificiose
523 878 664 912 deducit
689 888 752 910 nos
775 878 816 909 ad
840 876 1076 919 aspiciendam
1095 881 1198 907 natu-

216 947 290 969 ram
315 939 408 966 certo
433 930 573 968 ordine,
607 929 720 972 prima
745 937 884 960 sumens
903 926 1043 959 exordia
1063 937 1102 958 ex
1118 935 1198 967 geo-

215 983 370 1018 metricis
386 979 744 1014 demonstrationibus
756 1005 764 1018 ,
786 989 873 1022 quae
886 977 1078 1010 ostendunt
1096 986 1200 1007 mun-

219 1037 303 1069 dum
328 1033 466 1065 finitum
493 1042 574 1063 esse.
634 1028 709 1062 Hac
732 1025 917 1073 hypothesi
943 1027 1129 1060 constituta
1146 1031 1201 1057 to-

219 1093 289 1119 tam
307 1095 424 1117 rerum
445 1081 573 1114 molem
590 1080 750 1123 partitur.
803 1077 964 1110 Tandem
991 1075 1146 1110 hominis
1170 1080 1202 1107 et

221 1134 427 1169 animalium
446 1131 697 1174 descriptiones
715 1129 828 1162 addit:
857 1135 889 1162 et
906 1135 944 1161 ut
961 1125 1098 1160 homini
1122 1137 1202 1169 pro-

221 1186 314 1230 prias
334 1183 486 1217 actiones
505 1181 688 1217 attribuat,
717 1179 837 1212 adiicit
847 1176 992 1218 Ethica,
1019 1178 1056 1210 in
1076 1177 1204 1221 quibus

222 1237 394 1269 virtutum
429 1243 548 1264 causas
582 1237 614 1263 et
647 1230 807 1262 ordinem
838 1229 874 1260 in
906 1235 1030 1261 natura
1059 1226 1204 1270 quaerit.

223 1287 294 1320 Nec
314 1296 377 1326 ego
402 1293 489 1324 nego
515 1280 664 1324 plurima
692 1280 781 1323 apud
803 1278 984 1312 Platonem
1004 1275 1127 1310 Ethica
1150 1288 1206 1308 rc-

225 1335 331 1380 periri
351 1331 603 1376 sapientissime
619 1330 778 1373 cogitata.
838 1328 907 1362 Sed
927 1338 1103 1361 sermones
1127 1333 1208 1359 sunt

225 1384 381 1427 ambigui
396 1382 499 1415 multi
518 1381 665 1414 diversis
680 1380 764 1413 locis
781 1380 909 1423 sparsi,
937 1379 1080 1423 quidam
1106 1377 1206 1410 etiam

227 1438 265 1470 in
283 1435 430 1479 speciem
446 1431 602 1466 absurdi.
643 1430 794 1463 Minime
809 1442 891 1462 vero
908 1429 1105 1472 exemplum
1124 1427 1210 1460 utile

228 1494 277 1520 est
296 1487 331 1518 in
342 1483 507 1520 Ecclesia,
534 1481 753 1515 adsuefacere
769 1480 908 1523 ingenia
923 1480 966 1512 ad
983 1477 1074 1512 hanc
1089 1478 1211 1520 dispu—

230 1537 330 1571 tandi
348 1534 543 1573 licentiam,
569 1539 608 1565 ut
622 1532 771 1564 absurda
789 1531 1033 1569 defendantur,
1060 1535 1098 1561 ut
1116 1528 1212 1560 labe-

231 1589 405 1620 factentur
421 1590 530 1623 certa,
555 1589 595 1615 ut
613 1581 784 1624 ambiguis
803 1581 1031 1624 opinionibus
1052 1585 1212 1611 serantur
1236 1588 1239 1596 ⁴

232 1635 432 1671 certamina.
487 1632 712 1666 Academiam
739 1631 845 1673 igitur
871 1627 1078 1674 Pyrrhoniis
1102 1628 1213 1660 relin-

233 1697 399 1733 quamus,
434 1695 472 1716 ac
495 1681 744 1724 simpliciorem
762 1677 1022 1723 Philosophiam
1049 1689 1215 1716 amemus,

234 1749 322 1783 quae
341 1747 412 1768 non
430 1733 520 1766 ludit
538 1731 678 1775 proprie
705 1742 744 1763 ae
761 1731 888 1763 diserte
906 1730 1000 1774 quod
1017 1729 1092 1762 vult
1111 1740 1215 1770 expo-

235 1788 306 1826 nit,
332 1799 370 1819 ac
387 1781 548 1828 scapham
566 1782 649 1813 dicit
665 1778 838 1823 scapham.
897 1778 973 1813 Etsi
997 1787 1112 1812 autem
1137 1777 1214 1822 qui—

237 1840 317 1872 dam
336 1833 615 1879 perspicuitatem
643 1831 679 1863 in
701 1829 889 1864 Aristotele
912 1830 1128 1868 desiderant,
1164 1835 1216 1861 ta-

241 1899 319 1920 incn
337 1886 418 1930 quia
437 1883 561 1916 ordine.
577 1882 752 1925 disputat,
786 1887 818 1914 ct
841 1880 1034 1925 plerunque
1059 1890 1217 1923 pronun-

239 1939 306 1971 ciat
324 1936 408 1981 quid
424 1934 566 1973 sentiat,
594 1939 627 1965 et
643 1943 801 1965 sermone
824 1931 935 1964 utitur
959 1942 1046 1974 puro
1075 1942 1112 1961 ac
1139 1940 1218 1972 pro-

240 1989 328 2033 prio,
354 1997 508 2019 summae
528 1994 643 2015 rerum
662 1982 705 2015 ab
721 1981 763 2013 iis
777 1981 836 2026 qui
855 1993 924 2013 non
943 1987 1024 2013 sunt
1038 1980 1218 2013 literarum

241 2039 365 2073 rudes.
407 2041 497 2068 certe
523 2032 668 2073 intelligi
696 2039 850 2076 possunt.
919 2030 1006 2063 Nam
1031 2031 1125 2075 qnod
1150 2029 1220 2071 ipse

240 2087 396 2131 scripsit,
424 2085 532 2118 editas
551 2090 583 2116 ct
600 2095 671 2115 non
687 2083 795 2115 editas
813 2093 884 2114 csse
907 2093 985 2114 suas
1010 2080 1220 2125 disputatiu-

242 2150 321 2177 nes,
350 2138 383 2169 id
405 2148 475 2168 non
494 2147 533 2167 eo
552 2133 660 2171 dixit,
689 2133 781 2177 qnod
801 2132 922 2164 volens
937 2131 1124 2165 sententias
1145 2140 1222 2162 suas

245 2187 452 2221 involverit:
489 2185 545 2217 sed
572 2185 664 2227 quod
685 2183 772 2216 vidit
789 2183 918 2215 multos
937 2183 1069 2215 irruere
1087 2181 1121 2213 in
1139 2177 1223 2213 Phi-

246 2235 440 2280 losophiam
469 2235 575 2267 illotis
601 2234 779 2272 manibus,
819 2240 856 2266 nt
882 2233 1028 2271 dicitnr,
1070 2229 1135 2264 hoc
1164 2237 1224 2266 est,

248 2289 336 2322 male
369 2292 607 2331 praeparatos,
649 2285 706 2327 qui
739 2285 813 2316 sine
839 2283 966 2316 iudicio
990 2281 1072 2316 haec
1103 2280 1222 2314 lecturi

249 2345 356 2371 erant.
402 2337 526 2369 Graeci
543 2335 660 2367 ‹licnnt
674 2362 682 2373 ,
704 2333 925 2367 Aristotelem
941 2335 1148 2366 scribentem
1168 2343 1223 2364 so-

251 2390 350 2422 litum
375 2394 489 2419 niente
515 2387 686 2418 calamum
714 2385 862 2425 tingere,
903 2382 967 2418 τὸν
990 2381 1157 2427 κάλαμοι·
1180 2382 1226 2418 εἷς

253 2441 342 2473 γοῦν
360 2435 594 2481 ‹inustor-Amr.
624 2436 655 2467 id
676 2441 746 2475 est,
776 2435 950 2477 sapienter
967 2435 1130 2475 cogitatas
1147 2444 1225 2465 sen-

253 2489 397 2522 tentias.
425 2495 452 2519 et
475 2487 638 2527 sagaciter
655 2498 691 2518 vx
713 2485 795 2528 ipsis
814 2491 957 2518 naturae
977 2485 1132 2517 sontibus
1149 2495 1227 2515 eru—

253 2547 303 2573 tas
322 2539 492 2582 proferre,
528 2544 560 2568 ut
588 2543 666 2568 sunt
694 2535 955 2568 venustissimae
977 2533 1229 2578 disputationes

253 2591 342 2633 apud
364 2601 442 2620 eum
462 2589 502 2618 de
519 2598 698 2618 cansarum
717 2587 859 2624 ordine,
887 2598 964 2618 cum
984 2587 1105 2629 prohat
1125 2596 1228 2627 opor-

255 2648 325 2673 tere,
345 2639 379 2672 in
397 2651 464 2671 una
485 2637 612 2681 prima,
640 2637 736 2668 cuins
755 2636 842 2669 vires
858 2637 927 2669 sint
949 2637 1156 2673 inuncnsae,
1178 2646 1230 2667 re—

254 2698 340 2724 sisti.

861 135 1019 173 DECL.
1059 133 1132 171 DE
1170 132 1556 171 ARISTOTELE.

1238 1669 1239 1672 η
1267 1644 1328 1677 ciis
1354 1644 1391 1675 in
1420 1641 1482 1675 hac
1509 1650 1627 1675 nostra
1651 1655 1746 1682 area,

2142 135 2215 172 656

1340 219 1436 262 Quid
1453 219 1590 252 dulcius
1609 217 1678 251 dici
1695 220 1826 263 potuit,
1849 233 1952 267 quam
1973 221 2120 256 virtutes
2145 232 2216 254 esse

1239 270 1518 304 mediocritates?
1551 269 1646 313 quod
1661 280 1701 301 eo
1721 269 1890 312 inculcat,
1923 279 1963 306 ut
1983 279 2123 306 moneat
2147 271 2217 304 fre-

1240 322 1376 354 nandos
1403 327 1436 353 et
1462 320 1698 352 moderandos
1724 331 1796 352 esse
1823 322 1983 355 ardentes
2017 323 2217 355 animorum

1242 373 1401 415 impetus.
1454 369 1571 412 Quam
1588 369 1745 403 eruditae
1766 369 2006 405 distinctiones
2021 379 2102 406 sunt
2118 371 2219 405 iusti—

1242 423 1335 462 ciae,
1367 427 1399 454 et
1421 420 1669 465 aequalitatum
1694 418 1934 454 Geometricae
1956 428 1990 455 et
2010 420 2220 456 Arithmeti-

1243 484 1320 510 cae,
1354 471 1446 509 doli,
1487 470 1630 513 culpae,
1673 470 1801 503 summi
1835 471 1922 503 iuris
1959 477 1992 504 et
2026 469 2222 510 ἐπιεικείας.

1245 524 1406 566 Cumque
1428 533 1491 554 nos
1512 522 1554 554 de
1571 520 1644 553 Deo
1669 521 1880 554 admoneant
1904 521 2072 554 virtutum
2097 522 2221 555 defini-

1245 575 1375 612 tiones,
1416 584 1519 616 quam
1543 577 1678 618 gratum
1704 577 1752 603 est
1780 570 1946 614 intelligi,
1987 571 2154 605 iustitiam
2179 573 2223 616 ‘in

1245 623 1319 656 Deo
1336 623 1579 666 aequalitatem
1598 632 1683 653 esse:
1709 621 1858 665 ideoque
1875 633 1954 655 vere
1972 633 2064 661 eum,
2084 629 2124 655 ut
2133 621 2224 655 Pau-

1246 673 1300 706 lns
1320 673 1453 717 inquit,
1488 672 1576 704 velle
1595 682 1715 703 omnes
1734 668 1895 704 homines
1910 672 2024 705 salvos
2038 671 2130 710 fieri,
2164 683 2226 715 pa-

1246 723 1332 756 riter
1348 723 1460 755 odisse
1478 723 1604 755 scelera
1617 748 1625 761 ,
1660 721 1788 765 pariter
1811 722 1964 766 recipere
1989 721 2227 765 confugientes

1249 774 1289 806 ad
1319 773 1545 806 constitutum
1568 772 1823 805 Mediatorcm'?
1882 772 1998 815 Quam
2019 772 2124 805 utiles
2146 779 2228 805 sunt

1249 823 1378 856 virium
1394 823 1531 855 animae
1547 822 1823 861 distributiones,
1849 835 1952 868 quam
1971 822 2127 856 eruditae
2141 829 2229 856 tem-

1251 879 1533 917 peramentorum
1555 884 1592 904 ac
1617 869 1803 905 humorum
1829 873 2103 917 descriptiones?
2156 871 2230 906 llos

1252 925 1345 957 locos
1367 923 1394 955 si
1412 923 1489 967 quis
1507 923 1650 966 propius
1667 922 1807 966 aspiciet
1825 923 1861 956 iu
1877 922 2085 963 Aristotele,
2121 935 2230 966 agno-

1252 981 1321 1008 scet
1339 986 1410 1006 non
1430 973 1503 1006 sine
1524 984 1624 1005 causa
1649 973 1781 1005 dictum
1805 985 1893 1014 esse,
1925 975 2096 1007 calamum
2119 975 2162 1007 ab
2189 985 2230 1006 eo

1253 1031 1368 1058 mente
1385 1024 1533 1057 tinctum
1551 1035 1636 1056 esse:
1671 1024 1730 1055 sed
1749 1023 1859 1057 lector
1877 1024 1982 1058 etiam
2000 1031 2151 1058 mentem
2169 1024 2232 1057 ad-

1253 1076 1358 1115 ferat,
1384 1081 1417 1108 et
1434 1074 1568 1118 aliquid
1588 1074 1780 1107 literarum.

1356 1141 1424 1175 Sed
1449 1141 1539 1174 dicet
1562 1140 1704 1185 aliquis:
1750 1139 1845 1182 Quid
1864 1138 2023 1187 Physicis
2047 1147 2080 1174 et
2098 1138 2234 1174 Ethicis

1256 1203 1345 1236 opus
1368 1198 1419 1225 est
1445 1189 1645 1224 Ecclesiae?
1697 1189 1791 1223 Haec
1812 1191 2040 1234 interrogatio
2066 1203 2146 1225 vere
2173 1199 2235 1229 est,

1257 1251 1296 1276 ut
1320 1242 1406 1274 olim
1430 1242 1629 1280 dicebatur,
1659 1240 1816 1274 σκυθιῦν
1839 1242 1949 1285 ῥῆσις.
2002 1241 2091 1275 Cum
2115 1240 2236 1275 Eccle-

1260 1293 1345 1325 siam
1366 1291 1430 1324 Dei
1447 1292 1564 1324 deceat
1580 1298 1612 1325 et
1630 1291 1760 1334 optime
1779 1298 1948 1324 moratam
1974 1303 2067 1331 esse,
2101 1299 2135 1325 et
2158 1292 2237 1335 pul-

1259 1341 1431 1376 cherrime
1450 1341 1658 1374 instructum
1677 1341 1786 1373 literis
1809 1353 1847 1375 ac
1872 1342 2024 1382 artibus,
2056 1354 2141 1386 quas
2165 1342 2239 1386 ipsa

1261 1405 1341 1425 vere
1358 1392 1522 1434 intelligit
1538 1403 1609 1424 esse
1623 1390 1689 1424 Dei
1705 1392 1815 1429 dona,
1844 1398 1986 1436 propter
2003 1392 2153 1435 ingentis
2168 1391 2241 1425 uti-

1263 1444 1378 1476 litates
1405 1443 1571 1476 attributa
1596 1441 1715 1484 generi
1739 1438 1914 1481 humano,
1956 1443 2069 1486 qualis
2093 1442 2241 1476 stultitia

1263 1500 1312 1527 est
1328 1505 1494 1538 quaerere
1522 1493 1605 1537 quid
1630 1492 1733 1525 nohis
1752 1503 1840 1536 opus
1864 1493 1908 1526 sit
1932 1494 2091 1527 doctrina
2117 1494 2160 1526 de
2185 1505 2242 1526 re-

1264 1557 1341 1577 rum
1362 1551 1503 1582 natura,
1531 1544 1573 1576 de
1597 1542 1773 1581 numeris,
1807 1544 1849 1575 de
1872 1544 2065 1584 mensuris,
2098 1545 2142 1577 de
2164 1555 2242 1577 coe-

1265 1595 1411 1627 lestibus
1428 1594 1598 1633 motibus,
1625 1594 1668 1625 de
1686 1593 1868 1636 regionum
1887 1594 2080 1627 intervallis
2103 1606 2140 1628 ac
2165 1605 2243 1638 spa-

1789 1643 1949 1677 videlicet
1981 1644 2016 1676 in
2045 1651 2114 1678 tota
2141 1651 2246 1684 terra.

1267 1706 1370 1738 quam
1396 1691 1490 1726 Deus
1513 1690 1668 1725 hnmano
1693 1693 1810 1735 generi
1833 1693 2012 1727 colendam
2045 1695 2160 1734 dedit,
2203 1697 2246 1727 de

1268 1742 1423 1776 hominis
1441 1743 1597 1786 partibus
1616 1749 1649 1776 ct
1667 1754 1786 1775 earum
1805 1743 2064 1782 functionibus,
2089 1746 2132 1777 de
2150 1757 2245 1778 mor-

1269 1795 1394 1826 borum
1412 1793 1523 1826 causis
1541 1800 1573 1825 et
1598 1793 1781 1831 remediis,
1813 1794 1856 1826 dc
1879 1794 2077 1837 plantarum
2101 1796 2246 1831 viribus.

1270 1845 1312 1876 de
1331 1844 1444 1886 legum
1461 1850 1493 1876 et
1514 1844 1672 1876 civilium
1694 1843 1889 1877 officiorum
1915 1845 2091 1884 sontibus,
2123 1846 2165 1879 de
2192 1843 2248 1878 hi-

1271 1895 1375 1927 storia
1405 1894 1564 1926 omnium
1592 1894 1814 1938 temporum?

1866 1894 2042 1928 Utilitates
2066 1903 2250 1930 versantur

1271 1947 1317 1977 ob
1336 1944 1466 1978 oculos.

1518 1942 1616 1977 Esset
1635 1944 1727 1976 enim
1744 1945 1904 1977 confusio
1920 1945 2055 1978 infinita
2077 1944 2250 1980 humanae

1273 1995 1383 2035 vitae,
1410 1995 1437 2026 si
1457 2001 1569 2027 certae
1585 1995 1669 2027 anni
1695 2001 1806 2027 metae
1833 1996 2070 2032 nescirentur,
2103 2005 2133 2030 ct
2162 2005 2251 2030 tem-

1273 2057 1397 2088 porum
1415 2044 1521 2078 series
1539 2045 1655 2087 ignota
1672 2052 1770 2078 essct.
1801 2045 1978 2087 Singulari
1996 2047 2142 2079 consilio
2159 2046 2252 2082 Dens

1275 2096 1389 2129 statim
1409 2108 1426 2128 a
1449 2095 1570 2129 mundi
1591 2095 1733 2128 exordio
1758 2107 1830 2127 eam
1855 2097 2015 2129 annotari
2042 2097 2169 2135 voluit.
2213 2106 2253 2133 ut

1276 2153 1368 2179 retro
1387 2146 1498 2188 legere
1519 2145 1618 2178 initia
1637 2146 1827 2189 possimus.
1854 2153 1886 2179 et
1902 2147 2100 2181 testimonia
2118 2161 2155 2181 ac
2171 2161 2253 2193 pro-

1277 2197 1494 2241 pagationem
1513 2196 1722 2239 religionum
1740 2203 1770 2228 ct
1790 2196 1917 2229 artium
1938 2198 2168 2235 considerare.

1378 2262 1509 2296 Terrae
1528 2263 1804 2305 magnitudinem
1829 2270 1858 2295 et
1885 2265 2065 2307 regionum
2089 2266 2175 2300 situs
2194 2279 2255 2299 ne-

1278 2314 1384 2353 scire,
1413 2321 1459 2346 est
1478 2325 1573 2346 suam
1593 2315 1736 2345 domum
1757 2314 1927 2355 ignorare.
1970 2315 2056 2348 Nam
2073 2316 2100 2349 si
2121 2316 2257 2352 infinita

1280 2365 1388 2398 moles
1407 2364 1635 2406 cogitaretur,
1661 2364 1688 2395 si
1709 2365 1856 2397 nescires
1873 2365 1932 2397 nbi
1951 2363 2161 2410 Prophetae,
2193 2368 2255 2401 ubi

1278 2413 1440 2448 Christus
1455 2415 1680 2448 concionatus
1695 2415 1748 2453 sit,
1771 2424 1920 2460 quantae
1934 2424 2045 2451 essent
2060 2418 2257 2451 animorum

1281 2466 1468 2499 tenebrae?

1386 2532 1509 2565 Nostra
1528 2532 1703 2565 invocatio
1722 2545 1812 2571 non,
1846 2539 1884 2566 ut
1910 2533 2084 2575 gentium.
2116 2542 2260 2577 vagatur

1285 2584 1402 2625 ignara
1420 2595 1521 2627 quem
1536 2581 1647 2615 Deum
1666 2583 1874 2627 alloquatur.
1917 2582 2086 2616 immensa
2105 2585 2260 2620 bonitate

1286 2634 1444 2676 patefecit
1469 2644 1503 2666 se.
1522 2631 1616 2666 Dens
1640 2634 1740 2667 certis
1764 2633 1979 2677 temporibus
2000 2641 2031 2668 et
2049 2635 2149 2669 certis
2167 2636 2261 2676 locis.

1287 2692 1319 2718 ct
1354 2683 1536 2729 proposuit
1571 2683 1764 2717 doctrinam
1798 2694 1895 2716 suam
1931 2684 2033 2719 editis
2066 2685 2260 2722 illustribus
