2338 2958
169 133 245 171 739

169 217 426 263 Prophetarum
445 223 477 250 et
496 212 746 259 Apostolorum
759 239 767 253 ,
797 218 829 245 et
846 210 1047 245 universam
1065 209 1158 243 anti-

171 271 339 317 quitatem
356 267 530 302 Ecclesiae
546 263 727 308 coguovit,
753 263 904 297 contulit
924 261 1084 295 omniurn
1101 272 1158 293 ae-

171 328 284 356 tatum
307 317 514 356 certamina,
549 323 587 348 ut
612 314 751 359 piorum
778 313 904 346 iudicia
929 313 971 345 de
996 311 1159 344 maximis

173 373 278 406 rebus
304 376 335 402 et
357 373 489 402 teneret
516 373 549 399 et
569 371 783 410 sequeretur.
840 362 1014 397 Adiunxit
1037 368 1071 395 et
1089 362 1160 394 lin-

173 434 258 467 guae
281 419 452 454 Ebraicae
481 416 653 450 studium:
687 427 792 461 quam
818 421 857 448 ut
887 420 979 447 recte
1002 413 1161 453 disceret,

172 477 413 518 praeceptores
431 467 679 501 disertissimos
705 466 742 498 in
765 478 803 499 ea
827 465 949 508 lingua
973 463 1162 509 quaesivit,

173 530 205 556 et
224 521 304 566 quia
322 519 436 553 affinis
455 526 504 552 est
520 517 661 563 Syriaca
673 544 682 557 ,
710 513 800 549 hanc
818 516 921 549 etiam
937 522 1021 549 tunc
1037 526 1162 547 verna-

174 573 288 606 culam
307 570 429 616 Syriae
455 569 545 602 inter
569 566 723 612 hospites
747 567 882 600 didicit.
942 565 1017 599 Hac
1041 564 1163 597 multi-

173 623 256 668 plici
275 621 475 655 eruditione
501 619 708 656 instructus,
737 617 887 651 instituit
906 628 993 660 opus
1016 614 1162 649 utilissi-

173 685 289 714 mum,
315 672 478 705 videlicet
497 667 753 713 Prophetarum
775 680 814 701 ex
833 668 990 701 fontibus
1014 666 1164 699 transla—

173 725 308 758 tionem
334 723 369 755 in
397 722 552 764 linguam
570 720 752 759 Latinam,
780 718 841 763 qni
861 725 900 752 ut
923 723 1013 750 recte
1033 716 1165 749 intelli-

175 782 313 820 gantur,
339 779 452 806 servat
469 770 563 805 Deus
579 770 615 803 in
631 768 785 803 Ecclesia
802 771 935 802 donum
952 768 1166 810 linguarum,

175 834 208 860 et
225 832 263 859 ut
280 832 363 859 tunc
380 825 541 857 ederetur
558 833 648 855 nova
664 820 916 864 interpretatio,
934 818 1028 851 Deus
1044 831 1164 851 accen-

175 877 227 911 dit
244 874 455 920 Hieronymi
474 879 609 917 pectus,
637 879 670 905 et
692 871 807 905 studio
824 870 1011 903 discendae
1026 869 1166 912 linguae

174 929 326 971 flagrans
350 925 498 959 adiuvit.
559 923 598 957 Si
620 922 698 968 quis
721 928 837 955 autem
862 927 964 965 negat
991 920 1166 964 praeclare

174 978 340 1012 meritum
363 988 435 1010 esse
455 976 497 1008 de
515 972 670 1007 Ecclesia
696 970 762 1006 hoc
787 972 925 1015 labore,
954 983 1028 1004 non
1051 971 1166 1003 solum

175 1030 351 1072 ingratu8‚
386 1027 445 1060 sed
470 1025 574 1059 etiam
599 1035 741 1068 prorsus
765 1023 928 1056 indoctus
955 1028 1016 1057 est.
1076 1020 1166 1054 Nam

176 1087 278 1113 antea
296 1085 434 1113 tantum
460 1076 623 1110 extabant
642 1072 838 1118 Prophetae
862 1086 901 1106 ex
921 1071 1058 1106 Graeco
1083 1083 1167 1104 con-

175 1129 279 1163 versi.
307 1128 441 1163 Graeca
457 1134 571 1161 autem
590 1124 832 1169 interpretatio
848 1124 1040 1157 admodum
1056 1122 1168 1165 negli-

176 1187 297 1225 genter
322 1180 410 1213 facta
432 1184 492 1211 est.
554 1174 600 1209 Et
623 1188 701 1209 cum
729 1186 865 1218 semper
889 1175 1075 1216 degeneret
1101 1171 1167 1205 ali-

177 1231 388 1278 quantulum
403 1228 506 1262 etiam
526 1227 632 1260 foelix
650 1225 844 1265 translatio,
860 1224 986 1257 Latina
1003 1235 1043 1256 ex
1055 1222 1168 1256 Grae-

176 1283 225 1316 cis
241 1281 413 1316 transfusa
429 1278 602 1312 deteriora
619 1283 728 1317 erant,
744 1282 782 1309 ut
798 1286 850 1308 res
868 1273 1034 1309 ostendit.
1071 1272 1170 1306 Mul-

177 1340 252 1366 tum
268 1331 376 1375 igitur
387 1329 505 1363 Latini
524 1329 660 1361 codices
675 1327 719 1361 ab
730 1325 901 1359 Hebraeis
912 1325 1169 1368 discrepabant,

177 1383 272 1428 quod
292 1394 370 1415 cum
395 1381 440 1413 ita
466 1386 571 1419 esset,
607 1377 691 1411 boni
717 1384 748 1411 et
774 1376 868 1410 docti
892 1387 1014 1409 omnes
1031 1380 1171 1419 expete-

176 1435 262 1468 bant
283 1431 606 1475 interpretationem
628 1428 827 1473 propiorem
847 1427 1021 1466 fontibus‚
1048 1438 1116 1471 qua
1134 1425 1169 1457 iu

178 1497 215 1518 re
239 1496 318 1518 cum
335 1481 545 1527 Hieronymi
570 1481 670 1513 labor
694 1477 868 1523 profuerit
886 1475 1080 1517 Ecclesiae,
1104 1473 1171 1508 hoc

178 1536 252 1569 eius
271 1533 480 1569 beneficium
500 1531 648 1566 candide
666 1537 698 1564 et
716 1537 814 1572 grato
836 1535 973 1573 pectore
997 1528 1172 1561 celebrare

178 1599 244 1620 nos
267 1587 374 1619 decet.
426 1583 506 1617 Non
531 1590 582 1616 est
605 1581 698 1615 enim
717 1580 892 1613 inerudita
916 1578 1170 1622 interpretatio,

179 1649 243 1671 nec
266 1635 429 1674 infoelix,
461 1632 597 1667 etiamsi
631 1632 809 1665 interdum
845 1629 989 1674 aliquod
1019 1625 1172 1673 U‘s‘stssm

180 1686 348 1721 occurrit:
378 1685 459 1730 quia
471 1685 527 1717 vix
541 1694 699 1727 unquam
714 1681 818 1724 longa
838 1680 950 1712 oratio
970 1679 1006 1711 in
1023 1679 1172 1711 alienam

180 1739 338 1781 linguam
360 1737 406 1769 ita
429 1733 706 1770 transfunditur,
740 1738 780 1765 ut
803 1728 892 1763 nihil
918 1731 961 1763 ab
986 1727 1173 1774 archetypo

183 1790 366 1832 discrepet.
402 1784 446 1819 Et
464 1785 629 1829 inprimis
647 1783 790 1816 difficile
813 1787 863 1814 est
880 1781 1082 1814 Hebraeum
1102 1790 1175 1811 ser—

183 1851 337 1878 monem,
362 1837 422 1882 qui
441 1843 470 1869 et
488 1835 631 1869 brevior
646 1840 709 1874 est,
736 1839 769 1866 et
787 1829 932 1877 phrasin
950 1828 1055 1864 habet
1074 1829 1176 1863 valde

185 1891 338 1924 alienam
357 1900 374 1921 a
388 1887 513 1921 Latina
530 1883 797 1924 consuetudine,
824 1882 861 1915 in
879 1881 1045 1916 Latinum
1062 1886 1176 1914 trans-

186 1943 288 1975 ferre.
340 1938 459 1982 Quare
495 1937 602 1980 magis
630 1934 832 1968 mirandum
860 1940 928 1973 est,
970 1932 1176 1965 uuiversum

187 2002 312 2035 corpus
337 1991 382 2023 ita
408 1988 510 2022 bonis
528 1987 644 2020 verbis
662 1985 860 2024 redditum,
887 1991 919 2018 et
939 1990 1030 2016 recte
1048 1982 1175 2015 distin-

188 2051 281 2076 ctum
309 2053 399 2078 esse,
428 2052 531 2085 quain
559 2038 651 2083 qnod
680 2036 856 2068 interdum
880 2033 1064 2067 deerravit.
1122 2031 1179 2065 ln-

190 2094 308 2135 telligo
325 2100 356 2125 et
383 2089 448 2124 hor
473 2088 640 2122 affirmari
659 2100 677 2120 a
698 2086 829 2126 doctis,
852 2097 925 2118 nou
945 2085 1057 2117 solum
1078 2083 1181 2116 nohis

191 2141 384 2187 Prophetas
427 2142 618 2173 illustratos
657 2150 750 2177 esse,
793 2137 851 2170 sed
894 2136 998 2168 etiam
1042 2135 1181 2177 linguae

191 2193 348 2228 Ebraeae
371 2193 586 2226 intellectum
603 2187 668 2223 hoc
694 2187 902 2232 Hieronymi
924 2186 1044 2220 labore
1065 2197 1182 2219 serva-

194 2255 266 2279 tum
289 2257 372 2279 esse.

300 2294 541 2336 Agnoscamus
577 2291 682 2332 igitur
718 2296 750 2323 et
783 2287 847 2322 Dei
884 2287 1114 2325 beneficium,
1150 2293 1183 2320 et

199 2347 306 2391 ipsius
326 2346 390 2377 xiri
411 2344 547 2385 vigilias
564 2350 595 2376 et
614 2340 874 2375 lucubrationes
899 2339 984 2381 grati
1006 2338 1182 2381 praedice-

199 2409 286 2431 mus.
349 2395 390 2428 Ut
417 2395 510 2427 enirn
541 2393 710 2435 Virgilius
737 2391 871 2436 inquit,
908 2389 1088 2422 difficilius
1113 2399 1184 2420 esse

198 2447 342 2482 Itu-cuti
361 2447 491 2478 clavam
517 2452 721 2489 extorquere
740 2455 759 2476 e
776 2442 957 2478 manilius,
986 2453 1090 2484 quam
1111 2438 1184 2471 llo-

199 2511 296 2533 mero
315 2509 469 2529 versum:
500 2496 542 2527 ita
562 2496 672 2528 multo
692 2494 806 2526 verius
823 2492 889 2526 dici
909 2498 1031 2536 potest,
1058 2490 1185 2523 diffici-

201 2552 268 2583 lius
299 2560 370 2582 esso
396 2545 538 2579 Herculi
570 2547 701 2577 clavam
733 2551 938 2588 extorquere
967 2554 985 2574 e
1011 2541 1186 2578 manibus,

201 2612 304 2645 quam
329 2597 472 2643 phrasin
493 2595 674 2629 litu-aimon
699 2596 732 2627 iu
752 2595 910 2628 Latinam
929 2593 1186 2628 transfundere.

202 2652 307 2685 Plura
343 2651 384 2683 de
421 2646 485 2680 hor
525 2646 730 2690 Hieronymi
767 2645 935 2678 beneficio
969 2643 1036 2676 dici
1076 2654 1185 2687 posse,

202 2714 323 2734 moues
340 2701 528 2745 prudentes
547 2698 685 2735 vident,
715 2697 770 2729 sed
789 2708 852 2739 ego
870 2696 936 2728 iam
956 2696 996 2729 ad
1015 2694 1080 2727 alia
1104 2706 1184 2738 pro-

773 124 932 161 DECL.
965 123 1041 160 DE
1074 122 1219 159 vtTA
1251 121 1614 160 HIERONYMI.

2124 126 2198 162 740

1209 223 1308 256 pero.
1360 209 1591 254 Diligentiam
1607 209 1674 243 viri
1690 211 1918 254 considerate,
1948 211 2000 245 vel
2020 211 2055 244 in
2074 208 2138 245 hac
2153 223 2203 252 re,

1211 274 1299 308 quae
1327 260 1468 295 videtur
1501 261 1706 296 leviuscula.
1765 260 2056 297 Nomenclaturas
2091 262 2202 296 edidit

1212 313 1370 346 locorum
1381 309 1626 352 Ebraieorum,
1645 322 1731 356 quas
1749 323 1821 345 non
1832 313 1991 347 distinxit
2007 312 2203 347 ntCosmo-

1213 361 1384 408 graphuS,
1411 364 1471 396 sed
1492 369 1531 396 ut
1547 363 1660 396 viator
1676 362 1749 406 ipse
1768 374 1828 407 per
1844 370 1951 397 totam
1968 363 2202 397 Palaestinam

1213 420 1376 458 vagatus,
1405 413 1590 447 intervalla
1613 413 1827 458 oppidorum
1852 415 1924 447 suis
1947 415 2106 458 passibus
2130 425 2203 446 me-

1215 466 1300 500 titus
1320 470 1382 498 est.

1318 514 1447 549 Narrat
1469 513 1576 557 igitur
1593 513 1698 554 situs,
1727 520 1760 547 et
1775 513 1942 547 discernit
1961 526 2108 547 numero
2125 525 2206 559 pas-

1215 578 1317 600 suum
1333 577 1352 599 a
1369 565 1455 598 locis
1473 565 1683 608 insignibus,
1701 571 1734 598 et
1750 561 2036 598 recitat'variatas
2052 565 2206 609 appella-

1216 618 1340 652 tiones.
1381 614 1476 649 Haec
1494 615 1676 658 diligentia
1692 623 1726 649 et
1744 615 1781 647 in
1801 615 1875 658 ipso
1894 615 2006 649 virtus
2024 615 2091 649 fuit
2109 626 2207 659 egre-

1217 668 1286 711 gia,
1313 674 1345 700 et
1362 666 1558 711 posteritati
1583 667 1734 711 prodest.
1787 664 1947 710 Cumque
1971 667 2061 699 fama
2086 666 2209 699 erudi-

1218 718 1325 753 tionis
1340 717 1448 761 ipsius
1466 717 1533 751 late
1549 728 1666 761 sparsa
1682 723 1742 757 est,
1768 716 1871 749 multi
1888 717 1931 749 ab
1947 729 1986 750 eo
2004 717 2130 760 passim
2149 728 2208 749 ex-

1217 769 1424 814 plicationes
1448 768 1677 801 obscurarum
1710 767 1963 800 sententiarum
1996 767 2210 810 flagitarunt,

1219 820 1347 865 quibus
1363 818 1574 862 respondere
1594 819 1695 851 labor
1711 818 1776 851 suit
1794 830 1866 850 nou
1883 818 2038 861 exiguus.
2091 817 2131 850 ln
2157 815 2211 850 his

1219 870 1412 908 laboribus,
1436 881 1515 902 cum
1533 868 1639 902 semel
1657 875 1761 913 atque
1778 869 1903 902 iterum
1922 867 2074 902 Romam
2093 879 2212 901 rever-

1220 932 1278 954 sus
1294 927 1393 958 esset,
1411 918 1514 965 (nam
1533 919 1741 964 aliquandiu
1762 917 1870 952 haesit
1887 920 1978 963 apud
1991 919 2212 959 Damascum,

1219 970 1434 1016 Episcopum
1453 969 1677 1011 Romanum,
1705 970 1764 1015 qui
1780 969 1853 1003 eius
1878 981 1982 1014 opera
2001 970 2037 1002 in
2056 969 2212 1014 epistolis

1221 1022 1435 1062 scribendis,
1471 1027 1504 1053 et
1522 1021 1558 1053 in
1574 1021 1718 1066 synodis
1737 1031 1819 1054 usus
1841 1019 1909 1063 est)
1929 1022 2069 1054 tandem
2093 1028 2210 1053 tamen

1221 1074 1257 1106 in
1277 1072 1416 1118 Syriam
1433 1071 1560 1113 rediit,
1585 1079 1617 1105 et
1632 1071 1668 1104 in
1687 1072 1748 1105 illo
1769 1071 1843 1115 ipso
1860 1083 1962 1112 rure,
1989 1071 2082 1116 quod
2100 1070 2212 1104 filium

1222 1131 1343 1157 natum
1363 1135 1403 1155 ex
1421 1122 1557 1165 virgine
1575 1122 1728 1166 primum
1749 1121 1900 1166 excepit,
1927 1121 2131 1161 consenuit,
2158 1120 2214 1153 vel

1222 1181 1254 1207 et
1277 1185 1353 1206 ossa
1378 1173 1452 1205 eius
1477 1170 1585 1205 humo
1610 1178 1696 1205 tecta
1717 1179 1810 1206 sunt.
1861 1170 1942 1205 Dixi
1967 1172 2154 1216 praecipue
2171 1171 2214 1204 de

1223 1223 1347 1256 studiis
1370 1223 1550 1255 doctrinae
1577 1223 1843 1262 ecclesiasticae,
1881 1229 2055 1255 caeterum
2083 1227 2214 1267 quanta

1223 1274 1328 1307 fuerit
1350 1273 1504 1316 cognitio
1531 1271 1758 1306 historiarum
1786 1271 2000 1306 Graecarum
2029 1280 2062 1306 et
2080 1271 2214 1306 Roma-

1224 1336 1362 1365 narum,
1387 1324 1469 1356 libri
1488 1323 1664 1363 indicant,
1688 1323 1723 1355 in
1741 1323 1870 1367 quibus
1887 1335 1958 1356 non
1974 1323 2088 1355 solum
2106 1322 2215 1356 multa

1225 1388 1312 1421 quae
1330 1386 1426 1408 nunc
1442 1381 1559 1408 extant
1578 1381 1610 1407 et
1627 1374 1773 1407 eruditis
1791 1380 1874 1406 uota
1890 1380 1984 1411 sunt,
2012 1373 2217 1412 recitantur,

1225 1427 1282 1459 sed
1303 1426 1406 1459 etiam
1430 1425 1496 1458 alia
1524 1431 1663 1469 sumpta
1688 1437 1727 1458 ex
1753 1425 1897 1457 vetustis
1919 1424 2120 1464 autoribus,
2155 1423 2217 1468 qui

1226 1476 1446 1510 interierunt.
1511 1475 1640 1510 Narrat
1673 1475 1822 1515 alicubi,
1863 1475 2006 1518 triginta
2048 1481 2219 1520 tyrannos

1226 1525 1377 1561 Athenis
1402 1527 1584 1561 interfecto
1607 1528 1761 1572 quodam
1778 1523 1959 1567 Phidone,
1986 1537 2127 1559 vocasse
2145 1524 2219 1558 eius

1227 1579 1333 1618 filias,
1360 1584 1399 1612 ut
1415 1579 1531 1611 nudae
1547 1578 1584 1610 in
1601 1577 1784 1617 convivio,
1811 1577 1848 1609 in
1866 1589 1935 1622 quo
1961 1576 2069 1621 patris
2095 1587 2219 1609 cruore

1227 1640 1304 1661 area
1324 1639 1478 1672 respersa
1497 1635 1580 1667 erat,
1609 1628 1790 1661 saltarent:
1820 1625 1882 1660 has
1899 1639 1980 1660 vero
2000 1633 2131 1661 tantam
2151 1626 2219 1659 im·-

1226 1679 1428 1711 mauitatem
1448 1678 1637 1721 fugientes,
1664 1689 1734 1710 sese
1753 1678 1959 1721 praecipites
1981 1689 2020 1710 ex
2038 1678 2108 1711 alto
2125 1677 2220 1710 deie-

1228 1730 1325 1764 cisse.
1365 1728 1446 1771 Quo
1466 1728 1624 1772 exemplo
1643 1728 1787 1771 triginta
1804 1729 1945 1761 illorum
1965 1728 2122 1761 virorum
2139 1739 2220 1761 cru—

1229 1780 1353 1813 delitas
1377 1779 1549 1812 illustrius
1574 1779 1748 1822 pingitur,
1775 1791 1879 1823 quam
1899 1779 1981 1811 ullis
1999 1778 2077 1811 aliis
2099 1790 2220 1811 narra-

1230 1830 1406 1870 tionibus,
1430 1841 1519 1875 quae
1544 1841 1638 1863 nuuc
1661 1835 1786 1862 extent.
1839 1828 1908 1862 Hic
1931 1836 2047 1863 autem
2071 1829 2222 1871 cogitare

1232 1881 1344 1921 subit,
1371 1887 1541 1925 quantum
1565 1880 1697 1913 malum
1721 1879 1764 1912 sit
1788 1879 1966 1924 tyrannis,
1995 1891 2083 1924 quae
2100 1878 2223 1912 deletis

1233 1932 1368 1972 legibus
1385 1937 1562 1974 grassatur
1578 1930 1614 1963 in
1634 1927 1814 1970 homines,
1841 1937 1881 1963 ut
1901 1930 2019 1964 ferunt
2037 1930 2128 1963 caeci
2156 1929 2224 1962 im-

1233 1990 1350 2027 petus,
1378 1981 1544 2020 ambitio,
1578 1981 1646 2021 ira,
1675 1981 1806 2021 libido,
1833 1993 1893 2014 seu
1915 1980 2030 2025 potius
2054 1987 2092 2015 ut
2112 1980 2222 2014 animi

1233 2047 1250 2066 a
1268 2033 1368 2066 furiis
1385 2033 1573 2075 agitantur.
1615 2031 1703 2065 Natu
1723 2031 1756 2064 id
1774 2043 1915 2064 saevum
1935 2032 2065 2064 malum
2083 2044 2154 2064 non
2172 2037 2224 2065 est

1235 2091 1370 2118 tantum
1388 2081 1599 2121 humanum,
1626 2089 1665 2116 ut
1681 2095 1775 2116 nunc
1793 2079 1875 2116 huic
1893 2090 2031 2116 nostrae
2047 2079 2224 2115 Ecclesiu-

1236 2135 1298 2173 l.·e‚
1327 2131 1482 2168 honestis
1499 2133 1682 2174 matronis,
1699 2133 1906 2176 virginibus.
1935 2133 2141 2173 infantibus,
2158 2132 2225 2177 piis

1235 2186 1492 2223 sacerdotibus,
1522 2191 1555 2218 et
1586 2183 1649 2218 Dei
1680 2196 1799 2217 vocem
1828 2183 1977 2218 fideliter
2005 2183 2226 2222 sonantibus.

1238 2236 1421 2269 minitatur
1445 2235 1590 2269 exitium
1617 2234 1833 2280 Gypaeetus,
1868 2247 1945 2268 cum
1970 2247 2042 2268 uon
2069 2234 2183 2268 solnm
2206 2246 2225 2268 a

1238 2287 1340 2320 nobis
1367 2300 1438 2319 non
1462 2287 1503 2319 sit
1527 2287 1657 2325 laesus,
1683 2286 1741 2318 sed
1768 2286 1870 2318 etiam
1889 2293 2023 2320 constet
2045 2298 2102 2319 eos
2122 2285 2226 2329 culpa

1238 2350 1366 2376 carere,
1392 2338 1462 2370 imo
1481 2337 1588 2381 ipsius
1602 2337 1805 2378 regionibus
1821 2337 1924 2369 eti-nn
1941 2337 2058 2382 aliqua
2075 2348 2113 2369 cx
2128 2342 2226 2380 pant

1239 2389 1349 2422 nostri
1380 2389 1515 2421 labores
1545 2387 1714 2421 serviant:
1758 2389 1816 2420 sed
1843 2388 2014 2431 depellet,
2044 2395 2082 2421 ut
2111 2398 2226 2431 spero,

1240 2438 1333 2472 Deus
1355 2440 1398 2472 ab
1417 2437 1471 2473 his
1488 2439 1616 2472 uostris
1640 2439 1772 2472 nidulis
1788 2439 1899 2471 dit·;on
1919 2439 2107 2472 volucrem.
2154 2435 2225 2472 Be-

1239 2492 1303 2523 deo
1328 2497 1441 2523 autern
1467 2491 1508 2522 ad
1535 2489 1812 2534 Hieronymum,
1837 2491 1880 2522 de
1903 2489 2001 2522 euim
2025 2488 2225 2521 eruditione

1239 2553 1316 2574 ctnn
1341 2541 1473 2574 dirttnn
1499 2541 1561 2579 sit,
1589 2542 1631 2573 de
1659 2541 1817 2574 moribus
1842 2540 1946 2572 etiam
1971 2540 2140 2584 quaedam
2164 2540 2226 2571 ad-

1239 2593 1372 2631 denda,
1403 2592 1463 2637 qui
1491 2598 1605 2625 tamen
1630 2603 1753 2634 inagna
1778 2603 1816 2623 ex
1844 2599 1938 2635 parte
1961 2603 2000 2622 ex
2020 2590 2144 2622 studiis
2162 2602 2225 2622 co·-

1239 2643 1356 2685 gnosri
1387 2649 1543 2687 possunt.
1604 2641 1692 2675 Nam
1722 2649 1757 2675 ut
1784 2640 1858 2675 Deo
1881 2641 2044 2680 serviret,
2076 2640 2227 2683 suscepit

1240 2700 1353 2727 tantos
1374 2694 1508 2727 labores
1526 2692 1726 2739 peregrinae
1742 2693 1881 2736 liuguae
1899 2692 2095 2733 discendae,
2122 2699 2154 2725 et
2171 2691 2227 2723 iu-
