2338 2958
61 95 137 133 265

59 180 251 221 cholicum,
279 177 372 213 Iovis
387 184 639 223 temperatum,
666 177 793 213 Martis
815 177 1045 218 cholericum,

59 232 154 268 Solis
169 230 365 271 vivificum,
388 228 559 263 Mercurii
583 230 726 271 siccius,
755 230 901 264 Veneris
920 237 954 264 et
971 230 1043 264 Lu—

58 295 124 318 nae
140 280 332 317 humidius.
383 278 431 314 Et
447 277 532 314 haec
550 281 644 314 varie
663 281 775 326 posita
793 282 899 315 miras
915 281 1045 314 mixtu-

57 344 114 368 ras
129 332 304 373 efficiunt,
330 338 370 365 ut
394 343 473 365 cum
489 330 525 365 in
551 332 814 366 medicamentis
830 332 945 366 variae
964 329 1046 364 her-

56 385 122 419 bae
137 383 340 423 miscentur,
366 383 404 415 in
420 390 525 416 cantu
543 395 656 416 voces.
690 382 786 416 Haec
803 384 876 416 dixi
894 383 1046 423 brevim,

56 446 129 469 non
143 434 258 467 solum
273 433 368 479 quod
388 430 550 467 habenda
573 434 641 468 fuit
655 434 745 467 ratio
771 435 959 478 temporis,
985 434 1044 467 sed

56 486 162 520 etiam
178 486 274 530 quod
291 485 392 517 vobis
411 485 623 518 doctissimis
641 482 845 518 hominibus
862 485 945 518 satis
963 497 1045 528 pro-

55 537 135 572 bata
166 547 238 569 esse
271 535 480 569 arbitrabar.
542 534 657 568 Venio
689 535 796 578 igitur
823 537 867 568 ad
900 536 1044 568 alteram

55 593 202 633 partem,
228 586 403 627 videlicet,
429 593 468 620 ut
483 587 526 619 de
543 586 694 620 utilitate
711 586 837 619 dicam.
874 585 945 619 Nec
963 598 1045 619 vero

55 637 216 672 existimo
239 649 440 683 quenquam
464 638 553 670 adeo
582 637 863 680 superstitiosum
889 649 981 677 esse,
1007 643 1047 670 ut

55 694 157 733 neget
174 688 212 721 in
228 689 402 721 medendo
421 688 615 721 conducere
636 688 916 721 observationem
943 688 1044 733 syde-

54 752 148 785 rum.
200 737 362 784 Cumque
379 739 421 771 de
441 735 506 771 hac
522 750 560 771 re
584 745 616 772 et
641 745 825 783 praecepta
849 745 983 778 extent,
1013 745 1045 771 et

54 797 138 824 nota
153 790 199 823 sit
213 789 443 834 experientia,
469 800 540 822 non
558 801 616 822 ero
635 789 784 833 longior.
839 789 980 832 Quanto
997 796 1046 822 est

52 847 172 875 autem
193 840 253 873 illa
278 840 389 873 maior
410 839 561 880 utilitas,
595 852 668 873 non
691 841 806 873 solum
831 841 868 872 in
895 840 1044 883 aegrotis

53 891 278 936 corporibus,
305 891 364 923 sed
381 891 492 924 multo
515 891 624 933 magis
648 891 684 923 in
702 891 912 935 Rebuspub.
930 891 1047 924 consi-

53 943 176 976 derare
206 941 442 975 mutationum
476 942 708 975 maximarum
742 953 803 975 seu
831 953 950 975 causas
985 954 1046 975 seu

52 992 338 1037 significationes,
356 998 395 1026 ut
410 993 674 1025 accommodare
690 993 732 1025 ad
752 1004 808 1025 eas
824 999 944 1025 nostra
961 1005 1044 1025 con-

53 1044 131 1078 silia
146 1043 332 1087 possimus,
357 1049 390 1076 et
411 1049 486 1076 arte
506 1043 667 1086 mitigare
685 1043 922 1078 incommoda.
955 1042 1045 1076 Vere

52 1095 147 1129 enim
174 1093 291 1139 inquit
308 1093 427 1133 Plato,
453 1094 618 1138 syderum
646 1094 814 1128 circuitus
833 1094 967 1127 efficere
985 1106 1045 1126 va-

51 1145 122 1180 rias
138 1145 241 1183 vices,
266 1155 341 1177 non
357 1144 473 1181 solum
490 1145 724 1178 animantium
741 1145 961 1188 corporibus,
985 1145 1044 1177 sed

52 1196 156 1230 etiam
180 1195 366 1228 universae
389 1201 537 1228 naturae
562 1207 698 1236 rerum,
730 1195 822 1228 vitae
847 1193 1046 1235 hominum,

52 1246 214 1291 Imperiis
250 1252 283 1279 et
310 1244 597 1289 Rebuspublicis.
652 1245 700 1280 Ut
733 1253 849 1279 autem
882 1246 1046 1289 agricolis

50 1297 283 1344 praecipitur,
307 1303 347 1330 ut
371 1303 615 1340 tempestatum
643 1297 740 1339 signa
758 1297 968 1336 observent,
996 1297 1043 1330 ita

51 1348 170 1391 magni
187 1348 255 1379 viri
270 1347 307 1378 in
319 1345 459 1390 Repub.
477 1348 714 1380 mutationum
731 1349 828 1390 signa
846 1347 1044 1390 intelligere

52 1406 86 1433 et
101 1398 322 1431 considerare
340 1397 485 1430 debent.
537 1395 586 1429 Et
604 1397 748 1441 quidem
768 1398 805 1429 in
824 1398 962 1441 scriptis
982 1410 1044 1441 po-

51 1449 157 1483 liticis
179 1447 397 1489 colliguntur
422 1447 521 1489 signa
544 1453 681 1490 sumpta
705 1459 723 1479 a
748 1447 907 1480 moribus
930 1454 963 1480 et
981 1460 1045 1480 vo-

50 1498 265 1538 luntatibus,
292 1497 382 1530 sicut
398 1497 531 1530 Medici
548 1498 691 1530 morbos
706 1509 745 1530 ex
763 1497 1045 1541 intemperantia,

49 1557 111 1585 aut
128 1547 355 1592 corruptione
370 1545 561 1580 humorum
578 1548 796 1591 praedicunt.
831 1547 900 1581 Sed
917 1559 1043 1590 magno

51 1608 86 1636 et
113 1599 264 1644 sapienti
290 1598 366 1631 viro
392 1609 604 1642 magnopere
634 1600 793 1642 prodest,
828 1599 931 1631 etiam
959 1596 1043 1631 haec

50 1650 214 1687 coelestia
241 1649 340 1692 signa
371 1649 671 1689 animadvertere,
708 1656 747 1682 ut
774 1660 893 1692 regere
923 1649 1042 1694 aliquo

50 1703 156 1736 modo
179 1701 359 1734 fortunam
385 1706 417 1733 et
439 1711 560 1732 cavere
581 1711 698 1732 saevas
722 1706 961 1743 tempestates,
990 1701 1042 1733 vel

49 1760 141 1788 certe
160 1751 318 1794 mitigare
335 1751 454 1794 possit.
506 1749 615 1784 Recte
633 1751 726 1783 enim
747 1751 878 1784 dictum
899 1758 965 1784 est:

106 1805 170 1845 Qui
189 1807 284 1845 sapit,
308 1807 360 1834 ille
375 1806 508 1834 animum
532 1805 670 1833 fortunae
688 1811 839 1844 praeparat
859 1807 953 1842 omni,

150 1856 382 1896 Prae-visumque
398 1863 495 1895 potest
511 1862 571 1885 arte
589 1858 686 1884 levare
701 1858 827 1886 malum.

48 1904 192 1940 Etenim
219 1905 248 1937 si
271 1904 543 1947 significationes
569 1904 649 1936 illae
674 1915 747 1936 non
773 1909 855 1936 sunt
879 1902 1042 1935 conside-

48 1957 197 1996 randae,
231 1967 293 1988 cur
315 1954 487 1987 divinitus
509 1954 546 1986 in
573 1954 669 1986 coelo
694 1954 842 1997 scriptae
869 1960 901 1986 et
931 1953 1041 1996 pictae

47 2007 156 2042 suut?
200 2005 289 2040 Cum
325 2012 442 2038 autem
471 2003 565 2037 Deus
599 2001 662 2036 has
696 2011 798 2037 notas
827 2003 1041 2047 impresserit

48 2058 165 2098 coelo,
192 2064 231 2091 ut
252 2054 462 2100 Rebuspub.
487 2055 718 2088 denunciaret
746 2055 903 2097 ingentes
929 2065 1041 2094 casus,

48 2109 210 2153 impietas
228 2113 295 2146 est,
322 2107 461 2139 animos
479 2107 522 2139 ab
546 2104 609 2138 hac
633 2105 879 2138 observatione
899 2116 1040 2148 prorsus

47 2166 215 2193 avertere.
274 2155 441 2201 Eclipses,
466 2157 745 2196 coniunctiones,
772 2156 943 2200 prodigia,
969 2162 1039 2189 tra-

48 2209 231 2248 iectiones,
263 2214 438 2248 cometae,
472 2207 556 2252 quid
588 2214 670 2240 sunt
699 2207 767 2239 nisi
792 2206 855 2239 Dei
885 2207 1038 2244 oracula,

47 2259 108 2306 qui
126 2258 310 2292 minitatur
325 2258 415 2292 vitae
441 2255 627 2291 hominum
647 2257 806 2300 ingentes
825 2257 1038 2290 calamitates

47 2323 88 2345 ac
104 2308 341 2343 mutationes?
373 2307 468 2342 Haec
485 2309 512 2341 si
528 2309 607 2353 quis
631 2308 846 2348 contemnit,
873 2306 936 2341 Dei
962 2320 1037 2340 mo-

46 2361 143 2395 nitus
173 2366 391 2404 aspernatur.
452 2357 636 2401 Quatenus
668 2366 782 2393 autem
815 2356 899 2392 haec
928 2359 1037 2392 metui

47 2412 215 2450 debeant,
242 2417 414 2455 quantum
439 2409 586 2443 omnino
610 2410 839 2443 tribuendum
864 2409 907 2443 sit
924 2409 1033 2443 coele-

47 2463 159 2497 stibus
173 2461 300 2505 signis,
325 2461 434 2494 discet
451 2460 544 2492 idem
562 2461 622 2493 ille
637 2461 691 2494 vir
706 2472 853 2503 magnus
877 2472 915 2493 ex
931 2460 1037 2493 sacris

48 2513 179 2554 literis,
212 2524 255 2546 ne
277 2512 424 2556 obrepat
450 2510 569 2544 animo
600 2511 706 2554 impia
733 2512 788 2544 vel
814 2511 1036 2551 confidentia,

47 2563 105 2597 vel
128 2563 332 2608 desperatio.
382 2562 434 2597 Ut
460 2562 497 2594 in
513 2561 745 2605 agricultura,
772 2562 807 2595 in
826 2562 1036 2606 navigando,

48 2626 122 2648 non
145 2621 197 2648 est
224 2613 458 2658 irreligiosum
485 2614 670 2646 observare
698 2613 918 2657 prognostica
948 2620 1035 2646 tem-

49 2671 240 2710 pestatum,
272 2664 319 2699 ita
344 2665 382 2698 in
406 2663 712 2698 administratione
735 2676 854 2697 rerum
874 2664 1035 2698 conside-

493 91 653 129 DECL.
706 92 779 129 DE
813 92 1148 129 DIGNITATE
1193 94 1641 137 ASTROLOGIAE.

2008 101 2084 137 266

1097 191 1175 213 rare
1197 182 1373 215 naturales
1398 183 1685 227 significationes,
1720 197 1806 232 quas
1832 186 1928 220 Deus
1953 198 2084 231 propo-

1096 231 1184 271 suit,
1208 238 1247 266 ut
1262 243 1327 265 nos
1346 234 1587 276 vigilantiores
1604 238 1744 278 reddat,
1770 245 1802 272 et
1819 249 1938 271 curam
1957 237 1995 270 in
2018 249 2084 270 no-

1097 281 1151 314 bis
1173 289 1289 323 acuat,
1324 283 1422 328 pium
1443 293 1476 319 et
1494 287 1579 319 utile
1603 295 1665 321 est.
1719 288 1788 322 Sed
1813 289 1994 321 videamus
2011 287 2085 331 pri-

1097 339 1195 366 vatos
1217 345 1343 369 mores.
1403 334 1443 369 Si
1460 336 1537 380 quis
1553 344 1699 371 naturae
1718 350 1800 372 suae
1817 339 2085 372 inclinationem

1097 383 1280 427 intelligit,
1307 385 1400 418 alere
1416 386 1508 419 bona
1526 393 1560 420 et
1574 389 1798 428 confirmare,
1825 397 1858 424 et
1872 390 1983 423 vitare
2000 388 2086 422 vitia

1097 434 1279 477 diligentia
1297 446 1336 468 ac
1350 436 1488 470 ratione
1506 444 1629 480 potest.
1673 439 1804 473 Verum
1821 447 1870 473 est
1884 440 1978 473 enim
1992 439 2088 484 quod

1096 485 1144 517 ait
1162 484 1400 519 Ptolemaeus:
1429 487 1577 531 Sapiens
1600 490 1718 522 anima
1739 491 1882 524 adiuvat
1903 491 2088 524 coelestem

1096 536 1355 579 operationem,
1403 540 1701 582 quemadmodum
1741 542 1895 584 optimus
1936 540 2088 584 agricola

1097 587 1230 620 arando
1262 591 1558 634 expurgandoque
1587 591 1732 624 adiuvat
1763 598 1934 624 naturam.
2011 590 2089 624 Hoc

1098 637 1164 669 late
1182 644 1275 681 patet
1294 638 1330 670 in
1347 651 1428 672 cura
1447 640 1677 680 valetudinis,
1704 642 1740 674 in
1759 642 1945 685 deligendo
1963 653 2088 684 genere

1098 688 1206 728 vitae,
1238 689 1368 730 studii,
1408 690 1445 722 in
1474 692 1706 735 suscipiendis
1731 693 1884 735 negociis
1913 693 1968 724 vel
2000 692 2089 736 aptis

1097 739 1152 771 vel
1181 737 1456 774 abhorrentibus
1485 743 1528 774 ab
1552 743 1705 784 ingenio.
1773 744 1812 777 Si
1831 741 1997 776 Curionis
2029 749 2089 775 aut

1097 789 1248 822 Antonii
1268 799 1428 834 parentes
1444 793 1526 825 satis
1544 794 1798 827 intellexissent
1815 800 1977 827 naturam
1997 793 2090 826 filio-

1097 852 1194 880 rum,
1221 841 1360 875 ssectere
1387 843 1558 885 singulari
1576 852 1649 877 arte
1668 845 1740 877 fera
1763 853 1796 879 et
1815 845 1973 889 inquieta
1992 844 2090 886 inge-

1098 891 1155 924 nia
1172 892 1215 923 ad
1232 893 1509 926 moderationem
1528 895 1734 938 potuissent.
1783 893 1991 939 Philippum
2010 893 2090 927 Ma-

1098 942 1266 974 cedonem
1300 944 1498 988 accepimus
1522 944 1655 988 Regem
1686 946 1722 978 in
1756 946 1880 990 primis
1911 945 2091 985 callidum,

1096 1004 1175 1025 cum
1195 993 1501 1028 animadvertisset
1526 996 1564 1028 in
1593 996 1665 1029 filio
1690 995 1892 1030 Alexandro
1918 1008 1991 1028 non
2008 1006 2091 1028 sane

1099 1055 1259 1085 pravam,
1297 1046 1357 1077 sed
1386 1052 1503 1078 tamen
1535 1047 1746 1090 asperiorem
1779 1054 1813 1081 et
1848 1047 2091 1090 impatientem

1098 1093 1236 1137 imperii
1261 1102 1423 1128 naturam
1451 1108 1542 1138 esse,
1579 1098 1783 1143 videretque
1807 1110 1886 1131 eum
1919 1109 1992 1130 non
2017 1096 2091 1141 pati

1098 1144 1309 1178 domitorem
1327 1158 1509 1190 asperum,
1538 1149 1654 1192 coepit
1673 1148 1861 1182 consilium
1879 1149 2039 1182 doctrina
2059 1154 2092 1181 et

1099 1193 1328 1240 Philosophia
1349 1198 1514 1231 flectendi
1538 1210 1617 1232 eum
1641 1201 1684 1232 ad
1701 1199 1907 1233 suavitatem
1931 1206 1963 1232 et
1980 1197 2092 1232 comi-

1098 1253 1216 1282 tatem.
1267 1246 1344 1281 Hac
1365 1249 1501 1282 ratione
1519 1250 1606 1283 adeo
1629 1250 1780 1284 excoluit
1801 1250 1898 1283 illam
1916 1256 2090 1289 naturam,

1097 1303 1138 1330 ut
1162 1297 1199 1329 in
1226 1297 1301 1341 ipso
1324 1311 1428 1332 cursu
1453 1300 1680 1334 victoriarum
1704 1301 1761 1334 vix
1780 1301 1966 1346 quisquam
1986 1299 2091 1333 suerit

1096 1359 1252 1392 unquam
1271 1346 1461 1383 humanior
1474 1362 1512 1383 ac
1529 1352 1756 1385 moderatior.
1812 1350 1862 1384 Ita
1879 1352 2021 1394 prodest
2038 1351 2090 1382 vi-

1097 1399 1198 1438 dere,
1233 1411 1303 1442 quo
1325 1412 1526 1445 quenquam
1551 1403 1655 1436 ducat
1672 1409 1816 1440 natura,
1844 1408 1883 1435 ut
1902 1401 2090 1445 disciplina

1098 1448 1224 1480 idonea
1241 1449 1283 1480 ad
1301 1449 1467 1483 virtutem
1485 1452 1663 1493 flectatur,
1691 1459 1723 1486 et
1739 1465 1757 1485 a
1775 1453 1870 1486 vitiis
1883 1453 2091 1486 abducatur.

1097 1496 1238 1530 Possem
1264 1505 1296 1532 et
1325 1500 1411 1533 alias
1440 1501 1609 1535 utilitates
1639 1503 1882 1536 oeconomicas
1914 1503 2091 1545 colligere,

1095 1549 1153 1580 sed
1175 1545 1237 1581 has
1263 1551 1422 1595 persequi
1442 1551 1586 1594 longum
1602 1553 1718 1586 suerit.
1782 1553 1853 1586 Vos
1871 1554 1979 1594 igitur
1995 1553 2089 1586 Can-

1095 1598 1225 1638 didati,
1254 1600 1334 1644 quia
1351 1601 1418 1633 iarn
1436 1599 1690 1647 Philosophiae
1709 1616 1770 1637 vos
1796 1604 1936 1648 publice
1955 1603 2090 1637 addici-

1077 1650 1159 1691 tis,
1187 1657 1226 1683 ut
1248 1651 1401 1696 reliquas
1430 1659 1544 1696 partes
1569 1667 1632 1698 pro
1659 1655 1754 1687 virili
1779 1655 1960 1699 amplecti,
1987 1666 2088 1687 exco-

1097 1701 1184 1740 lere,
1217 1708 1248 1734 et
1281 1714 1407 1735 ornare
1433 1705 1588 1745 debetis,
1621 1706 1668 1739 ita
1703 1705 1953 1744 memineritis,
1997 1703 2088 1738 hanc

1095 1763 1234 1796 quoque
1252 1759 1383 1796 partem
1401 1756 1587 1788 amandam
1605 1768 1688 1790 esse.
1741 1756 1822 1789 Non
1840 1756 1952 1789 solum
1970 1756 2086 1789 stulti-

1094 1802 1165 1840 cia,
1194 1805 1251 1835 sed
1273 1805 1482 1846 perversitas
1506 1813 1574 1846 est,
1601 1807 1767 1851 aucupari
1795 1807 1928 1850 ingenii
1946 1807 2087 1839 laudem

1094 1865 1132 1885 ex
1161 1853 1390 1888 insectatione
1416 1856 1590 1890 bonarum
1609 1858 1748 1891 artium.
1800 1857 1890 1891 Nam
1910 1858 2004 1890 viros
2022 1858 2088 1890 bo—

1093 1916 1158 1936 nos
1173 1906 1289 1946 decet,
1319 1907 1511 1949 praeclaras
1530 1915 1619 1941 artes
1637 1915 1669 1941 et
1687 1909 1790 1942 utiles
1801 1909 1892 1942 vitae
1910 1921 1971 1952 pro
1991 1908 2085 1941 virili

1093 1967 1218 1987 ornare
1232 1983 1240 1995 ‚
1265 1957 1356 1989 utad
1375 1970 1493 1991 earum
1509 1960 1624 1992 studia
1644 1973 1748 2004 quam
1766 1960 1914 2004 plurimi
1933 1959 2085 1992 inviten-

1095 2012 1162 2040 tur.
1214 2004 1309 2041 Dixi.

1089 2222 1230 2285 Q.
1912 2244 1959 2263 an.
1990 2233 2081 2264 1535.

1328 2324 1402 2364 De
1433 2338 1586 2364 amore
1617 2328 1783 2367 verita!
1790 2328 1836 2367 is.

1157 2400 1256 2426 Excusa
1277 2406 1313 2426 est
1334 2401 1398 2426 haec
1419 2402 1521 2426 oratio:
1554 2401 1679 2434 „Oratio
1703 2403 1818 2438 Philippi
1849 2405 1985 2433 Melanch.
2009 2408 2078 2434 dicta

1187 2436 1219 2460 ab
1235 2435 1292 2469 ipso
1305 2445 1366 2459 cum
1383 2438 1574 2460 decerneretur
1588 2437 1614 2461 in
1631 2438 1727 2469 gradus
1744 2439 1888 2471 magisterii
1905 2441 1940 2466 D.
1957 2443 2078 2469 Andreae

1191 2470 1337 2499 Vinciat),
1367 2469 1491 2495 Vratisla.
1513 2477 1537 2495 et
1562 2471 1620 2496 aliis
1642 2473 1802 2505 quibusdam
1833 2474 1912 2499 bonis
1938 2480 1962 2500 el
1991 2476 2077 2503 doctis

1191 2503 1261 2530 viris.
1289 2505 1370 2528 Anno
1382 2503 1420 2531 Μ,
1432 2504 1582 2530 Ι).ΧΧΧν.
1598 2507 1640 2531 die
1652 2506 1811 2539 April.14.'¹
1850 2509 1930 2534 ttem:
1947 2510 2077 2542 Quaestio

1189 2547 1272 2571 quare
1291 2537 1366 2562 Plato
1382 2538 1491 2570 dinem,
1511 2540 1643 2572 optimum
1661 2550 1716 2565 esse
1731 2546 1829 2567 statum
1845 2543 1922 2576 Relp.
1937 2554 2013 2575 euin,
2032 2548 2076 2578 qui

1188 2572 1292 2597 medius
1308 2576 1347 2597 est
1360 2572 1429 2598 inter
1444 2573 1630 2606 Tyn-annidem
1647 2580 1671 2599 et
1687 2574 1886 2602 Dennocratiam
1900 2584 2076 2612 proportione

1188 2607 1370 2632 Geometrica.
1399 2607 1476 2637 (Sine
1490 2608 1505 2634 l.
1523 2613 1548 2633 et
1570 2612 1663 2637 anno.)
1685 2610 1701 2633 9
1716 2610 1749 2644 pl.
1789 2610 1890 2637 Recusa
1911 2614 1979 2647 apud
2001 2614 2074 2639 Crat.

1188 2642 1255 2675 Myl.
1277 2650 1300 2675 p.
1326 2642 1378 2674 12,
1405 2642 1430 2666 in
1453 2642 1600 2668 Declamat.
1620 2643 1653 2669 Τ.
1672 2643 1691 2668 l.
1714 2654 1739 2679 p.
1759 2645 1835 2678 595.,
1869 2646 1896 2671 iu
1920 2647 2074 2673 serven-1.

1187 2686 1212 2711 p.
1227 2675 1301 2706 519..
1327 2676 1397 2710 apud
1415 2676 1539 2703 [tichard.
1556 2677 1577 2703 l.
1598 2687 1622 2712 p.
1641 2678 1701 2704 232.
