<?xml version="1.0" encoding="UTF-8"?>
<!DOCTYPE html PUBLIC "-//W3C//DTD XHTML 1.0 Transitional//EN"
    "http://www.w3.org/TR/xhtml1/DTD/xhtml1-transitional.dtd">
<html xmlns="http://www.w3.org/1999/xhtml" xml:lang="en" lang="en">
 <head>
  <title>
</title>
<meta http-equiv="Content-Type" content="text/html;charset=utf-8" />
  <meta name='ocr-system' content='tesseract 3.04.00' />
  <meta name='ocr-capabilities' content='ocr_page ocr_carea ocr_par ocr_line ocrx_word'/>
</head>
<body>
  <div class='ocr_page' id='page_1' title='image "./operaquaesupersu11melauoft/operaquaesupersu11melauoft_0194.png"; bbox 0 0 2338 2958; ppageno 0'>
   <div class='ocr_carea' id='block_1_1' title="bbox 189 123 1183 169">
    <p class='ocr_par' dir='ltr' id='par_1_1' title="bbox 189 123 1183 169">
     <span class='ocr_line' id='line_1_1' title="bbox 189 123 1183 169; baseline -0.008 -2"><span class='ocrx_word' id='word_1_1' title='bbox 189 134 259 169; x_wconf 81' lang='lat'>371</span> <span class='ocrx_word' id='word_1_2' title='bbox 549 126 709 164; x_wconf 89' lang='lat' dir='ltr'>DECL.</span> <span class='ocrx_word' id='word_1_3' title='bbox 742 124 815 161; x_wconf 88' lang='lat' dir='ltr'>DE</span> <span class='ocrx_word' id='word_1_4' title='bbox 850 123 1183 161; x_wconf 83' lang='lat' dir='ltr'><strong>UTILITATE</strong></span> 
     </span>
    </p>
   </div>
   <div class='ocr_carea' id='block_1_2' title="bbox 190 212 1213 2566">
    <p class='ocr_par' dir='ltr' id='par_1_2' title="bbox 190 212 1213 2566">
     <span class='ocr_line' id='line_1_2' title="bbox 190 212 1182 261; baseline -0.007 -8"><span class='ocrx_word' id='word_1_5' title='bbox 190 229 309 253; x_wconf 88' lang='lat' dir='ltr'>scurae</span> <span class='ocrx_word' id='word_1_6' title='bbox 322 243 331 257; x_wconf 90' lang='lat'>,</span> <span class='ocrx_word' id='word_1_7' title='bbox 357 224 390 251; x_wconf 91' lang='lat' dir='ltr'>et</span> <span class='ocrx_word' id='word_1_8' title='bbox 403 217 615 261; x_wconf 91' lang='lat' dir='ltr'>scriptorum</span> <span class='ocrx_word' id='word_1_9' title='bbox 632 213 865 246; x_wconf 78' lang='lat' dir='ltr'>dissimilibus</span> <span class='ocrx_word' id='word_1_10' title='bbox 881 212 1182 258; x_wconf 78' lang='lat' dir='ltr'>disputationibus</span> 
     </span>
     <span class='ocr_line' id='line_1_3' title="bbox 192 264 1184 309; baseline -0.007 -5"><span class='ocrx_word' id='word_1_11' title='bbox 192 269 382 304; x_wconf 86' lang='lat' dir='ltr'>involutae.</span> <span class='ocrx_word' id='word_1_12' title='bbox 436 267 484 301; x_wconf 82' lang='lat' dir='ltr'>Ut</span> <span class='ocrx_word' id='word_1_13' title='bbox 504 266 609 309; x_wconf 86' lang='lat' dir='ltr'>igitur</span> <span class='ocrx_word' id='word_1_14' title='bbox 625 276 665 297; x_wconf 85' lang='lat' dir='ltr'>ex</span> <span class='ocrx_word' id='word_1_15' title='bbox 682 271 778 298; x_wconf 87' lang='lat' dir='ltr'>tanta</span> <span class='ocrx_word' id='word_1_16' title='bbox 796 264 945 308; x_wconf 87' lang='lat' dir='ltr'>caligine</span> <span class='ocrx_word' id='word_1_17' title='bbox 963 264 1184 305; x_wconf 84' lang='lat' dir='ltr'>evolvantur,</span> 
     </span>
     <span class='ocr_line' id='line_1_4' title="bbox 191 315 1182 362; baseline -0.007 -7"><span class='ocrx_word' id='word_1_18' title='bbox 191 328 231 355; x_wconf 92' lang='lat' dir='ltr'>ut</span> <span class='ocrx_word' id='word_1_19' title='bbox 258 333 357 360; x_wconf 88' lang='lat' dir='ltr'>vere,</span> <span class='ocrx_word' id='word_1_20' title='bbox 390 317 548 362; x_wconf 79' lang='lat' dir='ltr'>proprie,</span> <span class='ocrx_word' id='word_1_21' title='bbox 577 315 732 349; x_wconf 84' lang='lat' dir='ltr'>dilucide</span> <span class='ocrx_word' id='word_1_22' title='bbox 762 316 999 359; x_wconf 79' lang='lat' dir='ltr'>explicentur,</span> <span class='ocrx_word' id='word_1_23' title='bbox 1035 327 1073 348; x_wconf 88' lang='lat' dir='ltr'>ea</span> <span class='ocrx_word' id='word_1_24' title='bbox 1100 327 1182 349; x_wconf 89' lang='lat' dir='ltr'>vero</span> 
     </span>
     <span class='ocr_line' id='line_1_5' title="bbox 193 364 1183 415; baseline -0.006 -9"><span class='ocrx_word' id='word_1_25' title='bbox 193 384 247 406; x_wconf 90' lang='lat' dir='ltr'>res</span> <span class='ocrx_word' id='word_1_26' title='bbox 273 370 421 415; x_wconf 80' lang='lat' dir='ltr'>requirit</span> <span class='ocrx_word' id='word_1_27' title='bbox 446 380 519 401; x_wconf 88' lang='lat' dir='ltr'>non</span> <span class='ocrx_word' id='word_1_28' title='bbox 546 367 738 400; x_wconf 87' lang='lat' dir='ltr'>mediocres</span> <span class='ocrx_word' id='word_1_29' title='bbox 760 367 920 402; x_wconf 87' lang='lat' dir='ltr'>artifices.</span> <span class='ocrx_word' id='word_1_30' title='bbox 981 364 1044 400; x_wconf 89' lang='lat' dir='ltr'>Est</span> <span class='ocrx_word' id='word_1_31' title='bbox 1066 373 1183 400; x_wconf 88' lang='lat' dir='ltr'>autem</span> 
     </span>
     <span class='ocr_line' id='line_1_6' title="bbox 194 416 1211 464; baseline -0.007 -7"><span class='ocrx_word' id='word_1_32' title='bbox 194 425 306 457; x_wconf 86' lang='lat' dir='ltr'>bonae</span> <span class='ocrx_word' id='word_1_33' title='bbox 331 427 362 453; x_wconf 91' lang='lat' dir='ltr'>ct</span> <span class='ocrx_word' id='word_1_34' title='bbox 389 420 464 464; x_wconf 89' lang='lat' dir='ltr'>piae</span> <span class='ocrx_word' id='word_1_35' title='bbox 491 418 637 459; x_wconf 87' lang='lat' dir='ltr'>mentis,</span> <span class='ocrx_word' id='word_1_36' title='bbox 665 418 767 452; x_wconf 81' lang='lat' dir='ltr'>etiam</span> <span class='ocrx_word' id='word_1_37' title='bbox 795 418 840 451; x_wconf 91' lang='lat' dir='ltr'>ob</span> <span class='ocrx_word' id='word_1_38' title='bbox 860 416 948 451; x_wconf 81' lang='lat' dir='ltr'>lianc</span> <span class='ocrx_word' id='word_1_39' title='bbox 970 429 1108 451; x_wconf 89' lang='lat' dir='ltr'>causam</span> <span class='ocrx_word' id='word_1_40' title='bbox 1125 430 1184 451; x_wconf 87' lang='lat' dir='ltr'>ex·</span> <span class='ocrx_word' id='word_1_41' title='bbox 1210 454 1211 463; x_wconf 14' lang='grc' dir='ltr'>ἵ</span> 
     </span>
     <span class='ocr_line' id='line_1_7' title="bbox 194 467 1212 519; baseline -0.004 -13"><span class='ocrx_word' id='word_1_42' title='bbox 194 482 309 519; x_wconf 86' lang='lat' dir='ltr'>petere</span> <span class='ocrx_word' id='word_1_43' title='bbox 339 470 598 516; x_wconf 80' lang='lat' dir='ltr'>eloquentiam,</span> <span class='ocrx_word' id='word_1_44' title='bbox 632 475 672 503; x_wconf 88' lang='lat' dir='ltr'>ut</span> <span class='ocrx_word' id='word_1_45' title='bbox 701 481 826 502; x_wconf 87' lang='lat' dir='ltr'>ornare</span> <span class='ocrx_word' id='word_1_46' title='bbox 856 469 1004 512; x_wconf 88' lang='lat' dir='ltr'>gloriam</span> <span class='ocrx_word' id='word_1_47' title='bbox 1031 468 1113 509; x_wconf 91' lang='lat' dir='ltr'>Dei,</span> <span class='ocrx_word' id='word_1_48' title='bbox 1146 476 1185 503; x_wconf 90' lang='lat' dir='ltr'>ut</span> <span class='ocrx_word' id='word_1_49' title='bbox 1210 467 1212 497; x_wconf 87' lang='grc' dir='ltr'>Ι</span> 
     </span>
     <span class='ocr_line' id='line_1_8' title="bbox 194 519 1213 567; baseline -0.002 -10"><span class='ocrx_word' id='word_1_50' title='bbox 194 524 352 558; x_wconf 86' lang='lat' dir='ltr'>conferre</span> <span class='ocrx_word' id='word_1_51' title='bbox 383 522 519 567; x_wconf 89' lang='lat' dir='ltr'>aliquid</span> <span class='ocrx_word' id='word_1_52' title='bbox 557 521 601 554; x_wconf 86' lang='lat' dir='ltr'>ad</span> <span class='ocrx_word' id='word_1_53' title='bbox 636 520 825 554; x_wconf 72' lang='lat' dir='ltr'>utilitatem</span> <span class='ocrx_word' id='word_1_54' title='bbox 851 519 1029 554; x_wconf 82' lang='lat' dir='ltr'>Ecclesiae</span> <span class='ocrx_word' id='word_1_55' title='bbox 1066 519 1213 564; x_wconf 59' lang='lat' dir='ltr'>possin*</span> 
     </span>
     <span class='ocr_line' id='line_1_9' title="bbox 194 571 1186 617; baseline -0.005 -9"><span class='ocrx_word' id='word_1_56' title='bbox 194 574 251 608; x_wconf 80' lang='lat' dir='ltr'>Ad</span> <span class='ocrx_word' id='word_1_57' title='bbox 268 572 361 607; x_wconf 85' lang='lat' dir='ltr'>bunc</span> <span class='ocrx_word' id='word_1_58' title='bbox 379 574 483 605; x_wconf 84' lang='lat' dir='ltr'>finem</span> <span class='ocrx_word' id='word_1_59' title='bbox 500 572 686 617; x_wconf 82' lang='lat' dir='ltr'>praecipue</span> <span class='ocrx_word' id='word_1_60' title='bbox 712 571 834 604; x_wconf 89' lang='lat' dir='ltr'>referri</span> <span class='ocrx_word' id='word_1_61' title='bbox 857 579 974 605; x_wconf 86' lang='lat' dir='ltr'>nostra</span> <span class='ocrx_word' id='word_1_62' title='bbox 991 571 1107 605; x_wconf 91' lang='lat' dir='ltr'>studia</span> <span class='ocrx_word' id='word_1_63' title='bbox 1125 572 1186 604; x_wconf 89' lang='lat' dir='ltr'>‹le-</span> 
     </span>
     <span class='ocr_line' id='line_1_10' title="bbox 192 622 1185 669; baseline -0.006 -9"><span class='ocrx_word' id='word_1_64' title='bbox 192 627 340 665; x_wconf 87' lang='lat' dir='ltr'>bebant,</span> <span class='ocrx_word' id='word_1_65' title='bbox 368 625 463 669; x_wconf 88' lang='lat' dir='ltr'>quod</span> <span class='ocrx_word' id='word_1_66' title='bbox 481 631 513 658; x_wconf 84' lang='lat' dir='ltr'>et</span> <span class='ocrx_word' id='word_1_67' title='bbox 531 622 628 657; x_wconf 84' lang='lat' dir='ltr'>Plato</span> <span class='ocrx_word' id='word_1_68' title='bbox 647 622 751 662; x_wconf 83' lang='lat' dir='ltr'>vidit,</span> <span class='ocrx_word' id='word_1_69' title='bbox 779 622 839 667; x_wconf 87' lang='lat' dir='ltr'>qni</span> <span class='ocrx_word' id='word_1_70' title='bbox 856 623 905 656; x_wconf 89' lang='lat' dir='ltr'>ait</span> <span class='ocrx_word' id='word_1_71' title='bbox 921 635 995 655; x_wconf 89' lang='lat' dir='ltr'>eam</span> <span class='ocrx_word' id='word_1_72' title='bbox 1016 623 1185 667; x_wconf 87' lang='lat' dir='ltr'>eloquen-</span> 
     </span>
     <span class='ocr_line' id='line_1_11' title="bbox 194 673 1185 720; baseline -0.005 -10"><span class='ocrx_word' id='word_1_73' title='bbox 194 677 277 710; x_wconf 84' lang='lat' dir='ltr'>tiam</span> <span class='ocrx_word' id='word_1_74' title='bbox 297 676 525 720; x_wconf 80' lang='lat' dir='ltr'>expetendam</span> <span class='ocrx_word' id='word_1_75' title='bbox 542 686 634 715; x_wconf 89' lang='lat' dir='ltr'>esse,</span> <span class='ocrx_word' id='word_1_76' title='bbox 661 686 749 717; x_wconf 89' lang='lat' dir='ltr'>qnae</span> <span class='ocrx_word' id='word_1_77' title='bbox 768 686 840 705; x_wconf 88' lang='lat' dir='ltr'>non</span> <span class='ocrx_word' id='word_1_78' title='bbox 859 673 974 706; x_wconf 88' lang='lat' dir='ltr'>futilia</span> <span class='ocrx_word' id='word_1_79' title='bbox 993 673 1098 713; x_wconf 82' lang='lat' dir='ltr'>dicat,</span> <span class='ocrx_word' id='word_1_80' title='bbox 1125 674 1185 706; x_wconf 91' lang='lat' dir='ltr'>sed</span> 
     </span>
     <span class='ocr_line' id='line_1_12' title="bbox 194 722 1187 771; baseline -0.006 -9"><span class='ocrx_word' id='word_1_81' title='bbox 194 728 268 762; x_wconf 90' lang='lat' dir='ltr'>Deo</span> <span class='ocrx_word' id='word_1_82' title='bbox 286 733 395 771; x_wconf 85' lang='lat' dir='ltr'>grata.</span> <span class='ocrx_word' id='word_1_83' title='bbox 446 726 557 760; x_wconf 86' lang='lat' dir='ltr'>Vetus</span> <span class='ocrx_word' id='word_1_84' title='bbox 575 723 731 758; x_wconf 85' lang='lat' dir='ltr'>Ecclesia</span> <span class='ocrx_word' id='word_1_85' title='bbox 749 736 852 768; x_wconf 82' lang='lat' dir='ltr'>quam</span> <span class='ocrx_word' id='word_1_86' title='bbox 872 722 995 758; x_wconf 79' lang='lat' dir='ltr'>habuit</span> <span class='ocrx_word' id='word_1_87' title='bbox 1016 724 1187 769; x_wconf 88' lang='lat' dir='ltr'>eloquen-</span> 
     </span>
     <span class='ocr_line' id='line_1_13' title="bbox 195 773 1187 822; baseline -0.005 -10"><span class='ocrx_word' id='word_1_88' title='bbox 195 786 245 812; x_wconf 89' lang='lat' dir='ltr'>tes</span> <span class='ocrx_word' id='word_1_89' title='bbox 267 778 475 822; x_wconf 76' lang='lat' dir='ltr'>scriptores,</span> <span class='ocrx_word' id='word_1_90' title='bbox 508 776 680 809; x_wconf 80' lang='lat' dir='ltr'>Basilium</span> <span class='ocrx_word' id='word_1_91' title='bbox 706 783 738 809; x_wconf 96' lang='lat' dir='ltr'>et</span> <span class='ocrx_word' id='word_1_92' title='bbox 761 775 869 815; x_wconf 89' lang='lat' dir='ltr'>alios,</span> <span class='ocrx_word' id='word_1_93' title='bbox 903 775 961 820; x_wconf 92' lang='lat' dir='ltr'>qui</span> <span class='ocrx_word' id='word_1_94' title='bbox 982 788 1060 808; x_wconf 90' lang='lat' dir='ltr'>cum</span> <span class='ocrx_word' id='word_1_95' title='bbox 1081 773 1187 808; x_wconf 84' lang='lat' dir='ltr'>habe-</span> 
     </span>
     <span class='ocr_line' id='line_1_14' title="bbox 193 825 1186 865; baseline -0.006 -1"><span class='ocrx_word' id='word_1_96' title='bbox 193 837 272 864; x_wconf 85' lang='lat' dir='ltr'>rent</span> <span class='ocrx_word' id='word_1_97' title='bbox 297 829 453 863; x_wconf 88' lang='lat' dir='ltr'>studium</span> <span class='ocrx_word' id='word_1_98' title='bbox 477 834 569 861; x_wconf 89' lang='lat' dir='ltr'>recte</span> <span class='ocrx_word' id='word_1_99' title='bbox 594 827 753 865; x_wconf 88' lang='lat' dir='ltr'>dicendi,</span> <span class='ocrx_word' id='word_1_100' title='bbox 789 828 978 861; x_wconf 87' lang='lat' dir='ltr'>curabant:</span> <span class='ocrx_word' id='word_1_101' title='bbox 1016 825 1186 863; x_wconf 80' lang='lat' dir='ltr'>Primum,</span> 
     </span>
     <span class='ocr_line' id='line_1_15' title="bbox 195 877 1188 923; baseline -0.005 -9"><span class='ocrx_word' id='word_1_102' title='bbox 195 888 235 915; x_wconf 90' lang='lat' dir='ltr'>ut</span> <span class='ocrx_word' id='word_1_103' title='bbox 258 892 312 913; x_wconf 90' lang='lat' dir='ltr'>res</span> <span class='ocrx_word' id='word_1_104' title='bbox 336 880 427 923; x_wconf 86' lang='lat' dir='ltr'>ipsas</span> <span class='ocrx_word' id='word_1_105' title='bbox 448 886 540 912; x_wconf 88' lang='lat' dir='ltr'>recte</span> <span class='ocrx_word' id='word_1_106' title='bbox 561 877 815 921; x_wconf 79' lang='lat' dir='ltr'>intelligerent,</span> <span class='ocrx_word' id='word_1_107' title='bbox 842 884 958 921; x_wconf 89' lang='lat' dir='ltr'>postea</span> <span class='ocrx_word' id='word_1_108' title='bbox 986 884 1023 911; x_wconf 92' lang='lat' dir='ltr'>ut</span> <span class='ocrx_word' id='word_1_109' title='bbox 1047 877 1188 922; x_wconf 88' lang='lat' dir='ltr'>proprie</span> 
     </span>
     <span class='ocr_line' id='line_1_16' title="bbox 195 927 1186 976; baseline -0.005 -10"><span class='ocrx_word' id='word_1_110' title='bbox 195 939 227 966; x_wconf 86' lang='lat' dir='ltr'>et</span> <span class='ocrx_word' id='word_1_111' title='bbox 252 931 432 976; x_wconf 86' lang='lat' dir='ltr'>perspicue</span> <span class='ocrx_word' id='word_1_112' title='bbox 459 929 536 962; x_wconf 89' lang='lat' dir='ltr'>aliis</span> <span class='ocrx_word' id='word_1_113' title='bbox 562 931 750 963; x_wconf 79' lang='lat' dir='ltr'>traderent.</span> <span class='ocrx_word' id='word_1_114' title='bbox 806 927 888 961; x_wconf 76' lang='lat' dir='ltr'>Ideo</span> <span class='ocrx_word' id='word_1_115' title='bbox 907 928 1076 962; x_wconf 86' lang='lat' dir='ltr'>sincerior</span> <span class='ocrx_word' id='word_1_116' title='bbox 1094 928 1186 973; x_wconf 84' lang='lat' dir='ltr'>apud</span> 
     </span>
     <span class='ocr_line' id='line_1_17' title="bbox 195 979 1187 1026; baseline -0.004 -10"><span class='ocrx_word' id='word_1_117' title='bbox 195 995 252 1016; x_wconf 88' lang='lat' dir='ltr'>eos</span> <span class='ocrx_word' id='word_1_118' title='bbox 270 981 429 1015; x_wconf 81' lang='lat' dir='ltr'>doctrina</span> <span class='ocrx_word' id='word_1_119' title='bbox 447 987 515 1022; x_wconf 85' lang='lat' dir='ltr'>est,</span> <span class='ocrx_word' id='word_1_120' title='bbox 539 993 644 1026; x_wconf 88' lang='lat' dir='ltr'>quam</span> <span class='ocrx_word' id='word_1_121' title='bbox 664 980 700 1013; x_wconf 90' lang='lat' dir='ltr'>in</span> <span class='ocrx_word' id='word_1_122' title='bbox 723 979 997 1024; x_wconf 83' lang='lat' dir='ltr'>posterioribus,</span> <span class='ocrx_word' id='word_1_123' title='bbox 1022 980 1083 1024; x_wconf 85' lang='lat' dir='ltr'>qui</span> <span class='ocrx_word' id='word_1_124' title='bbox 1107 979 1187 1012; x_wconf 91' lang='lat' dir='ltr'>nnl-</span> 
     </span>
     <span class='ocr_line' id='line_1_18' title="bbox 194 1029 1186 1076; baseline -0.005 -9"><span class='ocrx_word' id='word_1_125' title='bbox 194 1035 264 1067; x_wconf 90' lang='lat' dir='ltr'>lam</span> <span class='ocrx_word' id='word_1_126' title='bbox 290 1033 327 1066; x_wconf 92' lang='lat' dir='ltr'>in</span> <span class='ocrx_word' id='word_1_127' title='bbox 355 1033 505 1066; x_wconf 86' lang='lat' dir='ltr'>dicendo</span> <span class='ocrx_word' id='word_1_128' title='bbox 531 1043 650 1064; x_wconf 85' lang='lat' dir='ltr'>curam</span> <span class='ocrx_word' id='word_1_129' title='bbox 675 1029 928 1065; x_wconf 87' lang='lat' dir='ltr'>adhibuerunt.</span> <span class='ocrx_word' id='word_1_130' title='bbox 981 1030 1076 1073; x_wconf 84' lang='lat' dir='ltr'>Quid</span> <span class='ocrx_word' id='word_1_131' title='bbox 1094 1031 1186 1076; x_wconf 86' lang='lat' dir='ltr'>quod</span> 
     </span>
     <span class='ocr_line' id='line_1_19' title="bbox 195 1082 1188 1129; baseline -0.004 -11"><span class='ocrx_word' id='word_1_132' title='bbox 195 1085 269 1129; x_wconf 86' lang='lat' dir='ltr'>ipse</span> <span class='ocrx_word' id='word_1_133' title='bbox 286 1096 399 1117; x_wconf 89' lang='lat' dir='ltr'>sermo</span> <span class='ocrx_word' id='word_1_134' title='bbox 420 1084 454 1116; x_wconf 89' lang='lat' dir='ltr'>in</span> <span class='ocrx_word' id='word_1_135' title='bbox 472 1083 579 1116; x_wconf 88' lang='lat' dir='ltr'>sacris</span> <span class='ocrx_word' id='word_1_136' title='bbox 596 1082 707 1116; x_wconf 79' lang='lat' dir='ltr'>literis</span> <span class='ocrx_word' id='word_1_137' title='bbox 725 1082 875 1125; x_wconf 80' lang='lat' dir='ltr'>intelligi</span> <span class='ocrx_word' id='word_1_138' title='bbox 893 1089 926 1116; x_wconf 88' lang='lat' dir='ltr'>et</span> <span class='ocrx_word' id='word_1_139' title='bbox 949 1082 1096 1115; x_wconf 90' lang='lat' dir='ltr'>iudicari</span> <span class='ocrx_word' id='word_1_140' title='bbox 1116 1094 1188 1115; x_wconf 91' lang='lat' dir='ltr'>non</span> 
     </span>
     <span class='ocr_line' id='line_1_20' title="bbox 195 1133 1190 1180; baseline -0.004 -11"><span class='ocrx_word' id='word_1_141' title='bbox 195 1135 279 1170; x_wconf 90' lang='lat' dir='ltr'>satis</span> <span class='ocrx_word' id='word_1_142' title='bbox 296 1142 426 1180; x_wconf 88' lang='lat' dir='ltr'>potest,</span> <span class='ocrx_word' id='word_1_143' title='bbox 451 1134 519 1168; x_wconf 88' lang='lat' dir='ltr'>nisi</span> <span class='ocrx_word' id='word_1_144' title='bbox 544 1133 632 1167; x_wconf 87' lang='lat' dir='ltr'>ratio</span> <span class='ocrx_word' id='word_1_145' title='bbox 648 1134 789 1167; x_wconf 86' lang='lat' dir='ltr'>dicendi</span> <span class='ocrx_word' id='word_1_146' title='bbox 813 1140 846 1167; x_wconf 92' lang='lat' dir='ltr'>et</span> <span class='ocrx_word' id='word_1_147' title='bbox 868 1133 1058 1177; x_wconf 85' lang='lat' dir='ltr'>figurarum</span> <span class='ocrx_word' id='word_1_148' title='bbox 1083 1133 1190 1166; x_wconf 89' lang='lat' dir='ltr'>intel—</span> 
     </span>
     <span class='ocr_line' id='line_1_21' title="bbox 197 1184 1188 1231; baseline -0.003 -11"><span class='ocrx_word' id='word_1_149' title='bbox 197 1188 336 1231; x_wconf 84' lang='lat' dir='ltr'>ligatur.</span> <span class='ocrx_word' id='word_1_150' title='bbox 390 1185 514 1219; x_wconf 81' lang='lat' dir='ltr'>Dicam</span> <span class='ocrx_word' id='word_1_151' title='bbox 543 1185 678 1230; x_wconf 86' lang='lat' dir='ltr'>aliquid</span> <span class='ocrx_word' id='word_1_152' title='bbox 710 1185 814 1218; x_wconf 86' lang='lat' dir='ltr'>etiam</span> <span class='ocrx_word' id='word_1_153' title='bbox 846 1185 889 1217; x_wconf 90' lang='lat' dir='ltr'>de</span> <span class='ocrx_word' id='word_1_154' title='bbox 923 1197 999 1218; x_wconf 91' lang='lat' dir='ltr'>meo</span> <span class='ocrx_word' id='word_1_155' title='bbox 1030 1184 1188 1222; x_wconf 86' lang='lat' dir='ltr'>artificio,</span> 
     </span>
     <span class='ocr_line' id='line_1_22' title="bbox 196 1235 1189 1280; baseline -0.003 -9"><span class='ocrx_word' id='word_1_156' title='bbox 196 1238 378 1278; x_wconf 83' lang='lat' dir='ltr'>videlicet,</span> <span class='ocrx_word' id='word_1_157' title='bbox 421 1238 464 1270; x_wconf 91' lang='lat' dir='ltr'>de</span> <span class='ocrx_word' id='word_1_158' title='bbox 491 1236 645 1270; x_wconf 71' lang='lat' dir='ltr'>poetica.</span> <span class='ocrx_word' id='word_1_159' title='bbox 706 1235 839 1269; x_wconf 87' lang='lat' dir='ltr'>Psalmi</span> <span class='ocrx_word' id='word_1_160' title='bbox 867 1247 990 1279; x_wconf 87' lang='lat' dir='ltr'>magna</span> <span class='ocrx_word' id='word_1_161' title='bbox 1025 1248 1064 1268; x_wconf 82' lang='lat' dir='ltr'>ex</span> <span class='ocrx_word' id='word_1_162' title='bbox 1094 1242 1189 1280; x_wconf 84' lang='lat' dir='ltr'>parte</span> 
     </span>
     <span class='ocr_line' id='line_1_23' title="bbox 197 1287 1188 1334; baseline -0.004 -11"><span class='ocrx_word' id='word_1_163' title='bbox 197 1300 340 1334; x_wconf 88' lang='lat' dir='ltr'>prorsus</span> <span class='ocrx_word' id='word_1_164' title='bbox 368 1287 513 1332; x_wconf 69' lang='lat' dir='ltr'>poeticis</span> <span class='ocrx_word' id='word_1_165' title='bbox 538 1287 685 1332; x_wconf 88' lang='lat' dir='ltr'>picturis</span> <span class='ocrx_word' id='word_1_166' title='bbox 715 1287 829 1320; x_wconf 86' lang='lat' dir='ltr'>ornati</span> <span class='ocrx_word' id='word_1_167' title='bbox 853 1294 957 1327; x_wconf 86' lang='lat' dir='ltr'>sunt,</span> <span class='ocrx_word' id='word_1_168' title='bbox 991 1299 1080 1332; x_wconf 90' lang='lat' dir='ltr'>quae</span> <span class='ocrx_word' id='word_1_169' title='bbox 1108 1299 1188 1331; x_wconf 91' lang='lat' dir='ltr'>pro-</span> 
     </span>
     <span class='ocr_line' id='line_1_24' title="bbox 196 1335 1189 1383; baseline -0.004 -9"><span class='ocrx_word' id='word_1_170' title='bbox 196 1342 284 1374; x_wconf 79' lang='lat' dir='ltr'>fecto</span> <span class='ocrx_word' id='word_1_171' title='bbox 309 1351 381 1372; x_wconf 90' lang='lat' dir='ltr'>non</span> <span class='ocrx_word' id='word_1_172' title='bbox 406 1345 551 1383; x_wconf 89' lang='lat' dir='ltr'>possunt</span> <span class='ocrx_word' id='word_1_173' title='bbox 575 1339 715 1382; x_wconf 77' lang='lat' dir='ltr'>agnosci</span> <span class='ocrx_word' id='word_1_174' title='bbox 734 1339 778 1371; x_wconf 86' lang='lat' dir='ltr'>ab</span> <span class='ocrx_word' id='word_1_175' title='bbox 799 1335 873 1377; x_wconf 84' lang='lat' dir='ltr'>his,</span> <span class='ocrx_word' id='word_1_176' title='bbox 901 1338 1057 1383; x_wconf 86' lang='lat' dir='ltr'>quisunt</span> <span class='ocrx_word' id='word_1_177' title='bbox 1076 1337 1189 1381; x_wconf 85' lang='lat' dir='ltr'>ignari</span> 
     </span>
     <span class='ocr_line' id='line_1_25' title="bbox 194 1389 1191 1433; baseline -0.004 -8"><span class='ocrx_word' id='word_1_178' title='bbox 194 1391 366 1426; x_wconf 70' lang='lat' dir='ltr'>poetices.</span> <span class='ocrx_word' id='word_1_179' title='bbox 421 1389 492 1423; x_wconf 76' lang='lat' dir='ltr'>Nec</span> <span class='ocrx_word' id='word_1_180' title='bbox 510 1389 653 1423; x_wconf 86' lang='lat' dir='ltr'>difficile</span> <span class='ocrx_word' id='word_1_181' title='bbox 671 1396 721 1423; x_wconf 84' lang='lat' dir='ltr'>est</span> <span class='ocrx_word' id='word_1_182' title='bbox 739 1389 890 1433; x_wconf 91' lang='lat' dir='ltr'>plurima</span> <span class='ocrx_word' id='word_1_183' title='bbox 909 1389 1066 1433; x_wconf 85' lang='lat' dir='ltr'>exempla</span> <span class='ocrx_word' id='word_1_184' title='bbox 1087 1401 1191 1421; x_wconf 91' lang='lat' dir='ltr'>mou-</span> 
     </span>
     <span class='ocr_line' id='line_1_26' title="bbox 196 1437 1190 1486; baseline -0.003 -10"><span class='ocrx_word' id='word_1_185' title='bbox 196 1450 315 1478; x_wconf 86' lang='lat' dir='ltr'>strare.</span> <span class='ocrx_word' id='word_1_186' title='bbox 369 1442 410 1475; x_wconf 87' lang='lat' dir='ltr'>In</span> <span class='ocrx_word' id='word_1_187' title='bbox 431 1440 571 1474; x_wconf 88' lang='lat' dir='ltr'>Psalmo</span> <span class='ocrx_word' id='word_1_188' title='bbox 594 1441 636 1474; x_wconf 92' lang='lat' dir='ltr'>de</span> <span class='ocrx_word' id='word_1_189' title='bbox 655 1440 860 1474; x_wconf 87' lang='lat' dir='ltr'>concordia:</span> <span class='ocrx_word' id='word_1_190' title='bbox 880 1437 979 1480; x_wconf 24' lang='lat' dir='ltr'>,Ecce</span> <span class='ocrx_word' id='word_1_191' title='bbox 994 1452 1099 1486; x_wconf 89' lang='lat' dir='ltr'>quam</span> <span class='ocrx_word' id='word_1_192' title='bbox 1126 1440 1190 1473; x_wconf 93' lang='lat' dir='ltr'>bo—</span> 
     </span>
     <span class='ocr_line' id='line_1_27' title="bbox 196 1490 1191 1538; baseline -0.005 -10"><span class='ocrx_word' id='word_1_193' title='bbox 196 1506 300 1534; x_wconf 88' lang='lat' dir='ltr'>uum,</span> <span class='ocrx_word' id='word_1_194' title='bbox 328 1499 508 1538; x_wconf 85' lang='lat' dir='ltr'>comparat</span> <span class='ocrx_word' id='word_1_195' title='bbox 529 1492 755 1526; x_wconf 88' lang='lat' dir='ltr'>concordiam</span> <span class='ocrx_word' id='word_1_196' title='bbox 774 1492 947 1530; x_wconf 86' lang='lat' dir='ltr'>balsamo,</span> <span class='ocrx_word' id='word_1_197' title='bbox 976 1504 1046 1537; x_wconf 90' lang='lat' dir='ltr'>quo</span> <span class='ocrx_word' id='word_1_198' title='bbox 1064 1490 1191 1524; x_wconf 85' lang='lat' dir='ltr'>Ponti-</span> 
     </span>
     <span class='ocr_line' id='line_1_28' title="bbox 193 1542 1190 1589; baseline -0.005 -10"><span class='ocrx_word' id='word_1_199' title='bbox 193 1547 250 1579; x_wconf 82' lang='lat' dir='ltr'>fex</span> <span class='ocrx_word' id='word_1_200' title='bbox 267 1545 428 1589; x_wconf 80' lang='lat' dir='ltr'>ungitur3</span> <span class='ocrx_word' id='word_1_201' title='bbox 456 1543 655 1587; x_wconf 85' lang='lat' dir='ltr'>significans</span> <span class='ocrx_word' id='word_1_202' title='bbox 672 1543 915 1577; x_wconf 70' lang='lat' dir='ltr'>suavissimam</span> <span class='ocrx_word' id='word_1_203' title='bbox 934 1554 1022 1584; x_wconf 88' lang='lat' dir='ltr'>esse,</span> <span class='ocrx_word' id='word_1_204' title='bbox 1047 1542 1128 1588; x_wconf 88' lang='lat' dir='ltr'>quia</span> <span class='ocrx_word' id='word_1_205' title='bbox 1152 1542 1190 1574; x_wconf 91' lang='lat' dir='ltr'>in</span> 
     </span>
     <span class='ocr_line' id='line_1_29' title="bbox 193 1592 1190 1640; baseline -0.008 -7"><span class='ocrx_word' id='word_1_206' title='bbox 193 1596 334 1640; x_wconf 87' lang='lat' dir='ltr'>Repub.</span> <span class='ocrx_word' id='word_1_207' title='bbox 356 1596 391 1629; x_wconf 93' lang='lat' dir='ltr'>in</span> <span class='ocrx_word' id='word_1_208' title='bbox 408 1595 573 1629; x_wconf 89' lang='lat' dir='ltr'>omnibus</span> <span class='ocrx_word' id='word_1_209' title='bbox 591 1595 757 1639; x_wconf 90' lang='lat' dir='ltr'>periculis</span> <span class='ocrx_word' id='word_1_210' title='bbox 779 1593 964 1628; x_wconf 89' lang='lat' dir='ltr'>utilissima</span> <span class='ocrx_word' id='word_1_211' title='bbox 985 1600 1046 1628; x_wconf 90' lang='lat' dir='ltr'>est.</span> <span class='ocrx_word' id='word_1_212' title='bbox 1100 1592 1190 1626; x_wconf 76' lang='lat' dir='ltr'>Vide</span> 
     </span>
     <span class='ocr_line' id='line_1_30' title="bbox 195 1644 1190 1692; baseline -0.005 -11"><span class='ocrx_word' id='word_1_213' title='bbox 195 1654 311 1681; x_wconf 86' lang='lat' dir='ltr'>antem</span> <span class='ocrx_word' id='word_1_214' title='bbox 329 1658 434 1692; x_wconf 86' lang='lat' dir='ltr'>quam</span> <span class='ocrx_word' id='word_1_215' title='bbox 453 1653 596 1679; x_wconf 84' lang='lat' dir='ltr'>venuste</span> <span class='ocrx_word' id='word_1_216' title='bbox 611 1646 730 1691; x_wconf 83' lang='lat' dir='ltr'>pingat</span> <span class='ocrx_word' id='word_1_217' title='bbox 749 1645 784 1678; x_wconf 92' lang='lat' dir='ltr'>in</span> <span class='ocrx_word' id='word_1_218' title='bbox 796 1644 965 1678; x_wconf 82' lang='lat' dir='ltr'>Pontifice</span> <span class='ocrx_word' id='word_1_219' title='bbox 982 1645 1190 1683; x_wconf 76' lang='lat' dir='ltr'>balsamum,</span> 
     </span>
     <span class='ocr_line' id='line_1_31' title="bbox 195 1693 1190 1742; baseline -0.004 -10"><span class='ocrx_word' id='word_1_220' title='bbox 195 1699 232 1732; x_wconf 89' lang='lat' dir='ltr'>in</span> <span class='ocrx_word' id='word_1_221' title='bbox 256 1699 401 1732; x_wconf 83' lang='lat' dir='ltr'>barbam</span> <span class='ocrx_word' id='word_1_222' title='bbox 420 1705 452 1731; x_wconf 90' lang='lat' dir='ltr'>et</span> <span class='ocrx_word' id='word_1_223' title='bbox 473 1697 508 1729; x_wconf 91' lang='lat' dir='ltr'>in</span> <span class='ocrx_word' id='word_1_224' title='bbox 530 1703 635 1731; x_wconf 87' lang='lat' dir='ltr'>totam</span> <span class='ocrx_word' id='word_1_225' title='bbox 661 1697 788 1742; x_wconf 89' lang='lat' dir='ltr'>pallam</span> <span class='ocrx_word' id='word_1_226' title='bbox 807 1696 976 1731; x_wconf 82' lang='lat' dir='ltr'>defluens.</span> <span class='ocrx_word' id='word_1_227' title='bbox 1028 1694 1101 1729; x_wconf 92' lang='lat' dir='ltr'>Cur</span> <span class='ocrx_word' id='word_1_228' title='bbox 1126 1693 1190 1728; x_wconf 85' lang='lat' dir='ltr'>hac</span> 
     </span>
     <span class='ocr_line' id='line_1_32' title="bbox 194 1746 1188 1794; baseline -0.005 -10"><span class='ocrx_word' id='word_1_229' title='bbox 194 1751 306 1784; x_wconf 90' lang='lat' dir='ltr'>utitur</span> <span class='ocrx_word' id='word_1_230' title='bbox 328 1748 491 1794; x_wconf 71' lang='lat' dir='ltr'>pictura?</span> <span class='ocrx_word' id='word_1_231' title='bbox 527 1761 599 1782; x_wconf 89' lang='lat' dir='ltr'>non</span> <span class='ocrx_word' id='word_1_232' title='bbox 618 1749 730 1781; x_wconf 90' lang='lat' dir='ltr'>solum</span> <span class='ocrx_word' id='word_1_233' title='bbox 749 1748 829 1793; x_wconf 86' lang='lat' dir='ltr'>qnia</span> <span class='ocrx_word' id='word_1_234' title='bbox 855 1747 942 1780; x_wconf 89' lang='lat' dir='ltr'>illud</span> <span class='ocrx_word' id='word_1_235' title='bbox 965 1746 1188 1780; x_wconf 80' lang='lat' dir='ltr'>Pontificium</span> 
     </span>
     <span class='ocr_line' id='line_1_33' title="bbox 195 1799 1189 1843; baseline -0.005 -8"><span class='ocrx_word' id='word_1_236' title='bbox 195 1802 392 1835; x_wconf 78' lang='lat' dir='ltr'>balsamum</span> <span class='ocrx_word' id='word_1_237' title='bbox 424 1806 498 1833; x_wconf 87' lang='lat' dir='ltr'>erat</span> <span class='ocrx_word' id='word_1_238' title='bbox 529 1799 890 1843; x_wconf 83' lang='lat' dir='ltr'>praestantissimum,</span> <span class='ocrx_word' id='word_1_239' title='bbox 933 1799 990 1830; x_wconf 90' lang='lat' dir='ltr'>sed</span> <span class='ocrx_word' id='word_1_240' title='bbox 1022 1799 1124 1830; x_wconf 80' lang='lat' dir='ltr'>etiam</span> <span class='ocrx_word' id='word_1_241' title='bbox 1153 1804 1189 1830; x_wconf 91' lang='lat' dir='ltr'>nt</span> 
     </span>
     <span class='ocr_line' id='line_1_34' title="bbox 196 1849 1190 1898; baseline -0.006 -11"><span class='ocrx_word' id='word_1_242' title='bbox 196 1853 365 1898; x_wconf 77' lang='lat' dir='ltr'>significet</span> <span class='ocrx_word' id='word_1_243' title='bbox 390 1851 425 1884; x_wconf 90' lang='lat' dir='ltr'>in</span> <span class='ocrx_word' id='word_1_244' title='bbox 446 1850 585 1895; x_wconf 81' lang='lat' dir='ltr'>Repnb.</span> <span class='ocrx_word' id='word_1_245' title='bbox 605 1851 831 1895; x_wconf 81' lang='lat' dir='ltr'>praecipuum</span> <span class='ocrx_word' id='word_1_246' title='bbox 856 1849 1064 1882; x_wconf 75' lang='lat' dir='ltr'>concordiae</span> <span class='ocrx_word' id='word_1_247' title='bbox 1089 1857 1190 1882; x_wconf 89' lang='lat' dir='ltr'>anto-</span> 
     </span>
     <span class='ocr_line' id='line_1_35' title="bbox 195 1900 1191 1940; baseline -0.006 -2"><span class='ocrx_word' id='word_1_248' title='bbox 195 1917 268 1939; x_wconf 88' lang='lat' dir='ltr'>rem</span> <span class='ocrx_word' id='word_1_249' title='bbox 296 1915 366 1937; x_wconf 82' lang='lat' dir='ltr'>esse</span> <span class='ocrx_word' id='word_1_250' title='bbox 391 1903 518 1935; x_wconf 88' lang='lat' dir='ltr'>debere</span> <span class='ocrx_word' id='word_1_251' title='bbox 543 1901 761 1936; x_wconf 78' lang='lat' dir='ltr'>Pontificem.</span> <span class='ocrx_word' id='word_1_252' title='bbox 830 1900 946 1934; x_wconf 86' lang='lat' dir='ltr'>Huius</span> <span class='ocrx_word' id='word_1_253' title='bbox 971 1912 1100 1934; x_wconf 88' lang='lat' dir='ltr'>munus</span> <span class='ocrx_word' id='word_1_254' title='bbox 1130 1907 1191 1940; x_wconf 83' lang='lat' dir='ltr'>est,</span> 
     </span>
     <span class='ocr_line' id='line_1_36' title="bbox 196 1951 1189 1991; baseline -0.007 -1"><span class='ocrx_word' id='word_1_255' title='bbox 196 1958 330 1991; x_wconf 81' lang='lat' dir='ltr'>efficere</span> <span class='ocrx_word' id='word_1_256' title='bbox 357 1966 394 1987; x_wconf 85' lang='lat' dir='ltr'>ac</span> <span class='ocrx_word' id='word_1_257' title='bbox 420 1954 508 1987; x_wconf 83' lang='lat' dir='ltr'>tueri</span> <span class='ocrx_word' id='word_1_258' title='bbox 536 1954 717 1986; x_wconf 88' lang='lat' dir='ltr'>doctrinae</span> <span class='ocrx_word' id='word_1_259' title='bbox 737 1964 958 1987; x_wconf 85' lang='lat' dir='ltr'>consensum.</span> <span class='ocrx_word' id='word_1_260' title='bbox 1012 1951 1080 1985; x_wconf 86' lang='lat' dir='ltr'>Sed</span> <span class='ocrx_word' id='word_1_261' title='bbox 1106 1951 1189 1984; x_wconf 92' lang='lat' dir='ltr'>nolo</span> 
     </span>
     <span class='ocr_line' id='line_1_37' title="bbox 195 2000 1190 2051; baseline -0.006 -10"><span class='ocrx_word' id='word_1_262' title='bbox 195 2019 266 2041; x_wconf 89' lang='lat' dir='ltr'>esse</span> <span class='ocrx_word' id='word_1_263' title='bbox 303 2005 474 2051; x_wconf 80' lang='lat' dir='ltr'>prolixior</span> <span class='ocrx_word' id='word_1_264' title='bbox 503 2004 538 2037; x_wconf 90' lang='lat' dir='ltr'>in</span> <span class='ocrx_word' id='word_1_265' title='bbox 573 2017 608 2037; x_wconf 89' lang='lat' dir='ltr'>re</span> <span class='ocrx_word' id='word_1_266' title='bbox 644 2004 848 2043; x_wconf 83' lang='lat' dir='ltr'>manifesta,</span> <span class='ocrx_word' id='word_1_267' title='bbox 887 2016 968 2036; x_wconf 87' lang='lat' dir='ltr'>nam</span> <span class='ocrx_word' id='word_1_268' title='bbox 998 2000 1190 2045; x_wconf 78' lang='lat' dir='ltr'>Theotogis</span> 
     </span>
     <span class='ocr_line' id='line_1_38' title="bbox 196 2053 1190 2104; baseline -0.005 -13"><span class='ocrx_word' id='word_1_269' title='bbox 196 2071 283 2104; x_wconf 85' lang='lat' dir='ltr'>opus</span> <span class='ocrx_word' id='word_1_270' title='bbox 304 2069 376 2090; x_wconf 85' lang='lat' dir='ltr'>esse</span> <span class='ocrx_word' id='word_1_271' title='bbox 395 2054 458 2089; x_wconf 83' lang='lat' dir='ltr'>bac</span> <span class='ocrx_word' id='word_1_272' title='bbox 485 2056 641 2097; x_wconf 87' lang='lat' dir='ltr'>cultura,</span> <span class='ocrx_word' id='word_1_273' title='bbox 669 2063 701 2089; x_wconf 88' lang='lat' dir='ltr'>et</span> <span class='ocrx_word' id='word_1_274' title='bbox 729 2053 782 2088; x_wconf 79' lang='lat' dir='ltr'>liis</span> <span class='ocrx_word' id='word_1_275' title='bbox 809 2055 941 2095; x_wconf 90' lang='lat' dir='ltr'>literis,</span> <span class='ocrx_word' id='word_1_276' title='bbox 968 2066 1056 2100; x_wconf 88' lang='lat' dir='ltr'>quae</span> <span class='ocrx_word' id='word_1_277' title='bbox 1082 2054 1190 2087; x_wconf 88' lang='lat' dir='ltr'>ratio-</span> 
     </span>
     <span class='ocr_line' id='line_1_39' title="bbox 196 2106 1189 2146; baseline -0.004 -3"><span class='ocrx_word' id='word_1_278' title='bbox 196 2123 275 2143; x_wconf 80' lang='lat' dir='ltr'>nem</span> <span class='ocrx_word' id='word_1_279' title='bbox 316 2108 455 2141; x_wconf 90' lang='lat' dir='ltr'>dicendi</span> <span class='ocrx_word' id='word_1_280' title='bbox 502 2108 664 2146; x_wconf 77' lang='lat' dir='ltr'>tradunt,</span> <span class='ocrx_word' id='word_1_281' title='bbox 710 2106 855 2139; x_wconf 88' lang='lat' dir='ltr'>minime</span> <span class='ocrx_word' id='word_1_282' title='bbox 896 2106 1085 2139; x_wconf 90' lang='lat' dir='ltr'>obscurum</span> <span class='ocrx_word' id='word_1_283' title='bbox 1130 2111 1189 2139; x_wconf 86' lang='lat' dir='ltr'>est.</span> 
     </span>
     <span class='ocr_line' id='line_1_40' title="bbox 194 2158 1190 2205; baseline -0.006 -10"><span class='ocrx_word' id='word_1_284' title='bbox 194 2160 320 2195; x_wconf 83' lang='lat' dir='ltr'>Nescio</span> <span class='ocrx_word' id='word_1_285' title='bbox 337 2171 426 2205; x_wconf 82' lang='lat' dir='ltr'>quae</span> <span class='ocrx_word' id='word_1_286' title='bbox 449 2170 501 2191; x_wconf 88' lang='lat' dir='ltr'>res</span> <span class='ocrx_word' id='word_1_287' title='bbox 527 2159 635 2202; x_wconf 90' lang='lat' dir='ltr'>magis</span> <span class='ocrx_word' id='word_1_288' title='bbox 653 2158 874 2191; x_wconf 79' lang='lat' dir='ltr'>inflammare</span> <span class='ocrx_word' id='word_1_289' title='bbox 889 2168 1074 2201; x_wconf 84' lang='lat' dir='ltr'>generosas</span> <span class='ocrx_word' id='word_1_290' title='bbox 1091 2169 1190 2189; x_wconf 91' lang='lat' dir='ltr'>men-</span> 
     </span>
     <span class='ocr_line' id='line_1_41' title="bbox 195 2208 1190 2256; baseline -0.006 -10"><span class='ocrx_word' id='word_1_291' title='bbox 195 2221 244 2247; x_wconf 89' lang='lat' dir='ltr'>tes</span> <span class='ocrx_word' id='word_1_292' title='bbox 269 2212 395 2256; x_wconf 82' lang='lat' dir='ltr'>possit.</span> <span class='ocrx_word' id='word_1_293' title='bbox 432 2222 535 2255; x_wconf 82' lang='lat' dir='ltr'>quam</span> <span class='ocrx_word' id='word_1_294' title='bbox 564 2210 703 2254; x_wconf 86' lang='lat' dir='ltr'>publica</span> <span class='ocrx_word' id='word_1_295' title='bbox 730 2209 884 2249; x_wconf 64' lang='lat' dir='ltr'>utilium,</span> <span class='ocrx_word' id='word_1_296' title='bbox 918 2220 979 2242; x_wconf 91' lang='lat' dir='ltr'>seu</span> <span class='ocrx_word' id='word_1_297' title='bbox 1006 2208 1190 2241; x_wconf 77' lang='lat' dir='ltr'>necessitas</span> 
     </span>
     <span class='ocr_line' id='line_1_42' title="bbox 195 2259 1190 2309; baseline -0.005 -12"><span class='ocrx_word' id='word_1_298' title='bbox 195 2264 322 2309; x_wconf 86' lang='lat' dir='ltr'>potius.</span> <span class='ocrx_word' id='word_1_299' title='bbox 377 2261 528 2294; x_wconf 75' lang='lat' dir='ltr'>Ostendi</span> <span class='ocrx_word' id='word_1_300' title='bbox 555 2268 669 2294; x_wconf 89' lang='lat' dir='ltr'>antem</span> <span class='ocrx_word' id='word_1_301' title='bbox 695 2259 846 2305; x_wconf 79' lang='lat' dir='ltr'>Reipub.</span> <span class='ocrx_word' id='word_1_302' title='bbox 866 2271 1078 2304; x_wconf 84' lang='lat' dir='ltr'>magnopere</span> <span class='ocrx_word' id='word_1_303' title='bbox 1103 2270 1190 2303; x_wconf 87' lang='lat' dir='ltr'>opus</span> 
     </span>
     <span class='ocr_line' id='line_1_43' title="bbox 194 2310 1189 2358; baseline -0.006 -9"><span class='ocrx_word' id='word_1_304' title='bbox 194 2327 279 2353; x_wconf 73' lang='lat' dir='ltr'>esse„</span> <span class='ocrx_word' id='word_1_305' title='bbox 307 2313 510 2358; x_wconf 78' lang='lat' dir='ltr'>praesertim</span> <span class='ocrx_word' id='word_1_306' title='bbox 533 2310 598 2345; x_wconf 79' lang='lat' dir='ltr'>lioc</span> <span class='ocrx_word' id='word_1_307' title='bbox 617 2319 786 2356; x_wconf 82' lang='lat' dir='ltr'>tempore,</span> <span class='ocrx_word' id='word_1_308' title='bbox 813 2311 1036 2357; x_wconf 80' lang='lat' dir='ltr'>eloquentiae</span> <span class='ocrx_word' id='word_1_309' title='bbox 1054 2311 1189 2350; x_wconf 82' lang='lat' dir='ltr'>studi03</span> 
     </span>
     <span class='ocr_line' id='line_1_44' title="bbox 195 2362 1189 2412; baseline -0.004 -13"><span class='ocrx_word' id='word_1_310' title='bbox 195 2368 287 2412; x_wconf 76' lang='lat' dir='ltr'>quod</span> <span class='ocrx_word' id='word_1_311' title='bbox 316 2366 340 2397; x_wconf 75' lang='lat' dir='ltr'>si</span> <span class='ocrx_word' id='word_1_312' title='bbox 370 2364 573 2405; x_wconf 70' lang='lat' dir='ltr'>cogitabunt</span> <span class='ocrx_word' id='word_1_313' title='bbox 598 2363 836 2397; x_wconf 75' lang='lat' dir='ltr'>adolescentes</span> <span class='ocrx_word' id='word_1_314' title='bbox 862 2363 1009 2407; x_wconf 88' lang='lat' dir='ltr'>praediti</span> <span class='ocrx_word' id='word_1_315' title='bbox 1034 2362 1138 2395; x_wconf 89' lang='lat' dir='ltr'>bonis</span> <span class='ocrx_word' id='word_1_316' title='bbox 1158 2368 1189 2395; x_wconf 91' lang='lat' dir='ltr'>et</span> 
     </span>
     <span class='ocr_line' id='line_1_45' title="bbox 196 2411 1189 2458; baseline -0.006 -7"><span class='ocrx_word' id='word_1_317' title='bbox 196 2418 298 2451; x_wconf 82' lang='lat' dir='ltr'>rectis</span> <span class='ocrx_word' id='word_1_318' title='bbox 324 2416 491 2458; x_wconf 77' lang='lat' dir='ltr'>ingeniis,</span> <span class='ocrx_word' id='word_1_319' title='bbox 527 2416 691 2448; x_wconf 83' lang='lat' dir='ltr'>accendet</span> <span class='ocrx_word' id='word_1_320' title='bbox 721 2427 796 2452; x_wconf 85' lang='lat' dir='ltr'>eos,</span> <span class='ocrx_word' id='word_1_321' title='bbox 834 2421 872 2447; x_wconf 89' lang='lat' dir='ltr'>ut</span> <span class='ocrx_word' id='word_1_322' title='bbox 898 2426 1019 2458; x_wconf 78' lang='lat' dir='ltr'>spero,</span> <span class='ocrx_word' id='word_1_323' title='bbox 1055 2414 1097 2446; x_wconf 91' lang='lat' dir='ltr'>ad</span> <span class='ocrx_word' id='word_1_324' title='bbox 1125 2411 1189 2447; x_wconf 84' lang='lat' dir='ltr'>hoc</span> 
     </span>
     <span class='ocr_line' id='line_1_46' title="bbox 194 2465 1189 2510; baseline -0.006 -7"><span class='ocrx_word' id='word_1_325' title='bbox 194 2469 349 2503; x_wconf 88' lang='lat' dir='ltr'>studium</span> <span class='ocrx_word' id='word_1_326' title='bbox 371 2467 521 2510; x_wconf 70' lang='lat' dir='ltr'>lieipnb.</span> <span class='ocrx_word' id='word_1_327' title='bbox 536 2479 644 2501; x_wconf 88' lang='lat' dir='ltr'>amur.</span> <span class='ocrx_word' id='word_1_328' title='bbox 683 2465 776 2499; x_wconf 84' lang='lat' dir='ltr'>llaec</span> <span class='ocrx_word' id='word_1_329' title='bbox 792 2478 894 2499; x_wconf 88' lang='lat' dir='ltr'>causa</span> <span class='ocrx_word' id='word_1_330' title='bbox 913 2466 948 2498; x_wconf 89' lang='lat' dir='ltr'>in</span> <span class='ocrx_word' id='word_1_331' title='bbox 969 2465 1072 2498; x_wconf 89' lang='lat' dir='ltr'>bonis</span> <span class='ocrx_word' id='word_1_332' title='bbox 1088 2476 1189 2510; x_wconf 85' lang='lat' dir='ltr'>prae-</span> 
     </span>
     <span class='ocr_line' id='line_1_47' title="bbox 194 2519 559 2566; baseline -0.008 -12"><span class='ocrx_word' id='word_1_333' title='bbox 194 2521 295 2566; x_wconf 84' lang='lat' dir='ltr'>cipue</span> <span class='ocrx_word' id='word_1_334' title='bbox 314 2519 428 2551; x_wconf 75' lang='lat' dir='ltr'>valere</span> <span class='ocrx_word' id='word_1_335' title='bbox 445 2519 559 2551; x_wconf 84' lang='lat' dir='ltr'>debet.</span> 
     </span>
    </p>
   </div>
   <div class='ocr_carea' id='block_1_3' title="bbox 189 2614 1188 2767">
    <p class='ocr_par' dir='ltr' id='par_1_3' title="bbox 189 2614 1188 2767">
     <span class='ocr_line' id='line_1_48' title="bbox 296 2614 1188 2663; baseline -0.007 -8"><span class='ocrx_word' id='word_1_336' title='bbox 296 2621 456 2656; x_wconf 83' lang='lat' dir='ltr'>Dicerem</span> <span class='ocrx_word' id='word_1_337' title='bbox 477 2621 519 2652; x_wconf 86' lang='lat' dir='ltr'>de</span> <span class='ocrx_word' id='word_1_338' title='bbox 538 2618 702 2662; x_wconf 87' lang='lat' dir='ltr'>praemiis</span> <span class='ocrx_word' id='word_1_339' title='bbox 725 2617 848 2658; x_wconf 84' lang='lat' dir='ltr'>etiam,</span> <span class='ocrx_word' id='word_1_340' title='bbox 877 2629 957 2650; x_wconf 89' lang='lat' dir='ltr'>nam</span> <span class='ocrx_word' id='word_1_341' title='bbox 978 2614 1032 2650; x_wconf 81' lang='lat' dir='ltr'>his</span> <span class='ocrx_word' id='word_1_342' title='bbox 1047 2628 1188 2663; x_wconf 82' lang='lat' dir='ltr'>quoque</span> 
     </span>
     <span class='ocr_line' id='line_1_49' title="bbox 190 2669 1187 2713; baseline -0.008 -4"><span class='ocrx_word' id='word_1_343' title='bbox 190 2681 379 2709; x_wconf 75' lang='lat' dir='ltr'>moventur</span> <span class='ocrx_word' id='word_1_344' title='bbox 406 2670 586 2708; x_wconf 78' lang='lat' dir='ltr'>homines,</span> <span class='ocrx_word' id='word_1_345' title='bbox 618 2670 677 2702; x_wconf 86' lang='lat' dir='ltr'>sed</span> <span class='ocrx_word' id='word_1_346' title='bbox 701 2669 734 2701; x_wconf 86' lang='lat' dir='ltr'>in</span> <span class='ocrx_word' id='word_1_347' title='bbox 761 2669 828 2702; x_wconf 74' lang='lat' dir='ltr'>vita</span> <span class='ocrx_word' id='word_1_348' title='bbox 854 2681 955 2713; x_wconf 85' lang='lat' dir='ltr'>saepe</span> <span class='ocrx_word' id='word_1_349' title='bbox 979 2669 1124 2709; x_wconf 78' lang='lat' dir='ltr'>accidit,</span> <span class='ocrx_word' id='word_1_350' title='bbox 1151 2675 1187 2702; x_wconf 90' lang='lat' dir='ltr'>nt</span> 
     </span>
     <span class='ocr_line' id='line_1_50' title="bbox 189 2719 1187 2767; baseline -0.009 -6"><span class='ocrx_word' id='word_1_351' title='bbox 189 2728 322 2761; x_wconf 88' lang='lat' dir='ltr'>maiora</span> <span class='ocrx_word' id='word_1_352' title='bbox 358 2725 427 2759; x_wconf 88' lang='lat' dir='ltr'>sint</span> <span class='ocrx_word' id='word_1_353' title='bbox 465 2721 617 2767; x_wconf 81' lang='lat' dir='ltr'>praemia</span> <span class='ocrx_word' id='word_1_354' title='bbox 656 2721 756 2753; x_wconf 84' lang='lat' dir='ltr'>malis</span> <span class='ocrx_word' id='word_1_355' title='bbox 783 2720 930 2756; x_wconf 84' lang='lat' dir='ltr'>artibus.</span> <span class='ocrx_word' id='word_1_356' title='bbox 995 2719 1187 2754; x_wconf 83' lang='lat' dir='ltr'>Menandri</span> 
     </span>
    </p>
   </div>
   <div class='ocr_carea' id='block_1_4' title="bbox 1214 125 2228 172">
    <p class='ocr_par' dir='ltr' id='par_1_4' title="bbox 1214 125 2228 172">
     <span class='ocr_line' id='line_1_51' title="bbox 1214 125 2228 172; baseline 0.007 -10"><span class='ocrx_word' id='word_1_357' title='bbox 1214 125 1488 162; x_wconf 89' lang='lat' dir='ltr'>STUDIOR.</span> <span class='ocrx_word' id='word_1_358' title='bbox 1523 125 1860 172; x_wconf 87' lang='lat' dir='ltr'><strong>ELOQUENT.</strong></span> <span class='ocrx_word' id='word_1_359' title='bbox 2154 131 2228 170; x_wconf 80' lang='lat'>372</span> 
     </span>
    </p>
   </div>
   <div class='ocr_carea' id='block_1_5' title="bbox 1235 213 2229 298">
    <p class='ocr_par' dir='ltr' id='par_1_5' title="bbox 1235 213 2229 298">
     <span class='ocr_line' id='line_1_52' title="bbox 1235 213 2229 262; baseline 0.008 -17"><span class='ocrx_word' id='word_1_360' title='bbox 1235 213 1399 246; x_wconf 88' lang='lat' dir='ltr'>versiculi</span> <span class='ocrx_word' id='word_1_361' title='bbox 1414 213 1587 255; x_wconf 84' lang='lat' dir='ltr'>citantur,</span> <span class='ocrx_word' id='word_1_362' title='bbox 1613 226 1702 258; x_wconf 91' lang='lat' dir='ltr'>quos</span> <span class='ocrx_word' id='word_1_363' title='bbox 1722 213 1790 249; x_wconf 85' lang='lat' dir='ltr'>hoc</span> <span class='ocrx_word' id='word_1_364' title='bbox 1803 217 1910 251; x_wconf 91' lang='lat' dir='ltr'>modo</span> <span class='ocrx_word' id='word_1_365' title='bbox 1924 243 1934 259; x_wconf 93' lang='lat'>,</span> <span class='ocrx_word' id='word_1_366' title='bbox 1961 223 2000 251; x_wconf 87' lang='lat' dir='ltr'>ut</span> <span class='ocrx_word' id='word_1_367' title='bbox 2015 217 2134 262; x_wconf 91' lang='lat' dir='ltr'>potui,</span> <span class='ocrx_word' id='word_1_368' title='bbox 2158 218 2229 253; x_wconf 82' lang='lat' dir='ltr'>La-</span> 
     </span>
     <span class='ocr_line' id='line_1_53' title="bbox 1236 263 1428 298; baseline -0.005 -1"><span class='ocrx_word' id='word_1_369' title='bbox 1236 265 1330 298; x_wconf 88' lang='lat' dir='ltr'>tinos</span> <span class='ocrx_word' id='word_1_370' title='bbox 1346 263 1428 297; x_wconf 85' lang='lat' dir='ltr'>feci:</span> 
     </span>
    </p>
   </div>
   <div class='ocr_carea' id='block_1_6' title="bbox 1339 334 2035 684">
    <p class='ocr_par' dir='ltr' id='par_1_6' title="bbox 1339 334 2035 684">
     <span class='ocr_line' id='line_1_54' title="bbox 1339 334 2002 376; baseline 0.008 -13"><span class='ocrx_word' id='word_1_371' title='bbox 1339 334 1420 364; x_wconf 82' lang='lat' dir='ltr'>Haec</span> <span class='ocrx_word' id='word_1_372' title='bbox 1436 336 1495 364; x_wconf 79' lang='lat' dir='ltr'>vita</span> <span class='ocrx_word' id='word_1_373' title='bbox 1511 334 1619 374; x_wconf 78' lang='lat' dir='ltr'>gaudet</span> <span class='ocrx_word' id='word_1_374' title='bbox 1636 336 1783 374; x_wconf 81' lang='lat' dir='ltr'>improbis</span> <span class='ocrx_word' id='word_1_375' title='bbox 1800 338 2002 376; x_wconf 85' lang='lat' dir='ltr'>potissimum,</span> 
     </span>
     <span class='ocr_line' id='line_1_55' title="bbox 1339 385 1966 427; baseline 0.005 -12"><span class='ocrx_word' id='word_1_376' title='bbox 1339 385 1400 416; x_wconf 88' lang='lat' dir='ltr'>Sed</span> <span class='ocrx_word' id='word_1_377' title='bbox 1416 393 1577 415; x_wconf 79' lang='lat' dir='ltr'>assentator</span> <span class='ocrx_word' id='word_1_378' title='bbox 1595 388 1734 415; x_wconf 89' lang='lat' dir='ltr'>omnium</span> <span class='ocrx_word' id='word_1_379' title='bbox 1748 388 1858 426; x_wconf 87' lang='lat' dir='ltr'>primas</span> <span class='ocrx_word' id='word_1_380' title='bbox 1875 394 1966 427; x_wconf 86' lang='lat' dir='ltr'>tenet,</span> 
     </span>
     <span class='ocr_line' id='line_1_56' title="bbox 1339 437 1986 478; baseline 0.005 -12"><span class='ocrx_word' id='word_1_381' title='bbox 1339 437 1488 478; x_wconf 75' lang='lat' dir='ltr'>Vivitque</span> <span class='ocrx_word' id='word_1_382' title='bbox 1504 440 1594 477; x_wconf 83' lang='lat' dir='ltr'>louge</span> <span class='ocrx_word' id='word_1_383' title='bbox 1610 438 1823 468; x_wconf 85' lang='lat' dir='ltr'>iucundissime</span> <span class='ocrx_word' id='word_1_384' title='bbox 1839 442 1986 469; x_wconf 85' lang='lat' dir='ltr'>omnium.</span> 
     </span>
     <span class='ocr_line' id='line_1_57' title="bbox 1343 488 2035 529; baseline 0.003 -10"><span class='ocrx_word' id='word_1_385' title='bbox 1343 488 1458 519; x_wconf 87' lang='lat' dir='ltr'>Deinde</span> <span class='ocrx_word' id='word_1_386' title='bbox 1475 489 1677 529; x_wconf 72' lang='lat' dir='ltr'>sycophantae</span> <span class='ocrx_word' id='word_1_387' title='bbox 1692 492 1849 529; x_wconf 88' lang='lat' dir='ltr'>proximus</span> <span class='ocrx_word' id='word_1_388' title='bbox 1863 497 1906 520; x_wconf 81' lang='lat' dir='ltr'>est</span> <span class='ocrx_word' id='word_1_389' title='bbox 1926 491 2035 528; x_wconf 85' lang='lat' dir='ltr'>honos,</span> 
     </span>
     <span class='ocr_line' id='line_1_58' title="bbox 1341 540 2027 573; baseline 0.004 -4"><span class='ocrx_word' id='word_1_390' title='bbox 1341 540 1460 570; x_wconf 85' lang='lat' dir='ltr'>Audire</span> <span class='ocrx_word' id='word_1_391' title='bbox 1478 543 1558 570; x_wconf 82' lang='lat' dir='ltr'>enim</span> <span class='ocrx_word' id='word_1_392' title='bbox 1573 543 1736 570; x_wconf 87' lang='lat' dir='ltr'>calumnias</span> <span class='ocrx_word' id='word_1_393' title='bbox 1753 542 1840 571; x_wconf 85' lang='lat' dir='ltr'>dulce</span> <span class='ocrx_word' id='word_1_394' title='bbox 1853 542 2027 573; x_wconf 83' lang='lat' dir='ltr'>admodum.</span> 
     </span>
     <span class='ocr_line' id='line_1_59' title="bbox 1343 591 1934 631; baseline 0.002 -10"><span class='ocrx_word' id='word_1_395' title='bbox 1343 591 1386 622; x_wconf 85' lang='lat' dir='ltr'>At</span> <span class='ocrx_word' id='word_1_396' title='bbox 1402 595 1507 622; x_wconf 82' lang='lat' dir='ltr'>tertius</span> <span class='ocrx_word' id='word_1_397' title='bbox 1523 592 1697 622; x_wconf 79' lang='lat' dir='ltr'>conceditur</span> <span class='ocrx_word' id='word_1_398' title='bbox 1714 595 1797 622; x_wconf 91' lang='lat' dir='ltr'>locus</span> <span class='ocrx_word' id='word_1_399' title='bbox 1818 594 1934 631; x_wconf 72' lang='lat' dir='ltr'>invido,</span> 
     </span>
     <span class='ocr_line' id='line_1_60' title="bbox 1342 643 1922 684; baseline 0.002 -11"><span class='ocrx_word' id='word_1_400' title='bbox 1342 643 1432 674; x_wconf 87' lang='lat' dir='ltr'>Artes</span> <span class='ocrx_word' id='word_1_401' title='bbox 1448 645 1575 673; x_wconf 86' lang='lat' dir='ltr'>nocendi</span> <span class='ocrx_word' id='word_1_402' title='bbox 1593 646 1646 684; x_wconf 86' lang='lat' dir='ltr'>qui</span> <span class='ocrx_word' id='word_1_403' title='bbox 1661 646 1714 674; x_wconf 89' lang='lat' dir='ltr'>scit</span> <span class='ocrx_word' id='word_1_404' title='bbox 1731 647 1922 675; x_wconf 82' lang='lat' dir='ltr'>astutissime.</span> 
     </span>
    </p>
   </div>
   <div class='ocr_carea' id='block_1_7' title="bbox 1240 705 2240 1920">
    <p class='ocr_par' dir='ltr' id='par_1_7' title="bbox 1240 705 2240 1920">
     <span class='ocr_line' id='line_1_61' title="bbox 1240 705 2236 752; baseline 0.002 -12"><span class='ocrx_word' id='word_1_405' title='bbox 1240 705 1423 741; x_wconf 82' lang='lat' dir='ltr'>Fruantur</span> <span class='ocrx_word' id='word_1_406' title='bbox 1451 719 1532 752; x_wconf 84' lang='lat' dir='ltr'>ergo</span> <span class='ocrx_word' id='word_1_407' title='bbox 1556 708 1752 742; x_wconf 89' lang='lat' dir='ltr'>maioribus</span> <span class='ocrx_word' id='word_1_408' title='bbox 1776 708 1971 743; x_wconf 89' lang='lat' dir='ltr'>commodis</span> <span class='ocrx_word' id='word_1_409' title='bbox 1991 714 2236 749; x_wconf 85' lang='lat' dir='ltr'>assentatores,</span> 
     </span>
     <span class='ocr_line' id='line_1_62' title="bbox 1240 756 2234 804; baseline 0.001 -13"><span class='ocrx_word' id='word_1_410' title='bbox 1240 756 1476 804; x_wconf 78' lang='lat' dir='ltr'>sycophantae</span> <span class='ocrx_word' id='word_1_411' title='bbox 1489 786 1498 800; x_wconf 95' lang='lat'>,</span> <span class='ocrx_word' id='word_1_412' title='bbox 1531 766 1565 793; x_wconf 90' lang='lat' dir='ltr'>et</span> <span class='ocrx_word' id='word_1_413' title='bbox 1583 759 1643 792; x_wconf 88' lang='lat' dir='ltr'>alii</span> <span class='ocrx_word' id='word_1_414' title='bbox 1662 760 1826 793; x_wconf 89' lang='lat' dir='ltr'>instructi</span> <span class='ocrx_word' id='word_1_415' title='bbox 1843 760 1946 793; x_wconf 89' lang='lat' dir='ltr'>malis</span> <span class='ocrx_word' id='word_1_416' title='bbox 1965 759 2111 794; x_wconf 88' lang='lat' dir='ltr'>artibus.</span> <span class='ocrx_word' id='word_1_417' title='bbox 2165 759 2234 794; x_wconf 89' lang='lat' dir='ltr'>Sed</span> 
     </span>
     <span class='ocr_line' id='line_1_63' title="bbox 1241 811 2238 855; baseline 0.002 -14"><span class='ocrx_word' id='word_1_418' title='bbox 1241 816 1356 842; x_wconf 88' lang='lat' dir='ltr'>tamen</span> <span class='ocrx_word' id='word_1_419' title='bbox 1382 821 1421 842; x_wconf 89' lang='lat' dir='ltr'>ea</span> <span class='ocrx_word' id='word_1_420' title='bbox 1447 822 1535 855; x_wconf 89' lang='lat' dir='ltr'>quae</span> <span class='ocrx_word' id='word_1_421' title='bbox 1560 822 1640 844; x_wconf 77' lang='lat' dir='ltr'>vere</span> <span class='ocrx_word' id='word_1_422' title='bbox 1665 811 1796 845; x_wconf 91' lang='lat' dir='ltr'>dicitur</span> <span class='ocrx_word' id='word_1_423' title='bbox 1820 811 1990 855; x_wconf 77' lang='lat' dir='ltr'>dignitaS,</span> <span class='ocrx_word' id='word_1_424' title='bbox 2022 822 2097 844; x_wconf 90' lang='lat' dir='ltr'>non</span> <span class='ocrx_word' id='word_1_425' title='bbox 2122 816 2238 854; x_wconf 86' lang='lat' dir='ltr'>potest</span> 
     </span>
     <span class='ocr_line' id='line_1_64' title="bbox 1241 860 2236 907; baseline 0.003 -15"><span class='ocrx_word' id='word_1_426' title='bbox 1241 860 1309 893; x_wconf 88' lang='lat' dir='ltr'>nisi</span> <span class='ocrx_word' id='word_1_427' title='bbox 1331 860 1402 893; x_wconf 89' lang='lat' dir='ltr'>illis</span> <span class='ocrx_word' id='word_1_428' title='bbox 1417 867 1635 905; x_wconf 86' lang='lat' dir='ltr'>competere,</span> <span class='ocrx_word' id='word_1_429' title='bbox 1661 862 1724 907; x_wconf 85' lang='lat' dir='ltr'>qui</span> <span class='ocrx_word' id='word_1_430' title='bbox 1748 863 1837 896; x_wconf 92' lang='lat' dir='ltr'>bene</span> <span class='ocrx_word' id='word_1_431' title='bbox 1852 869 2033 896; x_wconf 90' lang='lat' dir='ltr'>merentur</span> <span class='ocrx_word' id='word_1_432' title='bbox 2053 862 2096 895; x_wconf 91' lang='lat' dir='ltr'>de</span> <span class='ocrx_word' id='word_1_433' title='bbox 2113 860 2236 905; x_wconf 85' lang='lat' dir='ltr'>Repu-</span> 
     </span>
     <span class='ocr_line' id='line_1_65' title="bbox 1242 911 2236 957; baseline 0 -12"><span class='ocrx_word' id='word_1_434' title='bbox 1242 911 1352 950; x_wconf 90' lang='lat' dir='ltr'>blica,</span> <span class='ocrx_word' id='word_1_435' title='bbox 1380 911 1559 952; x_wconf 89' lang='lat' dir='ltr'>videlicet,</span> <span class='ocrx_word' id='word_1_436' title='bbox 1587 913 1763 946; x_wconf 91' lang='lat' dir='ltr'>bonorum</span> <span class='ocrx_word' id='word_1_437' title='bbox 1786 914 1927 947; x_wconf 89' lang='lat' dir='ltr'>iudiciis</span> <span class='ocrx_word' id='word_1_438' title='bbox 1943 913 2097 957; x_wconf 87' lang='lat' dir='ltr'>probari.</span> <span class='ocrx_word' id='word_1_439' title='bbox 2140 911 2236 946; x_wconf 80' lang='lat' dir='ltr'>Haec</span> 
     </span>
     <span class='ocr_line' id='line_1_66' title="bbox 1242 962 2236 1010; baseline 0.002 -15"><span class='ocrx_word' id='word_1_440' title='bbox 1242 969 1293 996; x_wconf 89' lang='lat' dir='ltr'>est</span> <span class='ocrx_word' id='word_1_441' title='bbox 1308 974 1388 996; x_wconf 86' lang='lat' dir='ltr'>vera</span> <span class='ocrx_word' id='word_1_442' title='bbox 1406 962 1530 1006; x_wconf 84' lang='lat' dir='ltr'>gloria,</span> <span class='ocrx_word' id='word_1_443' title='bbox 1558 976 1625 1009; x_wconf 90' lang='lat' dir='ltr'>qua</span> <span class='ocrx_word' id='word_1_444' title='bbox 1640 975 1778 1008; x_wconf 88' lang='lat' dir='ltr'>semper</span> <span class='ocrx_word' id='word_1_445' title='bbox 1797 964 1833 997; x_wconf 91' lang='lat' dir='ltr'>in</span> <span class='ocrx_word' id='word_1_446' title='bbox 1843 963 1998 1010; x_wconf 86' lang='lat' dir='ltr'>Repub.‚</span> <span class='ocrx_word' id='word_1_447' title='bbox 2028 964 2064 996; x_wconf 88' lang='lat' dir='ltr'>in</span> <span class='ocrx_word' id='word_1_448' title='bbox 2083 963 2236 997; x_wconf 87' lang='lat' dir='ltr'>civitati-</span> 
     </span>
     <span class='ocr_line' id='line_1_67' title="bbox 1242 1014 2237 1058; baseline 0.002 -12"><span class='ocrx_word' id='word_1_449' title='bbox 1242 1014 1326 1055; x_wconf 90' lang='lat' dir='ltr'>bus,</span> <span class='ocrx_word' id='word_1_450' title='bbox 1353 1014 1389 1046; x_wconf 91' lang='lat' dir='ltr'>in</span> <span class='ocrx_word' id='word_1_451' title='bbox 1407 1015 1555 1058; x_wconf 89' lang='lat' dir='ltr'>imperio</span> <span class='ocrx_word' id='word_1_452' title='bbox 1572 1015 1723 1048; x_wconf 88' lang='lat' dir='ltr'>maxime</span> <span class='ocrx_word' id='word_1_453' title='bbox 1738 1015 1938 1049; x_wconf 87' lang='lat' dir='ltr'>floruerunt</span> <span class='ocrx_word' id='word_1_454' title='bbox 1953 1015 2038 1049; x_wconf 87' lang='lat' dir='ltr'>boni</span> <span class='ocrx_word' id='word_1_455' title='bbox 2055 1015 2134 1055; x_wconf 82' lang='lat' dir='ltr'>viri,</span> <span class='ocrx_word' id='word_1_456' title='bbox 2162 1015 2237 1048; x_wconf 88' lang='lat' dir='ltr'>elo-</span> 
     </span>
     <span class='ocr_line' id='line_1_68' title="bbox 1243 1064 2236 1112; baseline 0 -14"><span class='ocrx_word' id='word_1_457' title='bbox 1243 1064 1387 1110; x_wconf 87' lang='lat' dir='ltr'>quentia</span> <span class='ocrx_word' id='word_1_458' title='bbox 1414 1065 1595 1107; x_wconf 86' lang='lat' dir='ltr'>instructi,</span> <span class='ocrx_word' id='word_1_459' title='bbox 1630 1066 1751 1112; x_wconf 88' lang='lat' dir='ltr'>quales</span> <span class='ocrx_word' id='word_1_460' title='bbox 1773 1065 1910 1101; x_wconf 84' lang='lat' dir='ltr'>Romae</span> <span class='ocrx_word' id='word_1_461' title='bbox 1937 1066 2081 1100; x_wconf 85' lang='lat' dir='ltr'>suerunt</span> <span class='ocrx_word' id='word_1_462' title='bbox 2105 1065 2236 1104; x_wconf 88' lang='lat' dir='ltr'>Lelius,</span> 
     </span>
     <span class='ocr_line' id='line_1_69' title="bbox 1242 1115 2237 1163; baseline -0.001 -12"><span class='ocrx_word' id='word_1_463' title='bbox 1242 1115 1398 1157; x_wconf 74' lang='lat' dir='ltr'>Crassus,</span> <span class='ocrx_word' id='word_1_464' title='bbox 1425 1115 1560 1157; x_wconf 89' lang='lat' dir='ltr'>Cicero,</span> <span class='ocrx_word' id='word_1_465' title='bbox 1587 1124 1620 1151; x_wconf 86' lang='lat' dir='ltr'>et</span> <span class='ocrx_word' id='word_1_466' title='bbox 1641 1117 1766 1151; x_wconf 89' lang='lat' dir='ltr'>caeteri</span> <span class='ocrx_word' id='word_1_467' title='bbox 1782 1124 1957 1159; x_wconf 90' lang='lat' dir='ltr'>oratores,</span> <span class='ocrx_word' id='word_1_468' title='bbox 1984 1117 2066 1163; x_wconf 90' lang='lat' dir='ltr'>qui,</span> <span class='ocrx_word' id='word_1_469' title='bbox 2092 1123 2132 1150; x_wconf 92' lang='lat' dir='ltr'>ut</span> <span class='ocrx_word' id='word_1_470' title='bbox 2147 1115 2237 1151; x_wconf 90' lang='lat' dir='ltr'>Cor-</span> 
     </span>
     <span class='ocr_line' id='line_1_70' title="bbox 1242 1166 2238 1213; baseline 0.001 -13"><span class='ocrx_word' id='word_1_471' title='bbox 1242 1168 1358 1201; x_wconf 89' lang='lat' dir='ltr'>nelius</span> <span class='ocrx_word' id='word_1_472' title='bbox 1375 1166 1521 1201; x_wconf 88' lang='lat' dir='ltr'>Tacitus</span> <span class='ocrx_word' id='word_1_473' title='bbox 1540 1168 1785 1202; x_wconf 82' lang='lat' dir='ltr'>venustissime</span> <span class='ocrx_word' id='word_1_474' title='bbox 1810 1169 1913 1208; x_wconf 89' lang='lat' dir='ltr'>dicit,</span> <span class='ocrx_word' id='word_1_475' title='bbox 1938 1181 1982 1202; x_wconf 89' lang='lat' dir='ltr'>ne</span> <span class='ocrx_word' id='word_1_476' title='bbox 2006 1167 2132 1212; x_wconf 88' lang='lat' dir='ltr'>privati</span> <span class='ocrx_word' id='word_1_477' title='bbox 2158 1167 2238 1213; x_wconf 88' lang='lat' dir='ltr'>qui-</span> 
     </span>
     <span class='ocr_line' id='line_1_71' title="bbox 1243 1217 2239 1265; baseline -0.001 -13"><span class='ocrx_word' id='word_1_478' title='bbox 1243 1221 1321 1252; x_wconf 92' lang='lat' dir='ltr'>dem</span> <span class='ocrx_word' id='word_1_479' title='bbox 1340 1218 1415 1252; x_wconf 91' lang='lat' dir='ltr'>sine</span> <span class='ocrx_word' id='word_1_480' title='bbox 1434 1219 1604 1263; x_wconf 87' lang='lat' dir='ltr'>dignitate</span> <span class='ocrx_word' id='word_1_481' title='bbox 1623 1227 1739 1260; x_wconf 87' lang='lat' dir='ltr'>erant,</span> <span class='ocrx_word' id='word_1_482' title='bbox 1765 1232 1844 1253; x_wconf 90' lang='lat' dir='ltr'>cum</span> <span class='ocrx_word' id='word_1_483' title='bbox 1861 1226 1895 1254; x_wconf 87' lang='lat' dir='ltr'>et</span> <span class='ocrx_word' id='word_1_484' title='bbox 1914 1219 2085 1265; x_wconf 89' lang='lat' dir='ltr'>populum</span> <span class='ocrx_word' id='word_1_485' title='bbox 2103 1217 2239 1254; x_wconf 80' lang='lat' dir='ltr'>Roma-</span> 
     </span>
     <span class='ocr_line' id='line_1_72' title="bbox 1243 1269 2239 1316; baseline 0 -13"><span class='ocrx_word' id='word_1_486' title='bbox 1243 1282 1328 1303; x_wconf 91' lang='lat' dir='ltr'>num</span> <span class='ocrx_word' id='word_1_487' title='bbox 1345 1276 1380 1303; x_wconf 87' lang='lat' dir='ltr'>et</span> <span class='ocrx_word' id='word_1_488' title='bbox 1396 1269 1566 1305; x_wconf 87' lang='lat' dir='ltr'>Senatum</span> <span class='ocrx_word' id='word_1_489' title='bbox 1581 1270 1730 1305; x_wconf 89' lang='lat' dir='ltr'>consilio</span> <span class='ocrx_word' id='word_1_490' title='bbox 1746 1277 1850 1316; x_wconf 87' lang='lat' dir='ltr'>atque</span> <span class='ocrx_word' id='word_1_491' title='bbox 1866 1271 2053 1305; x_wconf 86' lang='lat' dir='ltr'>autoritate</span> <span class='ocrx_word' id='word_1_492' title='bbox 2067 1277 2239 1313; x_wconf 86' lang='lat' dir='ltr'>regerent.</span> 
     </span>
     <span class='ocr_line' id='line_1_73' title="bbox 1245 1319 2239 1366; baseline 0.001 -13"><span class='ocrx_word' id='word_1_493' title='bbox 1245 1320 1384 1355; x_wconf 82' lang='lat' dir='ltr'>videtis</span> <span class='ocrx_word' id='word_1_494' title='bbox 1408 1328 1440 1354; x_wconf 94' lang='lat' dir='ltr'>et</span> <span class='ocrx_word' id='word_1_495' title='bbox 1465 1319 1571 1356; x_wconf 89' lang='lat' dir='ltr'>hodie</span> <span class='ocrx_word' id='word_1_496' title='bbox 1589 1322 1625 1355; x_wconf 90' lang='lat' dir='ltr'>in</span> <span class='ocrx_word' id='word_1_497' title='bbox 1643 1321 1836 1356; x_wconf 87' lang='lat' dir='ltr'>Germania</span> <span class='ocrx_word' id='word_1_498' title='bbox 1855 1334 2017 1366; x_wconf 86' lang='lat' dir='ltr'>magnam</span> <span class='ocrx_word' id='word_1_499' title='bbox 2035 1333 2108 1355; x_wconf 89' lang='lat' dir='ltr'>esse</span> <span class='ocrx_word' id='word_1_500' title='bbox 2122 1321 2239 1365; x_wconf 86' lang='lat' dir='ltr'>digni-</span> 
     </span>
     <span class='ocr_line' id='line_1_74' title="bbox 1243 1371 2238 1415; baseline -0.002 -8"><span class='ocrx_word' id='word_1_501' title='bbox 1243 1379 1349 1407; x_wconf 88' lang='lat' dir='ltr'>tatem</span> <span class='ocrx_word' id='word_1_502' title='bbox 1374 1379 1557 1407; x_wconf 86' lang='lat' dir='ltr'>oratorum</span> <span class='ocrx_word' id='word_1_503' title='bbox 1581 1373 1618 1406; x_wconf 92' lang='lat' dir='ltr'>in</span> <span class='ocrx_word' id='word_1_504' title='bbox 1643 1373 1732 1407; x_wconf 91' lang='lat' dir='ltr'>aulis</span> <span class='ocrx_word' id='word_1_505' title='bbox 1751 1379 1784 1406; x_wconf 90' lang='lat' dir='ltr'>et</span> <span class='ocrx_word' id='word_1_506' title='bbox 1805 1372 2019 1407; x_wconf 87' lang='lat' dir='ltr'>civitatibus.</span> <span class='ocrx_word' id='word_1_507' title='bbox 2073 1371 2193 1415; x_wconf 86' lang='lat' dir='ltr'>Quare</span> <span class='ocrx_word' id='word_1_508' title='bbox 2209 1373 2238 1405; x_wconf 91' lang='lat' dir='ltr'>si</span> 
     </span>
     <span class='ocr_line' id='line_1_75' title="bbox 1243 1421 2240 1469; baseline 0.002 -13"><span class='ocrx_word' id='word_1_509' title='bbox 1243 1421 1351 1457; x_wconf 89' lang='lat' dir='ltr'>huius</span> <span class='ocrx_word' id='word_1_510' title='bbox 1367 1423 1496 1467; x_wconf 85' lang='lat' dir='ltr'>fastigii</span> <span class='ocrx_word' id='word_1_511' title='bbox 1512 1424 1701 1469; x_wconf 90' lang='lat' dir='ltr'>splendore</span> <span class='ocrx_word' id='word_1_512' title='bbox 1717 1431 1906 1458; x_wconf 91' lang='lat' dir='ltr'>moventur</span> <span class='ocrx_word' id='word_1_513' title='bbox 1922 1423 2046 1469; x_wconf 86' lang='lat' dir='ltr'>aliqui,</span> <span class='ocrx_word' id='word_1_514' title='bbox 2071 1429 2111 1457; x_wconf 88' lang='lat' dir='ltr'>ut</span> <span class='ocrx_word' id='word_1_515' title='bbox 2131 1423 2240 1465; x_wconf 87' lang='lat' dir='ltr'>decet,</span> 
     </span>
     <span class='ocr_line' id='line_1_76' title="bbox 1243 1473 2238 1521; baseline -0.001 -12"><span class='ocrx_word' id='word_1_516' title='bbox 1243 1474 1396 1518; x_wconf 89' lang='lat' dir='ltr'>cogitent</span> <span class='ocrx_word' id='word_1_517' title='bbox 1412 1488 1485 1508; x_wconf 92' lang='lat' dir='ltr'>non</span> <span class='ocrx_word' id='word_1_518' title='bbox 1504 1475 1626 1519; x_wconf 81' lang='lat' dir='ltr'>exigua</span> <span class='ocrx_word' id='word_1_519' title='bbox 1643 1475 1797 1521; x_wconf 89' lang='lat' dir='ltr'>praemia</span> <span class='ocrx_word' id='word_1_520' title='bbox 1815 1473 1898 1509; x_wconf 89' lang='lat' dir='ltr'>huic</span> <span class='ocrx_word' id='word_1_521' title='bbox 1920 1475 2037 1509; x_wconf 89' lang='lat' dir='ltr'>studio</span> <span class='ocrx_word' id='word_1_522' title='bbox 2061 1474 2238 1520; x_wconf 89' lang='lat' dir='ltr'>proposita</span> 
     </span>
     <span class='ocr_line' id='line_1_77' title="bbox 1244 1524 2240 1561; baseline -0.001 -1"><span class='ocrx_word' id='word_1_523' title='bbox 1244 1537 1326 1560; x_wconf 87' lang='lat' dir='ltr'>esse.</span> <span class='ocrx_word' id='word_1_524' title='bbox 1380 1526 1449 1561; x_wconf 90' lang='lat' dir='ltr'>Sed</span> <span class='ocrx_word' id='word_1_525' title='bbox 1470 1527 1512 1560; x_wconf 94' lang='lat' dir='ltr'>de</span> <span class='ocrx_word' id='word_1_526' title='bbox 1533 1524 1597 1561; x_wconf 86' lang='lat' dir='ltr'>hac</span> <span class='ocrx_word' id='word_1_527' title='bbox 1614 1527 1740 1561; x_wconf 88' lang='lat' dir='ltr'>Latine</span> <span class='ocrx_word' id='word_1_528' title='bbox 1757 1526 1899 1560; x_wconf 90' lang='lat' dir='ltr'>dicendi</span> <span class='ocrx_word' id='word_1_529' title='bbox 1915 1526 2080 1560; x_wconf 87' lang='lat' dir='ltr'>facultate</span> <span class='ocrx_word' id='word_1_530' title='bbox 2097 1525 2165 1559; x_wconf 89' lang='lat' dir='ltr'>iam</span> <span class='ocrx_word' id='word_1_531' title='bbox 2184 1526 2240 1559; x_wconf 92' lang='lat' dir='ltr'>lo—</span> 
     </span>
     <span class='ocr_line' id='line_1_78' title="bbox 1244 1575 2239 1623; baseline 0 -13"><span class='ocrx_word' id='word_1_532' title='bbox 1244 1589 1346 1623; x_wconf 89' lang='lat' dir='ltr'>quor.</span> <span class='ocrx_word' id='word_1_533' title='bbox 1384 1575 1463 1611; x_wconf 77' lang='lat' dir='ltr'>Etsi</span> <span class='ocrx_word' id='word_1_534' title='bbox 1479 1585 1560 1612; x_wconf 90' lang='lat' dir='ltr'>sunt</span> <span class='ocrx_word' id='word_1_535' title='bbox 1578 1579 1666 1612; x_wconf 89' lang='lat' dir='ltr'>aliae</span> <span class='ocrx_word' id='word_1_536' title='bbox 1686 1585 1776 1612; x_wconf 88' lang='lat' dir='ltr'>artes</span> <span class='ocrx_word' id='word_1_537' title='bbox 1792 1578 2096 1623; x_wconf 81' lang='lat' dir='ltr'>quaestuosioreS‚</span> <span class='ocrx_word' id='word_1_538' title='bbox 2122 1583 2239 1611; x_wconf 88' lang='lat' dir='ltr'>tamen</span> 
     </span>
     <span class='ocr_line' id='line_1_79' title="bbox 1244 1626 2240 1674; baseline 0.001 -13"><span class='ocrx_word' id='word_1_539' title='bbox 1244 1627 1327 1662; x_wconf 88' lang='lat' dir='ltr'>haec</span> <span class='ocrx_word' id='word_1_540' title='bbox 1345 1640 1486 1674; x_wconf 88' lang='lat' dir='ltr'>quoque</span> <span class='ocrx_word' id='word_1_541' title='bbox 1510 1630 1601 1673; x_wconf 85' lang='lat' dir='ltr'>parit</span> <span class='ocrx_word' id='word_1_542' title='bbox 1619 1641 1690 1662; x_wconf 92' lang='lat' dir='ltr'>non</span> <span class='ocrx_word' id='word_1_543' title='bbox 1707 1629 1898 1663; x_wconf 86' lang='lat' dir='ltr'>mediocria</span> <span class='ocrx_word' id='word_1_544' title='bbox 1923 1629 2120 1663; x_wconf 88' lang='lat' dir='ltr'>commoda.</span> <span class='ocrx_word' id='word_1_545' title='bbox 2174 1626 2240 1662; x_wconf 87' lang='lat' dir='ltr'>Est</span> 
     </span>
     <span class='ocr_line' id='line_1_80' title="bbox 1243 1680 2237 1719; baseline -0.002 -5"><span class='ocrx_word' id='word_1_546' title='bbox 1243 1686 1360 1714; x_wconf 86' lang='lat' dir='ltr'>autem</span> <span class='ocrx_word' id='word_1_547' title='bbox 1377 1680 1552 1714; x_wconf 85' lang='lat' dir='ltr'>moderati</span> <span class='ocrx_word' id='word_1_548' title='bbox 1569 1680 1680 1714; x_wconf 90' lang='lat' dir='ltr'>animi</span> <span class='ocrx_word' id='word_1_549' title='bbox 1696 1680 1812 1719; x_wconf 89' lang='lat' dir='ltr'>etiam,</span> <span class='ocrx_word' id='word_1_550' title='bbox 1830 1680 2042 1714; x_wconf 87' lang='lat' dir='ltr'>mediocrem</span> <span class='ocrx_word' id='word_1_551' title='bbox 2059 1680 2237 1713; x_wconf 83' lang='lat' dir='ltr'>fortunam</span> 
     </span>
     <span class='ocr_line' id='line_1_81' title="bbox 1244 1730 2239 1775; baseline -0.002 -10"><span class='ocrx_word' id='word_1_552' title='bbox 1244 1731 1329 1765; x_wconf 90' lang='lat' dir='ltr'>boni</span> <span class='ocrx_word' id='word_1_553' title='bbox 1347 1731 1541 1767; x_wconf 84' lang='lat' dir='ltr'>consulere.</span> <span class='ocrx_word' id='word_1_554' title='bbox 1581 1730 1624 1766; x_wconf 84' lang='lat' dir='ltr'>Et</span> <span class='ocrx_word' id='word_1_555' title='bbox 1639 1730 1714 1765; x_wconf 92' lang='lat' dir='ltr'>Deo</span> <span class='ocrx_word' id='word_1_556' title='bbox 1730 1743 1833 1765; x_wconf 88' lang='lat' dir='ltr'>curae</span> <span class='ocrx_word' id='word_1_557' title='bbox 1849 1738 1918 1770; x_wconf 88' lang='lat' dir='ltr'>est,</span> <span class='ocrx_word' id='word_1_558' title='bbox 1946 1743 1991 1764; x_wconf 89' lang='lat' dir='ltr'>ne</span> <span class='ocrx_word' id='word_1_559' title='bbox 2004 1736 2127 1775; x_wconf 78' lang='lat' dir='ltr'>egeant</span> <span class='ocrx_word' id='word_1_560' title='bbox 2142 1730 2239 1772; x_wconf 85' lang='lat' dir='ltr'>boni,</span> 
     </span>
     <span class='ocr_line' id='line_1_82' title="bbox 1244 1781 2240 1828; baseline -0.001 -12"><span class='ocrx_word' id='word_1_561' title='bbox 1244 1782 1305 1828; x_wconf 90' lang='lat' dir='ltr'>qui</span> <span class='ocrx_word' id='word_1_562' title='bbox 1322 1782 1365 1815; x_wconf 91' lang='lat' dir='ltr'>de</span> <span class='ocrx_word' id='word_1_563' title='bbox 1382 1781 1523 1827; x_wconf 87' lang='lat' dir='ltr'>Repub.</span> <span class='ocrx_word' id='word_1_564' title='bbox 1539 1784 1629 1816; x_wconf 91' lang='lat' dir='ltr'>bene</span> <span class='ocrx_word' id='word_1_565' title='bbox 1649 1783 1774 1816; x_wconf 89' lang='lat' dir='ltr'>mereri</span> <span class='ocrx_word' id='word_1_566' title='bbox 1793 1783 1946 1821; x_wconf 86' lang='lat' dir='ltr'>student,</span> <span class='ocrx_word' id='word_1_567' title='bbox 1974 1788 2013 1816; x_wconf 91' lang='lat' dir='ltr'>ut</span> <span class='ocrx_word' id='word_1_568' title='bbox 2028 1781 2240 1825; x_wconf 74' lang='lat' dir='ltr'>significavit</span> 
     </span>
     <span class='ocr_line' id='line_1_83' title="bbox 1244 1830 2240 1879; baseline -0.001 -12"><span class='ocrx_word' id='word_1_569' title='bbox 1244 1830 1458 1867; x_wconf 88' lang='lat' dir='ltr'>Theocritus</span> <span class='ocrx_word' id='word_1_570' title='bbox 1486 1834 1522 1866; x_wconf 87' lang='lat' dir='ltr'>in</span> <span class='ocrx_word' id='word_1_571' title='bbox 1543 1835 1663 1869; x_wconf 78' lang='lat' dir='ltr'>sabula</span> <span class='ocrx_word' id='word_1_572' title='bbox 1685 1833 1868 1875; x_wconf 87' lang='lat' dir='ltr'>Comatae,</span> <span class='ocrx_word' id='word_1_573' title='bbox 1894 1845 2000 1879; x_wconf 85' lang='lat' dir='ltr'>quam</span> <span class='ocrx_word' id='word_1_574' title='bbox 2024 1832 2240 1867; x_wconf 82' lang='lat' dir='ltr'>Adolescen-</span> 
     </span>
     <span class='ocr_line' id='line_1_84' title="bbox 1245 1885 1527 1920; baseline -0.004 -1"><span class='ocrx_word' id='word_1_575' title='bbox 1245 1885 1338 1920; x_wconf 88' lang='lat' dir='ltr'>tibus</span> <span class='ocrx_word' id='word_1_576' title='bbox 1354 1885 1527 1918; x_wconf 87' lang='lat' dir='ltr'>recitabo:</span> 
     </span>
    </p>
   </div>
   <div class='ocr_carea' id='block_1_8' title="bbox 1240 1950 2240 2765">
    <p class='ocr_par' dir='ltr' id='par_1_8' title="bbox 1240 1950 2240 2765">
     <span class='ocr_line' id='line_1_85' title="bbox 1330 1950 2236 1997; baseline 0.001 -13"><span class='ocrx_word' id='word_1_577' title='bbox 1330 1950 1412 1985; x_wconf 83' lang='lat' dir='ltr'>Fuit</span> <span class='ocrx_word' id='word_1_578' title='bbox 1430 1952 1606 1997; x_wconf 88' lang='lat' dir='ltr'>quispiam</span> <span class='ocrx_word' id='word_1_579' title='bbox 1624 1952 1780 1997; x_wconf 83' lang='lat' dir='ltr'>locuples</span> <span class='ocrx_word' id='word_1_580' title='bbox 1795 1959 1827 1986; x_wconf 89' lang='lat' dir='ltr'>et</span> <span class='ocrx_word' id='word_1_581' title='bbox 1844 1963 1970 1985; x_wconf 77' lang='lat' dir='ltr'>avarus</span> <span class='ocrx_word' id='word_1_582' title='bbox 1984 1958 2120 1997; x_wconf 83' lang='lat' dir='ltr'>pastor,</span> <span class='ocrx_word' id='word_1_583' title='bbox 2144 1952 2236 1996; x_wconf 88' lang='lat' dir='ltr'>apud</span> 
     </span>
     <span class='ocr_line' id='line_1_86' title="bbox 1244 2002 2240 2049; baseline 0 -13"><span class='ocrx_word' id='word_1_584' title='bbox 1244 2015 1348 2048; x_wconf 89' lang='lat' dir='ltr'>quem</span> <span class='ocrx_word' id='word_1_585' title='bbox 1370 2003 1515 2038; x_wconf 63' lang='lat' dir='ltr'>servivit</span> <span class='ocrx_word' id='word_1_586' title='bbox 1537 2003 1706 2045; x_wconf 86' lang='lat' dir='ltr'>Comata,</span> <span class='ocrx_word' id='word_1_587' title='bbox 1734 2003 1795 2049; x_wconf 88' lang='lat' dir='ltr'>qui</span> <span class='ocrx_word' id='word_1_588' title='bbox 1822 2003 1889 2037; x_wconf 83' lang='lat' dir='ltr'>suit</span> <span class='ocrx_word' id='word_1_589' title='bbox 1908 2002 2092 2036; x_wconf 83' lang='lat' dir='ltr'>Musarum</span> <span class='ocrx_word' id='word_1_590' title='bbox 2110 2002 2240 2043; x_wconf 83' lang='lat' dir='ltr'>cultor,</span> 
     </span>
     <span class='ocr_line' id='line_1_87' title="bbox 1244 2053 2238 2099; baseline 0 -12"><span class='ocrx_word' id='word_1_591' title='bbox 1244 2054 1305 2099; x_wconf 86' lang='lat' dir='ltr'>qui</span> <span class='ocrx_word' id='word_1_592' title='bbox 1323 2062 1355 2088; x_wconf 91' lang='lat' dir='ltr'>et</span> <span class='ocrx_word' id='word_1_593' title='bbox 1381 2061 1526 2099; x_wconf 88' lang='lat' dir='ltr'>propter</span> <span class='ocrx_word' id='word_1_594' title='bbox 1545 2055 1726 2099; x_wconf 88' lang='lat' dir='ltr'>pietatem,</span> <span class='ocrx_word' id='word_1_595' title='bbox 1753 2062 1788 2089; x_wconf 92' lang='lat' dir='ltr'>et</span> <span class='ocrx_word' id='word_1_596' title='bbox 1807 2061 1845 2088; x_wconf 88' lang='lat' dir='ltr'>ut</span> <span class='ocrx_word' id='word_1_597' title='bbox 1867 2065 1948 2097; x_wconf 85' lang='lat' dir='ltr'>grex</span> <span class='ocrx_word' id='word_1_598' title='bbox 1966 2061 2167 2088; x_wconf 85' lang='lat' dir='ltr'>servaretur</span> <span class='ocrx_word' id='word_1_599' title='bbox 2183 2053 2238 2087; x_wconf 85' lang='lat' dir='ltr'>di-</span> 
     </span>
     <span class='ocr_line' id='line_1_88' title="bbox 1245 2103 2239 2149; baseline 0.002 -12"><span class='ocrx_word' id='word_1_600' title='bbox 1245 2105 1397 2144; x_wconf 90' lang='lat' dir='ltr'>vinitus,</span> <span class='ocrx_word' id='word_1_601' title='bbox 1425 2105 1574 2149; x_wconf 88' lang='lat' dir='ltr'>singulis</span> <span class='ocrx_word' id='word_1_602' title='bbox 1598 2106 1778 2139; x_wconf 91' lang='lat' dir='ltr'>mensibus</span> <span class='ocrx_word' id='word_1_603' title='bbox 1803 2117 1904 2139; x_wconf 83' lang='lat' dir='ltr'>ovem</span> <span class='ocrx_word' id='word_1_604' title='bbox 1928 2103 2041 2138; x_wconf 82' lang='lat' dir='ltr'>Musis</span> <span class='ocrx_word' id='word_1_605' title='bbox 2065 2104 2239 2139; x_wconf 84' lang='lat' dir='ltr'>sacrifica-</span> 
     </span>
     <span class='ocr_line' id='line_1_89' title="bbox 1245 2156 2239 2202; baseline 0.001 -13"><span class='ocrx_word' id='word_1_606' title='bbox 1245 2157 1312 2189; x_wconf 86' lang='lat' dir='ltr'>bat.</span> <span class='ocrx_word' id='word_1_607' title='bbox 1368 2156 1442 2190; x_wconf 84' lang='lat' dir='ltr'>Hac</span> <span class='ocrx_word' id='word_1_608' title='bbox 1471 2157 1599 2201; x_wconf 87' lang='lat' dir='ltr'>pietate</span> <span class='ocrx_word' id='word_1_609' title='bbox 1627 2157 1855 2202; x_wconf 83' lang='lat' dir='ltr'>impetrabat,</span> <span class='ocrx_word' id='word_1_610' title='bbox 1895 2163 1932 2190; x_wconf 93' lang='lat' dir='ltr'>ut</span> <span class='ocrx_word' id='word_1_611' title='bbox 1961 2168 2042 2200; x_wconf 76' lang='lat' dir='ltr'>grex</span> <span class='ocrx_word' id='word_1_612' title='bbox 2070 2157 2239 2190; x_wconf 80' lang='lat' dir='ltr'>adversus</span> 
     </span>
     <span class='ocr_line' id='line_1_90' title="bbox 1245 2207 2239 2253; baseline 0 -12"><span class='ocrx_word' id='word_1_613' title='bbox 1245 2208 1388 2241; x_wconf 87' lang='lat' dir='ltr'>morbos</span> <span class='ocrx_word' id='word_1_614' title='bbox 1403 2215 1436 2242; x_wconf 82' lang='lat' dir='ltr'>et</span> <span class='ocrx_word' id='word_1_615' title='bbox 1453 2208 1554 2253; x_wconf 84' lang='lat' dir='ltr'>lupos</span> <span class='ocrx_word' id='word_1_616' title='bbox 1571 2215 1667 2243; x_wconf 87' lang='lat' dir='ltr'>tutus</span> <span class='ocrx_word' id='word_1_617' title='bbox 1686 2215 1783 2248; x_wconf 82' lang='lat' dir='ltr'>esset,</span> <span class='ocrx_word' id='word_1_618' title='bbox 1805 2215 1838 2241; x_wconf 83' lang='lat' dir='ltr'>et</span> <span class='ocrx_word' id='word_1_619' title='bbox 1852 2208 1965 2241; x_wconf 90' lang='lat' dir='ltr'>multo</span> <span class='ocrx_word' id='word_1_620' title='bbox 1981 2208 2077 2242; x_wconf 86' lang='lat' dir='ltr'>fieret</span> <span class='ocrx_word' id='word_1_621' title='bbox 2092 2207 2239 2242; x_wconf 83' lang='lat' dir='ltr'>foecun-</span> 
     </span>
     <span class='ocr_line' id='line_1_91' title="bbox 1246 2258 2239 2303; baseline 0.001 -11"><span class='ocrx_word' id='word_1_622' title='bbox 1246 2260 1334 2292; x_wconf 88' lang='lat' dir='ltr'>dior.</span> <span class='ocrx_word' id='word_1_623' title='bbox 1398 2259 1468 2293; x_wconf 86' lang='lat' dir='ltr'>Sed</span> <span class='ocrx_word' id='word_1_624' title='bbox 1505 2260 1673 2293; x_wconf 90' lang='lat' dir='ltr'>dominns</span> <span class='ocrx_word' id='word_1_625' title='bbox 1704 2271 1830 2293; x_wconf 81' lang='lat' dir='ltr'>avarus</span> <span class='ocrx_word' id='word_1_626' title='bbox 1867 2259 2056 2292; x_wconf 80' lang='lat' dir='ltr'>resciscens</span> <span class='ocrx_word' id='word_1_627' title='bbox 2089 2258 2239 2303; x_wconf 74' lang='lat' dir='ltr'>singulis</span> 
     </span>
     <span class='ocr_line' id='line_1_92' title="bbox 1244 2310 2237 2350; baseline 0.001 -7"><span class='ocrx_word' id='word_1_628' title='bbox 1244 2311 1424 2345; x_wconf 83' lang='lat' dir='ltr'>mensibus</span> <span class='ocrx_word' id='word_1_629' title='bbox 1456 2323 1556 2345; x_wconf 86' lang='lat' dir='ltr'>ovem</span> <span class='ocrx_word' id='word_1_630' title='bbox 1588 2311 1753 2350; x_wconf 77' lang='lat' dir='ltr'>mactari,</span> <span class='ocrx_word' id='word_1_631' title='bbox 1795 2323 1935 2344; x_wconf 78' lang='lat' dir='ltr'>servum</span> <span class='ocrx_word' id='word_1_632' title='bbox 1970 2310 2055 2344; x_wconf 82' lang='lat' dir='ltr'>furti</span> <span class='ocrx_word' id='word_1_633' title='bbox 2088 2316 2237 2345; x_wconf 80' lang='lat' dir='ltr'>accusat.</span> 
     </span>
     <span class='ocr_line' id='line_1_93' title="bbox 1247 2360 2238 2405; baseline 0.001 -11"><span class='ocrx_word' id='word_1_634' title='bbox 1247 2360 1308 2395; x_wconf 91' lang='lat' dir='ltr'>llle</span> <span class='ocrx_word' id='word_1_635' title='bbox 1326 2374 1494 2396; x_wconf 81' lang='lat' dir='ltr'>excusans</span> <span class='ocrx_word' id='word_1_636' title='bbox 1514 2362 1741 2405; x_wconf 81' lang='lat' dir='ltr'>religionem,</span> <span class='ocrx_word' id='word_1_637' title='bbox 1769 2368 2022 2396; x_wconf 84' lang='lat' dir='ltr'>commemorat</span> <span class='ocrx_word' id='word_1_638' title='bbox 2045 2361 2151 2395; x_wconf 86' lang='lat' dir='ltr'>etiam</span> <span class='ocrx_word' id='word_1_639' title='bbox 2176 2361 2238 2395; x_wconf 86' lang='lat' dir='ltr'>be-</span> 
     </span>
     <span class='ocr_line' id='line_1_94' title="bbox 1244 2412 2237 2457; baseline 0 -12"><span class='ocrx_word' id='word_1_640' title='bbox 1244 2413 1365 2447; x_wconf 78' lang='lat' dir='ltr'>neficia</span> <span class='ocrx_word' id='word_1_641' title='bbox 1386 2413 1527 2452; x_wconf 72' lang='lat' dir='ltr'>divina,</span> <span class='ocrx_word' id='word_1_642' title='bbox 1554 2413 1667 2457; x_wconf 82' lang='lat' dir='ltr'>gregis</span> <span class='ocrx_word' id='word_1_643' title='bbox 1693 2413 1974 2447; x_wconf 87' lang='lat' dir='ltr'>incolumitatem</span> <span class='ocrx_word' id='word_1_644' title='bbox 2003 2419 2035 2446; x_wconf 91' lang='lat' dir='ltr'>et</span> <span class='ocrx_word' id='word_1_645' title='bbox 2053 2412 2237 2446; x_wconf 80' lang='lat' dir='ltr'>foecundi-</span> 
     </span>
     <span class='ocr_line' id='line_1_95' title="bbox 1244 2462 2239 2498; baseline -0.001 -1"><span class='ocrx_word' id='word_1_646' title='bbox 1244 2471 1360 2498; x_wconf 86' lang='lat' dir='ltr'>tatem.</span> <span class='ocrx_word' id='word_1_647' title='bbox 1412 2464 1481 2498; x_wconf 81' lang='lat' dir='ltr'>Sed</span> <span class='ocrx_word' id='word_1_648' title='bbox 1512 2462 1596 2497; x_wconf 85' lang='lat' dir='ltr'>baec</span> <span class='ocrx_word' id='word_1_649' title='bbox 1626 2465 1739 2498; x_wconf 88' lang='lat' dir='ltr'>oratio</span> <span class='ocrx_word' id='word_1_650' title='bbox 1769 2477 1840 2498; x_wconf 90' lang='lat' dir='ltr'>non</span> <span class='ocrx_word' id='word_1_651' title='bbox 1868 2464 1963 2498; x_wconf 84' lang='lat' dir='ltr'>ssexit</span> <span class='ocrx_word' id='word_1_652' title='bbox 1984 2463 2141 2497; x_wconf 80' lang='lat' dir='ltr'>animum</span> <span class='ocrx_word' id='word_1_653' title='bbox 2171 2463 2239 2496; x_wconf 86' lang='lat' dir='ltr'>im-</span> 
     </span>
     <span class='ocr_line' id='line_1_96' title="bbox 1244 2512 2239 2560; baseline 0 -11"><span class='ocrx_word' id='word_1_654' title='bbox 1244 2516 1340 2560; x_wconf 88' lang='lat' dir='ltr'>pium</span> <span class='ocrx_word' id='word_1_655' title='bbox 1356 2515 1505 2549; x_wconf 85' lang='lat' dir='ltr'>domini.</span> <span class='ocrx_word' id='word_1_656' title='bbox 1546 2515 1684 2550; x_wconf 84' lang='lat' dir='ltr'>Ridens</span> <span class='ocrx_word' id='word_1_657' title='bbox 1703 2516 1811 2559; x_wconf 82' lang='lat' dir='ltr'>igitur</span> <span class='ocrx_word' id='word_1_658' title='bbox 1828 2515 1976 2549; x_wconf 87' lang='lat' dir='ltr'>coeleste</span> <span class='ocrx_word' id='word_1_659' title='bbox 1993 2526 2141 2549; x_wconf 88' lang='lat' dir='ltr'>numen:</span> <span class='ocrx_word' id='word_1_660' title='bbox 2168 2512 2239 2549; x_wconf 75' lang='lat' dir='ltr'>Ex-</span> 
     </span>
     <span class='ocr_line' id='line_1_97' title="bbox 1244 2566 2238 2612; baseline 0 -13"><span class='ocrx_word' id='word_1_661' title='bbox 1244 2567 1378 2611; x_wconf 80' lang='lat' dir='ltr'>periar,</span> <span class='ocrx_word' id='word_1_662' title='bbox 1414 2567 1548 2612; x_wconf 87' lang='lat' dir='ltr'>inquit,</span> <span class='ocrx_word' id='word_1_663' title='bbox 1578 2580 1622 2601; x_wconf 84' lang='lat' dir='ltr'>an</span> <span class='ocrx_word' id='word_1_664' title='bbox 1649 2566 1791 2606; x_wconf 78' lang='lat' dir='ltr'>Musae,</span> <span class='ocrx_word' id='word_1_665' title='bbox 1825 2567 1954 2612; x_wconf 84' lang='lat' dir='ltr'>quibus</span> <span class='ocrx_word' id='word_1_666' title='bbox 1979 2573 2012 2600; x_wconf 88' lang='lat' dir='ltr'>te</span> <span class='ocrx_word' id='word_1_667' title='bbox 2038 2577 2143 2600; x_wconf 87' lang='lat' dir='ltr'>curae</span> <span class='ocrx_word' id='word_1_668' title='bbox 2166 2578 2238 2600; x_wconf 86' lang='lat' dir='ltr'>esse</span> 
     </span>
     <span class='ocr_line' id='line_1_98' title="bbox 1242 2614 2238 2662; baseline 0 -11"><span class='ocrx_word' id='word_1_669' title='bbox 1242 2619 1406 2658; x_wconf 74' lang='lat' dir='ltr'>affirmas,</span> <span class='ocrx_word' id='word_1_670' title='bbox 1434 2618 1503 2653; x_wconf 86' lang='lat' dir='ltr'>sint</span> <span class='ocrx_word' id='word_1_671' title='bbox 1523 2619 1585 2651; x_wconf 89' lang='lat' dir='ltr'>tibi</span> <span class='ocrx_word' id='word_1_672' title='bbox 1604 2619 1729 2652; x_wconf 74' lang='lat' dir='ltr'>samem</span> <span class='ocrx_word' id='word_1_673' title='bbox 1749 2618 1968 2662; x_wconf 78' lang='lat' dir='ltr'>depulsurae,</span> <span class='ocrx_word' id='word_1_674' title='bbox 1997 2617 2024 2650; x_wconf 88' lang='lat' dir='ltr'>si</span> <span class='ocrx_word' id='word_1_675' title='bbox 2043 2624 2075 2651; x_wconf 88' lang='lat' dir='ltr'>te.</span> <span class='ocrx_word' id='word_1_676' title='bbox 2094 2618 2129 2651; x_wconf 89' lang='lat' dir='ltr'>in</span> <span class='ocrx_word' id='word_1_677' title='bbox 2148 2614 2238 2651; x_wconf 76' lang='lat' dir='ltr'>lianc</span> 
     </span>
     <span class='ocr_line' id='line_1_99' title="bbox 1241 2669 2237 2709; baseline 0 -6"><span class='ocrx_word' id='word_1_678' title='bbox 1241 2683 1360 2703; x_wconf 75' lang='lat' dir='ltr'>cavam</span> <span class='ocrx_word' id='word_1_679' title='bbox 1378 2670 1540 2703; x_wconf 82' lang='lat' dir='ltr'>arborem</span> <span class='ocrx_word' id='word_1_680' title='bbox 1566 2671 1757 2709; x_wconf 81' lang='lat' dir='ltr'>inclusero,</span> <span class='ocrx_word' id='word_1_681' title='bbox 1784 2681 1847 2702; x_wconf 86' lang='lat' dir='ltr'>nec</span> <span class='ocrx_word' id='word_1_682' title='bbox 1865 2670 1995 2701; x_wconf 86' lang='lat' dir='ltr'>dedero</span> <span class='ocrx_word' id='word_1_683' title='bbox 2019 2669 2084 2702; x_wconf 89' lang='lat' dir='ltr'>tibi</span> <span class='ocrx_word' id='word_1_684' title='bbox 2108 2669 2237 2703; x_wconf 84' lang='lat' dir='ltr'>cibum.</span> 
     </span>
     <span class='ocr_line' id='line_1_100' title="bbox 1240 2719 2237 2765; baseline -0.003 -10"><span class='ocrx_word' id='word_1_685' title='bbox 1240 2722 1366 2755; x_wconf 80' lang='lat' dir='ltr'>Statim</span> <span class='ocrx_word' id='word_1_686' title='bbox 1399 2721 1508 2765; x_wconf 81' lang='lat' dir='ltr'>igitur</span> <span class='ocrx_word' id='word_1_687' title='bbox 1539 2721 1682 2755; x_wconf 79' lang='lat' dir='ltr'>inclusit</span> <span class='ocrx_word' id='word_1_688' title='bbox 1711 2721 1879 2755; x_wconf 81' lang='lat' dir='ltr'>miserum</span> <span class='ocrx_word' id='word_1_689' title='bbox 1909 2721 1945 2754; x_wconf 92' lang='lat' dir='ltr'>in</span> <span class='ocrx_word' id='word_1_690' title='bbox 1971 2721 2152 2759; x_wconf 86' lang='lat' dir='ltr'>arborem,</span> <span class='ocrx_word' id='word_1_691' title='bbox 2188 2719 2237 2753; x_wconf 86' lang='lat' dir='ltr'>ibi</span> 
     </span>
    </p>
   </div>
   <div class='ocr_carea' id='block_1_9' title="bbox 2300 428 2338 2353">
    <p class='ocr_par' dir='ltr' id='par_1_9' title="bbox 2300 428 2338 2353">
     <span class='ocr_line' id='line_1_101' title="bbox 2300 428 2338 2353; baseline 0 0"><span class='ocrx_word' id='word_1_692' title='bbox 2300 428 2338 2353; x_wconf 95' lang='lat' dir='ltr'> </span> 
     </span>
    </p>
   </div>
  </div>
 </body>
</html>
