2338 2958
187 124 256 160 851

193 208 311 242 sticiae
335 205 572 241 Ecclesiarum
597 209 630 235 et
653 200 906 241 imbecillitati,
946 211 1037 245 quae
1058 211 1184 244 magna

196 266 264 297 est,
292 265 326 292 et
348 258 386 290 in
411 256 513 290 bonis
539 252 739 292 mentibus,
765 251 881 295 parci,
913 257 947 284 et
967 251 1048 284 ideo
1071 263 1185 296 quan-

194 317 270 344 tum
286 309 360 342 fieri
376 306 485 351 possit
500 317 519 338 a
534 316 608 338 non
625 301 829 336 necessariis
837 302 1095 336 mutationibus
1105 303 1186 336 abs-

196 360 320 399 tineri,
355 365 472 391 tamen
497 355 559 389 ubi
584 353 771 399 Principes
793 354 837 386 ad
865 352 1059 386 tollendam
1082 353 1185 386 dissi-

195 409 434 445 militudinem
459 407 589 440 rituum
614 404 949 448 ecclesiasticorum,
976 404 1039 449 qui
1060 403 1097 436 in
1119 404 1185 437 ali-

196 461 324 506 quibus
340 457 506 493 Ecclesiis
529 456 740 496 intermissi,
773 455 810 488 in
834 455 913 488 aliis
938 455 1185 496 observantur,

196 520 229 545 et
248 512 291 544 ad
310 509 535 553 disciplinam
555 507 808 541 restituendam
821 533 831 547 ,
858 507 1029 551 quaedam
1047 506 1184 539 decreta

196 561 426 606 proponenda
452 561 647 598 duxerunt,
676 569 765 602 quae
787 563 869 590 sunt
894 556 971 590 sine
994 556 1186 601 impietate,

195 614 347 646 fatemur
363 623 427 644 nos
446 611 611 648 suadere,
637 620 681 641 ne
704 614 847 652 propter
870 619 907 640 ea
928 606 1107 641 Ecclesiae
1123 608 1185 640 de-

195 670 367 698 serantur.
421 661 662 694 Intelleximus
692 659 824 692 alicubi
855 658 893 690 in
917 657 1047 691 Suevia
1077 664 1111 691 et
1141 658 1184 690 ad

194 712 363 748 Rhenum
389 713 425 745 in
458 711 595 755 templis
625 721 768 754 prorsus
799 708 1028 742 solitudinem
1059 709 1184 741 factam

194 776 285 805 esse,
319 764 453 797 nullam
479 762 595 796 audiri
620 772 740 793 vocem
764 759 966 800 doctrinae,
1004 759 1127 792 multis
1148 759 1185 791 in

193 816 280 848 locis
297 815 358 847 diu
377 826 447 847 non
470 813 749 846 administratam
772 822 845 843 esse
864 821 1008 843 coenam
1025 808 1185 845 Domini.

194 865 289 899 Haec
307 865 462 898 accidere
479 863 672 903 nollemus,
704 868 737 895 et
759 873 838 894 vere
862 861 1081 901 iudicamus,
1115 859 1184 894 Ne-

194 916 341 949 cessaria
360 915 586 949 anteferenda
603 925 675 946 esse
692 925 765 945 non
783 911 1000 952 necessariis,
1028 911 1184 945 retinen—

193 969 272 1000 dam
298 979 370 1000 esse
395 978 514 999 vocem
538 963 742 1007 Evangelii,
769 961 946 996 Ecclesiae
970 973 1185 1006 congressus,

191 1018 501 1051 Sacramentorum
530 1028 652 1055 usum,
686 1015 790 1047 etiam
823 1013 851 1046 si
884 1026 951 1059 qua
988 1013 1185 1057 imponitur

191 1069 329 1112 corpori
356 1068 515 1101 servitus.
568 1065 680 1099 Dulce
704 1071 754 1098 est
779 1077 909 1098 nomen
934 1064 1124 1104 libertatis,
1153 1071 1185 1097 et

192 1117 354 1152 homines
379 1117 547 1164 inquieti,
586 1128 665 1149 cum
692 1115 873 1158 religionis
899 1121 1079 1159 praetextu
1108 1127 1183 1147 eam

192 1170 406 1209 (lesendunt,
448 1166 691 1200 vehementius
724 1172 867 1199 movent
892 1163 1078 1199 hominum
1107 1165 1185 1198 ani-

192 1233 280 1254 mos.
338 1220 459 1264 ltaque
474 1231 547 1250 non
566 1218 695 1250 mirum
713 1223 763 1249 est
785 1217 889 1250 nobis
917 1216 1020 1248 irasci
1043 1215 1185 1256 multos,

192 1284 232 1304 eo
259 1272 354 1316 quod
383 1271 582 1303 libertatem
617 1280 690 1300 non
727 1268 838 1310 magis
877 1266 980 1299 etiam
1018 1266 1184 1301 laxamus.

192 1321 299 1364 Quod
325 1323 372 1356 ita
397 1320 551 1354 obtineri
579 1318 732 1363 potuisse
758 1318 876 1358 aiunt,
906 1318 934 1350 si
958 1316 1185 1361 Principibus

190 1381 321 1406 metum
349 1372 564 1406 seditionum
589 1369 720 1404 nostris
747 1369 963 1402 clamoribus
995 1375 1027 1402 et
1059 1369 1183 1412 populi

190 1436 363 1457 consensu
382 1424 633 1456 incuteremus.

291 1491 364 1525 Nos
388 1502 472 1523 vero
498 1501 612 1534 neque
634 1488 849 1522 factionibus
875 1494 1027 1528 certare,
1069 1499 1184 1532 neque

191 1543 410 1576 inflammare
436 1541 532 1583 vulgi
555 1540 692 1573 animos
718 1546 840 1573 contra
857 1537 1056 1582 Principes,
1081 1539 1183 1571 volu—

189 1606 281 1627 mus:
325 1606 406 1626 narn
434 1593 529 1636 quod
554 1591 671 1630 aiunt,
712 1601 777 1623 nos
800 1589 1035 1623 assentatione
1058 1596 1183 1626 tacere,

189 1645 364 1677 calumnia
395 1643 578 1675 manifeste
608 1641 693 1673 salsa
729 1648 794 1674 est:
839 1640 954 1673 sciunt
980 1639 1074 1672 enim
1105 1639 1183 1683 ipsi,

190 1707 253 1728 nos
273 1695 309 1727 in
325 1695 429 1728 rebus
445 1691 648 1726 necessariis
666 1703 839 1736 nusquam
860 1692 902 1723 de
919 1690 1090 1724 sententia
1109 1701 1182 1723 ces-

189 1746 281 1779 sisse.
352 1745 507 1777 Labores
535 1750 567 1777 et
590 1742 746 1786 pericula
772 1749 890 1776 nostra
916 1741 1056 1781 vident,
1103 1753 1180 1774 cum

190 1797 331 1841 quidem
351 1796 417 1839 ipsi
438 1795 513 1827 sine
531 1794 604 1826 ullo
623 1793 780 1836 periculo
804 1793 896 1826 inter
920 1792 1108 1836 applausus
1128 1791 1180 1824 sui

189 1846 313 1880 theatri
332 1846 588 1884 vociferentur,
609 1851 747 1877 tantum
775 1844 817 1876 tle
841 1843 945 1876 rebus
969 1855 1040 1875 non
1063 1854 1182 1875 neces-

189 1898 299 1938 sariis,
325 1899 368 1931 cle
385 1897 514 1942 quibus
533 1902 648 1928 tamen
668 1907 763 1927 nunc
780 1891 958 1938 sophisma
975 1894 1183 1935 excogitant,

188 1949 382 1982 necessario
415 1947 516 1980 vitari
541 1947 670 1979 lineam
703 1953 852 1985 vestem,
895 1945 976 1989 quia
1012 1945 1182 1987 significet

187 2001 294 2043 recipi
315 2007 446 2033 veteres
464 2010 609 2032 errores.
646 1995 693 2030 At
711 2003 801 2030 extat
819 2003 939 2029 nostra
961 2008 1026 2028 vox
1047 2002 1079 2029 et
1097 2007 1181 2028 con-

187 2052 290 2084 sessio
308 2053 350 2083 de
367 2049 516 2093 singulis
533 2048 702 2082 articulis.

290 2118 488 2152 Conciones
508 2124 539 2150 et
557 2117 645 2150 ritus
671 2116 735 2160 ipsi
759 2115 918 2161 qnotidie
940 2114 1180 2147 testimonium

189 2171 273 2203 «lant
291 2168 504 2201 confessioni
525 2175 682 2201 nostrae:
713 2168 798 2200 salso
826 2167 933 2209 igitur
959 2166 1081 2198 dicunt
1106 2177 1180 2197 earn

188 2228 280 2254 veste
300 2221 358 2253 illa
377 2220 524 2254 involvi.

290 2281 404 2321 Quam
423 2289 568 2322 magnos
585 2285 699 2311 motus
717 2274 771 2310 his
796 2277 880 2320 ipsis
899 2276 1020 2314 annis,
1057 2282 1093 2309 nt
1122 2287 1180 2308 ve-

189 2339 258 2362 tera
279 2331 433 2374 exempla
459 2330 640 2368 omittam,
669 2329 830 2361 videmus
854 2335 950 2361 ortos
978 2339 1050 2361 esse
1075 2338 1178 2370 argu—

189 2382 314 2413 mentis
335 2382 438 2413 simili
461 2381 650 2414 calliditate
668 2380 802 2413 fucatis.

291 2438 364 2480 Ego
390 2440 539 2480 ingenue.
563 2441 691 2477 fateor„
726 2439 788 2472 etsi
815 2438 986 2481 optarim,
1024 2445 1060 2471 nt
1078 2443 1177 2470 ante-
1204 2479 1205 2486 ἵ

187 2492 258 2524 «lixi
273 2519 280 2531 ,
308 2491 402 2523 nulla
422 2504 456 2522 re
472 2503 614 2533 prorsus
632 2490 765 2524 turbari
784 2487 956 2522 Ecclesias
969 2516 976 2526 ,
1010 2495 1124 2522 tamen
1149 2489 1178 2522 si

188 2541 269 2575 haer
286 2549 363 2574 vota
383 2543 480 2574 irrita
502 2549 578 2574 sunt
592 2570 598 2580 ,
627 2555 678 2573 ine
699 2542 732 2573 in
752 2539 815 2573 hac
833 2540 1003 2573 sententia
1022 2551 1177 2575 manere.
1202 2555 1205 2564 r

186 2591 247 2626 hac
268 2593 365 2638 quasi
385 2593 569 2630 servitute,
597 2594 730 2625 etiarnsi
753 2592 896 2624 molesta
917 2599 945 2623 et
973 2592 1094 2623 odiosa
1123 2602 1176 2623 es-
1200 2590 1203 2637 ξ

186 2652 231 2677 set
248 2671 254 2681 ,
284 2658 372 2689 quae
395 2645 485 2688 apud
515 2644 591 2675 illos
618 2643 786 2676 litu-rmis
813 2644 1012 2675 defensores
1037 2642 1175 2681 vitupe-

533 116 694 153 DECL.
730 114 802 150 DE
836 113 1034 149 mere:
1075 113 1315 151 PROBET
1350 70 1878 163 UNUSQmsoufflc.

2156 120 2230 158 852

1238 202 1434 237 subtilitate
1470 204 1661 237 verborum
1698 211 1732 238 et
1767 206 1963 250 praestigiis
1998 207 2230 240 calumniato-

1238 265 1316 286 rum
1341 255 1486 296 turbor,
1510 256 1569 288 sed
1590 266 1744 299 provoco
1767 257 1810 288 ad
1835 264 1927 290 recta
1950 263 1983 291 et
2005 257 2155 291 candida
2175 257 2231 291 iu-

1238 303 1350 345 dicia,
1377 317 1466 350 quae
1491 312 1561 339 tam
1591 306 1697 339 duras
1723 308 1914 340 sententias
1937 309 1980 341 de
2006 306 2070 342 hac
2094 320 2130 341 re
2155 319 2229 342 non

1238 356 1364 390 ferent.

1341 421 1524 457 Praeterea
1556 435 1635 457 cum
1661 423 1808 457 omnino
1835 424 1954 457 deceat
1978 426 2139 459 ordinem
2166 426 2232 459 ali-

1239 486 1342 519 quem
1362 485 1434 507 esse
1452 473 1635 507 Feriarum
1651 481 1683 507 et
1699 473 1910 508 Lectionum
1938 475 1975 508 in
2000 477 2137 520 templis
2149 504 2158 516 ,
2194 484 2231 510 ut

1238 524 1373 558 Natalis
1398 522 1554 566 Christi,
1583 523 1760 567 Pascafis,
1787 524 2035 567 Ascensionis‚
2063 525 2232 561 Penteco-

1239 581 1318 616 stes,
1347 587 1409 608 cur
1425 587 1497 608 non
1515 576 1706 609 fateremur
1722 588 1786 609 nos
1804 576 1957 610 libenter
1972 577 2125 611 retinere
2143 585 2231 611 tem-

1239 638 1336 670 pora,
1365 639 1518 672 quorum
1533 626 1651 671 aliqua
1661 627 1756 661 Deus
1772 627 1846 671 ipse
1860 627 2007 661 retinuit
2022 628 2104 662 inde
2122 640 2232 673 usque

1239 689 1257 709 a
1276 677 1390 720 primo
1405 675 1598 711 Paschate‘?
1624 676 1786 723 Cumque
1806 676 1933 712 horum
1951 686 2149 723 temporum
2168 680 2232 711 ob-

1239 728 1389 761 servatio
1408 727 1618 771 reprehendi
1636 741 1708 761 non
1727 730 1853 773 possit,
1880 741 1943 762 cur
1962 742 2034 763 non
2058 738 2090 764 et
2116 731 2159 763 de
2182 729 2231 763 si-

1278 779 1286 785 '
1307 778 1385 812 'bus
1401 779 1528 812 ritibus
1542 779 1728 813 candidius
1745 780 1929 814 iudicant?

1341 854 1436 889 Dum
1458 855 1730 889 fundamentum
1752 856 1894 902 utrique
1918 859 2096 895 tenemus,
2137 857 2231 902 quod

1239 913 1290 940 est
1306 904 1488 947 Christus,
1517 913 1549 940 et
1568 907 1710 951 utrique
1727 918 1849 940 sumus
1874 909 1994 941 eadem
2013 904 2147 941 Christi
2162 905 2233 940 Ec-

1239 957 1363 998 clesia,
1393 958 1619 991 concordiam
1641 969 1703 990 nos
1720 958 1889 1003 utrinque
1910 959 2000 992 tueri
2026 958 2122 1002 pium
2149 964 2232 991 erat.

1239 1007 1291 1041 Ac
1314 1015 1352 1042 ut
1380 1021 1444 1041 nos
1471 1009 1669 1041 libertatem
1693 1008 1742 1041 eis
1767 1009 2004 1052 gratulamur,
2031 1010 2078 1042 ita
2096 1009 2158 1052 ipsi
2180 1009 2232 1040 vi—

1239 1059 1354 1091 cissim
1382 1059 1585 1092 servitutem
1620 1066 1797 1101 nostram,
1831 1072 1936 1105 quam
1968 1067 2114 1101 vocant,
2147 1059 2230 1092 boni

1238 1110 1422 1143 consulere
1460 1111 1648 1145 debebant.
1714 1109 1785 1143 Nec
1818 1118 1961 1155 propter
1993 1111 2086 1144 leves
2112 1121 2232 1144 causus

1239 1161 1320 1194 odia
1339 1161 1562 1194 accendenda
1580 1168 1699 1202 erant,
1725 1167 1758 1194 et
1775 1161 1956 1195 faciendae
1975 1161 2233 1201 distractiones,

1239 1212 1443 1254 praesertim
1460 1223 1538 1244 cum
1554 1211 1642 1243 aliae
1660 1218 1792 1245 restent
1808 1212 2067 1246 controversiae
2093 1212 2231 1256 gravio-

1238 1273 1313 1302 res,
1354 1268 1499 1307 propter
1534 1273 1620 1307 quas
1655 1274 1709 1295 res
1744 1263 1894 1296 maxime
1930 1264 2126 1307 prodesset,
2167 1274 2232 1296 nos

1238 1325 1343 1358 quam
1378 1313 1685 1347 coniunctissimos
1714 1325 1804 1353 esse,
1837 1326 1881 1346 ne
1906 1314 1998 1347 odiis
2021 1322 2081 1347 aut
2106 1313 2231 1347 studiis

1238 1363 1448 1405 factionum,
1483 1372 1522 1397 ut
1547 1376 1648 1407 saepe
1672 1364 1816 1404 accidit,
1856 1371 2142 1408 corrumpantur.
2195 1362 2231 1397 O

1237 1427 1310 1447 rem
1326 1416 1490 1448 miseram
1509 1423 1541 1449 et
1556 1415 1830 1459 deplorandam!
1886 1415 2035 1458 Quoties
2053 1416 2089 1448 in
2107 1413 2231 1448 Eccle—

1237 1466 1287 1499 sia
1322 1467 1523 1500 voluntates
1557 1464 1742 1499 hominum
1776 1466 1961 1499 levissimis
1987 1466 2231 1500 occasionibus

1237 1517 1422 1551 distractae
1438 1524 1539 1558 sunt,
1567 1524 1684 1562 postea
1701 1517 1895 1551 factionum
1918 1518 2031 1551 studia
2055 1525 2087 1551 et
2110 1529 2230 1550 aeum-

1237 1568 1385 1602 lationes
1407 1569 1639 1602 mutationem
1665 1569 1868 1611 dogmatum
1899 1576 2121 1613 pepererunt.
2178 1567 2229 1601 lta

1238 1617 1362 1652 Arium
1382 1620 1486 1651 dolor
1503 1621 1663 1664 repulsae
1687 1619 1868 1660 accendit,
1893 1626 1933 1653 ut
1952 1627 2022 1653 tam
2040 1619 2138 1653 triste
2155 1618 2229 1653 bel-

1236 1669 1309 1703 lum
1325 1677 1494 1703 moveret.

1338 1736 1497 1770 Primum
1517 1743 1632 1770 autem
1650 1749 1711 1770 oro
1734 1737 1846 1770 filium
1865 1735 1931 1770 Dei
1949 1735 2144 1771 Dominum
2162 1749 2228 1770 no-

1234 1795 1347 1821 strum
1364 1787 1477 1821 Iesum
1495 1785 1696 1828 Christum,
1724 1795 1761 1821 ut
1787 1788 1860 1832 ipse.
1884 1786 1969 1821 haec
1994 1789 2137 1821 vulnera
2158 1787 2227 1821 Ec-

1236 1839 1422 1871 clesiarum
1438 1845 1554 1877 sanet,
1584 1845 1616 1871 et
1634 1838 1748 1872 flectat
1767 1846 1903 1872 nostras
1919 1846 2054 1873 mentes
2077 1840 2119 1872 ad
2143 1851 2226 1872 con-

1235 1889 1405 1930 cordiam,
1432 1889 1561 1922 deinde
1581 1889 1661 1922 illos
1681 1890 1772 1933 ipsos
1788 1898 1920 1923 veteres
1939 1890 2069 1924 amicos
2087 1897 2227 1924 nostros

1235 1941 1392 1974 obtestor
1409 1947 1550 1984 propter
1575 1940 1685 1973 silium
1704 1939 1790 1980 Dei,
1816 1947 1854 1974 ut
1878 1941 1981 1973 nobis
2011 1948 2042 1974 et
2062 1939 2227 1974 Ecclesiis

1235 1992 1364 2025 nostris
1384 1999 1544 2035 parcant,
1566 2003 1644 2024 cuin
1671 1991 1803 2036 alioqui
1828 2003 1954 2034 magno
1982 1991 2017 2024 in
2045 1992 2167 2025 dolore
2194 1998 2226 2024 et

1234 2043 1330 2076 luctu
1351 2043 1478 2083 simus,
1505 2054 1608 2087 quein
1628 2042 1735 2075 levari
1753 2043 1904 2076 aliorum
1922 2043 2169 2077 benevolentia
2194 2049 2224 2075 et

1235 2093 1478 2127 consolatione
1494 2093 1689 2137 oportebat.

1337 2161 1408 2194 Nos
1430 2161 1591 2206 quidem,
1619 2161 1700 2205 quia
1718 2161 1825 2194 totius
1841 2161 1952 2194 nostri
1969 2161 2108 2195 consilii
2127 2173 2224 2195 sum-

1234 2225 1289 2245 ma
1309 2210 1392 2246 haec
1410 2213 1497 2252 suit,
1524 2224 1568 2244 ne
1592 2213 1838 2245 desererentur
1855 2210 2049 2253 Ecclesiae,
2072 2212 2140 2246 nisi
2163 2224 2224 2246 ue-

1234 2264 1402 2297 cessariae
1418 2275 1540 2296 causae
1559 2270 1689 2302 essent.
1716 2263 1929 2297 conscientia
1955 2264 2032 2307 piae
2059 2263 2223 2297 volunta-

1234 2315 1278 2347 tis
1299 2327 1364 2349 nos
1379 2322 1633 2353 sustentamus,
1670 2326 1708 2346 ac
1733 2326 1777 2347 ne.
1800 2327 1895 2348 nunc
1920 2315 2064 2359 quidem
2086 2325 2222 2360 possem

1233 2366 1329 2399 alind
1347 2366 1536 2399 consilium
1557 2366 1640 2398 dare
1659 2363 1729 2405 his,
1763 2366 1823 2411 qui
1843 2365 1926 2399 alibi
1945 2365 2096 2399 similem
2111 2365 2222 2400 servi-

1233 2423 1340 2450 tutem
1360 2417 1547 2452 sustinent.

1333 2484 1403 2518 Nec
1422 2491 1510 2517 errat
1530 2483 1742 2517 coiiscientia
1767 2485 1966 2527 praeferens
1990 2483 2219 2517 necessariam

1230 2536 1532 2569 conservationem
1551 2535 1736 2568 ministerii
1755 2533 1979 2577 Evangelici,
2003 2547 2074 2567 non
2101 2546 2221 2568 neces-

1229 2588 1340 2621 sariae
1357 2588 1468 2630 [nugae.
1522 2584 1563 2619 Et
1582 2586 1783 2630 saepissime
1804 2584 1965 2630 prohibet
1985 2583 2217 2629 Evangelium

1229 2639 1320 2671 rixas
1338 2640 1381 2671 de
1397 2639 1503 2678 cibis,
1532 2637 1676 2676 vestitu,
1704 2644 1735 2670 et
1759 2637 1934 2670 similibus
1962 2637 2085 2673 relius.
2112 2637 2139 2670 si
2166 2643 2217 2671 ta-

185 2703 295 2729 ratur-
333 2704 445 2728 tamn-n
484 2708 552 2726 non
585 2695 694 2737 pollui
725 2694 977 2732 conisi-ientias,
1014 2705 1075 2725 nec
1111 2693 1172 2726 ista
1197 2698 1200 2727 ί
1228 2703 1308 2722 men
1327 2703 1392 2722 vox
1411 2690 1594 2723 ‹lot-trinae
1612 2694 1748 2721 maneat
1769 2688 1984 2731 incorrupta.

2313 2549 2315 2564 4

2312 2567 2321 2597 *l
