2338 2958
0 1217 9 1225 ·
40 1167 44 1268 l

71 137 147 173 813

73 323 239 358 studium.

172 395 295 430 Dicam
314 395 440 439 igitur,
467 409 576 442 quare
591 408 663 430 non
680 395 870 429 deserenda
886 394 956 428 sint
978 391 1064 428 baec

33 457 35 459 '
71 448 254 482 literarum
279 447 412 487 studia,
439 447 575 481 etiamsi
600 459 695 480 nunc
717 447 753 479 in
774 447 837 479 ista
857 446 1064 479 confusione

35 517 42 541 s
71 498 169 532 orbis
185 505 370 538 terrarum,
388 510 460 530 non
478 498 591 531 solum
611 496 722 531 honos
739 497 858 530 nullus
876 503 925 529 est
941 497 1063 537 literis,

33 555 42 594 ζ,
69 549 129 582 sed
163 549 268 582 etiam
297 548 378 581 odia
413 555 446 582 et
470 549 627 593 ingentia
661 548 815 593 pericula
847 548 1062 581 discentibus

34 595 42 639 ³3
68 600 251 645 proposita
272 606 366 634 sunt.

34 647 43 707 l
173 672 246 707 Nec
270 674 338 708 iam
357 674 521 719 alloquor
536 673 730 707 Democriti
757 680 816 707 aut
832 671 978 717 Epicuri
1000 685 1062 716 ap-

39 714 43 751 l
70 726 272 770 plausores,
294 725 357 770 qui
374 725 632 769 providentiam
651 725 829 758 derident:
865 736 970 769 quos,
998 724 1060 757 etsi

69 782 150 810 sunt
170 776 409 820 impudentes,
438 782 554 809 tamen
576 787 642 808 vox
660 775 733 819 ipsa
752 783 896 809 naturae
923 776 1062 815 refutat,

70 839 160 872 quae
176 826 331 860 clamitat
347 838 418 859 esse
433 825 560 865 Deum,
586 834 740 860 mentem
757 833 949 867 aeternam,
976 839 1061 859 con-

69 878 229 912 ditricem
246 884 280 911 et
297 877 448 910 indicem
466 877 604 920 generis
620 875 776 911 humani.
811 877 879 911 Sed
896 889 956 910 vos
972 878 1060 910 allo-

68 940 181 974 quor,
207 928 269 973 qui
293 927 385 961 cives
400 928 481 961 estis
497 926 674 961 Ecclesiae
691 928 782 969 Dei,
809 935 843 962 et
863 929 1060 962 doctrinam

69 979 255 1013 coelestem
275 978 371 1012 scitis
394 979 661 1012 resuscitatione
685 985 906 1012 mortuorum
932 979 1061 1012 confir-

66 1036 197 1063 matam
213 1040 297 1070 esse‚
323 1041 468 1074 eamque
484 1030 633 1074 amplexi
651 1030 743 1068 estis,
762 1030 849 1064 moti
867 1042 946 1064 cum
964 1030 1062 1064 testi-

68 1079 200 1113 moniis
225 1080 295 1113 illis
320 1079 491 1113 divinitus
525 1078 710 1121 exhibitis,
743 1087 818 1114 tum
841 1093 924 1114 vero
954 1081 1060 1114 etiarn

40 1109 44 1154 ¹,
67 1131 144 1164 luce
162 1142 306 1164 accensa
323 1130 497 1164 divinitus
515 1130 553 1163 in
572 1131 749 1164 mentibus
766 1131 902 1167 vestris.

169 1203 242 1238 Nec
267 1215 350 1236 vero
383 1204 476 1236 inter
499 1201 676 1236 Ecclesiae
707 1203 818 1243 cives,
853 1204 1060 1249 cuiusquam

41 1274 43 1307 ⁴]
67 1256 148 1301 plus
163 1254 279 1288 valere
296 1254 410 1287 oratio
427 1255 541 1295 debet,
557 1266 661 1299 quam
680 1255 753 1288 eius
769 1255 930 1296 oratoris,
957 1267 1060 1300 quem

42 1311 44 1350 ζ
67 1305 233 1340 conditor
247 1306 432 1338 universae
449 1312 594 1338 naturae
611 1306 653 1338 ad
671 1317 736 1338 nos
751 1306 856 1346 misit,
880 1306 1061 1351 inquiens:

67 1356 137 1390 Hic
153 1363 204 1390 est
221 1356 314 1389 filius
328 1368 426 1389 meus
441 1356 607 1396 dilectus,
633 1353 729 1390 hunc
744 1357 876 1392 audite.
930 1356 1062 1390 Memi-

68 1407 171 1441 nistis
190 1414 306 1441 autem
334 1404 425 1439 hanc
444 1406 519 1439 eius
536 1407 757 1440 concionem:
793 1407 831 1441 Si
851 1407 928 1452 quis
946 1408 1062 1450 diligit

42 1462 44 1469 '
67 1471 134 1499 me,
161 1468 356 1491 sermonem
372 1469 490 1490 meum
508 1457 678 1498 servabit,
706 1465 738 1491 et
755 1465 851 1502 pater
868 1470 962 1491 meus
979 1459 1062 1491 dili-

44 1527 45 1531 *
69 1517 125 1553 get
142 1521 236 1549 eum,
255 1514 287 1541 et
305 1508 487 1541 veniemus
504 1510 546 1541 ad
565 1521 658 1549 eum,
683 1515 716 1542 et
732 1509 949 1542 mansionem
967 1509 1060 1553 apud

43 1570 45 1589 2
70 1572 150 1594 eum
167 1559 344 1592 faciemus.
389 1557 456 1591 Hic
474 1559 641 1603 praecipit
657 1571 852 1592 sermonem
870 1571 971 1592 suum
989 1572 1061 1593 sex·—

67 1610 155 1651 vari,
182 1610 218 1642 id
237 1617 307 1651 est,
334 1616 372 1643 ut
389 1611 548 1643 custodes
568 1610 748 1643 doctrinae
767 1610 888 1651 simus,
911 1616 951 1643 ut
966 1611 1060 1653 lega-

67 1672 166 1702 mus,
191 1660 397 1700 audiamus,
423 1660 608 1701 discaious,
635 1661 914 1694 transmittamus
934 1662 976 1693 ad
997 1673 1061 1705 po-

43 1729 45 1732 ⁴
69 1720 180 1746 steros
198 1710 343 1755 scripta,
377 1723 466 1755 qnae
483 1709 638 1744 Ecclesia
655 1711 814 1746 tradidit.

44 1810 47 1834 1
68 1811 162 1847 hanc
189 1819 344 1845 nostram
374 1811 536 1845 militiam
561 1812 764 1845 docentium
795 1819 829 1845 et
849 1813 1059 1846 discentium

69 1863 301 1897 necessariam
319 1873 391 1894 esse
403 1874 476 1894 non
492 1863 640 1895 dubium
658 1869 720 1897 est.
760 1862 838 1895 Non
855 1863 960 1903 bella,
987 1875 1060 1896 non

44 1913 47 1943 ἶ
68 1912 256 1948 hominnm
271 1913 426 1952 furores,
454 1924 525 1945 non
543 1912 788 1956 dissipationes
810 1913 966 1954 gentium
984 1926 1061 1947 mo-

44 1982 47 2003 ς
68 1971 175 1998 veant
200 1975 286 2003 nos,
319 1970 358 1996 ut
383 1963 497 1996 studia
520 1963 701 1997 literarum
721 1963 938 1999 abiiciamus
990 1963 1061 1997 Ne—

45 2009 47 2013 *
68 2027 162 2050 cesse
184 2021 235 2049 est
261 2013 355 2047 enim
383 2026 502 2057 parere
525 2015 692 2047 mandato
713 2014 854 2055 divino,
881 2016 974 2060 quod
995 2016 1059 2048 do-

46 2088 47 2091 =
67 2067 218 2101 ctrinam
234 2076 416 2105 arcanam,
442 2077 547 2110 quam
564 2065 656 2097 filius
679 2077 719 2097 cx
741 2065 821 2098 sinu
846 2066 975 2099 aeterni
999 2078 1060 2110 pa-

68 2117 134 2152 tris
151 2116 310 2161 protulit,
333 2115 409 2158 legi,
433 2116 548 2148 audiri
574 2123 603 2149 et
622 2115 706 2148 disci
726 2117 905 2160 praecipit.
949 2116 1060 2150 Dein-

69 2170 113 2202 de
136 2179 215 2201 cum
241 2166 427 2211 promissio
450 2167 568 2199 addita
592 2166 633 2199 sit
658 2167 890 2210 amplissima,
917 2165 1059 2213 (diliget

69 2218 250 2253 doctrinae
274 2218 434 2250 custodes
458 2224 620 2251 aen-roos
646 2224 758 2261 pater,
787 2225 890 2263 atque
913 2218 958 2251 ita
974 2219 1058 2251 dili-

70 2277 145 2314 get,
178 2276 217 2302 ut
240 2265 305 2301 hos
331 2268 491 2301 nominet
513 2268 730 2301 domicilium
759 2281 877 2307 suum,
909 2275 941 2300 et
967 2269 1059 2302 inter

47 2314 49 2322 ’
71 2331 130 2353 eos
146 2331 226 2352 vere
242 2316 418 2364 versetur)
438 2318 502 2362 ipsi
517 2332 618 2352 curae
636 2320 716 2357 erit,
744 2332 787 2351 ne
802 2319 916 2353 desint
939 2319 1004 2353 sibi
1024 2327 1058 2354 et

70 2370 174 2404 nobis
195 2367 369 2413 hospicia,
405 2375 436 2401 et
464 2382 506 2401 ne
533 2370 669 2403 labores
693 2370 760 2403 sint
783 2370 935 2405 inutiles.
987 2369 1056 2404 Sed

48 2418 49 2424 ¹
69 2428 163 2456 recta
179 2427 211 2454 et
229 2432 308 2452 vera
326 2420 510 2460 discamus,
538 2428 569 2453 et
588 2422 741 2454 modeste
758 2420 978 2466 inquiramus
997 2434 1057 2454 ve-

70 2473 228 2511 ritatem,
256 2477 289 2503 et
310 2476 490 2514 expetatur
513 2471 690 2510 doctrina,
725 2479 763 2506 ut
781 2478 927 2504 ornetur
945 2472 1056 2514 gloria

49 2557 51 2563 ,
67 2521 155 2564 Dei,
179 2533 250 2555 non
267 2528 305 2555 ut
318 2521 362 2554 sit
386 2527 582 2565 praetextus
597 2521 826 2566 cupiditatum
843 2530 1056 2557 nostrarum.

173 2595 280 2629 Multi
298 2596 335 2628 in
358 2593 412 2628 his
426 2596 674 2628 communibus
690 2596 839 2629 miseriis
857 2596 1056 2631 irascuntur

49 2683 51 2691 A
68 2647 269 2686 doctrinae,
298 2644 387 2680 hanc
403 2657 476 2679 esse
491 2646 600 2679 facem
619 2644 724 2679 liuius
745 2647 898 2680 incendii
914 2647 1052 2682 dicunt:

50 2696 51 2715 l
69 2699 129 2744 qui
146 2697 287 2743 quidem
304 2709 384 2730 cuin
400 2696 475 2731 Deo
503 2697 718 2738 irascuntur,
746 2695 801 2730 his
821 2698 972 2743 querelis
988 2711 1052 2732 au-

461 130 623 169 DECL.
662 131 737 168 DE
764 131 1005 169 STUDIIS
1037 128 1147 165 LIT.
1179 127 1296 165 NON
1328 127 1714 168 DESERENDIS.

71 227 207 257 mentes
240 225 382 256 teneant
415 218 455 252 in
495 225 684 264 conspectu
722 225 928 263 argumenta
959 223 1065 256 certa,
1090 221 1095 262 ζ
1113 221 1219 258 gent,
1244 227 1317 248 non
1343 222 1469 249 sanant
1491 215 1633 260 publica
1655 217 1758 251 mala.

23 303 25 307 .
73 273 202 319 quibus
225 271 281 305 vel
304 269 440 304 leniant
465 270 626 304 dolorem
647 281 769 311 suum,
795 271 851 304 vel
873 269 1066 304 accendant
1091 268 1094 291 ¹
1118 265 1380 309 indignationes
1395 278 1630 310 compescere,
1652 279 1692 300 ac
1707 268 1863 301 modeste
1879 269 2029 311 cogitare
2048 284 2105 301 xe-

2037 135 2107 169 814

1810 215 1954 252 Rectius
1977 226 2023 251 est
2044 217 2103 253 lias

1117 327 1172 349 ras
1188 327 1307 349 causas
1324 317 1395 350 irae
1404 316 1469 351 Dei
1487 318 1652 351 adversus
1669 329 1744 359 nos,
1764 331 1801 352 ac
1817 319 1944 352 deinde
1965 331 2004 352 ex
2022 333 2102 363 pro-

1117 367 1343 400 missionibus
1359 367 1489 400 divinis
1511 368 1663 401 remedia
1688 376 1820 413 petere,
1847 372 1940 415 quod
1970 372 2029 414 qni
2056 372 2104 402 ia-

1117 417 1227 456 cient,
1257 418 1409 461 primum
1435 417 1509 461 ipsa
1529 419 1697 453 modestia
1723 421 1960 464 impetrabunt
1984 434 2000 453 a
2029 420 2102 455 Deo

1115 467 1371 510 mitigationem
1390 467 1612 512 publicorum
1632 477 1664 503 et
1684 471 1898 513 privatorum
1919 473 2103 505 malorum.

1115 517 1240 551 Postea
1264 525 1297 551 et
1317 518 1499 552 doctrinae
1523 519 1686 561 cogitatio
1712 532 1750 553 ac
1773 523 1924 554 suavitas
1951 536 2008 564 pcr
2034 534 2105 555 sese

1115 566 1343 613 μαλακτικὸν
1379 569 1446 602 erit
1478 569 1690 604 moesticiae.
1750 570 1930 604 Praeterea
1969 574 2104 604 vei-{2:51-

1116 632 1213 653 mum
1238 627 1289 654 est
1312 620 1400 652 illud
1423 617 1682 663 Sophocleum,
1713 616 1742 654 ὦ
1766 624 1886 665 μῶρε,
1921 622 2019 656 &tid
2037 637 2043 653 .·
2068 637 2104 651 m

1115 672 1243 709 κακοῖς
1258 669 1302 706 οὐ
1318 668 1524 716 σύμφερον.
1567 670 1682 704 Multa
1700 679 1842 715 peccant
1859 671 2016 705 hominos
2039 676 2103 705 ire-

1114 722 1243 755 cundia
1260 722 1296 754 in
1314 722 1418 754 rebus
1436 721 1606 754 adversis:
1635 721 1697 755 ubi
1713 722 1741 755 si
1758 735 1828 755 non
1847 724 2102 756 tunniltuaiew

1115 779 1193 812 tur,
1219 778 1253 806 et
1279 785 1296 806 a
1313 771 1389 806 Deo
1415 778 1570 816 peterent
1595 772 1859 814 liberationem,
1890 773 2104 817 catoso-alm·

1114 825 1232 858 futura
1249 830 1337 857 esset
1352 823 1537 868 placidior.

1217 897 1352 932 Multae
1369 904 1450 932 sunt
1469 909 1602 937 causae,
1619 910 1682 932 cur
1692 897 1785 932 Deus
1799 897 1987 931 Ecclesiam
2008 912 2106 932 aori>

1114 950 1207 982 mnis
1230 949 1432 993 ingentibus
1457 949 1629 982 onerarit:
1664 961 1750 994 quas
1775 961 1893 982 causas
1922 963 2037 986 nosse,
2075 959 2105 983 et

1114 1013 1215 1045 saepe
1238 1000 1435 1041 recordari,
1461 1000 1548 1033 utile
1569 1005 1629 1035 est.
1683 999 1800 1033 Multa
1823 1009 1905 1034 sunt
1927 1009 1957 1034 et
1984 1014 2105 1041 magna

1115 1052 1260 1091 delicta,
1294 1050 1498 1094 praesertim
1527 1050 1563 1082 in
1589 1048 1653 1083 hac
1677 1050 1786 1083 delira
1811 1051 1933 1083 mnndi
1958 1062 2105 1086 senecta.

1118 1102 1200 1135 ideo
1217 1108 1376 1135 crescunt
1393 1113 1545 1145 poenae,
1572 1107 1611 1134 ut
1627 1101 1719 1134 filius
1735 1100 1801 1135 Dei
1826 1101 2104 1146 ipsepracdixit:

1116 1151 1158 1185 In
1181 1150 1246 1186 hac
1263 1152 1389 1185 mundi
1409 1158 1545 1185 senecta
1568 1152 1719 1184 maiores
1743 1152 1969 1196 imperiorum
1990 1161 2018 1185 et
2039 1154 2104 1185 ij:-

1114 1204 1238 1237 clesiae
1256 1203 1480 1249 confusiones
1495 1203 1630 1235 futuras
1647 1214 1738 1243 esse,
1761 1214 1865 1247 qnam
1884 1204 2026 1236 fuerunt
2044 1217 2105 1236 an-

1115 1261 1180 1289 tea.
1215 1253 1260 1287 Et
1277 1253 1538 1287 denunciantur
1554 1249 1638 1286 haec
1655 1253 1745 1286 mala
1763 1254 1971 1287 coelestibus
1990 1255 2105 1297 signis.

1115 1304 1264 1338 Vidistis
1287 1316 1408 1337 recens
1432 1301 1646 1337 horrendam
1670 1303 1764 1337 Solis
1786 1303 1949 1348 eclipsin,
1983 1307 2017 1336 in
2039 1319 2105 1349 qua

1115 1355 1225 1390 iuncti
1245 1355 1281 1388 in
1304 1354 1456 1389 tenebris
1476 1353 1561 1395 Sol,
1588 1353 1705 1393 Mam,
1735 1353 1877 1395 Venus,
1905 1354 2104 1388 Mei-corius

1115 1413 1148 1440 et
1171 1406 1294 1446 Luna,
1325 1417 1429 1450 quam
1454 1405 1530 1438 dira
1557 1417 1691 1437 venena
1719 1405 1755 1437 in
1780 1402 1869 1438 lianc
1902 1406 2103 1438 inferiorem

1116 1464 1276 1490 naturam
1301 1457 1529 1500 sparserunt?
1584 1454 1656 1489 Iam
1685 1453 1878 1489 hisdiebus
1901 1469 2105 1500 congressos

1114 1508 1178 1541 erit
1196 1507 1342 1541 Saturni
1359 1514 1391 1540 et
1409 1506 1535 1539 Martis
1560 1505 1597 1539 in
1615 1513 1836 1549 aegocerote,
1863 1507 1899 1539 in
1918 1520 1985 1551 quo
2007 1520 2105 1551 prae-

1115 1559 1216 1602 cipua
1235 1565 1284 1591 est
1301 1557 1445 1590 saevitia
1463 1557 1646 1601 utriusque
1665 1557 1795 1590 stellae.
1850 1556 1893 1591 Et
1911 1558 1982 1601 ipse
2003 1570 2104 1600 aego-

1114 1620 1211 1642 ceros
1243 1620 1305 1652 per
1339 1620 1411 1641 sese
1440 1607 1686 1641 turbulentum
1712 1608 1808 1640 sidus
1831 1615 1893 1641 est.
1957 1608 2104 1651 Propter

1113 1671 1218 1704 qnam
1244 1670 1381 1692 causam
1398 1665 1568 1699 vetustas,
1594 1671 1683 1703 quae
1706 1665 1849 1691 naturas
1871 1659 2050 1691 stellarum
2074 1668 2104 1693 ct

867 1711 961 1744 Haec
981 1725 1061 1745 curn
1085 1733 1089 1751 ‚
1113 1708 1290 1754 μετίωρα,
1320 1709 1720 1742 involucrisfabularum
1736 1717 1848 1752 tegere
1865 1709 2010 1750 solebat,
2038 1712 2104 1742 tin-

44 1795 46 1806 ,
69 1763 145 1796 sine
162 1761 272 1796 literis
287 1767 320 1794 et
335 1761 522 1804 multiplici
542 1761 702 1795 doctrina
725 1763 797 1795 fieri
817 1775 888 1794 non
916 1763 1062 1805 possint,
1085 1753 1089 1789 l
1115 1761 1163 1794 xit
1181 1761 1216 1792 in
1234 1757 1512 1802 gigantomachia
1530 1759 1625 1792 Pana
1645 1760 1807 1793 indutum
1828 1761 1941 1803 specie
1963 1773 2103 1803 aegoce-

1115 1811 1220 1848 rotis,
1248 1817 1461 1853 grassantem
1478 1807 1653 1855 Typhona
1672 1811 1734 1843 reti
1754 1810 1893 1853 cepisse.
1939 1809 2018 1843 Non
2039 1811 2102 1854 igi-

1115 1870 1172 1896 tur
1188 1862 1279 1894 leves
1296 1868 1410 1895 motus
1430 1860 1645 1904 impendent,
1663 1862 1721 1894 sed
1743 1858 1925 1894 horribilis
1944 1862 2103 1903 gig-oto-

1115 1909 1271 1952 machia,
1295 1924 1385 1957 quae
1399 1924 1472 1944 non
1490 1912 1568 1944 ideo
1585 1911 1783 1952 sedabitur,
1809 1911 1890 1955 quia
1911 1913 2008 1945 multi
2028 1912 2101 1945 Deo

1116 1965 1330 2002 irascuntur,
1354 1970 1388 1996 et
1403 1962 1617 1995 maledicunt
1633 1963 1767 1995 miseris
1785 1959 2015 1995 scholasticis:
2043 1966 2100 1996 sed

1113 2016 1154 2048 ad
1181 2014 1388 2046 flectendam
1424 2014 1510 2045 iram
1536 2012 1600 2045 Dei
1626 2013 1694 2046 alia
1720 2025 1800 2046 cura
1827 2014 2016 2046 necessaria
2042 2022 2102 2053 est,

1113 2065 1318 2108 cogitandae
1333 2071 1415 2098 sunt
1436 2063 1578 2096 divinae
1599 2064 1868 2106 promissiones,
1896 2064 2101 2106 confugien-

1113 2117 1196 2148 dum
1219 2116 1261 2147 ad
1282 2113 1395 2147 Deum
1416 2114 1540 2148 fiducia
1561 2114 1642 2154 filii,
1670 2121 1702 2147 et
1727 2115 1881 2147 modeste
1898 2115 2100 2153 vivendum,

1112 2180 1151 2200 ac
1175 2180 1192 2199 a
1209 2164 1285 2198 Deo
1309 2166 1520 2210 petendum,
1547 2172 1583 2198 ut
1610 2164 1645 2196 in
1671 2166 1720 2198 ira
1745 2165 2002 2197 misericordiae
2020 2178 2100 2198 suae

1112 2218 1332 2250 recordetur:
1369 2217 1563 2249 curandum
1587 2215 1711 2254 etiam,
1744 2223 1782 2248 nt
1809 2216 1955 2259 posteris
1983 2228 2099 2248 veram

1111 2276 1144 2301 et
1171 2268 1410 2309 incorruptam
1433 2266 1642 2299 sententiam
1666 2267 1710 2299 de
1733 2265 1806 2299 Deo
1832 2267 2025 2304 tradamus,
2062 2274 2100 2300 ut

1112 2319 1201 2352 veris
1218 2317 1342 2350 officiis
1356 2315 1451 2350 Deus
1466 2317 1612 2350 colatur.

1212 2392 1291 2426 Non
1311 2392 1416 2434 igitur
1430 2403 1524 2425 nunc
1543 2403 1603 2434 per
1620 2391 1838 2424 iracundiam
1856 2399 1915 2426 aut
1934 2393 2098 2435 despera-

1109 2445 1242 2478 tionem
1266 2443 1465 2476 abiicienda
1486 2449 1567 2475 sunt
1592 2443 1774 2475 doctrinae
1797 2443 1930 2484 studia,
1955 2446 2012 2476 sed
2034 2458 2094 2487 p..-

1109 2497 1179 2528 tius
1198 2495 1277 2526 iude
1295 2494 1361 2525 iarn
1380 2493 1531 2525 remedia
1551 2493 1723 2526 malorum
1741 2495 1890 2537 petenda
1905 2502 1999 2526 sunt.
2054 2494 2093 2526 ln

1110 2544 1164 2579 his
1188 2544 1368 2577 verissime
1390 2543 1486 2577 Deus
1515 2550 1630 2576 tecum
1654 2543 1887 2589 colloquitur,
1923 2546 2092 2587 promittit

1106 2597 1296 2635 auxilium,
1329 2602 1388 2628 aut
1405 2594 1663 2627 invocationem
1679 2595 1854 2629 exuscitet.
1895 2593 1938 2627 Et
1959 2596 2091 2637 experi-

1106 2660 1186 2681 mur
1211 2645 1378 2690 exemplis
1401 2645 1692 2678 manifestissimis
1717 2658 1788 2679 non
1816 2656 1887 2678 esse
1914 2645 2009 2677 irrita
2028 2657 2092 2676 no-

1104 2705 1174 2733 sua
1197 2705 1288 2732 vota.
