2338 2958
160 142 235 179 499

165 230 244 269 diis,
271 228 458 272 prudentia
474 233 506 259 et
523 224 718 269 diligentia,
745 223 784 256 in
801 230 874 258 arte
892 235 971 257 cum
987 223 1158 257 tradenda

165 288 239 314 tum
264 278 463 313 exercenda.
516 275 558 308 ln
589 274 816 317 medicando,
856 275 1045 308 iuvenibus
1076 286 1160 319 pro-

166 333 256 365 fecto
298 328 526 363 utilissimum
557 333 629 367 est,
673 333 792 360 tenere
825 326 958 371 optima
992 326 1160 369 exempla,

168 393 256 427 quae
291 380 474 412 imitentur
498 384 531 411 et
566 378 604 410 in
631 378 797 411 discendo
824 384 858 411 et
893 377 930 409 in
957 376 1161 412 iudicando.

168 431 232 466 Est
245 438 360 464 autem
370 428 530 462 Galenus
544 428 704 472 Pergami
723 434 836 468 natus»,
856 435 954 472 patre
969 425 1160 462 architecto

170 481 319 516 civitatis
353 479 612 520 eruditissimo,
653 486 693 514 ut
720 478 879 513 Galenus
912 479 1090 523 praedicat
1123 479 1162 511 in

171 531 431 569 Grammaticis,
450 530 651 565 Dialecticis
668 537 700 563 et
717 527 995 564 Mathematicis:
1024 542 1062 563 ac
1079 541 1163 563 nar-

171 591 225 617 rat
243 583 333 626 ipse,
360 593 572 626 magnopere
593 581 659 614 sibi
677 579 743 613 hoc
764 581 956 625 profuisse,
986 582 1083 626 quod
1100 580 1164 614 tali

171 640 274 667 natus
293 633 336 666 sit
359 639 474 676 patre,
498 633 559 677 qui
582 645 655 665 non
672 632 786 665 solum
807 633 933 666 amarit
949 632 1164 676 disciplinas,

171 691 210 718 ut
226 684 337 717 filium
354 684 397 717 ad
416 695 472 717 eas
493 684 530 716 in
550 690 704 726 tempore
727 679 950 723 adhibuerit,
977 683 1036 716 sed
1059 682 1162 715 etiam

172 736 245 779 ipse
263 734 360 767 domi
381 734 550 768 docuerit.
604 732 661 766 Ab
682 730 750 766 hoc
773 734 820 767 ait
843 734 1015 767 elementa
1034 733 1164 766 artium

173 786 354 825 didicisse,
381 786 509 830 quibus
535 784 726 829 perceptis,
754 796 834 817 cum
856 785 923 818 iam
950 791 1054 818 natus
1078 791 1165 817 esset

173 848 286 870 annos
321 836 542 881 quindecim,
584 836 628 868 ad
661 835 874 879 professores
900 832 1166 880 philosophicos

173 888 344 921 deductus
361 893 426 920 est:
449 886 511 920 ubi
528 898 607 919 cum
623 893 841 919 exerceretur
857 887 895 919 in
913 884 1117 920 Dialecticis
1133 892 1167 919 et

172 938 307 983 reliqua
325 934 574 981 Philosophia,
600 949 681 970 nam
709 944 807 981 pater
825 949 905 970 eum
924 949 998 971 non
1015 937 1166 970 Medici-

173 1000 250 1029 nae,
269 988 330 1021 sed
347 994 484 1022 tantum
499 987 707 1032 professioni
726 985 1010 1031 philosophicae,
1035 995 1075 1022 ut
1091 994 1166 1021 tum

173 1039 386 1079 vocabatur,
414 1039 626 1079 destinarat,
649 1039 852 1072 adolescens
875 1051 954 1072 cum
981 1039 1166 1073 biennium

174 1090 367 1124 audivisset
389 1087 666 1133 Philosophum,
695 1090 851 1128 somnio,
879 1098 918 1124 ut
941 1090 1013 1134 ipse
1038 1089 1166 1134 inquit,

175 1140 326 1174 maxime
350 1139 481 1174 illustri
509 1141 665 1173 monitus
691 1147 759 1180 est,
798 1147 838 1173 ut
864 1141 1030 1173 medendi
1055 1147 1165 1172 artem

175 1191 334 1225 disceret.
388 1189 460 1223 Nec
477 1202 559 1223 vero
576 1190 721 1229 dubito,
748 1190 835 1233 quin
853 1189 1024 1222 divinitus
1042 1189 1073 1221 ei
1090 1200 1167 1232 spe—

176 1242 244 1275 cies
263 1242 322 1273 illa
341 1241 459 1275 oblata
478 1241 532 1280 sit,
559 1247 592 1273 et
611 1240 752 1272 additus
766 1240 918 1282 impetus
935 1240 1108 1272 (livinitus
1124 1240 1165 1271 ad

176 1290 243 1325 hoc
259 1291 428 1326 studium.
481 1289 567 1324 Erat
584 1291 654 1323 illis
677 1290 896 1334 temporibus
915 1291 1083 1334 dissipata
1104 1301 1168 1329 arS,

176 1349 209 1376 et
226 1349 263 1375 ut
279 1354 318 1374 ex
334 1341 452 1374 Plinio
471 1341 618 1384 intelligi
636 1347 765 1384 potest,
793 1341 903 1374 exorti
928 1348 1026 1374 erant
1054 1341 1169 1384 impo—

176 1401 285 1428 stores
304 1392 460 1437 plurimi,
487 1392 546 1436 qui
565 1391 803 1434 depravabant
820 1399 941 1433 artem,
968 1404 1041 1425 non
1061 1392 1169 1424 modo

179 1445 215 1477 in
241 1445 430 1477 exercenda
455 1442 653 1482 Medicina,
688 1444 781 1487 quod
809 1443 974 1476 omnibus
997 1443 1169 1476 aetatibus

176 1495 321 1535 accidit,
348 1496 407 1527 sed
426 1494 538 1527 multo
554 1493 664 1537 magis
679 1493 715 1525 in
733 1495 912 1534 docendo,
942 1505 1051 1527 novas
1070 1505 1170 1537 prae-

176 1545 296 1589 stigias
317 1546 558 1585 ostentabant,
593 1545 829 1577 immittebant
849 1545 886 1577 in
902 1557 1008 1589 aquas
1029 1545 1170 1577 ferven-

177 1604 228 1631 tes
245 1603 422 1639 aegrotos,
443 1607 654 1640 quocunque
672 1607 797 1638 genere
818 1595 933 1628 morbi
959 1596 1168 1628 laborantes.

177 1647 272 1681 Deus
297 1647 421 1690 igitur,
447 1658 526 1679 cum
545 1653 578 1680 et
593 1645 745 1679 retinere
761 1651 889 1686 artem,
914 1653 947 1679 et
962 1657 1170 1679 conservare

177 1699 221 1732 ad
246 1704 403 1741 posteros
429 1697 552 1737 vellet,
585 1698 731 1729 daturus
755 1696 832 1728 orbi
861 1703 1034 1729 terrarum
1059 1696 1169 1729 excel-

179 1749 309 1782 lentem
342 1747 527 1788 artificem,
561 1747 724 1780 excitavit
752 1746 881 1780 Galeni
916 1747 1096 1791 ingenium
1126 1747 1169 1779 ad

179 1797 263 1832 haec
285 1799 414 1833 studia.
466 1797 562 1832 Deus
586 1798 680 1831 cuim
702 1805 885 1831 conservat
910 1810 1008 1831 veras
1026 1805 1115 1831 artes
1134 1797 1170 1829 in

179 1851 269 1891 vita,
296 1850 391 1894 quod
409 1861 448 1882 ex
467 1861 507 1882 eo
530 1856 693 1893 apparet,
720 1849 800 1893 quia
821 1849 912 1882 nulli
934 1849 1088 1882 existunt
1113 1860 1170 1881 ex-

179 1901 344 1934 cellentes
360 1900 508 1934 artifices
527 1900 603 1932 sine
622 1899 745 1932 divino
763 1899 895 1934 asssatu.
948 1899 1068 1944 ltaque
1091 1911 1170 1931 cnm

180 1959 267 1985 esset
283 1952 351 1984 iam
373 1951 501 1996 puerili
521 1951 680 1984 doctrina
707 1957 934 1994 praeparatus
951 1951 986 1983 in
1003 1949 1172 1984 Dialecti-

180 2003 229 2036 cis
253 2010 285 2036 ct
311 2002 495 2035 elementis
512 1999 782 2045 Philosophiae,
817 2009 850 2035 et
869 2001 1012 2045 ingenio
1028 2001 1172 2040 valeret,

180 2061 213 2087 et
230 2054 392 2097 flagraret
409 2053 549 2086 animus
567 2052 724 2085 discendi
744 2052 947 2096 cupiditate,
966 2059 1000 2086 et
1018 2052 1170 2097 quodam

181 2102 438 2141 entlmsiasmo,
481 2117 606 2146 magno
633 2103 749 2137 studio
784 2103 912 2147 pariter
944 2104 979 2136 in
1008 2101 1172 2140 Philoso-

182 2153 299 2198 phiam
316 2162 348 2188 ct
365 2154 579 2187 Medicinam
604 2155 808 2187 incumbere
827 2155 950 2198 coepit.
1013 2153 1171 2187 Primum

183 2206 318 2239 audiuit
338 2204 530 2244 Medicum,
552 2205 606 2239 cui
625 2217 754 2238 nomen
772 2205 838 2239 suit
856 2205 995 2250 Satyro,
1019 2205 1079 2250 qui
1098 2205 1173 2237 sue-

184 2264 236 2289 rat
257 2256 383 2298 Quinti
410 2257 570 2295 auditor,
597 2255 815 2289 celeberrimi
839 2255 932 2289 inter
950 2257 1173 2301 professores,

183 2308 241 2352 qui
269 2305 404 2340 scholas
435 2305 634 2341 habuerunt
667 2315 750 2340 aute
774 2306 902 2339 Galeni
933 2315 1101 2349 aetatem,
1134 2317 1172 2339 ac

183 2359 337 2392 studiose
357 2358 480 2391 versati
500 2359 534 2390 in
552 2360 749 2391 enarrando
770 2356 994 2402 Hippocrate.
1050 2357 1172 2390 Postea

183 2409 282 2441 anilii
295 2409 317 2441 it
336 2408 500 2452 Pelopem
520 2408 708 2449 Medicum,
736 2409 835 2442 cuius
852 2418 882 2443 et
899 2410 926 2442 si
945 2407 1173 2453 reprehendit

182 2461 353 2505 quaedam
380 2468 490 2492 errata
511 2461 726 2500 anatomica,
755 2467 871 2494 tamen
897 2462 989 2505 apud
1017 2458 1111 2493 liunc
1136 2459 1172 2492 in

181 2510 388 2544 anatomicis
404 2511 589 2552 diligenter
604 2524 639 2545 sc
654 2511 818 2546 exercuit.
859 2511 988 2555 Magna
1007 2513 1171 2557 frequen—

182 2563 227 2595 tin
264 2570 346 2595 tunc
381 2569 451 2593 erat.
484 2560 667 2595 hominum
695 2563 979 2596 doctissimorum
1013 2563 1047 2595 in
1085 2562 1171 2595 urbe

182 2613 331 2658 Aegypti
358 2613 589 2651 Alexandria,
624 2627 731 2658 qnare
756 2627 796 2646 eo
827 2616 1020 2658 profectus,
1055 2613 1169 2647 studia

183 2663 324 2697 illorum
341 2676 379 2697 ac
398 2664 524 2696 iudicia
541 2665 744 2708 exploravit.
787 2663 948 2710 Denique
966 2667 1038 2710 ipse
1055 2663 1170 2709 inquit
1194 2683 1196 2697 ι

817 134 976 173 DECL.
1024 133 1099 172 DE
1135 133 1280 172 VITA
1313 131 1545 171 GALENI.

2128 135 2209 172 500

1210 221 1307 255 dicos
1323 218 1546 253 doctissimos
1567 230 1607 253 ac
1629 219 1885 259 celeberrimos.
1937 221 1984 258 Et
1999 235 2204 269 quanquam

1210 271 1353 316 ingenio
1372 271 1565 304 admodum
1582 271 1758 312 excelluit,
1782 279 1898 307 tamen
1909 274 2121 318 'gravissime
2139 274 2206 308 ob-

1211 324 1326 367 iurgat
1342 333 1419 363 eos,
1446 321 1510 366 qui
1525 321 1602 355 sine
1625 323 1918 367 praeceptoribus·
1932 325 2151 360 arbitrantur
2168 337 2204 359 se

1211 375 1351 407 futuros
1376 372 1536 407 artifices.
1590 372 1743 407 Romam
1767 373 1822 408 bis
1840 375 2016 419 profectus
2035 384 2103 417 est,
2130 377 2205 421 pri-

1211 436 1308 458 mum
1335 435 1398 457 suo
1415 424 1583 464 consilio,
1608 430 1642 457 et
1664 430 1703 458 ut
1726 423 1886 459 Medicos
1912 425 1962 459 ibi
1988 427 2144 471 audiret,
2173 434 2206 461 et

1212 482 1251 510 ut
1267 475 1401 518 ingenii
1420 474 1596 518 specimen
1614 475 1797 519 praeberet
1813 475 1852 509 in
1872 483 1967 510 tanta
1985 476 2064 510 luce
2081 490 2118 511 ac
2134 479 2206 512 fre-

1214 524 1572 572 quentiaDoctorum,
1595 526 1657 571 qui
1675 533 1773 560 erant
1783 525 1933 563 Romae.
1985 526 2057 561 Sed
2073 528 2208 562 dissen-

1214 578 1305 612 tiens
1332 577 1512 610 interdum
1539 588 1560 609 a
1586 577 1747 618 caeteris,
1782 577 2033 612 animadvertit
2060 589 2096 611 se
2127 579 2208 612 odia

1215 640 1339 662 eorum
1366 628 1566 668 incurrere,
1595 639 1744 673 eamque
1766 629 1811 662 ob
1835 640 1975 663 causam
1997 628 2210 673 disputatio-

1216 690 1277 712 nes
1292 679 1451 712 omisisse
1468 690 1504 711 se
1521 678 1658 724 inquit,
1685 679 1890 723 praesertim
1906 692 1985 713 curn
2011 679 2048 712 in
2068 679 2211 713 concio—

1216 730 1322 763 nibus
1353 730 1433 774 plus
1457 730 1587 772 gratiae
1620 737 1653 763 et
1677 730 1858 774 opinionis
1887 731 2053 773 colligere
2080 736 2210 775 posset3

1217 780 1268 814 ait
1291 780 1385 814 enim
1411 779 1480 813 sibi
1503 780 1717 823 singularem
1739 781 1891 815 adfuisse
1919 781 2144 815 foelicitatem
2172 781 2211 814 in

1218 831 1302 865 artis
1327 841 1394 864 usu
1420 837 1454 863 et
1481 832 1742 873 curationibus,
1775 839 1813 866 ut
1838 832 2008 866 credibile
2035 838 2103 873 est3
2138 837 2213 865 erat

1219 882 1313 915 enim
1330 881 1454 915 divino
1472 888 1506 915 et
1527 879 1670 915 heroico
1693 882 1828 927 impetu
1851 884 1896 916 ad
1913 883 2132 917 Medicinam
2155 883 2213 915 in-

1219 933 1363 971 citatus,
1395 944 1500 977 quem
1523 932 1683 966 comitari
1706 933 1895 977 singularis
1915 934 2088 968 foelicitas
2112 933 2211 968 solet.

1221 983 1328 1017 Venit
1344 982 1496 1018 Romam
1514 990 1617 1017 natus
1637 995 1749 1017 annos
1764 991 1915 1029 quatuor
1931 992 1963 1019 et
1984 985 2146 1028 triginta,
2173 996 2212 1017 ac

1219 1034 1372 1078 plurima
1398 1034 1449 1067 ibi
1473 1034 1627 1078 scripsit,
1661 1041 1693 1068 et
1717 1035 1754 1067 in
1780 1033 1835 1068 his
1856 1036 2028 1081 quaedam
2055 1033 2212 1079 philoso-

1219 1083 1322 1129 phica
1349 1086 1392 1118 de
1419 1086 1797 1124 demonstrationibus,
1831 1092 1871 1120 ut
1897 1087 2065 1120 refutaret
2092 1097 2214 1119 amen-

1220 1136 1305 1168 tiam
1321 1134 1546 1179 quorundam
1564 1136 1884 1178 praestigiatorum,
1911 1137 1972 1181 qui
1987 1149 2027 1170 eo
2042 1144 2213 1181 tempore,

1220 1191 1260 1219 ut
1275 1191 1366 1218 artes
1382 1190 1597 1226 everterent,
1621 1186 1885 1220 contendebant
1909 1184 2001 1220 nihil
2022 1198 2094 1220 esse
2115 1186 2214 1231 certi,

1221 1242 1255 1269 et
1284 1235 1445 1268 omnium
1468 1235 1598 1268 artium
1625 1244 1808 1280 praecepta
1831 1233 2031 1280 sophisticis
2056 1237 2214 1281 disputa-

1221 1285 1379 1319 tionibus
1396 1286 1663 1322 labefactabant.
1716 1285 1847 1331 Magna
1865 1287 1936 1321 illis
1959 1288 2215 1333 impostoribus

1222 1336 1355 1380 ingenii
1383 1336 1459 1369 laus
1480 1337 1684 1378 videbatur,
1719 1349 1792 1371 non
1823 1338 1996 1382 explicare
2022 1351 2122 1379 vera,
2153 1339 2214 1373 sed

1221 1394 1375 1431 receptas
1408 1387 1596 1430 opiniones
1629 1388 1828 1431 petulanter
1863 1396 2030 1424 evertere.
2093 1388 2215 1435 ltaque

1221 1439 1308 1472 adeo
1323 1445 1555 1471 exercuerunt
1570 1437 1700 1473 Galeni
1724 1439 1905 1483 ingenium
1917 1467 1927 1481 ,
1954 1447 1993 1474 ut
2011 1440 2162 1474 fateatur
2179 1451 2215 1473 se

1221 1501 1362 1534 quoque
1386 1489 1482 1522 illam
1509 1486 1791 1534 Pyrrhoniorum
1820 1490 2076 1525 dubitationem
2107 1491 2215 1524 fnisse

1221 1547 1442 1580 secuturum,
1475 1539 1545 1572 nisi
1570 1539 1692 1574 fuisset
1724 1553 1812 1585 puer
1839 1542 1882 1575 ad
1909 1540 2152 1576 Geometriam
2180 1547 2216 1575 et.

1221 1593 1264 1624 ad
1302 1591 1623 1624 demonstrationes
1655 1593 1881 1626 assuefactus:
1919 1604 1989 1638 qua
2026 1592 2215 1637 disciplina

1222 1653 1295 1673 non
1314 1647 1452 1674 tantum
1468 1638 1536 1674 hoc
1551 1649 1728 1675 assecutus
1743 1649 1812 1683 est,
1839 1649 1879 1677 ut
1893 1649 1985 1677 certa
2001 1644 2046 1677 ab
2071 1643 2216 1677 incertis

1221 1692 1419 1725 discernere
1448 1697 1579 1736 posset,
1607 1693 1667 1725 sed
1698 1692 1805 1726 etiam
1834 1693 1941 1734 illud,
1974 1695 2069 1739 qnod
2101 1693 2214 1728 multo

1223 1743 1336 1776 maius
1360 1749 1428 1783 est,
1461 1742 1618 1776 veritatis
1640 1749 1679 1776 ut
1708 1750 1797 1777 esset
1828 1744 2022 1784 amantior,
2056 1751 2089 1778 et
2115 1745 2215 1777 freno

1223 1794 1376 1839 quodam
1408 1800 1537 1836 regeret
1572 1793 1754 1835 ingenium
1785 1794 2039 1828 animadversis
2064 1796 2215 1828 demon-

1223 1844 1464 1879 strationibus,
1506 1841 1698 1887 Euripides
1714 1845 1853 1888 linguae
1867 1845 2098 1890 petulantiam
2115 1851 2216 1880 vocat

1224 1894 1467 1938 turpissimum
1492 1894 1674 1936 morbum,
1700 1897 1759 1929 sed
1785 1895 1893 1930 nullis
1917 1897 2056 1942 turpior
2079 1903 2130 1931 est
2154 1897 2215 1930 illa

1224 1945 1414 1979 caxitlandi
1436 1945 1596 1986 licentia,
1623 1953 1655 1979 et
1678 1954 1717 1980 ut
1742 1947 1850 1981 veteri
1867 1945 2086 1982 Graecorum
2110 1959 2216 1981 voca-

1225 1997 1308 2030 bulo
1332 2004 1412 2031 utar
1429 1994 1704 2042 ootpioro,11avia
1726 2004 1759 2032 et
1783 1998 1939 2033 studium
1958 1999 2137 2032 evertendi
2155 2009 2216 2032 ve—

1224 2059 1278 2081 ras
1306 2054 1338 2081 et
1369 2048 1472 2081 utiles
1503 2049 1711 2089 sententias,
1745 2061 1850 2094 quam
1876 2047 2120 2094 Philosophis,
2153 2049 2215 2095 qui

1224 2099 1379 2132 veritatis
1395 2110 1550 2131 amorem
1567 2111 1606 2132 ac
1621 2099 1860 2133 defensionem
1876 2101 2096 2144 profitentur.
2134 2098 2216 2134 lure

1225 2150 1331 2193 igitur
1359 2150 1536 2183 laudanda
1565 2157 1614 2182 est
1643 2150 1804 2185 voluntas
1830 2150 1979 2192 Galerii,
2013 2152 2107 2197 quod
2136 2151 2216 2185 illas

1226 2201 1427 2244 prat-stigias
1456 2199 1737 2246 Pyrrhoniorum
1771 2202 1897 2235 acriter
1931 2203 2120 2237 insectatus
2153 2208 2216 2238 est.

1224 2253 1372 2296 Scripsit
1397 2259 1513 2285 autem
1538 2264 1579 2286 eo
1595 2258 1751 2296 tempore
1773 2253 1946 2297 plurima,
1973 2266 2062 2300 quae
2079 2252 2216 2289 Romae

1226 2303 1260 2335 in
1298 2303 1461 2337 incendio
1497 2303 1694 2347 perierunt,
1729 2316 1808 2337 cum
1838 2304 1929 2348 ignis
1956 2305 2024 2340 late
2058 2311 2215 2348 vagatus,

1224 2355 1326 2387 eti-im
1352 2355 1521 2398 templum
1546 2353 1657 2397 pacis,
1692 2355 1753 2387 ubi
1780 2356 1908 2401 scripta
1939 2357 2214 2401 reponebantur.

1223 2406 1482 2450 absumpsisset.
1534 2404 1647 2439 Roma
1664 2406 1864 2446 discedens,
1890 2419 1985 2441 anno
2009 2407 2158 2453 septimo
2181 2411 2213 2438 et

1223 2457 1398 2490 tricesimo
1417 2456 1540 2490 aetatis
1556 2468 1650 2494 suae.
1678 2457 1779 2490 rediit
1798 2457 1834 2490 iu
1854 2457 1984 2496 Asiam,
2013 2458 2049 2491 in
2068 2469 2138 2503 qun
2155 2455 2214 2489 iti-

1224 2521 1309 2541 nere
1336 2509 1490 2541 arbitror
1515 2521 1593 2540 vum
1613 2509 1790 2550 navigasse
1814 2509 1849 2541 in
1875 2508 2067 2549 Lemnum,
2094 2515 2130 2541 ut
2150 2520 2214 2540 ua-

1223 2567 1335 2592 turam
1371 2567 1481 2593 terrae
1517 2558 1682 2592 Lemniae
1714 2571 1793 2591 vere.
1825 2559 2035 2604 inquireret,
2076 2572 2142 2604 qua
2176 2559 2211 2591 in

1222 2623 1257 2643 re
1285 2611 1502 2653 diligentiam
1532 2611 1605 2643 eius
1639 2610 1860 2643 considerare
1890 2611 1986 2645 licet:
2023 2623 2104 2643 uam
2132 2621 2213 2644 cum

1221 2660 1444 2695 Dioscorides
1469 2661 1678 2704 scripsisset,
1710 2657 1887 2693 hircinum
1912 2662 2120 2703 sauguinem
2144 2660 2212 2693 mi-

180 2715 361 2749 acressisse
378 2727 412 2748 se
430 2722 534 2759 atque
549 2716 699 2749 audiisse
716 2729 839 2749 omnes
854 2729 936 2750 suae
952 2717 1072 2751 aetatis
1090 2715 1169 2749 Me-
1191 2700 1198 2755 l
1219 2714 1305 2747 sceri
1334 2713 1500 2747 Lemniae
1521 2720 1649 2753 terrae,
1682 2712 1782 2745 cuius
1807 2724 1954 2756 magnus
1983 2713 2021 2747 iu
2048 2711 2211 2747 remediis
