2338 2958
1128 641 1200 682 111.

378 748 987 797 DECLAMATIONES
1047 746 1361 789 PHILIPPI
1417 743 1947 787 MELANTHONIS.

961 1038 1009 1059 au.
1033 1025 1125 1056 1517.

958 1071 1129 1084 *om

348 1127 422 1169 De
451 1126 626 1167 artibus
651 1125 930 1168 liberalibus.

214 1213 322 1243 Prodiit
342 1214 503 1249 separatim,
526 1213 653 1238 Stoss'lero
673 1213 768 1240 dicata.

249 1251 318 1285 Epp.
337 1250 396 1275 ΥοΙ.
411 1250 430 1275 Ι.
450 1259 475 1283 p.
491 1250 545 1280 15.,
573 1248 618 1274 ubi
642 1248 722 1274 habes
744 1249 882 1283 epistolam
900 1249 1137 1282 nuncupatoriam.

248 1285 352 1311 Reeusa
375 1283 444 1318 apud
463 1283 575 1309 (Iraton.
597 1283 714 1318 Mylium
734 1293 760 1316 p.
774 1284 830 1313 71..
852 1284 878 1309 in
899 1283 955 1309 set.
975 1284 1051 1310 Dect.
1071 1283 1104 1308 T.
1120 1281 1138 1307 l.

248 1321 358 1355 9324„
377 1320 403 1344 in
418 1319 459 1344 ed.
475 1318 552 1345 Serv.
566 1319 586 1343 I.
603 1319 695 1352 p-280.
710 1324 735 1344 et
751 1318 879 1345 Richard.
892 1318 923 1344 T.
939 1320 960 1344 l.
976 1329 1003 1353 p.
1014 1320 1041 1344 Ξ.

815 1214 873 1239 Vid.
893 1223 961 1248 quae
982 1213 1095 1239 diximus
1110 1212 1137 1237 in

147 1412 207 1445 De
239 1408 383 1443 artibus
410 1405 627 1442 liberalibus
656 1409 799 1449 oratio,
835 1418 858 1440 α
887 1405 1005 1441 Phil.
1036 1408 1138 1441 Mel.

356 1457 544 1504 Tubinyae
560 1457 689 1491 habita
709 1469 806 1491 anno
825 1457 935 1493 1517.

145 1531 324 1578 Egregius
347 1532 456 1565 animi
475 1532 531 1564 vir
548 1531 648 1564 Plato
667 1529 871 1565 Athenaeus
893 1539 926 1565 et
947 1532 1138 1577 sapientiae

145 1586 291 1619 nomine
308 1583 532 1625 venerabilis,
557 1583 595 1615 in
613 1582 857 1616 dissertatione
874 1595 978 1629 quam
997 1582 1139 1618 Erastas

146 1650 204 1671 seu
223 1638 266 1669 de
282 1632 513 1678 Philosophia
532 1634 724 1679 inscripsit,
752 1633 921 1669 Socraten
939 1635 988 1668 ait
1005 1636 1136 1679 ingres-

146 1700 222 1723 sum
239 1688 276 1720 in
293 1686 443 1732 Dionysi
461 1685 710 1726 Grammatici,
737 1693 906 1729 spectasse
931 1686 1004 1720 illic
1029 1687 1139 1729 geniis

146 1737 414 1783 elegantissimis
435 1737 573 1771 nobiles
595 1749 740 1781 pueros,
769 1744 801 1770 et
821 1750 860 1771 ex
882 1737 925 1770 iis
943 1738 1032 1771 sorte
1049 1739 1137 1771 duos

145 1791 240 1825 ultro
271 1802 309 1823 ac
345 1789 432 1822 citro
468 1789 737 1822 contendentes:
773 1787 859 1822 Esse
895 1790 1065 1834 quaedam
1094 1790 1137 1822 de

145 1841 375 1884 Anaxagorae
400 1841 457 1874 vel
481 1837 693 1884 Oenopidae
719 1839 813 1873 scitis
840 1847 1063 1873 controversa
1083 1840 1137 1872 vi-

146 1893 332 1926 debantur.
386 1889 444 1924 Sic
471 1891 565 1923 enim
594 1890 630 1922 in
658 1891 742 1924 ludo
767 1891 818 1923 illi
848 1892 950 1924 orbes
981 1892 1137 1935 pingere,

145 1944 295 1976 flexuras
315 1943 478 1982 ductare,
504 1941 690 1975 versilibus
715 1942 854 1985 punctis
877 1942 997 1984 finire,
1026 1950 1058 1976 et
1082 1955 1137 1976 ar-

144 1994 229 2027 tifici
251 2005 359 2026 manu
385 1992 577 2035 variegatas
601 1992 760 2038 undique
784 1993 932 2027 lineolas
956 1994 1137 2029 imitarier.

143 2044 259 2084 Haec,
285 2044 337 2077 uti
357 2044 508 2085 solebat,
530 2044 649 2088 penito
671 2045 926 2088 contemplatus
946 2045 1063 2079 auimo
1085 2057 1137 2078 se-

146 2109 230 2136 nex,
269 2095 409 2129 cuidam
445 2107 463 2128 e
491 2095 724 2128 familiaribus
761 2108 950 2139 puerorum
985 2097 1139 2137 adsedit,

145 2147 277 2181 blande
306 2146 409 2195 illum
438 2146 554 2179 officio
587 2147 695 2179 cubiti
728 2147 949 2180 admonitum
979 2148 1137 2181 scitatus:

147 2198 244 2242 Quid
276 2195 361 2238 hoc,
401 2198 494 2243 quod
522 2197 739 2231 meditentur
771 2198 1006 2232 adolescentes
1039 2206 1138 2233 tanto

147 2249 263 2283 studio
280 2255 313 2282 et
328 2249 435 2282 cura?
460 2247 554 2282 Num
573 2246 759 2282 honestum
777 2261 814 2282 ac
831 2250 1023 2292 magnum?
1043 2249 1139 2284 Con-

146 2301 247 2334 tinuo
271 2299 333 2333 iste
359 2299 504 2343 nugari,
531 2300 647 2333 nescio
670 2312 777 2345 quae,
805 2301 946 2342 cognitu
973 2302 1137 2334 sublimia

147 2359 180 2386 et
197 2351 364 2396 quasdam
381 2349 629 2395 Philosophias
645 2351 788 2393 garrire.
842 2352 999 2385 Socrates
1019 2360 1138 2386 contra

148 2402 404 2447 impudentiam
429 2402 620 2436 demiratus
646 2400 820 2443 hominis,
847 2410 1027 2444 contatur,
1053 2416 1138 2437 num

149 2465 230 2497 ergo
255 2460 356 2496 turpe
379 2453 484 2486 ducat
507 2453 540 2486 id
567 2454 660 2499 quod
689 2454 760 2497 agit
787 2454 951 2487 iuventus
980 2452 1140 2498 philoso-

149 2502 262 2549 phari.
303 2502 438 2537 Aderat
456 2504 503 2537 ibi
520 2504 693 2549 quispiam
711 2517 783 2538 non
801 2506 914 2538 malus
930 2506 1002 2547 vir,
1026 2506 1054 2539 is
1073 2506 1139 2539 im-

149 2556 259 2600 probe
274 2555 398 2589 dolens
413 2567 619 2600 responsum
637 2555 785 2595 Socrati,
809 2563 840 2589 et
859 2557 1043 2590 autoritate
1061 2564 1141 2591 tan-

149 2614 182 2640 ta
207 2607 303 2647 viro,
330 2613 364 2640 et
387 2607 430 2639 de
453 2607 642 2650 sapientiae
667 2607 792 2640 studiis
815 2608 971 2642 modesta
991 2609 1140 2651 roganti,

148 2658 372 2691 commodum
408 2657 613 2692 intervenit:
656 2657 791 2692 Socrati
823 2659 888 2699 ait,
927 2659 1138 2693 mittendum

1190 1019 1370 1056 hominem
1406 1020 1609 1059 sordidum,
1646 1017 1887 1063 squalentibus
1921 1017 2086 1050 obrutum
2119 1030 2182 1050 vo-

1191 1074 1406 1118 luptatibus,
1434 1079 1467 1105 et
1487 1071 1672 1113 indiguum
1692 1069 1813 1113 plane,
1841 1068 1899 1113 qui
1920 1081 1997 1101 cum
2019 1066 2182 1101 Philoso-

1192 1124 1295 1170 phiae
1324 1123 1516 1168 disputatio
1548 1120 1839 1154 communicetur.
1900 1118 2097 1152 Prudenter
2123 1119 2181 1152 ille

1191 1177 1334 1222 quidem
1352 1187 1423 1208 non
1441 1176 1482 1207 ad
1499 1184 1620 1206 omues
1635 1171 1812 1217 pertinere
1828 1177 2080 1203 sacrosanctam
2096 1182 2181 1207 rem,

1192 1227 1398 1272 sapientiam
1428 1226 1637 1263 arbitratus,
1675 1219 1843 1266 (ἶιιύηῖον
1877 1221 1951 1255 iure
1981 1222 2179 1255 solennium

1191 1279 1384 1313 interdixit.
1440 1277 1534 1310 ldem
1555 1287 1616 1318 ego
1639 1274 1892 1318 propemodum
1917 1279 2072 1313 acturus,
2096 1284 2180 1305 num

1192 1331 1301 1364 ardua
1319 1341 1393 1370 res,
1421 1341 1505 1361 num
1529 1324 1694 1370 pulchra,
1722 1337 1806 1357 num
1828 1324 2001 1356 laudanda
2019 1321 2183 1356 Philoso-

1193 1379 1294 1424 phia,
1322 1392 1379 1412 eos
1407 1377 1493 1411 mihi
1513 1377 1691 1410 auditores
1711 1375 1787 1408 dari
1812 1374 1934 1418 cupio,
1959 1386 2110 1419 quorum
2135 1374 2181 1406 ita

1191 1432 1262 1464 sint
1278 1431 1420 1464 affectae
1438 1435 1589 1467 mentes,
1617 1434 1654 1459 ut
1674 1432 1796 1469 sponte
1814 1431 1971 1458 orantem
1990 1427 2086 1469 sequi
2108 1437 2182 1457 cer-

1192 1489 1277 1516 tent.
1339 1481 1378 1514 Si
1406 1480 1484 1526 quis
1509 1491 1546 1511 ea
1575 1477 1758 1517 barbarie,
1800 1488 1837 1509 ea
1867 1476 2104 1516 immanitate,
2144 1483 2182 1508 ut

1193 1533 1381 1577 splendore
1405 1543 1443 1565 ac
1468 1527 1734 1574 pulchritudine
1761 1527 1951 1570 sapientiae
1984 1525 2074 1559 trahi
2109 1538 2180 1559 non

1192 1584 1319 1629 possit,
1347 1584 1415 1616 iam
1437 1582 1609 1624 relegatus
1633 1587 1721 1619 esto,
1753 1579 1821 1610 iam
1845 1589 2000 1623 quasque
2025 1577 2183 1623 cycladas

1192 1642 1251 1669 aut
1266 1646 1390 1681 gyaras
1406 1633 1518 1673 malis,
1541 1643 1644 1677 quam
1663 1629 1819 1663 ardentis
1835 1626 2087 1673 Philosophiae
2104 1628 2182 1661 vul-

1195 1694 1258 1720 tus.
1311 1686 1432 1731 Neque
1454 1696 1535 1716 vero
1567 1681 1622 1715 liic
1651 1680 1813 1714 facundia
1840 1680 1976 1713 luditur
2000 1679 2181 1723 peregrina

1192 1739 1351 1781 ferrugo,
1379 1747 1493 1781 neque
1515 1735 1623 1767 fastus
1650 1732 1795 1776 ingenii.
1851 1730 1925 1775 lpsa
1951 1742 2024 1764 sese
2048 1743 2102 1764 res
2123 1741 2182 1773 ge-

1191 1790 1300 1822 nuina
1318 1788 1404 1821 facie
1422 1786 1524 1820 honis
1541 1785 1720 1819 mentibds
1743 1783 1893 1827 probare
1915 1782 2019 1822 solet,
2048 1794 2116 1826 quo
2137 1782 2182 1820 fit,

1191 1848 1230 1874 ut
1247 1847 1279 1873 et
1295 1846 1411 1884 aperta
1431 1837 1540 1881 magis
1557 1849 1595 1869 ac
1610 1835 1755 1879 simplex
1771 1846 1845 1866 mea
1864 1834 1906 1867 sit
1924 1834 2039 1866 sutura
2059 1832 2183 1865 oratio.

1191 1891 1293 1925 Artes
1319 1891 1472 1935 primum
1500 1888 1738 1932 dependemus
1769 1885 1993 1918 administras
2018 1881 2182 1916 Philoso-

1192 1941 1306 1987 phiae.
1360 1940 1498 1975 Deinde
1521 1939 1616 1971 illam
1643 1938 1752 1982 ipsam
1770 1948 1910 1981 quoque
1929 1935 1956 1967 si
1975 1935 2088 1967 visum
2106 1935 2182 1967 fue-

1192 1995 1253 2034 rit,
1283 2006 1370 2039 quae
1387 1992 1500 2025 maius
1514 1990 1648 2035 aliquid
1672 1987 1850 2021 communi
1874 1985 2060 2019 homiuum
2079 1997 2181 2018 seusu

1192 2046 1348 2089 spirans,
1383 2050 1485 2087 caput
1514 2042 1606 2074 inter
1631 2040 1753 2072 nubila
1787 2038 1925 2071 condit:
1962 2035 2012 2070 Ea
2040 2043 2091 2069 est
2114 2049 2179 2068 vox

1193 2095 1389 2130 Daemonii.
1434 2092 1588 2127 Omnem
1610 2089 1748 2124 istluuie
1767 2090 1894 2128 locum,
1920 2088 2048 2132 opinor
2065 2094 2097 2120 et
2116 2084 2181 2119 hoc

1193 2160 1285 2181 anuo
1298 2175 1306 2188 ,
1334 2157 1453 2179 mense
1468 2144 1557 2177 Iulio
1570 2171 1578 2183 ,
1607 2142 1775 2175 concione
1799 2140 1948 2185 quadam
1967 2152 1984 2172 a
2003 2139 2106 2171 nohis
2124 2149 2180 2170 ex-

1194 2199 1359 2243 plicatum
1386 2195 1572 2239 cognostis.
1626 2193 1702 2226 Hoc
1732 2200 1805 2226 tum
1836 2197 1907 2223 erat
1933 2190 2068 2229 studio,
2103 2201 2179 2221 cum

1193 2263 1210 2283 e
1229 2250 1300 2283 suis
1318 2248 1476 2282 fontibus
1494 2246 1689 2278 derivarem
1707 2250 1814 2283 artes,
1841 2249 1880 2274 ut
1905 2241 2011 2274 animi
2035 2247 2180 2272 naturae

1193 2302 1412 2333 ostenderem
1431 2298 1534 2330 insita
1551 2308 1669 2329 earum
1687 2295 1798 2333 initia,
1823 2293 1951 2325 scilicet
1969 2290 2058 2324 hauc
2073 2291 2179 2323 facem

1194 2353 1304 2397 prima
1328 2353 1387 2385 lux
1413 2356 1445 2382 et
1463 2349 1659 2389 aeviutegra
1680 2345 1858 2378 mentibus
1876 2343 2040 2376 humanis
2062 2342 2180 2374 soene-

1193 2411 1256 2438 rat.
1309 2401 1398 2436 Dein
1418 2407 1456 2433 ut
1481 2398 1632 2442 imperiti
1652 2404 1797 2430 naturae
1819 2395 1969 2433 iudices,
1996 2400 2033 2426 ut
2052 2390 2180 2424 abhor-

1193 2461 1308 2488 rentes
1325 2466 1342 2486 a
1362 2459 1518 2485 veterum
1538 2447 1711 2487 historiis,
1739 2448 1797 2492 qui
1817 2458 1922 2478 unam
1940 2451 2094 2487 gentem,
2124 2450 2178 2475 aut

1192 2518 1302 2539 unum
1323 2505 1467 2537 sortasse
1483 2501 1650 2546 'Marsyan
1664 2527 1671 2540 ,
1699 2497 1866 2545 primitiis
1884 2497 2011 2529 artium
2031 2495 2179 2537 dignan-

1194 2564 1261 2591 tur.
1318 2554 1406 2588 Nam
1438 2560 1477 2587 ut
1505 2554 1624 2586 eadem
1659 2550 1822 2593 gentibus
1854 2547 2038 2585 omnibns,
2079 2552 2181 2588 atquc

1193 2609 1279 2641 adeo
1299 2606 1396 2640 omni
1417 2605 1514 2639 coelo
1531 2603 1631 2648 aequi
1655 2601 1810 2646 bonique
1829 2599 1937 2638 ratio,
1971 2598 2074 2630 iidem
2101 2595 2180 2627 iusti

1194 2661 1324 2699 sontes,
1352 2657 1400 2690 sic
1425 2657 1544 2689 eadem
1568 2654 1700 2699 ubique
1725 2658 1869 2685 naturae
1887 2649 2048 2687 scientia,
2077 2646 2181 2679 modo

1529 2704 1584 2740 1*
