2338 2958
0 107 9 136 ‚t

6 259 7 271 l

5 273 8 288 l

60 122 136 159 517

61 206 183 248 cessit,
215 204 290 240 Rex
319 201 533 237 Germaniae
563 209 615 237 est
651 203 878 242 constitutus,
921 201 1049 236 deinde

61 264 183 292 nactus
198 265 341 289 uxorem
356 252 581 297 Imperatoris
598 252 816 288 Graecorum
834 253 976 287 loannis
991 265 1048 286 so-

60 319 174 342 rorem
200 301 482 348 Theopbaniam.
546 303 661 338 Taceo
686 304 842 350 reliquos
855 304 1048 347 Principes,

59 367 210 403 quorum
229 354 474 400 propinquitas
500 354 611 389 multa
631 352 759 389 Ottoni
782 356 825 388 ad
851 355 987 399 copiam
1015 360 1048 387 et

5 394 7 416 ἶ
56 408 101 441 ad
121 417 205 440 usus
227 405 451 448 largiebatur.

158 453 606 500 ImperatorRomanorum
624 461 657 488 et
668 453 940 493 Germanorum,
963 466 1047 498 pro-

57 514 134 552 pter
148 506 320 550 insignem
338 505 476 539 virtutis
492 505 695 550 opinionem
707 532 716 545 ,
739 505 852 538 dictus
868 512 917 538 est
933 516 951 538 a
970 516 1046 537 mo-

57 558 169 592 rituro
196 563 292 601 patre
317 555 485 589 Henrico.
543 555 728 599 Quotquot
759 555 853 588 enim
878 554 1045 588 Carolum

5 603 7 613 ⁴
57 607 230 651 Magnum
248 612 525 646 antecesserunt,
551 612 583 639 et
601 605 706 638 secuti
724 612 805 638 sunt
823 605 909 638 boni
929 604 1043 649 Impe-

57 665 189 692 ratores
206 669 316 702 usque
338 658 382 690 ad
398 663 554 700 tempora
574 653 718 688 Ottonis
741 655 852 695 tertii,
880 668 952 688 non
971 667 1044 688 am—

56 708 192 741 bitione
217 706 272 753 (nt
295 707 452 752 plerique
470 706 700 749 Imperatores
728 704 872 751 Graeci)
891 707 947 739 sed
967 705 1046 749 opi-

58 759 165 792 nione
182 757 369 801 singularis
386 755 612 800 prudentiae,
646 755 820 796 iusticiae,
845 763 1044 800 temperan-

58 809 144 848 tiae,
170 808 357 851 imperium
380 807 455 840 sine
473 806 658 840 autoritate
681 805 860 839 Pontificis
878 807 1044 840 obtinue-

57 865 152 894 runt.
204 857 319 900 Quam
344 857 485 901 quidem
502 857 791 890 consuetudinem
809 857 870 890 etsi
894 857 1045 900 accepis-

57 916 110 943 set
126 921 144 942 a
161 908 354 941 maioribus
372 905 459 941 Otto
471 931 480 945 ,
506 914 643 947 tamen,
670 908 764 951 quod
781 915 957 941 vereretur
972 907 1045 939 for-

57 966 147 993 tasse
176 957 469 991 existimationem
510 957 721 997 multorum,
762 958 892 1002 quibus
926 969 1043 990 errore

56 1009 208 1054 quodam
236 1014 479 1051 persuaserant
510 1007 608 1048 Itali,
647 1019 719 1040 non
758 1005 938 1041 habendos
973 1019 1044 1040 esse

56 1070 204 1092 numero
229 1056 474 1092 Romanorum
496 1057 752 1101 Imperatorum
779 1065 913 1101 patrem
938 1056 1045 1092 Otto-

56 1108 130 1150 nis,
152 1107 347 1141 Henricum
366 1109 540 1152 primum,
567 1115 619 1148 et,
646 1108 707 1153 qui
728 1105 823 1141 hunc
848 1109 1044 1149 antecessit,

55 1158 259 1194 Conradurn
284 1157 477 1196 Francum,
511 1159 593 1203 quia
621 1159 845 1192 autoritatem
870 1159 1052 1203 pontificis»

56 1209 306 1252 neglexissent,
341 1221 420 1242 cum
445 1208 598 1252 primum
627 1215 726 1252 pater
751 1208 925 1243 Henricus
950 1221 1045 1242 mor-

56 1267 137 1294 tuus
151 1266 235 1293 esset
247 1286 255 1300 ,
283 1266 469 1292 coronatus
491 1257 578 1292 Otto
595 1270 612 1291 a
629 1271 767 1292 summo
784 1258 1043 1292 Germanorum

58 1310 222 1354 pontifice
247 1309 460 1352 Maguntino
482 1307 690 1342 Hildeberto
714 1307 905 1350 monacho,
933 1310 1044 1342 excel-

58 1360 143 1392 lenti
161 1360 320 1393 doctrina
337 1359 514 1403 praedite,
532 1357 765 1403 Aquisgrani‚
792 1359 928 1393 Romae
939 1360 1044 1393 etiam

59 1420 225 1442 coronam
242 1409 382 1451 imperii
405 1410 535 1453 accepit
558 1421 577 1442 a
598 1409 715 1442 Leone
732 1417 868 1443 octavo.

159 1457 362 1491 Declaratus
393 1469 475 1490 vero
508 1457 702 1500 Imperator
724 1469 884 1501 regnasse
917 1460 1046 1491 dicitur

57 1520 190 1542 annum
212 1507 425 1540 tricesimum
448 1514 592 1542 sextum.
654 1507 773 1550 Longe
791 1508 828 1540 in
851 1506 917 1541 hoc
936 1509 1046 1551 magi-

58 1566 169 1593 stratu
193 1558 367 1605 priucipes
402 1569 545 1590 suorum
577 1564 773 1601 temporum
805 1558 966 1592 excelluit
990 1559 1045 1590 in-

58 1609 147 1653 signi
167 1609 313 1653 pietate,
337 1608 471 1651 egregie
496 1607 606 1639 animi
632 1608 876 1651 magnitudine
901 1615 936 1642 et
960 1621 1046 1642 con-

58 1659 205 1699 stantia,
238 1658 328 1690 mira
357 1657 540 1690 severitate
579 1657 671 1690 vitae
699 1659 832 1702 regiae,
863 1659 1045 1692 excellenti

58 1709 218 1744 acumine
248 1708 393 1747 mentis,
427 1707 616 1751 sapientia,
651 1709 806 1749 iusticia,
845 1709 1046 1750 clementia,

59 1760 188 1805 quibus
224 1758 414 1792 virtutibus
446 1755 529 1791 hinc
559 1759 672 1791 maior
707 1759 848 1793 accessit
877 1761 1046 1793 autoritas

59 1810 183 1850 etiam,
214 1810 310 1854 qnod
336 1809 445 1841 moles
467 1809 624 1851 corporis
652 1809 687 1841 in
718 1807 852 1843 Ottone
883 1821 920 1842 ea
948 1816 1045 1848 esset,

60 1872 149 1905 quae
179 1859 308 1901 regiam
339 1859 488 1891 maxime
517 1859 673 1892 decuerit
694 1860 918 1902 dignitatem,
951 1861 1045 1904 quod

61 1910 178 1954 capilli
194 1909 290 1949 cani,
314 1909 484 1953 prolixior
511 1909 636 1947 barba,
672 1907 811 1943 habitus
831 1910 982 1954 patriuS,
1008 1917 1046 1945 ut

61 1960 121 2005 qui
139 1971 321 2004 nunquam
338 1959 382 1992 sit
400 1959 583 2003 peregrino
602 1970 693 1994 usuS.

164 2009 323 2043 Versaxit
338 2007 433 2042 hunc
450 2007 639 2049 Ottonem,
663 2017 843 2054 postquam
860 2011 1045 2053 imperium

61 2062 207 2105 adeptus
223 2066 326 2100 esset,
352 2059 389 2092 in
407 2059 511 2092 tantis
529 2060 816 2093 contentionibus
836 2067 868 2093 et
886 2061 1047 2094 certami-

62 2111 168 2144 nibus
198 2110 359 2151 fortuna,
391 2116 431 2144 ut
457 2117 599 2153 propter
626 2122 740 2143 rerum
766 2123 783 2143 a
815 2123 850 2143 se
873 2119 1047 2153 gestarum

63 2160 361 2204 magnitudinem,
386 2160 573 2204 agnomine
591 2160 704 2194 dictus
722 2161 765 2194 sit
782 2158 868 2195 Ouo
887 2161 1048 2205 Magnus,

65 2209 299 2251 L‘niversalis,
332 2210 521 2254 Augustus
583 2209 630 2244 Et
651 2211 778 2245 accidit
803 2219 894 2245 certe
909 2210 1049 2253 Ottoni,

65 2262 158 2306 quod
182 2261 255 2293 fieri
279 2272 416 2294 necesse
435 2261 501 2295 fuit
521 2262 557 2294 in
582 2261 687 2295 tantis
705 2262 959 2296 calamitatibus
973 2261 1045 2298 Ro-

63 2311 159 2345 mani
175 2311 334 2354 imperii,
360 2311 465 2345 illatis
480 2312 523 2345 ab
539 2311 706 2355 Ungarss,
731 2312 931 2353 Saracenis,
953 2313 1049 2347 Lon-

65 2361 246 2405 gobardis,
281 2360 412 2399 Gallis,
447 2360 632 2403 Vandalis,
661 2363 800 2396 nullum
825 2363 929 2396 finem
954 2363 1049 2398 iniu-

65 2413 127 2446 riis
145 2408 279 2445 Ottone
304 2411 371 2444 iam
401 2410 613 2454 Imperatore
632 2413 788 2447 facturis:
818 2412 955 2447 Horum
978 2414 1051 2453 alii,

66 2463 160 2507 quod
182 2462 329 2506 imperio
358 2460 521 2495 Romano
553 2474 650 2495 suam
678 2464 870 2507 potentiam
899 2465 1051 2499 diminui

68 2512 244 2553 viderent,
279 2513 477 2552 fortunam,
512 2525 739 2558 quaecunque
773 2515 960 2553 accideret,
995 2527 1053 2549 ex-

68 2562 176 2606 periri
194 2563 413 2603 maluerunt,
438 2575 543 2607 quam
554 2562 798 2598 Romanorum
817 2565 961 2608 imperia
979 2577 1052 2599 sus-

70 2612 191 2646 tinere.
255 2612 347 2654 Atii,
381 2625 531 2658 qnorum
560 2614 716 2658 plerique
746 2616 928 2648 necessarii
956 2623 1055 2650 erant

71 2670 103 2695 et
128 2663 376 2706 consanguinei
399 2661 562 2703 ottonis,
601 2666 694 2709 qnod
719 2676 890 2699 summam
918 2666 1056 2711 imperii

553 114 710 153 DECL.
744 115 816 153 DE
851 112 1252 152 IMPERATORE
1285 114 1533 154 OTTONE
1567 117 1594 154 1.

2015 122 2088 160 518

1102 202 1144 235 ad
1163 199 1334 235 Ottonem
1352 203 1501 237 delatam
1517 205 1560 238 ad
1578 215 1612 238 se
1631 205 1806 249 pertinere
1822 206 2089 251 arbitrarentur,

1100 249 1228 286 Ottoni
1258 264 1331 285 non
1368 261 1467 288 erant
1498 255 1613 290 amici.
1675 254 1768 290 Hinc
1792 257 1922 291 factum
1947 266 2014 298 est,
2049 268 2088 294 ut

1098 314 1176 336 cum
1195 299 1363 336 Bohemis
1378 304 1579 348 quindecim
1595 318 1706 339 annos
1718 308 1938 342 continenter
1954 310 2086 343 bellum

1098 353 1259 396 gesserit,
1305 360 1449 398 propter
1496 356 1765 399 amplitudinem
1811 359 2086 405 gravitatemque

1097 402 1248 436 civitatis
1270 401 1462 437 Bohemiae
1484 406 1614 446 multo,
1640 419 1744 452 quam
1760 421 1854 443 nunc
1876 417 1946 450 est,
1973 411 2086 444 maio-

1097 465 1182 486 rem.
1222 451 1312 486 Cum
1329 452 1479 497 Ungaris
1494 455 1682 489 Saxoniam
1699 458 1962 503 stipendiariam
1973 461 2085 495 factu-

1098 503 1163 543 ris,
1189 503 1284 547 quod
1310 503 1443 537 inimici
1470 505 1606 549 imperii
1625 506 1778 541 Romani
1801 522 1878 542 cum
1904 517 2000 554 patre
2016 510 2085 545 Ot—

1097 553 1190 587 tonis
1206 552 1361 587 Hem-ico
1381 555 1501 588 eadem
1527 557 1570 588 de
1594 569 1693 590 causa
1717 560 1823 591 arinis
1839 572 1978 605 quoqne
1995 573 2083 595 con-

1098 603 1310 645 tendissent,
1345 604 1408 638 diu
1434 611 1466 639 et
1499 607 1625 640 acriter
1651 608 1890 642 decertaverit.
1952 611 2083 654 Magna

1096 655 1201 687 etiam
1226 655 1317 698 apud
1343 666 1466 689 omnes
1491 654 1596 690 hodie
1617 658 1785 692 autoritas
1811 667 1860 693 est
1886 661 1958 694 eius
1986 663 2083 703 belli,

1097 705 1133 737 in
1152 717 1221 749 quo
1239 705 1382 748 triginta
1398 707 1534 740 duabus
1552 707 1748 750 legionibus
1762 721 1800 742 ex
1818 711 1914 743 omni
1931 711 2083 746 Saxonia

1097 755 1241 796 coactis,
1277 768 1356 789 cum
1380 755 1530 800 Hugone
1560 757 1745 792 Gallorum
1777 760 1881 799 duce,
1911 773 2083 796 novarum

1096 817 1232 846 rerum,
1253 813 1286 840 et
1305 807 1420 850 magni
1440 807 1578 851 imperii
1597 807 1653 854 (ut
1670 816 1719 843 est
1737 809 1930 857 Gallorum·
1943 812 2083 859 natura)

1096 856 1323 900 cupidissimo
1341 858 1509 893 conflixit.

1194 905 1274 939 Non
1288 909 1405 940 minus
1428 908 1531 941 etiam
1549 920 1622 941 rem
1645 912 1688 943 ad
1705 922 1799 944 arma
1817 912 1943 946 deduci
1964 915 2082 947 stude-

1096 957 1182 990 bant
1199 955 1344 990 Ottonis
1360 959 1564 999 necessarii,
1594 959 1629 991 in
1649 961 1776 1005 quibus
1795 963 1962 996 maiorem
1979 965 2082 998 fidem

1097 1019 1168 1040 esse
1198 1008 1365 1050 oportuit.
1432 1008 1521 1041 Nam
1553 1011 1646 1054 quod
1674 1010 1867 1056 lmperator
1898 1013 2083 1048 Conradus

1096 1058 1248 1101 primus,
1275 1057 1450 1099 Francus,
1476 1059 1691 1094 discessurus
1708 1062 1958 1106 Imperatorem
1973 1066 2082 1098 dixis-

1096 1115 1164 1149 set,
1198 1120 1271 1141 non
1306 1110 1449 1142 fratrem
1488 1108 1737 1145 Everhardum
1769 1111 1989 1154 Palatinum,
2023 1117 2082 1148 sed

1096 1158 1289 1192 Henricum
1308 1160 1481 1203 primum,
1509 1167 1640 1204 patrem
1658 1160 1804 1196 Ottonis
1822 1164 1944 1207 primi,
1972 1167 2034 1199 din
2049 1173 2083 1200 et

1095 1209 1222 1242 acriter
1243 1217 1436 1252 pugnatum
1459 1217 1509 1244 est
1531 1213 1698 1246 adversus
1721 1211 1892 1247 Ottonem
1910 1217 1954 1249 ab
1970 1214 2082 1250 Ever—

1097 1256 1207 1291 hardo
1231 1265 1264 1291 et
1279 1257 1425 1292 Ottonis
1440 1259 1547 1293 fratre
1564 1259 1739 1303 Henrico‚
1766 1265 1825 1307 qui
1844 1272 1963 1309 captus
1985 1274 2017 1301 et
2041 1280 2081 1300 ex

1097 1307 1286 1342 Germanis
1307 1309 1478 1343 abductus
1500 1322 1519 1343 a
1545 1310 1678 1350 Gallis,
1713 1323 1935 1349 consenserat
1957 1319 2082 1351 adver-

1096 1370 1155 1392 sus
1171 1359 1314 1391 fratrem
1332 1371 1410 1392 cum
1433 1357 1614 1402 hostibus,
1647 1374 1830 1406 persuasus
1847 1377 1919 1398 non
1939 1368 2081 1401 difficile

1097 1420 1186 1449 esse,
1212 1409 1365 1442 obtineri
1381 1421 1398 1442 a
1415 1422 1450 1443 se
1468 1410 1670 1455 imperium,
1695 1411 1829 1448 Ottone
1845 1416 1951 1450 fratre
1966 1419 2080 1462 pulso.

1096 1458 1266 1502 Reliquas
1289 1456 1471 1501 historias,
1503 1473 1547 1494 ne
1564 1462 1704 1505 longius
1722 1464 1766 1498 ab
1782 1465 1943 1501 instituto
1961 1469 2083 1503 videar

1097 1508 1269 1551 digressus
1287 1520 1373 1550 esse,
1399 1517 1589 1554 praetereo.
1645 1512 1862 1557 Gallicerte,
1889 1520 1982 1562 quod
2001 1521 2081 1553 nul-

1096 1559 1128 1591 la
1153 1570 1254 1591 causa
1281 1557 1486 1603 Imperatori
1505 1562 1635 1596 bellum
1659 1564 1838 1605 fecissent,
1872 1570 1996 1602 merito
2018 1581 2081 1603 suo

1097 1609 1132 1641 in
1153 1606 1206 1641 liis
1229 1609 1330 1642 bellis
1348 1611 1458 1644 multo
1475 1608 1682 1647 humiliores
1706 1615 1985 1663 infirmioresque
2000 1628 2082 1654 sunt

1097 1659 1228 1699 effecti,
1254 1671 1325 1692 non
1352 1668 1469 1694 tamen
1495 1671 1636 1706 propter
1651 1665 1871 1699 clementiam
1888 1667 2081 1713 Imperato-

1096 1709 1144 1742 ris
1162 1707 1308 1742 Ottonis
1326 1712 1462 1744 redacta
1483 1711 1599 1746 Gallia
1625 1714 1660 1747 in
1687 1717 1925 1759 provinciam,
1950 1732 2014 1754 nec
2032 1721 2082 1755 ci-

1097 1759 1263 1793 vitatibus
1286 1760 1449 1804 imposito
1471 1762 1664 1806 stipendio,
1690 1778 1769 1799 cum
1797 1767 1848 1800 ius
1865 1769 1949 1802 belli
1966 1771 2082 1813 suerit,

1097 1816 1137 1842 ut
1159 1810 1220 1854 qui
1240 1810 1424 1851 vicissent,
1450 1812 1512 1853 iis,
1540 1826 1626 1857 quos
1647 1815 1827 1857 vicissent,
1853 1821 2081 1863 quemadmo-

1098 1861 1182 1892 dum
1197 1860 1341 1902 vellent,
1366 1861 1588 1906 imperarent.
1643 1864 1720 1908 Qua
1737 1869 1879 1911 quidem
1896 1871 2080 1906 clementia

1097 1921 1180 1943 usus
1195 1917 1312 1954 postea
1329 1919 1379 1945 est
1395 1924 1473 1955 erga
1490 1912 1671 1949 Romanos
1694 1918 1796 1952 etiam
1808 1945 1816 1958 ,
1844 1932 1993 1964 quorum
2014 1921 2082 1956 lta-

1098 1961 1182 1993 liam
1204 1958 1299 1995 haud
1327 1963 1435 1996 dubie
1456 1964 1655 2007 vectigalem
1680 1967 1834 2009 fecisset,
1863 1977 1899 2004 ut
1927 1970 2081 2005 Galliam

1100 2011 1286 2054 potuisset,
1310 2012 1338 2044 si
1356 2010 1447 2045 nibil
1463 2021 1583 2047 contra
1602 2016 1774 2050 iusticiam
1793 2020 1911 2054 fuisset
1928 2022 2081 2056 facturus

1098 2061 1289 2104 redigendo
1309 2063 1374 2096 snb
1398 2063 1584 2107 imperium
1600 2077 1701 2100 suum
1721 2067 1869 2103 Italiam.
1924 2071 1969 2105 Ut
1988 2074 2080 2106 enim

1099 2111 1246 2156 quisque
1262 2113 1410 2146 maxime
1426 2121 1547 2157 potens
1561 2122 1611 2149 est
1622 2143 1630 2156 ‚
1653 2117 1699 2150 ita
1717 2130 1795 2151 eum
1814 2121 1879 2154 late
1895 2123 2084 2156 dominan-

1100 2162 1135 2195 di
1152 2163 1324 2206 cupiditas
1347 2164 1443 2206 angit
1464 2165 1655 2208 plurimum
1683 2175 1716 2202 et
1740 2170 1855 2212 agitat.
1910 2171 2002 2205 Tum
2021 2186 2082 2207 nc-

1100 2225 1158 2245 mo
1182 2213 1303 2252 facile,
1338 2216 1431 2258 quod
1459 2216 1581 2257 sciam,
1616 2228 1654 2249 ex
1674 2217 1896 2264 Principibus
1912 2234 1931 2255 a
1955 2231 2083 2257 conatu

1100 2263 1336 2306 amplificandi
1361 2265 1500 2308 imperii
1524 2274 1573 2300 est
1597 2267 1797 2310 deterritus,
1833 2273 1926 2316 quod
1951 2281 2009 2307 aut
2029 2275 2084 2307 lu·-

1102 2314 1225 2354 minis‚
1250 2321 1309 2348 aut
1326 2327 1468 2354 manus,
1495 2323 1554 2349 aut
1573 2318 1683 2351 cruris
1696 2326 1756 2353 aut
1772 2322 1914 2355 alterius
1935 2325 2083 2358 membri

1103 2365 1272 2397 iacturam
1295 2365 1439 2399 fecisset.
1499 2365 1598 2400 Talis
1621 2376 1670 2402 est
1691 2370 1761 2403 fere
1783 2373 1942 2406 omnium
1963 2387 2083 2418 regum

1104 2415 1283 2455 voluntas,
1310 2415 1372 2449 etsi
1389 2428 1463 2449 non
1480 2417 1640 2451 omnium
1658 2420 1735 2453 talis
1750 2421 1795 2456 sit
1810 2424 1965 2459 audacia.
2018 2425 2084 2458 Ve—

1104 2478 1181 2499 rum
1208 2463 1298 2499 Otto
1317 2463 1370 2500 his
1394 2467 1515 2508 rebus,
1542 2475 1615 2502 tum
1640 2470 1790 2505 aliorum
1811 2486 1951 2519 quoque
1971 2488 2086 2509 exem-

1104 2516 1190 2561 plis,
1222 2516 1301 2560 qui,
1331 2517 1456 2559 egressi
1481 2517 1616 2552 Italiam
1642 2527 1674 2554 et
1694 2520 1848 2565 Gallias,
1874 2525 1958 2558 belli
1975 2526 2086 2559 fortu-

1106 2579 1187 2600 nam
1203 2574 1322 2600 contra
1336 2568 1508 2602 iusticiam
1524 2569 1560 2602 in
1578 2570 1767 2606 Germania
1785 2580 1994 2616 tentassent,
2019 2576 2086 2607 mi-

1107 2618 1202 2651 nime
1224 2625 1359 2658 motus,
1391 2618 1549 2653 iusticiae
1571 2632 1652 2655 suae
1675 2629 1709 2656 et
1726 2625 1921 2659 autoritatis
1939 2625 2085 2658 multum

1108 2668 1276 2702 iudicavit
1313 2668 1496 2735 interesse,
1534 2671 1739 2714 dignitatem
1768 2673 1921 2708 Romani
1950 2674 2087 2718 imperii

1379 2720 1426 2752 33
