2338 2958
219 140 292 176 911

222 225 329 260 Item:
354 222 503 266 Propter
525 215 609 251 haec
629 214 727 248 venit
751 212 803 246 ira
817 210 884 246 Dei
901 221 1006 255 super
1031 215 1217 242 contuma-

223 288 294 311 ces.
344 273 411 308 His
435 268 586 305 oraculis
602 276 723 300 omnes
745 260 1032 301 commonefacti‚
1058 258 1217 303 discipli-

224 339 308 361 nam
324 331 517 359 statuamus
534 316 762 351 necessariam
780 326 871 355 esse,
897 319 930 346 et
947 313 1074 346 timore
1091 309 1158 344 Dei
1176 309 1218 347 ad

224 375 431 412 modestiam
448 371 587 405 animos
602 377 867 411 componamus.
907 363 984 397 Hoc
1002 362 1062 408 qui
1080 361 1222 401 sacient,

225 428 263 462 bi
289 425 398 469 magis
423 421 603 466 magisque
634 417 856 460 intelligent,
891 421 1062 460 quantum
1085 414 1221 446 bonum

226 481 270 513 sit
292 479 344 510 lex
362 475 437 509 Dei.
458 484 547 518 quae
573 477 605 504 et
624 470 661 503 iu
679 468 844 511 decalogo
868 472 986 506 sonat,
1013 470 1048 498 et
1065 464 1103 497 in
1122 474 1223 496 men-

227 531 321 564 tibus
338 525 524 560 hominum
543 523 654 562 lucet,
682 531 770 566 quae
791 525 905 552 totum
925 516 1109 562 politicum
1125 514 1224 547 ordi-

227 592 308 614 nem
331 578 513 622 gubernat.

328 629 397 662 Hic
421 633 537 661 autem
563 623 649 658 dicit
674 621 820 667 aliquis,
849 618 949 652 fateri
968 630 1004 651 se
1026 617 1139 660 legem
1157 613 1224 648 Dei

227 693 364 716 summa
385 675 579 712 reverentia
597 673 832 708 venerandam
851 681 937 703 esse:
966 676 999 702 et
1015 666 1225 712 sapientiam

230 745 320 771 esse,
364 741 452 776 quae
489 727 625 761 nullius
659 731 838 758 creaturae
873 718 1156 754 consideratione
1189 717 1226 749 in

228 783 326 818 omni
358 779 562 815 aeternitate
592 774 770 810 exhauriri
802 772 923 818 possit.
986 770 1084 813 Quid
1111 774 1226 802 autem

229 836 291 868 illa
322 845 381 866 seu
408 831 664 874 Imperatorum
698 826 831 863 edicta,
866 835 927 856 seu
952 820 1120 865 Ulpiani,
1155 819 1226 851 imo

229 885 384 923 Bartoli,
412 881 536 920 831111,
563 886 595 912 et
613 877 782 911 similium
802 875 949 908 callidae
964 869 1228 916 interpretatio-

230 949 292 970 nes
308 937 350 969 ad
370 935 478 977 legem
496 930 586 964 Dei'?
613 927 687 963 Cur
704 928 838 967 misces,
862 924 1010 970 inquiet,
1032 934 1128 956 sacra
1146 933 1229 966 pro-

232 986 384 1033 phanis?
417 983 510 1017 dicet
531 979 760 1015 Rhetoricam
785 979 959 1011 sorensem
987 986 1078 1014 esse,
1115 972 1229 1018 qualis

230 1039 337 1072 fuisse
364 1034 508 1070 Coracis
539 1039 573 1065 et
599 1031 734 1065 Ctesiae
763 1035 928 1062 narratur
959 1023 1230 1070 praestigiatrix,

233 1087 442 1127 cavillatrix,
462 1085 587 1117 ludens
605 1083 641 1114 in
653 1081 769 1114 verbis
785 1079 948 1122 ambigue
959 1076 1075 1111 dictis.
1104 1073 1139 1108 Ο
1156 1086 1229 1107 rem

233 1141 397 1173 miseram
423 1144 455 1170 et
473 1132 748 1179 deplorandam!
807 1130 940 1162 Verum
960 1134 1032 1166 est,
1062 1137 1117 1159 res
1136 1125 1230 1169 opti-

233 1203 308 1225 mas
334 1188 434 1235 quasi
461 1185 609 1228 caligine
635 1183 787 1228 quadam
817 1187 943 1218 tectas,
980 1179 1017 1211 in
1051 1175 1116 1210 hac
1138 1178 1230 1210 vitae

235 1240 443 1276 confusione
461 1245 494 1271 et
508 1235 564 1269 1115
581 1232 768 1267 hominum
785 1231 966 1265 erroribus
981 1236 1015 1262 et
1032 1227 1138 1268 vitiis,
1156 1238 1230 1259 non

234 1304 344 1338 prope
361 1289 478 1334 aspici.
519 1287 619 1320 Bona
639 1291 671 1318 et
688 1283 850 1317 salutaris
865 1293 919 1315 res
939 1287 990 1313 est
1006 1279 1130 1316 foedus
1146 1289 1232 1311 cou-

234 1344 322 1387 iugii
341 1341 513 1375 sancitum
538 1343 631 1370 certo
657 1336 774 1370 modo.
827 1331 875 1366 Et
897 1340 1014 1366 tamen
1037 1342 1116 1363 cum
1137 1329 1231 1373 peri—

235 1395 312 1429 cula
336 1400 368 1426 et
388 1401 576 1425 aerumnae
595 1400 667 1420 non
687 1398 815 1431 paucae
834 1384 866 1417 id
895 1394 1003 1427 genus
1017 1381 1108 1414 vitae
1123 1380 1233 1413 comi-

237 1453 378 1484 tentur,
412 1441 552 1475 bonitas
576 1446 626 1472 est
648 1437 849 1476 obscurior,
884 1442 916 1468 et
939 1433 1042 1468 multi
1065 1438 1231 1477 tanquam

236 1497 372 1532 tristem
390 1503 564 1527 carcerem
586 1488 789 1533 coniugium
807 1486 958 1529 fugiunt.
1008 1483 1058 1518 lta
1075 1494 1130 1516 res
1145 1482 1233 1516 aliae

236 1550 350 1582 bonae
367 1545 486 1578 minus
503 1548 696 1576 cernuntur
714 1547 787 1573 tum
807 1544 951 1582 propter
971 1533 1158 1569 hominum
1178 1534 1233 1566 in-

237 1599 394 1637 scitiam,
429 1603 504 1629 tuin
530 1599 672 1638 propter
689 1591 818 1624 abusus
843 1588 905 1633 qui
929 1587 1111 1620 accedunt.
1164 1584 1234 1619 Sed

238 1656 398 1683 nostrum
429 1645 584 1679 officinm
617 1649 667 1676 est
699 1640 900 1674 iunioribus
932 1637 1104 1671 instillare
1136 1646 1235 1668 veras

239 1699 440 1735 sententias,
474 1704 504 1729 ct
522 1705 656 1727 errores
675 1693 836 1725 eximere.
870 1689 922 1723 Ac
940 1689 1051 1722 sciant
1068 1697 1234 1729 maguum

239 1753 374 1785 bouum
399 1760 470 1781 esse
488 1747 531 1779 de
558 1746 661 1778 rebus
682 1741 886 1776 necessariis
903 1748 1021 1774 tenere
1039 1749 1137 1771 veras
1155 1749 1234 1770 sen-

239 1803 387 1840 tentias,
430 1810 516 1843 quae
551 1802 686 1829 mentes
723 1794 865 1826 flectant
898 1792 941 1824 ad
984 1789 1234 1823 celebrandum

238 1853 374 1891 Deum,
402 1851 442 1883 ad
463 1850 574 1881 bonos
593 1856 726 1885 mores,
752 1851 785 1877 et
803 1845 845 1877 ad
866 1841 1172 1886 tranquillitatem.

346 1901 475 1935 Verum
495 1906 556 1938 est,
583 1895 787 1930 discrimina
804 1894 906 1936 Legis
923 1900 956 1926 et
973 1890 1170 1933 Evangelii,
1198 1901 1236 1922 ac

242 1955 370 1989 deiude
389 1951 546 1985 iusticiae
564 1956 723 1982 aeternae
737 1953 769 1979 et
787 1945 944 1979 iusticiae
961 1942 1136 1987 politicae,
1155 1941 1235 1975 item

243 2009 356 2049 legum
375 2003 578 2036 divinarum
597 2007 626 2032 et
649 1997 885 2031 humanarum
900 2023 908 2035 ,
935 1993 1176 2037 cognoscenda
1205 1998 1237 2024 ct

245 2064 386 2102 propter
404 2053 551 2095 gloriam
567 2050 630 2084 Dei
649 2061 783 2082 summa
803 2059 885 2081 cura
904 2046 1034 2079 tuenda
1052 2055 1134 2076 esse.
1164 2041 1237 2075 110-

244 2122 321 2142 rum
342 2117 508 2147 generum
527 2101 687 2136 confusio
712 2099 878 2132 omnibus
898 2096 1071 2130 aetatibus
1091 2106 1162 2127 non
1181 2105 1237 2127 so-

245 2162 316 2193 lum
333 2168 466 2191 errores
485 2155 519 2187 iu
538 2152 704 2189 Ecclesia,
730 2151 788 2183 sed
808 2150 911 2183 etiam
931 2147 1102 2181 tumultus
1118 2146 1154 2178 in
1172 2145 1240 2177 im-

245 2210 349 2255 1101111>
376 2207 519 2252 peperit.
574 2204 641 2238 Sed
661 2202 854 2234 xidendum
880 2206 949 2239 est,
976 2198 1035 2243 qui
1062 2197 1158 2230 locus
1182 2195 1238 2229 cui

243 2261 360 2304 generi
389 2257 599 2292 tribuendus
629 2254 682 2287 sit.
749 2252 840 2285 Ante
866 2262 977 2284 31111115
1001 2249 1071 2281 scre
1096 2247 1238 2290 triginta

245 2313 369 2352 vulgus
395 2309 551 2341 audierat
578 2307 667 2347 leges
692 2302 865 2336 luunanas
884 2300 1036 2334 discerni
1060 2312 1076 2332 a
1096 2298 1239 2338 divinis,

245 2371 275 2395 et
302 2362 470 2407 quaedam
491 2359 619 2390 xieiosa
641 2358 777 2389 decreta
803 2352 987 2386 11011111111111
1015 2362 1157 2394 prorsus
1177 2350 1238 2382 ab-

246 2414 301 2447 iiri
317 2441 324 2451 ,
365 2413 430 2444 alia
463 2423 544 2442 x‘cro
575 2406 766 2441 extenuari.
824 2404 959 2438 Accidit
995 2410 1110 2435 auu-m
1142 2401 1236 2445 11111111

245 2478 344 2508 saepe
370 2463 453 2495 sols-t
482 2460 565 2493 sieri.
629 2457 745 2491 Etiam
771 2470 848 2489 cuin
877 2457 995 2487 dextra
1025 2453 1239 2486 offerebatur

243 2515 423 2553 doctrina,
453 2520 566 2544 tamen
583 2511 743 2542 rudiores
761 2520 833 2540 eain
851 2507 992 2539 sinistre
1008 2504 1236 2548 accipiebant.

245 2566 351 2601 Motu
372 2575 494 2597 ornnes
518 2563 608 2601 leges
633 2559 804 2592 lunnauas
823 2557 931 2591 deleri
954 2556 1138 2593 volebant,
1167 2567 1237 2586 non

244 2626 381 2652 tantum
401 2613 658 2648 ecclesiasticas,
679 2612 733 2642 sed
758 2610 861 2642 etiam
881 2607 942 2641 1135
960 2607 1131 2651 1111111135,
1150 2617 1238 2650 quae

244 2675 369 2711 regunt
386 2665 542 2710 imperia.
602 2662 706 2695 Multi
728 2663 820 2705 quud
842 2660 951 2701 inagis
967 2659 1158 2691 dolendum
1175 2663 1238 2694 est,

242 2719 466 2764 disciplinam
484 2716 682 2750 universam
700 2713 746 2745 ita
766 2713 936 2748 laxarunt,
959 2718 995 2743 ut
1013 2722 1137 2751 magua
1154 2707 1236 2740 feri—

949 121 1110 160 DECL.
1151 120 1227 158 DE
1259 120 1527 158 LEGIBUS.

2190 120 2267 155 912

1271 215 1323 242 tas
1347 208 1386 241 in
1405 208 1565 242 moribus
1585 214 1700 241 secuta
1722 206 1779 240 sit.
1829 205 1896 240 His
1920 205 2130 242 tristissimis
2152 217 2270 239 exem-

1273 260 1340 304 plis
1371 259 1516 300 moniti,
1556 260 1713 292 modeste
1741 264 1776 291 et
1805 257 1862 302 pie
1891 259 2156 292 consideremus
2187 267 2271 290 vera

1274 310 1478 343 discrimina
1499 310 1636 353 legum,
1667 317 1701 344 et
1722 309 1905 342 videamus
1920 320 2008 354 quae
2030 309 2101 342 sint
2118 307 2272 348 divinae,

1274 373 1363 406 quae
1394 358 1590 401 humanae,
1623 373 1661 394 ac
1687 360 1806 393 debita
1837 360 2033 393 reverentia
2058 371 2121 393 suo
2145 357 2272 392 ordine

1275 412 1424 455 singulis
1439 411 1610 445 membris
1627 411 1816 445 tribuatur.
1863 409 1946 443 Non
1965 421 2105 454 possum
2122 421 2217 443 nunc
2234 409 2272 441 in

1275 470 1372 497 tanta
1388 461 1516 497 horum
1533 463 1775 496 membrorum
1795 461 2028 505 amplitudine
2047 461 2166 494 omnia
2192 472 2272 504 per-

1276 514 1396 560 sequi,
1437 515 1497 548 sed
1527 514 1570 547 de
1601 512 1937 547 Iurisconsultorum
1975 511 2112 556 scriptis
2145 511 2271 546 dicam.

1276 565 1416 599 Horum
1455 564 1626 599 autoritas
1662 571 1702 598 ut
1736 564 1848 607 magis
1881 563 1985 597 etiam
2025 561 2273 606 conspiciatur,

1278 617 1376 662 prius
1399 618 1443 650 de
1464 616 1590 650 officiis
1615 615 1750 660 politici
1774 613 2042 658 gubernatoris,
2068 624 2128 646 seu
2146 612 2275 646 summi

1278 668 1502 711 magistratus
1530 667 1658 702 dicam.

1382 718 1430 752 Ut
1444 716 1500 752 bic
1517 715 1777 762 pulcherrimus
1795 717 1896 757 ordo,
1924 715 2060 760 positus
2076 725 2276 758 corporum,

1280 769 1388 809 coeli,
1413 769 1523 810 aeris,
1549 776 1660 802 terrae
1677 768 1906 803 circumfusae
1925 764 2090 805 Oceano,
2115 771 2150 798 et.
2163 772 2203 798 ut
2216 776 2275 798 or-

1281 822 1326 854 do
1342 827 1504 854 motuum
1520 820 1722 854 coelestium
1734 847 1743 860 ,
1770 820 1832 865 qui
1848 819 1940 852 vices
1960 824 2177 861 temporum,
2203 815 2277 848 dies

1281 878 1315 906 et
1331 878 1469 912 noctes,
1495 877 1640 904 aestates
1666 878 1698 904 et
1721 868 1863 916 hyemes
1880 869 2002 909 efficit,
2029 869 2104 901 sine
2121 867 2193 900 ulla
2210 868 2278 900 du-

1281 923 1455 957 bitatione
1476 934 1494 955 a
1519 921 1595 956 Deo
1622 922 1785 955 conditus
1809 927 1859 955 est
1889 927 1923 954 et
1948 925 2191 953 conservatur:
2229 918 2277 951 ita

1282 981 1395 1008 totum
1418 971 1513 1007 hunc
1535 973 1698 1007 ordinem
1725 973 1927 1017 politicum,
1960 972 2084 1004 foedus
2111 968 2278 1012 coniugii,

1283 1025 1449 1069 imperia,
1484 1024 1713 1058 dominorum
1748 1023 2033 1062 distinctionem,
2069 1027 2280 1059 contractus,

1283 1076 1424 1117 iudicia,
1446 1087 1591 1120 poenas,
1606 1075 1785 1108 verissime
1801 1081 1932 1108 statuas
1950 1085 1967 1106 a
1984 1071 2059 1106 Deo
2077 1071 2279 1104 institutum

1284 1137 1374 1161 esse:
1413 1133 1446 1160 et
1473 1138 1675 1172 quanquam
1705 1125 1838 1158 diaboli
1867 1132 1900 1158 et
1928 1121 2114 1157 hominum
2142 1123 2280 1155 furores

1284 1190 1385 1222 saepe
1412 1190 1491 1211 eum
1519 1178 1685 1217 turbant,
1712 1185 1826 1210 tamen
1851 1176 2021 1208 immensa
2043 1174 2200 1217 bonitate
2215 1171 2280 1206 Dei

1285 1228 1505 1269 conservari,
1541 1240 1585 1261 ne
1617 1234 1730 1261 totum
1757 1238 1867 1270 genus
1894 1224 2090 1259 humanum
2119 1224 2281 1258 funditus

1285 1280 1457 1314 deleatur.
1513 1278 1554 1312 In
1571 1276 1637 1312 hoc
1656 1278 1781 1312 ordine
1804 1289 1884 1311 curn
1907 1276 2036 1321 praesit
2055 1276 2283 1319 gubernator,

1286 1344 1348 1365 seu
1371 1331 1595 1375 magistratus
1620 1330 1786 1374 politicus
1813 1327 1926 1375 (nunc
1943 1327 2040 1361 euim
2057 1327 2137 1360 dico
2153 1326 2196 1359 de
2218 1337 2282 1368 gu-

1285 1382 1494 1416 bernatione
1509 1381 1652 1425 propria
1662 1377 1862 1426 Ecclesiae)
1879 1378 2066 1423 praecipua
2084 1375 2189 1410 habet
2205 1376 2283 1409 orfi-

1286 1434 1338 1467 cia
1357 1440 1519 1478 quatuor,
1541 1445 1692 1478 quorum
1710 1431 1786 1464 sine
1800 1431 1872 1465 ulla
1888 1429 2110 1463 dubitatione
2128 1429 2283 1472 primum

1287 1492 1320 1519 et
1337 1496 1513 1518 summum
1531 1490 1598 1525 est,
1623 1490 1661 1517 ut
1678 1490 1778 1516 sonet
1796 1482 1831 1515 in
1847 1493 1972 1526 genere
1988 1478 2145 1513 humano
2162 1491 2282 1512 vocem

1287 1536 1464 1579 decalogi,
1491 1541 1524 1568 et
1546 1535 1610 1574 sit,
1638 1541 1676 1569 ut
1700 1534 1746 1567 ita
1770 1534 1903 1573 dicam,
1929 1545 1996 1565 vox
2020 1531 2103 1572 Dei,
2130 1529 2285 1576 quivult

1287 1599 1398 1630 genus
1431 1584 1628 1620 humanum
1664 1583 1810 1618 honesta
1846 1583 2034 1627 disciplina
2066 1582 2160 1625 regi,
2195 1592 2285 1626 quae

1288 1644 1459 1681 congruat
1483 1638 1526 1669 ad
1550 1637 1660 1680 legem
1683 1643 1846 1675 naturae,
1874 1647 1963 1680 quae
1989 1640 2039 1667 est
2059 1644 2217 1677 expressa
2245 1632 2283 1665 in

1289 1689 1475 1731 decalog0,
1516 1694 1554 1721 ut
1582 1698 1706 1719 omnes
1734 1686 1863 1719 eruditi
1893 1692 2037 1718 norunt.
2099 1683 2179 1716 'Non
2208 1683 2284 1716 vult

1289 1739 1489 1784 Lycurgum
1522 1750 1584 1772 suo
1609 1738 1757 1771 arbitrio
1791 1737 1880 1780 leges
1908 1737 2059 1769 condere
2089 1741 2285 1778 pugnantes

1290 1802 1369 1823 cum
1396 1796 1538 1823 natura:
1566 1789 1680 1834 qualis
1701 1796 1750 1821 est
1778 1788 1850 1827 lex,
1875 1799 1963 1832 quae
1981 1785 2140 1819 concedit
2159 1786 2284 1829 pacisci

1290 1843 1332 1874 de
1348 1841 1492 1874 alterius
1506 1841 1665 1883 coniuge.
1719 1838 1799 1872 Non
1816 1839 1890 1871 vult
1909 1850 1970 1882 per
1988 1837 2110 1870 ludum
2136 1836 2284 1869 interfici

1291 1890 1473 1931 homiues,
1499 1898 1537 1924 ut
1555 1890 1691 1925 Pioniae
1710 1890 1812 1922 fiebat
1829 1889 1863 1921 iu
1890 1889 2015 1933 pugnis
2033 1887 2261 1931 gladiatoriis.

1393 1942 1597 1976 Secundum
1616 1941 1770 1974 officium
1791 1948 1852 1974 est.
1906 1939 1997 1973 Cum
2016 1939 2067 1971 lex
2086 1939 2185 1971 facile
2201 1950 2286 1972 ton—

1292 2000 1472 2028 temnatur
1496 1993 1563 2025 nisi
1593 1999 1687 2025 metu
1713 2004 1905 2036 poenarum
1929 1990 2065 2023 munita
2085 1989 2148 2029 sit,
2176 1990 2286 2033 magi-

1291 2051 1420 2078 stratus
1444 2044 1488 2078 sit
1511 2051 1673 2077 executor
1694 2043 1868 2085 decalogi,
1896 2048 2049 2075 exerceat
2077 2041 2226 2080 iudicia,
2254 2047 2286 2074 et

1291 2107 1409 2128 severe
1440 2095 1562 2139 puniat
1594 2102 1834 2137 contemptum
1867 2093 1962 2125 vocis
1988 2092 2141 2126 divinar.
2202 2090 2285 2125 111εο

1292 2147 1386 2179 enim
1411 2159 1542 2190 poenae
1568 2146 1603 2178 in
1631 2143 1694 2179 bac
1719 2145 1789 2178 vita
1814 2145 1964 2177 sancitae
1994 2150 2095 2180 511111,
2131 2143 2286 2187 primum

1292 2198 1373 2243 quia
1400 2198 1476 2231 vult
1495 2196 1589 2230 Deus
1616 2197 1763 2239 intelligi
1789 2195 1977 2228 discrimen
2006 2192 2234 2227 lionestarum
2254 2200 2288 2227 et

1293 2249 1449 2292 turpium
1468 2249 1658 2288 actionum,
1681 2248 1773 2292 quud
1794 2247 1930 2279 illustre
1947 2246 1981 2279 sit
2001 2258 2192 2289 poenarum
2209 2257 2286 2290 spe-—

1293 2300 1452 2333 ctaculis:
1477 2300 1604 2332 deiude
1619 2299 1731 2332 saucit
1749 2295 1810 2331 1135
1829 2310 1969 2341 poen-os=
1997 2297 2078 2342 quia
2098 2297 2209 2331 iustus
2227 2303 2287 2334 est.

1293 2364 1373 2383 vere
1411 2351 1572 2384 irascitur
1608 2349 1809 2384 sceleribus.
1873 2349 2026 2393 Yultque
2061 2345 2121 2380 1135
2156 2359 2287 2392 poenas

1293 2402 1648 2435 rommont-sactiones
1674 2413 1746 2433 esse
1771 2402 1813 2432 de
1834 2412 1893 2433 sua
1922 2399 2068 2433 iusticia.
2123 2398 2287 2431 Consulit

1293 2461 1323 2486 et
1350 2453 1424 2497 paci
1449 2452 1648 2490 communi,
1687 2464 1766 2484 cum
1791 2451 1959 2495 praecipit
1986 2451 2060 2483 111111
2093 2455 2288 2493 grassantes

1292 2505 1459 2537 adversus
1481 2504 1568 2537 alios
1596 2504 1706 2543 cives,
1733 2509 1765 2536 et
1789 2510 1884 2536 metu
1911 2514 2102 2546 poenarum
2123 2500 2211 2533 31105
2228 2513 2286 2533 co-

1293 2553 1439 2590 lierccri.

1394 2606 1575 2639 Postremo
1593 2602 1656 2638 liae
1677 2612 1872 2649 praesentes
1888 2611 1921 2637 et
1940 2604 2061 2636 breves
2085 2615 2217 2646 poenae
2235 2611 2286 2637 te-

1291 2664 1429 2690 stantur
1458 2663 1586 2690 restare
1613 2656 1708 2689 aliud
1744 2655 1932 2689 iudicium.
1970 2654 2005 2686 in
2037 2667 2106 2699 11110
2132 2655 2285 2699 aequalis

1291 2708 1530 2753 compensatio
1548 2708 1614 2741 fiet.
1667 2707 1760 2750 Quia
1778 2706 1906 2739 violata
1927 2712 1975 2739 cst
1996 2705 2164 2739 immensa
2182 2706 2284 2739 boni-
