2338 2958
68 114 144 149 493

222 200 319 239 thue
335 200 409 228 alios
425 201 475 227 alii
493 199 529 227 de
545 200 701 238 relligione
719 199 869 233 docerent,

272 249 434 288 Contiguas
452 252 544 289 pietas
561 252 645 279 iussit
662 250 768 279 habere
785 251 901 280 domos.

70 298 158 333 Cum
180 303 295 330 autem
320 296 502 341 Principes
527 298 597 330 sint
623 298 783 330 custodes
805 295 978 330 humanae
997 307 1053 328 so-

69 347 218 388 cietatis,
251 353 342 380 certe
368 345 434 381 hoc
460 348 594 381 efficere
614 348 760 387 debent,
795 354 964 393 quantum
987 346 1055 390 ipsi

68 404 232 443 possunt,
266 404 304 431 ut
328 396 424 431 Deus
448 405 539 432 recte
563 398 768 432 celebretur.
821 396 1054 431 Armentariis

68 448 147 482 satis
163 453 231 488 est,
259 448 450 491 pecudibus
472 449 639 492 pabulum
658 460 789 483 curare.
843 447 890 480 Hi
908 448 966 492 qui
988 444 1054 480 ho-

67 498 202 532 minum
222 505 340 532 coetus
362 505 506 542 regunt,
534 511 606 531 non
630 506 766 532 tantum
789 499 948 532 custodes
971 503 1053 530 sunt

66 549 157 582 vitae
173 560 373 592 corporum,
391 551 448 582 sed
465 549 549 592 legis
565 561 602 582 ac
617 548 838 591 disciplinae:
866 549 943 581 ideo
959 546 1053 580 Deus

67 599 116 633 eis
141 599 297 644 impertit
321 599 519 633 societatem
538 599 591 632 sui
611 598 786 639 nominis,
812 605 851 632 ut
866 597 932 631 Dei
950 598 1053 638 dona,

67 650 103 683 id
129 656 197 690 est,
231 649 458 692 religionem,
494 649 684 689 iusticiam,
712 648 953 691 disciplinam,
988 660 1051 691 pa—

66 712 139 734 cem
166 700 259 732 inter
282 698 442 733 homines
467 707 632 744 tanquam
650 699 771 732 vicarii
788 697 854 732 Dei
877 705 1051 732 tueantur.

65 748 144 784 Oro
178 750 286 793 igitur
311 749 503 784 Dominum
534 756 696 782 nostrum
724 748 837 783 lesum
869 747 1050 783 Christum

65 801 176 834 filium
203 799 289 841 Dei,
313 807 352 834 ut
375 801 545 844 gubernet
569 807 602 833 et
623 807 745 843 augeat
770 798 860 833 hanc
884 797 1052 841 scholam,

66 858 98 885 et
115 848 226 885 s'tudia
245 849 368 884 harum
387 851 542 893 gentium
571 852 737 884 exuscitet
760 851 804 883 ad
819 851 964 884 salutem
983 848 1052 883 Ec-

65 901 197 941 clesiae,
223 913 325 945 quam
338 900 450 934 Filius
462 900 525 935 Dei
544 901 591 934 sic
608 907 711 941 amat,
735 907 774 934 ut
791 913 865 934 eam
882 901 1051 943 sanguine

65 963 128 984 suo
155 951 351 984 redemerit.
410 950 482 984 Vos
512 952 613 985 etiam
648 952 709 996 qui
742 949 832 985 hanc
863 952 986 985 urbem
1018 958 1051 985 et

64 999 154 1034 hanc
168 999 394 1035 Academiam
410 1002 541 1045 regitis,
567 1000 733 1040 obtestor,
759 1009 798 1036 ut
813 1014 892 1035 cum
909 1014 1050 1046 operam

63 1049 302 1085 scholasticam
326 1050 502 1085 Ecclesiae
526 1053 753 1085 necessariam
777 1064 849 1085 esse
875 1053 1050 1095 intelliga-

64 1102 118 1140 tis,
146 1114 201 1134 me
218 1099 403 1145 hospitem,
431 1109 463 1136 et
479 1110 672 1135 versantem
688 1103 725 1134 in
743 1102 878 1134 difficili
894 1114 1051 1143 munere,

64 1159 174 1185 vestra
194 1152 436 1185 benevolentia
459 1152 682 1186 confirmetis.
736 1151 866 1185 Sumus
889 1163 953 1185 nos
971 1152 1050 1196 qui-

64 1204 141 1236 dem
161 1203 264 1247 longe
281 1202 463 1235 inferiores
482 1203 552 1235 illis
568 1202 714 1235 summis
731 1202 816 1234 viris
828 1229 836 1240 ,
863 1203 905 1235 de
922 1202 1051 1247 quibus

63 1259 164 1286 autea
198 1252 289 1290 dixi,
325 1252 386 1297 qui
414 1253 499 1285 olim
527 1251 704 1286 Ecclesiae
733 1253 846 1286 studia
874 1258 1050 1292 rexerunt,

63 1301 161 1343 Elia,
194 1301 333 1343 Eliseo,
366 1300 488 1341 Esaia,
532 1302 696 1344 Ieremia,
729 1302 895 1342 Daniele,
928 1301 1051 1343 Esdra,

63 1355 122 1387 sed
142 1353 177 1385 in
195 1365 337 1385 munere
358 1365 498 1396 prorsus
517 1354 639 1385 eodem
658 1365 847 1387 versamur.
881 1352 952 1386 Nec
971 1365 1048 1385 raro

64 1416 126 1447 ego
145 1403 216 1446 ipse
235 1409 306 1436 toto
323 1415 467 1446 corpore
486 1401 720 1446 perhorresco,
744 1404 900 1448 cogitans
915 1403 1049 1445 magni-

65 1454 223 1487 tudinem
243 1453 373 1492 oneris,
400 1456 492 1497 quod
513 1454 740 1494 sustinemus,
767 1462 800 1487 et
818 1454 957 1486 intuens
973 1454 1049 1486 ani-

63 1516 121 1537 mo
145 1503 224 1536 illos
241 1510 373 1536 veteres
391 1505 496 1537 duces
520 1512 675 1544 nostros,
702 1516 788 1548 quos
812 1505 916 1544 longo
941 1504 1050 1536 inter—

63 1554 156 1587 vallo
171 1554 350 1598 sequimur
368 1554 495 1587 inertes
513 1560 545 1586 et
560 1554 698 1597 ignavi,
720 1560 823 1598 atquc
842 1552 931 1586 hanc
947 1554 1049 1586 dissi-

63 1604 302 1638 militudinem
327 1615 405 1637 cum
431 1611 574 1648 reputo,
609 1616 681 1636 non
708 1604 821 1637 solum
846 1604 1049 1637 docentium

61 1654 352 1694 imbecillitatem,
376 1654 435 1687 sed
454 1652 642 1688 Ecclesiam
660 1654 817 1698 deploro,
844 1666 932 1698 quae
949 1653 1048 1699 quasi

61 1711 219 1738 senectae
240 1703 498 1745 imbecillitate,
523 1704 641 1737 omnia
667 1705 824 1737 membra
847 1702 951 1737 habet
973 1705 1049 1737 lan-

62 1755 241 1799 guidiora,
276 1761 309 1788 et
331 1761 448 1789 tamen
476 1755 661 1799 postremis
689 1755 908 1798 temporibus
937 1755 1049 1798 pluri-

62 1818 160 1839 mum
183 1804 330 1849 periculi
360 1802 558 1838 habituram
583 1817 655 1838 esse
679 1802 842 1838 Christus
868 1804 1049 1848 praedixit.

63 1856 152 1890 Nam
179 1867 248 1900 quo
273 1855 416 1898 propius
442 1855 547 1888 instat
568 1855 642 1887 dies
664 1855 807 1888 extremi
832 1855 973 1893 iudicii,
1008 1867 1048 1888 eo

62 1905 226 1940 diabolus
254 1905 420 1938 furiosius
443 1906 603 1938 irascitur
627 1903 789 1943 Clu-isto,
826 1905 894 1937 iam
917 1905 1048 1938 scilicet

62 1956 258 1991 formidans
281 1955 509 1994 sententiam,
539 1956 574 1988 in
599 1967 664 2000 qua
691 1955 856 1988 omnibus
882 1956 1049 1989 creaturis

63 2006 200 2052 patefiet
221 2006 404 2050 turpitudo
433 2006 600 2039 immensa
631 2005 873 2049 superbissimi
894 2006 1049 2051 spiritus,

63 2064 97 2092 et
117 2057 289 2091 eruciatus
318 2057 426 2101 ipsius
450 2054 615 2089 horrendi
641 2056 876 2098 augebuntur.
930 2056 1048 2102 ltaque

65 2108 146 2142 odio
172 2105 306 2142 Christi
338 2107 459 2141 incitat
493 2106 644 2147 Turcas,
679 2106 885 2148 Pontifices,
920 2107 1048 2152 impios

63 2157 189 2202 Reges,
213 2157 366 2203 denique
382 2158 500 2191 omnia
518 2169 578 2191 sua
597 2169 726 2200 organa
744 2158 910 2190 adversus
925 2156 1049 2191 Eccle-

64 2208 163 2243 siam.
214 2205 267 2241 Eo
293 2208 401 2252 magis
431 2208 648 2251 vigilandum
680 2214 714 2241 et
744 2209 972 2252 pugnandum
999 2215 1048 2242 est

66 2258 188 2298 nobis,
214 2265 252 2292 ut
277 2259 375 2291 furor
390 2259 523 2292 diaboli
548 2259 775 2303 impediatur:
803 2270 897 2301 reges
917 2259 1047 2303 turpis-

65 2309 152 2342 sime
174 2308 294 2342 sinunt
321 2309 467 2351 grassari
491 2308 643 2350 Turcas,
675 2307 841 2353 Episcopi
867 2309 1048 2352 negligunt

64 2357 248 2393 Ecclesias.
307 2358 425 2401 Quare
447 2359 523 2403 pios
546 2359 727 2403 Principes
752 2366 785 2393 et
814 2366 964 2393 caeteros
986 2361 1047 2405 qui

65 2417 248 2454 praesunt,
275 2409 388 2443 anniti
413 2409 526 2448 decet,
559 2417 597 2443 ut
619 2418 788 2455 quantum
811 2421 874 2443 suo
900 2410 1046 2455 quisque

65 2461 142 2494 loco
158 2466 291 2505 potest,
315 2460 467 2494 sarciant
483 2460 624 2493 illorum
643 2460 909 2504 negligentiam,
936 2461 1047 2494 bonos

66 2511 224 2544 doctores
251 2517 438 2556 quaerant,
468 2511 684 2545 constituant
709 2509 900 2551 Ecclesias‚
925 2518 1047 2545 curent

67 2561 111 2594 ad
142 2568 298 2605 posteros
331 2561 516 2605 propagari
551 2559 795 2605 Evangelium.
858 2560 1047 2595 Auditores

67 2611 169 2645 etiam
188 2610 514 2655 propterChristum
526 2611 733 2652 Dominum,
753 2624 791 2645 ac
807 2612 912 2645 officii
929 2612 1046 2655 digni-

67 2668 171 2697 tatem
189 2669 343 2697 amanter
360 2669 509 2697 tractent
527 2663 614 2696 fidos
629 2661 814 2706 Evangelii
831 2663 1047 2707 interpretes,

567 108 724 146 DECL.
764 108 836 145 DE
871 106 1312 146 RESTITUENDIS
1346 108 1604 147 SCHOLIS.

2024 114 2096 147 494

1108 193 1201 227 inter
1228 206 1315 239 quos
1346 206 1401 226 me
1430 207 1570 241 quoque
1599 196 1698 229 vobis
1730 199 1949 233 commendo.
2007 197 2095 232 Nam

1109 250 1141 276 et
1160 244 1261 277 fidem
1279 256 1317 277 ac
1333 244 1551 287 diligentiam
1568 247 1761 290 praestabo,
1787 254 1819 281 et
1836 260 1946 294 genus
1963 249 2093 282 doctri-

1107 305 1171 326 nae
1198 294 1296 338 pium
1322 294 1497 338 profiteor.
1551 296 1757 341 Amplector
1781 299 1875 331 enim
1902 311 1981 332 vere
2004 307 2036 333 ct
2054 311 2092 332 ex

1105 345 1224 377 auimo
1261 356 1468 378 consensum
1511 345 1701 381 catholicae
1738 347 1914 382 Ecclesiae
1947 347 2091 390 Christi,

1106 392 1172 427 hoc
1189 402 1252 434 est,
1279 395 1475 427 doctrinam
1495 394 1626 430 Christi
1647 406 1679 431 et
1699 397 1959 442 Apostolorum,
1985 406 2017 432 et
2034 412 2091 432 ex-

1106 445 1330 488 plicationem
1366 445 1528 478 traditam
1566 447 1602 479 in
1636 447 1830 493 Symbolis,
1875 449 2092 494 Apostolico‚

1106 494 1238 528 Niceno
1256 501 1288 528 et
1304 492 1558 531 Atlianasiano.
1593 495 1639 530 Et
1656 510 1734 530 cum
1753 499 1941 534 inciderint
1958 500 2092 534 discor-

1105 545 1203 586 diae,
1238 546 1347 578 fateor
1375 558 1429 578 me
1459 546 1588 580 sentire
1618 559 1696 580 cum
1719 547 1906 591 Ecclesiis‚
1942 563 2090 595 quarum

1105 603 1195 629 extat
1212 596 1385 629 confessio
1403 595 1618 639 Augustana,
1645 605 1677 632 et
1694 596 1757 632 has
1772 599 1889 633 iudico
1905 601 1993 634 tueri
2013 613 2092 645 per-

1105 654 1249 691 petuum
1272 658 1479 680 consensum
1504 660 1604 680 verae
1627 646 1803 682 Ecclesiae
1825 651 1982 684 omnium
2004 659 2091 685 tem-

1106 709 1251 741 porum,
1292 695 1548 740 Prophetarum
1584 705 1617 732 et
1642 698 1906 743 Apostolorum.
1971 701 2009 734 ln
2036 699 2091 734 his

1104 747 1222 781 iudico
1240 747 1369 780 multos
1386 748 1552 781 articulos
1566 750 1746 783 doctrinae
1761 748 1982 784 Christianae
2000 759 2089 785 recte

1105 805 1138 832 et
1163 798 1219 841 pie
1240 804 1426 831 renovatos
1450 805 1483 832 et
1509 799 1698 833 illustratos
1723 812 1805 836 esse.
1857 799 1945 835 Cum
1964 799 2018 835 his
2037 802 2091 835 iu-

1105 849 1183 881 dico
1225 849 1327 881 etiam
1364 860 1443 881 vere
1479 861 1669 893 congruere
1705 851 1891 895 scriptores
1930 853 2091 896 puriores

1103 900 1222 932 dextre
1246 899 1452 940 intellectos,
1480 899 1720 941 Ambrosium,
1747 901 1996 945 Augustulum,
2024 902 2091 935 lli-

1104 950 1251 989 larium,
1285 948 1477 987 Basilium,
1519 948 1783 995 Epiphanium,
1821 951 2091 988 Nazianzenum.

1103 998 1149 1033 Et
1166 1012 1365 1045 quanquam
1390 1000 1550 1033 odiosum
1573 1008 1622 1034 est
1645 1014 1773 1034 nomen
1798 1002 2011 1044 discordiae,
2039 1011 2091 1037 ta-

1104 1063 1182 1083 men
1199 1052 1310 1083 sentio
1329 1048 1413 1083 haec
1430 1052 1631 1091 certamina,
1655 1064 1743 1096 quae
1761 1054 1803 1085 de
1819 1053 1978 1086 doctrina
1996 1061 2089 1087 mota

1104 1107 1204 1141 sunt,
1233 1101 1425 1134 necessaria
1449 1108 1481 1134 et
1506 1102 1676 1135 divinitus
1697 1103 1841 1136 excitata
1861 1115 1943 1138 esse.
1997 1104 2091 1146 Quia

1103 1150 1230 1185 Daniel
1250 1158 1282 1183 et
1307 1150 1437 1183 Paulus
1455 1152 1692 1186 vaticinantur
1717 1154 1898 1195 postremis
1922 1156 2091 1198 tempori-

1105 1201 1168 1233 bus
1185 1198 1248 1232 hos
1266 1201 1402 1232 futuros
1417 1212 1489 1234 esse
1516 1213 1644 1244 agones
1667 1202 1808 1246 piorum
1831 1205 1998 1237 adversus
2023 1205 2090 1237 im-

1103 1251 1178 1294 pios
1204 1249 1391 1283 Pontifices
1415 1251 1451 1283 in
1476 1249 1651 1293 Ecclesia,
1686 1253 1913 1287 defendentes
1939 1255 2089 1287 manife-

1103 1307 1189 1334 stam
1224 1298 1515 1344 εἶδωλομανίαν,
1552 1309 1586 1336 et
1621 1310 1816 1337 exercentes
1850 1303 2089 1338 Neronianam

1103 1350 1281 1383 saevitiam
1300 1350 1337 1383 in
1354 1353 1510 1385 membra
1526 1350 1670 1387 Christi.
1716 1351 1768 1387 Ac
1788 1355 2010 1397 praemonuit
2025 1367 2089 1389 nos

1075 1403 1079 1442 ἱ
1103 1401 1256 1445 Spiritus
1274 1407 1423 1442 sanctus,
1446 1409 1486 1436 ut
1503 1415 1582 1436 cum
1598 1403 1786 1437 inciderint
1803 1405 2004 1446 certamina,
2032 1418 2091 1439 co-

1076 1452 1250 1493 'gitemus
1269 1451 1329 1483 ubi
1347 1451 1392 1484 sit
1409 1465 1489 1485 vera
1507 1451 1682 1494 Ecclesia,
1707 1466 1779 1487 non
1796 1461 1989 1489 terreamur
2005 1456 2090 1490 titu—

1103 1502 1145 1534 lis
1160 1501 1407 1534 sceleratorum
1423 1502 1647 1544 Pontificum,
1673 1516 1737 1537 nec
1755 1505 1863 1538 simus
1878 1506 1962 1539 socii
1978 1513 2011 1540 et
2027 1507 2090 1540 ad-

1103 1551 1257 1584 ministri
1286 1551 1414 1595 impiae
1439 1553 1650 1598 tyrannidis.
1710 1553 1792 1588 Non
1824 1555 1932 1599 igitur
1957 1569 2090 1590 novum

1102 1601 1282 1635 doctrinae
1312 1612 1420 1644 genus
1445 1603 1709 1645 comminisca‚r
1742 1617 1814 1638 una
1845 1613 1895 1640 est
1922 1614 2090 1651 perpetua

1101 1650 1273 1691 Ecclesia,
1297 1651 1332 1684 in
1350 1664 1418 1697 qua
1435 1652 1547 1687 Filius
1563 1654 1631 1687 Dei
1656 1666 1718 1698 per
1734 1662 1869 1699 patres,
1895 1654 2090 1701 Prophetas

1102 1701 1334 1746 etApostolos
1361 1715 1477 1736 veram
1490 1703 1556 1737 Dei
1574 1704 1740 1738 noticiam
1757 1706 1921 1748 tradidit,
1947 1714 1981 1741 et
1998 1714 2091 1742 taxat

1102 1753 1343 1797 persuasiones
1369 1755 1640 1789 contumeliosas
1657 1756 1824 1789 adversus
1841 1757 1978 1798 Deum,
2004 1770 2090 1802 quas

1101 1802 1232 1847 spargit
1247 1803 1409 1835 diabolus
1425 1804 1506 1837 odio
1524 1805 1600 1838 Dei.
1635 1803 1690 1838 Ad
1709 1805 1804 1838 illam
1822 1818 1939 1840 veram
1955 1805 2089 1842 Christi

1100 1851 1291 1886 Ecclesiam
1305 1879 1314 1893 ,
1341 1865 1436 1887 nunc
1457 1867 1598 1900 quoque
1621 1855 1884 1899 belligerantem
1907 1869 1985 1891 cum
2011 1858 2089 1892 dia-

1102 1903 1204 1943 bolo,
1231 1909 1264 1936 et
1286 1903 1549 1938 dissentientem
1572 1917 1591 1938 a
1613 1904 1863 1948 Pontificibus,
1887 1908 1949 1952 qui
1971 1909 2088 1942 idolo-

1101 1953 1254 1987 maniam
1279 1953 1492 1994 defendunt,
1521 1963 1555 1990 et
1574 1955 1750 1990 trucidant
1774 1958 1929 1991 membra
1945 1956 2090 2001 Christi,

1100 2011 1139 2038 ut
1154 2015 1277 2037 omnes
1293 2004 1341 2048 pii
1358 2005 1547 2049 adiungere
1571 2017 1607 2039 se
1630 2007 1776 2048 debent,
1803 2007 1850 2041 ita
1875 2020 1930 2041 me
1948 2021 2089 2054 quoque

1101 2062 1172 2089 tota
1198 2061 1314 2088 mente
1339 2062 1372 2088 et
1390 2061 1462 2088 toto
1480 2063 1618 2099 pectore
1641 2057 1813 2100 adiungo,
1840 2069 1879 2091 ac
1903 2071 2026 2102 precor
2047 2072 2088 2093 ex

1100 2105 1217 2139 animo
1230 2104 1359 2138 Filium
1372 2104 1448 2147 Dei,
1474 2107 1665 2140 Dominum
1682 2114 1841 2141 nostrum
1860 2107 1972 2142 Iesum
1982 2107 2087 2143 Chri-

1100 2164 1191 2190 stum
1206 2182 1215 2195 ,
1242 2162 1279 2188 ut
1297 2155 1532 2190 ministerium
1549 2169 1666 2190 meum
1684 2159 1874 2200 gubernet,
1901 2171 1939 2192 ac
1955 2172 2019 2205 per
2032 2172 2087 2193 me

1100 2207 1144 2240 sit
1162 2206 1300 2244 efficax,
1328 2212 1368 2239 ut
1392 2207 1505 2240 adsuit
1529 2207 1705 2251 patribus,
1731 2206 1914 2252 Prophetis
1938 2217 1971 2243 et
1988 2208 2087 2253 Apo-

1100 2257 1215 2297 stolis;
1243 2256 1352 2300 ipsius
1371 2257 1463 2289 enim
1488 2257 1564 2290 laus
1584 2257 1767 2299 victoriae,
1795 2259 1861 2303 ipsi
1886 2258 2086 2303 triumphus

1100 2308 1264 2347 debetur,
1298 2307 1360 2351 qui
1387 2307 1496 2340 vincit
1522 2307 1720 2341 diabolum:
1756 2316 1873 2342 nostra
1901 2310 2087 2344 infirmitas

1100 2370 1173 2392 non
1193 2364 1242 2390 est
1260 2369 1322 2401 par
1345 2363 1461 2391 tantae
1477 2358 1717 2397 dimicationi,
1743 2360 1803 2392 sed
1829 2359 1902 2403 ipse
1918 2361 1993 2393 vult
2019 2361 2086 2405 piis

1100 2410 1238 2449 adesse,
1263 2414 1296 2441 et
1314 2408 1517 2441 conculcare
1534 2414 1637 2452 caput
1656 2409 1845 2453 serpentis,
1872 2407 1938 2443 hoc
1958 2418 2019 2452 est,
2049 2418 2085 2444 ut

1101 2459 1249 2493 loannes
1268 2458 1534 2502 interpretatur,
1561 2459 1739 2492 destruere
1755 2472 1860 2504 opera
1879 2461 2022 2496 diaboli.

1201 2509 1283 2542 Fuit
1306 2506 1480 2541 Ecebolns
1502 2509 1644 2554 quidam
1670 2507 1790 2543 rhetor
1815 2517 1970 2554 tempore
1989 2509 2085 2543 Cou-

1099 2560 1230 2599 stantii,
1255 2560 1282 2592 is
1299 2565 1335 2591 ut
1352 2561 1497 2601 gratiam
1515 2568 1750 2603 aucuparetur
1760 2560 1946 2605 Principis,
1969 2561 2083 2603 bapti-

1100 2618 1194 2645 zatus
1211 2617 1280 2650 est,
1307 2616 1340 2643 et
1363 2617 1400 2643 ut
1422 2609 1488 2643 suit
1511 2609 1709 2644 indicendo
1726 2608 1933 2651 vehemens,
1959 2611 2083 2643 acriter

1100 2662 1223 2696 solitus
1250 2667 1301 2695 est
1325 2667 1440 2694 taxare
1466 2661 1730 2697 idolomaniam.
1791 2661 1915 2695 Postea
1935 2661 1999 2693 sub
2023 2659 2082 2692 Iu-
