2338 2958
99 130 174 168 925

533 126 694 163 DECL,
726 125 799 162 DE
833 120 1178 162 SYMPATHIA
1211 121 1285 158 ET
1319 119 1704 157 ANTIPATHIA.

2062 119 2136 155 926

100 219 228 252 Oratio
259 215 304 250 de
331 213 601 249 consideranda
619 213 842 259 sympathia
870 217 907 247 et
931 214 1119 256 Antipa-
1116 213 1120 233 ¹
1143 209 1225 241 dere
1247 208 1416 265 imagines
1441 220 1599 248 morum,
1627 213 1659 240 et
1684 206 1862 240 actionum
1887 202 2134 242 humanarum,

99 267 183 302 thia
215 270 255 302 in
290 277 419 300 rerum
452 270 615 308 natura,
659 267 825 299 recitata
864 275 887 298 α
918 262 1089 299 Jacobo

98 317 340 360 Milichie,
379 328 463 351 cum
485 317 752 351 decerneretur
772 315 910 362 gradus
933 315 1088 351 Ductori

99 369 272 416 (Medic.)
296 369 379 403 Viro
399 369 497 402 Ortel
519 367 740 402 Winsliemio
770 370 818 411 (d.
834 370 864 399 4.
880 369 967 402 Febr.
996 367 1089 400 1550.

309 424 348 453 ct.
366 421 481 462 Scripta
496 424 579 462 publ.
596 421 636 452 T.
650 420 676 459 l,
700 433 731 461 p.
748 413 875 459 2925..)

99 499 290 554 Principio
308 516 341 543 et
356 510 484 553 gratias
501 521 564 554 ago
581 508 657 543 Deo
676 516 817 543 aeterno
837 508 927 552 patri
942 505 1089 541 Domini

97 559 452 600 nostrilesuChristi,
475 561 651 594 conditori
664 560 823 593 omnium
841 571 970 599 rerum,
992 557 1086 602 quod

97 624 217 645 veram
234 612 432 645 doctrinam
445 639 454 652 ,
479 613 570 645 vitae
589 609 775 644 hominum
793 610 979 643 salutarem
996 609 1089 641 inter

97 675 164 696 nos
180 660 349 697 hactenus
366 663 607 702 conservavit,
634 672 783 706 eumque
802 661 1007 693 ardentibus
1026 671 1088 692 vo-

97 714 142 748 tis
162 726 244 754 oro,
271 725 316 746 ne
335 726 410 746 eam
428 713 583 756 extingui
602 712 704 746 sinat.
756 710 851 744 Haec
871 718 950 745 vota
973 711 1009 743 iu
1034 707 1089 743 bis

98 764 344 808 congressibus
367 771 471 809 caput
493 770 526 797 et
552 763 733 796 exordium
763 762 919 807 reliquae
943 761 1090 795 actionis

99 827 172 848 esse
187 816 332 849 debent:
357 827 446 860 quae
463 814 606 859 quidem
622 813 774 847 subinde
791 814 979 857 repetenda
995 819 1089 852 sunt,

100 878 179 900 cum
199 866 236 898 in
254 866 424 909 templum
447 872 481 899 et
505 866 547 898 ad
571 876 686 905 aram,
718 876 791 897 non
816 865 930 898 solum
957 864 999 896 ad
1027 875 1090 897 au-

98 917 264 951 diendam
295 916 622 956 renunciationem,
664 916 724 948 sed
759 915 869 948 multo
900 915 1010 958 magis
1045 915 1087 947 ad

98 979 322 1002 communem
338 967 575 1011 precationem
594 965 842 1000 conveneritis.

201 1033 376 1069 Usitatum
394 1041 444 1067 est
468 1040 584 1067 autem
610 1034 647 1066 in
673 1031 728 1066 his
751 1032 1089 1070 renunciationibus‚

97 1086 154 1119 vel
176 1087 219 1119 ad
246 1086 431 1118 formanda
449 1085 578 1118 iudicia
601 1083 801 1124 iuniorum,
828 1083 884 1116 vel
903 1084 946 1116 ad
967 1095 1089 1115 accen-

97 1137 212 1171 denda
237 1136 371 1177 studia,
397 1148 437 1169 ex
461 1135 578 1180 aliqua
603 1134 844 1168 doctrinarum
870 1140 966 1177 parte
993 1145 1089 1166 com-

98 1187 390 1221 monefactionem
412 1197 620 1230 proponere.
648 1184 770 1229 Itaque
785 1192 818 1217 et
834 1184 1012 1218 interdum
1033 1182 1089 1217 bic

97 1237 233 1284 aliquid
251 1239 294 1271 de
312 1237 397 1271 artis
420 1237 574 1270 medicae
592 1236 762 1279 dignitate
780 1242 813 1268 et
831 1235 980 1268 utilitate
998 1235 1089 1267 dixi-

96 1301 194 1328 mus,
221 1295 256 1322 et
272 1300 367 1321 nunc
383 1300 423 1321 ex
443 1286 507 1321 hac
526 1294 646 1321 nostra
665 1286 825 1320 doctrina
843 1293 1088 1329 argumentum

99 1350 289 1374 sumemus.

198 1404 262 1440 Est
280 1413 395 1440 autem
417 1406 564 1439 omnino
583 1405 695 1438 maius
721 1416 810 1449 opus
834 1405 871 1437 in
894 1410 990 1438 tanta
1015 1416 1090 1437 am-

98 1458 276 1503 plitudine
293 1458 377 1491 artis
400 1457 574 1497 medicae,
601 1458 644 1489 de
662 1456 736 1490 eius
752 1456 921 1499 dignitate
938 1462 971 1489 et
991 1455 1089 1489 utili-

96 1516 164 1544 tate
187 1509 319 1549 dicere,
356 1520 460 1553 quam
485 1515 524 1541 ut
547 1508 646 1541 brevi
666 1507 825 1540 oratione
849 1513 945 1541 tanta
971 1518 1088 1540 rerum

97 1559 195 1604 copia
215 1557 467 1603 comprehendi
484 1560 601 1603 possit.
645 1558 817 1592 lntuenda
833 1563 883 1590 est
898 1558 992 1591 enim
1008 1557 1089 1591 uni-

96 1623 194 1645 versa
211 1617 353 1651 natura,
378 1610 570 1643 videndum
587 1609 648 1655 qui
665 1610 710 1643 sit
727 1610 814 1642 ordo
826 1636 835 1649 ,
862 1620 951 1653 quae
974 1608 1090 1653 quali-

97 1669 201 1702 tates,
227 1673 315 1706 quae
335 1661 554 1701 effectiones,
581 1672 668 1706 quae
693 1660 904 1693 mutationes
932 1659 1090 1703 singula-

97 1725 176 1747 rum
200 1712 373 1756 partium,
399 1712 598 1752 stellarum,
623 1712 899 1750 elementorum,
926 1711 1089 1743 animan—

97 1765 205 1804 tium,
233 1760 398 1802 bominis,
425 1775 542 1795 rerum
560 1775 600 1796 ex
619 1769 709 1795 terra
728 1761 960 1801 nascentium,
987 1761 1088 1804 plan—

98 1821 233 1853 tarum,
260 1813 508 1853 metallorum,
530 1823 762 1855 gemmarum:
789 1820 821 1844 et
840 1811 1088 1844 considerandi

97 1876 182 1900 usus
199 1863 352 1907 partium
364 1890 372 1902 ,
399 1863 435 1895 in
451 1875 521 1907 quo
539 1863 729 1895 clarissime
745 1862 959 1904 conspicitur
976 1862 1089 1895 admi-

97 1916 207 1950 randa
224 1914 394 1958 sapientia
418 1911 620 1953 architecti,
655 1913 714 1958 qui
732 1912 949 1956 prospiciens
970 1913 1089 1955 generi

96 1965 274 2005 humano,
301 1964 540 2004 domicilium,
568 1964 664 1997 cibos
681 1971 714 1997 et
736 1963 889 1995 remedia
912 1964 1088 1996 condidit:

98 2025 132 2052 et
149 2017 291 2062 quidem
309 2015 517 2058 praevidens
537 2016 740 2047 morborum
761 2014 973 2055 varietatem,
1001 2027 1089 2058 pene

98 2067 246 2111 singulis
264 2066 395 2099 morbis
411 2078 470 2098 sua
488 2068 660 2111 quaedam
677 2063 829 2098 remedia
847 2065 1031 2108 opposuit,
1056 2073 1088 2099 et

98 2119 240 2164 propria
260 2117 387 2150 auxilia
407 2117 555 2159 singulis
574 2117 741 2149 membris
765 2115 935 2149 attribuit.
988 2114 1088 2149 Hanc

98 2169 348 2213 amplissimam
381 2175 490 2201 artem
531 2165 730 2207 architecti,
773 2166 872 2210 quasi
910 2166 1086 2200 evolutam

98 2221 303 2259 ostendere,
331 2226 364 2252 et
388 2221 431 2251 de
456 2219 674 2261 singularum
700 2217 851 2262 partium
870 2228 935 2250 usu
962 2218 1089 2259 dicere,

97 2282 186 2316 opus
202 2277 252 2304 est
270 2281 357 2314 pene
372 2269 562 2303 infinitum.

200 2337 303 2371 Nunc
331 2336 438 2380 igitur
468 2334 533 2370 hac
566 2336 725 2379 longiore
755 2337 915 2371 oratione
948 2336 1089 2377 omissa,

97 2395 234 2424 tantun·
251 2400 430 2432 excerpam
447 2388 603 2431 exempla
629 2389 799 2433 quaedam
825 2388 861 2420 in
884 2394 1008 2420 natura
1033 2399 1090 2421 re-
1114 2390 1116 2415 ἶ

98 2452 177 2475 rum
212 2446 437 2481 cognatarum
468 2445 500 2471 et
531 2439 784 2482 pugnantium,
833 2451 922 2484 quae
955 2445 986 2472 et
1016 2438 1087 2483 ipsa
1114 2470 1117 2477 ‚

99 2491 303 2530 ostendunt,
325 2487 420 2523 hunc
436 2489 608 2522 mundum
625 2502 697 2522 non
714 2500 792 2522 casu
811 2501 849 2522 ex
865 2489 990 2523 atomis
1005 2502 1090 2523 con—

98 2543 220 2575 flatum
249 2552 339 2581 esse,
379 2547 417 2574 ut
441 2541 599 2573 furenter
622 2538 790 2584 Epicurei
821 2540 1088 2575 contendebant.

100 2592 202 2626 Iuvat
218 2599 333 2625 autem
352 2591 462 2624 bonas
481 2597 624 2629 mentes,
651 2591 802 2635 aspicere
818 2591 921 2624 illas
912 2603 947 2623 in
965 2598 1087 2625 natura
1114 2600 1117 2625 '2

101 2639 350 2688 συμπαθείας,
371 2654 434 2676 και
450 2639 705 2683 ἀντιπαθείας,
727 2653 798 2675 non
817 2642 930 2675 solum
949 2649 1090 2686 propter

1115 271 1228 318 quas
1246 259 1340 292 Deus
1364 259 1401 291 in
1424 266 1548 292 natura
1567 257 1690 291 velut
1681 270 1719 290 111
1737 257 1855 291 tabula
1873 255 2041 300 pingens,
2069 267 2132 287 xo-

1115 298 1118 339 l
1142 309 1207 342 luit
1224 321 1294 342 esse
1312 309 1665 343 commonefactiones
1682 309 1723 341 de
1739 307 1844 341 bonis
1861 314 1893 341 et
1908 305 2009 339 malis
2024 305 2133 338 actio-

1114 374 1117 384 ·
1142 360 1265 393 nibus:
1293 361 1388 393 unde
1407 360 1510 393 etiarn
1539 372 1652 393 sermo
1679 360 1821 392 divinus
1839 358 1950 391 multa
1976 355 2133 399 exempla

1145 411 1264 444 sumit.

1243 468 1432 501 Notissima
1450 475 1500 502 est
1515 468 1696 502 Samsonis
1714 465 1860 500 historia
1873 492 1881 505 ‚
1906 467 1942 500 in
1967 478 2034 512 qua
2052 464 2134 510 pin-

1141 519 1236 563 gitur
1260 520 1372 552 leonis
1391 526 1424 553 et
1447 531 1550 563 apum
1572 515 1807 563 σιῃιιπάθεια,
1837 530 1915 551 cum
1932 523 2068 556 narrat,
2094 515 2133 548 in

1141 570 1300 603 faucibus
1319 570 1449 603 mortui
1473 569 1605 607 leonis,
1633 576 1731 602 natas
1755 579 1826 601 esse
1852 580 1951 611 apes,
1979 574 2012 600 et
2035 567 2133 599 savos

1141 621 1272 654 mellis:
1300 633 1367 666 qua
1386 621 1538 663 imagine
1555 620 1649 653 scitis
1665 619 1910 652 adumbratam
1927 630 1999 652 esse
2008 616 2133 650 Eccle-

1141 672 1228 705 siam
1251 678 1450 705 nascentem
1476 684 1515 705 ex
1537 669 1678 705 Christo
1703 676 1862 710 mortuo,
1900 676 1933 703 et
1962 669 2132 702 fundente

1141 723 1266 764 mella,
1294 723 1329 756 id
1348 730 1416 761 est,
1444 723 1581 756 dulcem
1605 729 1637 755 et
1655 721 1843 755 salutarem
1861 720 2072 754 doctrinam.

1243 789 1348 823 Scitis
1379 796 1411 823 et
1442 788 1588 833 imperia
1620 788 1715 832 pingi
1741 786 1860 829 figuris
1887 784 2073 819 bominum
2100 790 2132 817 et

1141 840 1386 874 animantium.
1423 838 1518 882 Quid
1535 839 1679 882 cogitari
1697 838 1848 871 similius
1866 844 2000 882 potest,
2028 847 2132 880 quam

1141 891 1295 936 pardalis
1323 898 1354 924 et
1374 890 1602 924 Alexander?
1626 897 1763 923 tantum
1791 895 1841 922 est
1866 888 2053 926 audaciae,
2077 897 2133 918 ce-

1142 943 1288 975 leritatis
1314 949 1346 975 et
1370 942 1508 974 roboris
1532 942 1568 973 in
1593 941 1816 986 pardalibus,
1857 946 1896 973 ut
1919 951 1963 972 ne
1990 937 2133 983 quidem

1142 994 1186 1027 ab
1208 993 1351 1026 armatis
1375 992 1603 1025 venatoribus
1623 992 1698 1036 capi
1724 997 1783 1024 aut
1807 990 1957 1023 interfici
1987 987 2134 1033 possint,

1142 1045 1201 1077 sed
1218 1043 1302 1076 vino
1321 1050 1354 1077 et
1367 1043 1500 1076 venere
1518 1043 1649 1087 sopitae
1664 1042 1863 1086 capiuntur.
1892 1041 2000 1073 Vides
2018 1039 2134 1082 ipsum

1142 1093 1404 1134 Alexandrum,
1431 1094 1530 1127 cuius
1547 1094 1658 1126 virtus
1683 1092 1790 1126 nullis
1814 1092 2015 1131 laboribus,
2052 1088 2133 1121 nul-

1142 1145 1184 1178 lis
1208 1145 1373 1189 periculis
1398 1145 1506 1177 cedit:
1534 1151 1653 1189 postea
1679 1156 1761 1176 vero
1789 1143 1823 1174 in
1850 1143 1927 1176 ocio
1952 1143 2012 1174 illa
2037 1145 2134 1173 tanta

1143 1196 1195 1228 vis
1212 1196 1319 1228 animi
1336 1202 1369 1228 et
1387 1195 1518 1238 ingenii
1538 1195 1654 1228 subito
1670 1193 1887 1236 extinguitur
1905 1194 1987 1226 vino
2004 1198 2035 1225 et
2052 1190 2134 1223 libi-

1142 1247 1295 1279 dinibus.

1244 1303 1444 1350 Aliquoties
1462 1305 1505 1338 sit
1530 1304 1663 1337 mentio
1686 1313 1909 1349 sycomoreae
1930 1301 1968 1333 in
1993 1300 2135 1333 concio-

1142 1356 1248 1389 nibus
1274 1353 1530 1400 Prophetarum
1557 1362 1589 1389 et
1613 1352 1763 1389 Christi:
1802 1351 1908 1386 huius
1933 1364 2034 1396 poma
2061 1363 2134 1384 non

1143 1414 1380 1441 maturescunt
1397 1407 1465 1439 nisi
1481 1407 1700 1450 scalpantur,
1727 1412 1760 1438 et
1778 1404 1988 1438 infundatur
2004 1402 2134 1437 oleum.

1144 1457 1262 1501 Imago
1281 1464 1333 1491 est
1356 1457 1497 1502 populi,
1525 1457 1587 1502 qui
1606 1464 1638 1491 et
1657 1457 1731 1500 lege
1748 1462 1781 1488 et
1798 1454 1985 1498 disciplian
2012 1451 2136 1486 coher-

1142 1510 1274 1542 cendus
1294 1515 1360 1541 est:
1397 1515 1429 1542 et
1449 1520 1492 1541 ne
1511 1509 1555 1541 sit
1577 1508 1715 1541 inutilis
1736 1506 1944 1550 disciplina,
1971 1505 2134 1537 addenda

1142 1567 1192 1593 est
1216 1560 1409 1593 consolatio
1434 1571 1473 1592 ex
1501 1557 1715 1602 Evangelio,
1748 1563 1788 1591 ut
1818 1557 1923 1590 corda
1955 1555 2134 1598 agnitione

1143 1610 1404 1644 misericordiae
1420 1617 1452 1644 et
1469 1610 1685 1653 praesentiae
1700 1609 1765 1642 Dei
1782 1608 2006 1640 reviviscant.

1244 1668 1333 1703 Cum
1351 1669 1466 1703 viator
1484 1669 1639 1701 infoelici
1663 1668 1790 1702 itinere
1813 1672 1972 1710 suscepto
1994 1677 2013 1698 a
2030 1664 2134 1710 Soly-

1143 1721 1207 1753 mis
1223 1721 1265 1753 ad
1287 1719 1497 1753 Iericuntem
1515 1720 1550 1751 in
1576 1720 1730 1753 latrones
1756 1717 1953 1757 incidisset,
1980 1716 2135 1761 optimus

1143 1771 1322 1806 Samariae
1341 1771 1446 1811 civis,
1474 1771 1532 1815 qui
1560 1771 1645 1803 olim
1671 1769 1870 1802 venientem
1894 1780 1935 1801 eo
1952 1766 2056 1800 Iacob
2082 1767 2135 1799 sa-

1144 1822 1379 1854 miliarissime
1402 1821 1552 1864 excepit,
1586 1821 1722 1854 curavit
1745 1819 1921 1860 saucium,
1956 1818 2073 1851 infuso
2097 1817 2133 1849 in

1143 1872 1288 1906 vulnera
1306 1872 1389 1905 vino
1407 1879 1439 1905 et
1460 1872 1626 1905 balsamo.
1678 1870 1745 1903 Hic
1762 1883 1839 1903 cum
1864 1876 2021 1914 pugnent
2043 1869 2134 1902 inter

1141 1936 1177 1957 se
1202 1923 1325 1956 vinum
1356 1929 1387 1956 et
1412 1934 1494 1966 pus,
1528 1923 1777 1964 absterguntur
1804 1921 1923 1954 sordes
1949 1920 2053 1960 vino,
2089 1931 2133 1952 ne

1143 1975 1259 2007 vincat
1280 1974 1498 2017 putrefactio.
1552 1972 1689 2006 Deinde
1707 1972 1855 2005 sanandi
1873 1971 1924 2004 vis
1946 1970 2133 2015 praecipua

1142 2025 1245 2058 estin
1264 2025 1438 2064 balsamo,
1466 2024 1566 2057 cuius
1585 2031 1636 2057 est
1658 2020 1897 2067 συμπάθεια,
1924 2034 2004 2055 cum
2031 2032 2132 2053 succo

1142 2076 1262 2109 nativo
1286 2076 1401 2108 carnis
1424 2075 1560 2108 eximia.
1615 2074 1757 2107 Talium
1782 2073 2022 2116 exemplorum
2051 2083 2132 2105 cum

1143 2134 1175 2159 et
1194 2126 1337 2158 divinae
1356 2126 1575 2159 narrationes
1594 2126 1717 2169 plenae
1734 2126 1821 2165 sint,
1850 2124 1946 2157 utilis
1963 2131 2012 2157 est
2029 2129 2132 2156 natu-

1142 2189 1200 2210 rae
1218 2177 1468 2215 consideratio,
1497 2184 1529 2210 et
1545 2189 1660 2210 rerum
1679 2176 1819 2209 collatio
1839 2175 2024 2214 omnibus,
2058 2185 2132 2206 non

1143 2235 1278 2262 tantum
1297 2227 1418 2268 nobis,
1446 2228 1505 2272 qui
1526 2227 1690 2260 medendi
1706 2234 1817 2260 artem
1835 2236 2043 2259 exercemus-

1245 2285 1292 2320 [t
1323 2287 1431 2329 igitur
1459 2286 1605 2319 studiosi
1637 2292 1779 2318 naturas
1808 2284 2013 2328 diligentius
2039 2284 2132 2328 aspi—

1143 2337 1236 2371 ciant
1270 2344 1302 2370 et
1341 2337 1544 2376 conferant,
1592 2335 1728 2370 institui
1770 2336 1966 2378 catalogum
2012 2347 2131 2368 rerum

1143 2395 1367 2431 cognatarum
1397 2394 1429 2421 et
1460 2387 1712 2431 pugnantium,
1744 2399 1849 2432 quem
1874 2386 2009 2420 etiamsi
2037 2398 2132 2419 nunc

1143 2439 1322 2472 absolvere
1347 2450 1419 2471 non
1437 2439 1632 2481 potuimus,
1667 2445 1783 2471 tamen
1809 2435 1875 2471 hoc
1898 2437 1997 2482 quasi
2025 2436 2129 2469 vesti·

1143 2490 1266 2523 bulum
1291 2489 1407 2533 operis
1429 2500 1529 2532 spero
1552 2489 1775 2522 auditoribus
1797 2489 2021 2532 profuturum
2048 2497 2131 2521 esse.

1142 2541 1264 2574 Postea
1279 2541 1371 2573 enim
1391 2540 1489 2584 plura
1507 2541 1661 2583 exempla
1680 2539 1896 2573 adiicieinus.
1952 2537 1999 2572 Ut
2014 2543 2130 2570 autem

1143 2600 1243 2626 antea
1275 2591 1369 2630 dixi,
1411 2588 1499 2624 banc
1530 2603 1647 2624 rerum
1677 2589 1959 2624 convenientiam
1990 2588 2128 2630 siguum

1142 2654 1214 2676 esse
1232 2642 1488 2686 providentiae:
1519 2642 1564 2676 ita
1584 2643 1756 2676 referatur
1772 2639 1856 2674 haec
1878 2647 1948 2673 tota
1969 2638 2127 2671 conside-

100 2705 289 2739 corporum
305 2693 516 2735 utilitatem,
542 2693 601 2726 sed
623 2693 746 2733 etiam,
774 2692 855 2738 quia
874 2693 1021 2727 delectat
1036 2693 1089 2725 vi-
1114 2687 1117 2729 l
1142 2693 1233 2727 ratio
1250 2693 1290 2726 ad
1308 2690 1371 2726 hos
1389 2692 1484 2734 fines,
1510 2700 1549 2727 ut
1566 2693 1793 2727 confirmetur
1809 2690 1969 2725 adsensio
1985 2691 2027 2722 de
2044 2701 2128 2733 pro-
