2338 2958
192 140 238 176 91

771 128 934 165 DECL.
967 125 1042 163 DE
1074 125 1413 165 FRIDERICO
1439 125 1643 164 ELECT.

2173 127 2224 165 92

294 224 364 260 Sed
380 229 419 257 ut
434 220 606 263 intelligat
620 217 749 252 rectius
763 214 850 250 haec
864 215 988 257 turba,
1011 221 1180 261 quantam
1231 221 1388 256 raretur,
1425 213 1549 254 multi,
1584 219 1626 247 ut
1652 213 1690 247 fit
1719 213 1759 247 in
1789 224 1921 258 regno,
1957 214 2161 250 inviderent
2191 215 2225 249 ei

193 276 340 323 gratiam
355 273 518 308 manibus
534 269 639 304 huius
656 267 832 313 Principis
847 267 989 308 debeat,
1014 266 1182 310 attingam
1233 267 1363 307 ocium,
1382 264 1486 299 multi
1499 263 1708 308 instigarent
1720 265 1763 298 ad
1779 266 1953 298 movenda
1970 277 2076 300 arma.
2110 264 2225 301 Crede

194 329 309 364 obiter
338 326 505 371 quasdam
533 321 608 354 eius
631 320 773 358 laudes,
807 325 839 353 et
865 325 1034 363 tanquam
1059 316 1183 361 procul

194 379 390 415 ostendam.
441 372 488 408 Et
511 371 671 418 quamvis
697 382 771 404 non
794 381 895 404 sumo
916 366 1006 401 mihi
1032 374 1183 408 tantum,

193 438 234 466 ut
263 428 422 464 oratione
452 435 529 457 mea
556 422 666 456 levari
691 432 888 455 moerorem
915 419 1060 453 illorum
1083 430 1183 463 posse

194 491 347 527 sperem,
382 475 443 521 qui
472 475 625 508 iacturae
656 472 938 516 magnitudinem
967 469 1184 516 intelligunt,

195 542 299 578 quam
324 526 391 561 hoe
414 537 496 559 casu
519 524 677 568 Respub.
702 523 802 564 fecit,
833 529 950 556 tamen
974 533 1075 565 spero
1098 522 1184 558 sore,

193 590 232 617 ut
256 581 315 614 illa
341 579 415 623 ipsa
438 575 607 610 memoria
632 575 824 612 virtutum,
851 573 948 605 illius
963 571 1073 605 leniat
1089 583 1185 605 acer-

195 633 343 667 bitatem
366 629 492 662 luctus.
544 625 634 660 Cum
658 625 799 658 divinae
820 624 940 658 literae
964 623 1113 656 doceant
1129 622 1186 655 di-

193 682 328 717 vinitus
343 678 483 725 praefici
492 676 720 720 Magistratus
729 674 936 719 Rebuspub.
953 680 986 706 et
1001 673 1071 706 fato
1080 672 1187 706 Prin-

195 735 289 779 cipes
312 730 408 771 dari‚
433 729 628 775 plurimum
654 726 809 772 profecto
827 724 963 769 superis
980 721 1066 758 haec
1084 725 1188 757 debet

194 785 312 824 natio,
337 787 523 826 postquam
545 778 626 812 talis
648 776 795 820 contigit
812 776 1002 820 Princeps,
1027 775 1087 819 qui
1108 786 1187 808 cum

196 841 284 870 esset
306 834 459 878 primum
484 836 609 863 natura
633 829 743 862 factus
767 828 811 860 ad
837 838 958 861 omnes
977 832 1067 859 artes
1084 825 1188 868 pacis,

196 893 231 921 et
254 886 297 920 ad
323 881 578 917 humanitatem
604 887 636 914 et
660 878 989 918 mansuetudinem,
1016 874 1190 910 1111111311-

195 936 348 983 tiquius,
373 939 434 967 aut
457 932 555 977 prius
579 930 701 975 populi
725 930 837 963 salute
853 927 990 962 babuit.
1042 927 1188 960 Praedi-

194 994 275 1023 cent
307 984 369 1019 alii
398 983 572 1017 maiorum
603 981 773 1025 imagines
797 987 830 1014 et
855 987 971 1013 vetera
997 984 1190 1018 stemmata,

195 1051 265 1086 qua
288 1036 393 1071 laude
418 1045 621 1080 quanquam
647 1033 831 1066 abundent
852 1030 1027 1065 Saxoniae
1049 1028 1191 1063 Princi-

194 1101 276 1136 pes,
302 1095 419 1122 tamen
439 1091 538 1119 erant
557 1084 625 1117 alia
645 1083 682 1116 in
699 1082 882 1132 Frideri'co
898 1082 1049 1122 maiora,
1077 1080 1190 1114 scien-

195 1142 244 1176 tia
268 1137 414 1184 gerendi
435 1135 593 1181 imperii,
620 1141 654 1168 et
676 1133 786 1167 animi
811 1133 1019 1176 magnitudo
1042 1143 1190 1165 summa.

195 1192 348 1226 Fallitur
373 1194 508 1228 autem,
543 1186 654 1232 siquis
677 1191 778 1230 putat
804 1185 912 1217 armis
936 1190 1074 1216 tantum
1099 1189 1133 1216 et
1157 1182 1189 1214 vi

194 1241 308 1278 teneri
323 1239 481 1283 Respub.
500 1238 578 1282 plus
596 1238 639 1270 ad
656 1248 730 1269 eam
748 1247 820 1268 rem
839 1234 1011 1268 momenti
1027 1234 1191 1266 adserunt

196 1294 290 1339 pacis
315 1298 424 1331 artes,
458 1288 615 1328 iusticia,
648 1286 844 1320 moderatio
869 1285 998 1325 animi,
1026 1290 1192 1317 constan-

195 1346 265 1386 tia,
287 1342 383 1385 tangi
406 1352 488 1374 cura
516 1338 678 1383 publicae
702 1337 847 1377 salutis,
875 1335 1059 1379 diligentia
1080 1335 1115 1367 in
1137 1334 1192 1367 di-

197 1395 309 1431 cendo
332 1393 428 1430 iure,
456 1391 494 1423 in
518 1388 729 1422 dirimendis
753 1387 884 1420 civium
902 1385 1193 1425 dissensionibus,

198 1444 387 1482 tolerantia
424 1443 461 1475 in
492 1438 730 1485 perpetiendis
760 1438 858 1481 vulgi
884 1437 1028 1477 erratis,
1062 1435 1194 1469 severi-

196 1507 248 1533 tas
266 1497 304 1529 in
322 1491 553 1529 cohercendis
570 1489 762 1534 improbis,
789 1488 977 1522 clementia
995 1487 1030 1519 in
1051 1498 1193 1520 servan-

198 1549 253 1584 dis
277 1545 331 1580 his
351 1544 412 1590 qui
431 1542 560 1585 corrigi
577 1546 736 1586 possunt.
789 1537 845 1573 Ad
861 1539 988 1581 vulgus
1004 1538 1042 1570 in
1062 1537 1194 1570 maiore

199 1596 434 1635 admiratione
465 1600 566 1633 sunt,
602 1591 802 1635 clariusque
826 1596 1021 1623 cernuntur
1047 1588 1195 1621 bellicae

201 1652 370 1689 virtutes,
398 1653 431 1680 et
454 1644 566 1690 pluris
585 1643 622 1676 sit
641 1643 742 1675 miles
761 1641 890 1686 aliquis
905 1638 1070 1673 athletico
1088 1639 1195 1672 robo-

198 1714 256 1740 re,
290 1710 395 1745 quam
420 1697 621 1730 moderatus
646 1700 678 1726 et
702 1691 861 1736 placidus
884 1691 980 1726 civis.
1041 1689 1196 1734 Togatae

199 1754 346 1786 virtutes
363 1755 397 1782 et
412 1748 569 1781 urbanae
581 1772 589 1783 ,
621 1751 659 1777 ut
675 1744 762 1776 aliae
781 1755 833 1776 res
850 1743 963 1775 bonae
978 1742 1105 1782 latent,
1133 1752 1196 1774 nec

200 1803 283 1838 satis
309 1806 413 1834 notae
435 1805 515 1832 sunt
536 1795 721 1840 imperitis.
780 1794 899 1839 ltaque
917 1793 1041 1826 leviter
1059 1791 1195 1825 laudari

200 1867 258 1889 eos
281 1858 425 1898 putant,
453 1849 582 1894 quibus
600 1847 695 1891 pacis
715 1845 829 1879 studia
850 1851 1011 1889 artesque
1031 1844 1196 1876 tribuun-

201 1914 270 1940 tur.
333 1900 408 1945 Ego
441 1912 523 1933 vero
554 1899 601 1931 ita
629 1897 741 1931 sentio
765 1897 868 1938 longe
896 1901 1088 1939 praestare,
1124 1893 1197 1926 sive

202 1956 281 2003 quis
314 1953 502 1987 utilitatem
536 1956 684 1993 spectet,
726 1947 798 1980 sive
834 1944 990 1979 bominis
1022 1952 1199 1985 naturam,

203 2005 369 2041 castrensi
404 2003 482 2037 usui
517 2000 610 2045 pacis
634 1999 767 2037 studia,
806 2010 869 2031 nec
892 1997 1005 2042 patiar
1028 1996 1197 2041 praeponi

203 2058 363 2099 Augusto
390 2052 547 2097 Principi
573 2051 703 2096 quietis
730 2049 869 2094 otiique
894 2048 1045 2088 amanti,
1085 2046 1200 2080 Anto-

209 2110 308 2143 nium
339 2106 589 2150 lmperatorem
624 2113 788 2141 maguum
817 2100 918 2132 illum
941 2099 1104 2144 quidem,
1140 2099 1198 2131 sed

207 2158 444 2205 perniciosum
470 2154 625 2198 Reipub.
681 2151 749 2185 Nec
776 2151 922 2184 (iram-is
947 2151 1026 2194 plus
1051 2149 1197 2182 eontulit

207 2210 430 2246 Alcibiades,
466 2218 569 2251 quam
599 2204 726 2236 Solon:
766 2203 929 2245 Quorum
955 2202 1042 2234 alter
1069 2201 1199 2233 bellum

205 2276 243 2295 ex
271 2260 363 2294 bello
391 2269 508 2290 serens
527 2255 651 2287 evertit
672 2254 838 2297 patriam,
865 2254 953 2287 alter
972 2253 1106 2294 legibus
1124 2251 1201 2285 latis

209 2322 238 2346 et
263 2312 402 2345 civitate
430 2309 504 2341 iure
529 2306 718 2339 constituta
746 2317 816 2337 11011
846 2304 951 2337 semel
977 2311 1202 2337 tantumser—

211 2363 317 2396 vavit.
373 2360 537 2394 Vinxerat
567 2357 684 2400 itaque
710 2355 804 2388 Deus
830 2357 871 2388 ad
897 2353 958 2388 lias
986 2355 1146 2387 utiliores
1171 2361 1199 2385 et

208 2415 371 2448 meliores
407 2412 554 2443 xirtutes
584 2407 812 2440 Fridericum.
870 2407 1096 2449 Quapropter
1131 2405 1202 2450 pri-

210 2477 306 2499 mum
334 2460 549 2496 turbulentis
576 2458 789 2491 Germaniae
812 2458 1047 2501 temporibus.
1086 2464 1201 2490 tainu-n
1228 2459 1229 2467 ¹

213 2527 348 2559 5ρῃηιοι·
381 2513 487 2547 ravit,
527 2523 569 2543 ue
606 2522 674 2554 quo
712 2509 802 2541 bello
838 2521 918 2541 suae
952 2516 1070 2550 genti-s
1102 2521 1202 2540 vexa-

213 2574 346 2601 rentur.

312 2619 428 2659 Quam
455 2611 541 2644 mibi
571 2611 749 2643 victoriam
777 2612 878 2642 audo-t
907 2610 1034 2655 aliquis
1059 2611 1099 2642 ad
1121 2607 1203 2642 bam·

211 2670 387 2704 confort-n,
416 2677 493 2697 rum
516 2671 583 2694 tam
603 2662 687 2693 xarii
707 2670 821 2694 mutus
841 2662 941 2693 aunis
961 2662 1027 2693 iaiu
1047 2661 1125 2704 111115
1142 2661 1203 2693 tri·
1229 2659 1231 2668 ¹

1232 315 1340 358 mibi,
1367 328 1441 350 non
1455 315 1644 349 mediocris
1661 315 1722 349 illa
1738 322 1812 350 tum
1828 317 2016 360 prudentia
2033 324 2123 359 erat,
2148 324 2226 352 tum

1232 368 1416 409 fortitudo,
1442 366 1601 400 animum
1615 373 1719 411 atque
1731 366 1949 400 iracundiam
1966 367 2118 410 vincere,
2144 379 2229 413 par-

1234 431 1311 453 cere
1334 418 1458 463 populi
1481 417 1593 458 vitae,
1622 424 1654 451 et
1671 417 1849 461 pecuniis,
1874 418 2032 460 ratione,
2059 419 2228 453 consilio-

1233 482 1301 516 que
1318 469 1389 502 vim
1406 466 1570 502 hostilem
1586 468 1770 503 discutere.
1822 468 1995 503 Periclem
2012 469 2134 504 ferunt
2148 469 2229 504 ani-

1236 533 1327 555 mam
1348 521 1416 554 iam
1433 532 1522 564 pene
1538 526 1715 563 agentem,
1742 531 1822 553 cum
1839 519 2106 555 circumstantes
2122 520 2229 555 amici

1236 572 1481 617 praedicarent
1510 571 1585 604 eius
1614 568 1782 615 trophaea
1815 577 1849 604 et
1880 571 2061 613 victorias,
2099 571 2229 606 dixisse

1238 624 1336 657 illam
1359 623 1500 655 laudem
1524 634 1597 654 non
1621 628 1692 655 tam
1717 633 1814 655 suam
1832 633 1924 661 esse,
1951 635 2055 668 quam
2072 622 2229 657 militum

1237 681 1299 708 aut
1313 675 1493 707 fortunae:
1519 671 1611 706 hanc
1630 684 1703 706 esse
1720 673 1861 717 proprie
1874 684 1985 714 suam,
2012 674 2108 719 quod
2125 685 2230 707 nemo

1239 725 1323 759 civis
1345 736 1407 758 sua
1431 735 1533 757 causa
1556 735 1713 769 unquam
1737 724 1874 767 nigram
1895 730 2026 758 vestem
2049 724 2233 765 induisset,

1239 776 1379 809 volebat
1403 774 1498 808 enim
1521 776 1667 815 docere,
1695 775 1852 819 privatae
1877 775 2058 818 dignitatis
2081 776 2233 810 tuendae

1240 838 1342 860 causa
1373 825 1552 859 neminem
1583 837 1741 871 unquam
1771 826 1882 859 civem
1906 826 2129 861 interfectum
2154 838 2172 860 a
2196 837 2232 860 se

1241 889 1324 911 esse.
1388 874 1436 910 At
1459 874 1517 910 bic
1538 884 1658 910 noster
1681 888 1754 909 non
1777 877 1883 911 modo
1907 878 2060 922 privatas
2084 877 2234 911 iniurias

1240 939 1424 973 nunquam
1450 939 1529 960 cum
1553 927 1709 971 periculo
1732 928 1828 961 ultus
1843 935 1912 968 est,
1939 929 1998 962 sed
2017 929 2108 962 bella
2127 928 2233 962 etiam

1241 986 1275 1013 et
1299 979 1370 1012 vim
1395 978 1572 1023 publicam
1595 978 1751 1019 ratione,
1787 978 1863 1012 sine
1886 979 2016 1013 civium
2041 980 2146 1013 caede
2168 991 2235 1024 op-

1241 1030 1377 1075 pressit.
1429 1027 1561 1064 Verius
1585 1026 1643 1062 bic
1665 1030 1709 1062 de
1731 1040 1766 1062 se
1789 1029 1991 1073 praedicare
2014 1030 2138 1074 possit:
2166 1029 2235 1064 Ce-

1242 1083 1327 1115 dant
1345 1092 1439 1114 arma
1457 1087 1568 1124 togae,
1593 1091 1696 1125 quam
1714 1079 1851 1120 Cicero,
1875 1081 1936 1126 qui
1954 1088 2089 1115 motum
2103 1081 2142 1115 in
2157 1079 2236 1125 Re-

1242 1133 1326 1177 pub.
1350 1131 1490 1165 civilem
1515 1131 1622 1164 armis
1645 1131 1826 1165 crudelius
1849 1132 1953 1166 etiam
1978 1144 2083 1177 quam
2101 1143 2157 1166 res
2171 1143 2235 1176 po·

1242 1184 1377 1223 scebat,
1412 1182 1617 1216 vindicavit.
1671 1181 1784 1216 Porro
1813 1183 2112 1228 quemadmodum
2142 1182 2238 1228 peri-

1243 1234 1372 1268 culosis
1388 1233 1653 1278 tempestatibus
1668 1233 1744 1266 sine
1760 1245 1897 1267 summa
1911 1234 2113 1278 vigilantia,
2139 1245 2238 1268 sum·

1244 1297 1372 1331 moque
1396 1285 1517 1318 labore
1532 1296 1657 1318 navem
1673 1296 1811 1318 servare
1828 1285 2043 1320 incolumem
2058 1286 2237 1330 guberna-

1244 1343 1300 1370 tor
1328 1348 1402 1369 non
1433 1341 1564 1379 potest,
1600 1335 1647 1369 ita
1678 1342 1748 1369 tam
1781 1337 1871 1370 duro
1897 1343 2054 1381 tempore
2079 1343 2237 1382 pacatam

1244 1393 1363 1421 tenere
1386 1385 1606 1430 provinciam
1623 1392 1676 1419 tot
1691 1397 1822 1425 annos,
1849 1399 1924 1420 non
1941 1394 1992 1421 est
2009 1388 2165 1432 vulgaris
2180 1386 2238 1420 in-

1244 1437 1337 1481 genii
1361 1447 1462 1481 opus,
1514 1434 1560 1469 Et
1583 1436 1611 1469 si
1634 1436 1802 1470 victoriae
1826 1438 1996 1481 sanguine
2019 1446 2139 1484 partae
2164 1445 2239 1472 tro-

1245 1486 1366 1532 phaeis
1386 1499 1424 1520 ac
1448 1484 1640 1531 triumphis
1661 1494 1854 1527 ornantur,
1882 1501 1987 1534 quam
2011 1496 2108 1533 grata
2133 1489 2239 1523 nubis

1246 1550 1316 1572 esse
1339 1539 1442 1572 debet
1465 1535 1592 1571 harum
1618 1538 1847 1572 victoriarum
1871 1540 2061 1581 memoria,
2095 1541 2158 1574 ubi
2181 1551 2240 1574 so-

1245 1590 1313 1623 lius
1324 1588 1500 1633 Principis
1515 1588 1663 1621 consilio
1680 1588 1933 1636 diligentiaque
1949 1591 2040 1625 bella
2056 1591 2242 1636 profligata

1245 1647 1338 1675 sunt.
1392 1639 1497 1683 Quod
1522 1639 1549 1672 si
1569 1639 1781 1683 intelligeret
1799 1642 1946 1685 vulgus,
1973 1650 2140 1688 quantam
2160 1654 2241 1687 per-

1247 1691 1374 1726 niciem
1399 1703 1438 1724 ac
1463 1691 1658 1725 vastitatem
1683 1691 1947 1726 foelicissimum
1973 1694 2077 1728 etiam
2106 1694 2240 1727 bellum

1247 1743 1397 1783 adserat,
1426 1748 1459 1775 et
1481 1741 1616 1775 videret
1639 1742 1784 1786 propius
1808 1744 1903 1787 pacis
1923 1745 2128 1785 commoda,
2156 1757 2241 1790 pro-

1248 1793 1335 1826 secto
1362 1799 1529 1827 statueret
1554 1791 1645 1825 nibil
1671 1806 1688 1826 a
1716 1793 1789 1827 Deo
1814 1794 1961 1833 melius,
1990 1793 2080 1828 nibil
2106 1796 2242 1836 utilius,

1248 1842 1338 1877 nibil
1363 1843 1520 1876 divinius
1543 1841 1598 1876 bis
1616 1844 1821 1888 regionibus
1841 1846 1915 1878 dari
1935 1846 2106 1891 potuisse,
2133 1858 2241 1892 quam

1249 1896 1351 1928 talem
1362 1894 1562 1938 Principem
1579 1901 1648 1927 tam
1667 1895 1894 1939 pertinaciter
1910 1897 2116 1941 fugitantem
2136 1897 2241 1932 bella.

1251 1945 1360 1979 Porro
1393 1957 1466 1979 non
1500 1953 1687 1979 caruerunt
1720 1943 1857 1981 bonore
1890 1945 1954 1981 bae
1983 1947 2130 1982 virtutes
2156 1948 2242 1986 eius,

1250 1998 1334 2030 dum
1367 1998 1460 2029 enim
1493 1996 1615 2030 vident
1646 1997 1798 2041 publicis
1831 1999 2024 2033 commodis
2053 2006 2147 2033 tanta
2174 1999 2243 2033 fide

1250 2060 1328 2081 eum
1349 2048 1479 2081 servire
1497 2048 1694 2092 populares,
1723 2055 1888 2094 tanquam
1907 2057 2040 2093 patrem
2058 2050 2129 2083 sere
2145 2062 2244 2084 ama-

1251 2106 1352 2135 runt,
1380 2099 1478 2132 nulla
1504 2098 1722 2133 crudelitatis
1743 2107 1801 2133 aut
1821 2100 1973 2134 iniuriae
1991 2101 2143 2145 suspirio
2160 2098 2244 2135 hae-

1252 2151 1293 2183 sit
1321 2150 1356 2183 iu
1382 2150 1489 2183 ullius
1508 2150 1638 2182 animo.
1691 2148 1848 2196 Eratque.
1867 2151 1900 2184 id
1921 2160 2128 2187 consecutus
2146 2154 2242 2199 quod

1252 2201 1372 2235 scribit
1404 2198 1622 2245 Xenophon:
1668 2199 1752 2235 Esse
1794 2203 2043 2237 difficillimum
2073 2211 2104 2238 et
2139 2206 2245 2250 plane

1252 2253 1432 2289 dixinum,
1467 2259 1501 2285 ut
1529 2252 1729 2286 volentibus
1758 2253 1956 2298 imperaret.
2014 2255 2134 2302 Neque
2161 2268 2243 2291 vero

1254 2303 1409 2347 Principi
1438 2303 1630 2349 quidquam
1650 2304 1854 2347 contingere
1873 2313 1983 2349 potest
2006 2303 2244 2342 bonorificen-

1255 2355 1339 2391 tius,
1368 2367 1470 2399 quam
1496 2361 1531 2387 ut
1558 2355 1764 2398 prudentiae
1788 2363 1818 2389 et
1845 2357 1998 2391 iustitiae.
2025 2358 2161 2392 laudem
2191 2358 2243 2392 illi

1255 2407 1346 2438 ultro
1368 2407 1556 2438 concedant
1581 2406 1734 2442 subditi.
1762 2414 1798 2440 ut
1816 2408 1962 2442 salutem
1981 2420 2077 2442 suam
2097 2416 2172 2443 tuto
2190 2409 2243 2444 illi

1255 2457 1473 2489 manumissam·
1501 2463 1633 2500 putent.
1688 2457 1746 2491 Sic
1771 2459 1829 2493 ille
1847 2460 2019 2505 aequitate.
2043 2460 2245 2505 diligentia-

1256 2521 1321 2552 que
1349 2509 1442 2540 «lunii
1471 2508 1624 2552 surisque
1652 2507 1827 2554 liempub.
1853 2518 2007 2554 pacatam
2032 2524 2143 2545 annos
2166 2513 2245 2557 plus

1228 2588 1230 2593 ,
1257 2560 1398 2600 triginta
1422 2559 1551 2596 tenuit,
1587 2559 1738 2601 legibus,
1773 2561 1950 2600 moribus,
1978 2563 2161 2599 aedificiis,
2190 2564 2244 2597 di-

1256 2610 1386 2643 tiuuem
1412 2610 1569 2655 undique
1594 2612 1786 2651 exornavit,

1841 2613 1878 2645 ld
1903 2613 2010 2655 magis
2037 2615 2172 2658 putavit
2191 2627 2246 2648 re-

1256 2662 1350 2702 gium
1383 2673 1475 2697 esse.

1525 2662 1698 2700 excolere,
1749 2675 1945 2709 ornareque
1977 2665 2071 2697 boun
2102 2666 2244 2711 publico

213 2722 307 2761 ginta
326 2719 360 2751 in
380 2723 450 2751 tnta
471 2714 662 2747 Germania
681 2713 831 2747 suerint,
861 2725 938 2745 cum
957 2713 1058 2745 toties
1075 2712 1126 2745 vis
1145 2725 1204 2756 pa·
1228 2706 1232 2755 4¹
1257 2713 1495 2757 provinciam.
1538 2726 1643 2757 quatu
1677 2714 1826 2748 maiores
1857 2716 2080 2750 tradidissent
2094 2744 2102 2756 ,
2140 2730 2244 2763 quam
