2338 2958
163 141 238 176 387

164 226 273 262 totius
285 226 382 260 orbis
397 231 581 263 terrarum,
600 234 664 256 nec
674 234 756 255 vero
768 222 865 256 aliud
883 222 996 256 ullum
1013 234 1159 266 regnum

163 276 272 311 hodie
299 284 350 311 est
372 275 573 320 antiquius,
609 273 671 307 ubi
696 285 769 307 una
792 285 876 317 gens
904 273 1159 318 possessionem

164 328 221 363 sui
236 329 347 372 regni,
375 334 406 360 et
423 325 520 370 quasi
539 325 656 357 sedem
673 325 847 358 maiorum
865 336 1008 358 suorum
1026 324 1159 358 diutius

164 380 338 419 tenuerit,
365 376 450 422 quid
469 375 670 409 dubitemus
688 376 861 409 divinitus
882 376 1070 409 excitatam
1088 387 1160 408 esse

165 429 257 464 hanc
270 435 408 472 gentem
420 454 429 468 ,
454 434 489 460 et
506 425 646 460 heroica
663 427 794 460 virtute
810 440 849 460 ac
870 427 1058 460 foelicitate
1081 433 1160 461 tan-

165 481 210 515 tis
243 486 379 513 auctam
414 477 666 512 incrementis?
717 476 794 511 Hoc
830 478 978 511 consilio
1006 478 1160 511 arbitror

166 531 337 577 quosdam
363 530 406 562 ad
427 528 615 562 Hectorem
637 529 796 562 retulisse
814 528 1034 562 Francorum
1053 529 1158 572 origi—

166 594 259 617 nem.
313 581 382 616 Sed
412 578 496 613 haec
516 581 676 613 fabulosa
703 580 925 620 omittamus,
957 581 1041 613 dum
1069 580 1158 612 illud

164 640 283 667 tamen
307 639 504 674 teneamus,
540 631 654 665 Deum
677 631 783 663 fuisse
801 632 924 663 ducem
950 628 1033 663 huic
1054 629 1160 672 genti,

123 696 131 702 ‘
165 684 203 717 in
219 683 384 727 auspiciis
408 683 528 725 regni,
555 690 587 715 et
605 681 766 714 maximis
792 682 896 715 rebus
919 681 1101 724 gerendis,
1127 687 1157 714 et

164 735 317 769 subinde
340 734 502 767 heroicos
532 733 624 765 viros
651 733 687 764 in
722 729 787 765 hac
816 733 961 765 natione
994 731 1160 771 extitisse,

166 798 318 831 quorum
342 784 531 828 singularis
555 784 622 817 suit
646 784 757 816 virtus
776 789 808 817 et
830 783 1014 817 foelicitas.
1068 782 1156 816 Sunt

166 843 283 871 autem
301 834 462 869 heroicae
479 842 624 868 naturae
642 834 783 867 initium
801 846 902 867 verae
919 833 1126 867 nobilitatis.

269 887 402 920 Verum
420 887 448 919 si
467 886 550 931 quid
569 886 606 918 in
624 885 828 918 universum
852 882 958 919 habet
980 897 1161 917 commen-

165 938 321 973 dationis
338 938 468 982 patria‚
496 936 650 970 Francos
672 936 926 970 vetustissimos
949 936 1070 970 scitote
1086 947 1159 968 non

164 990 386 1034 peregrinam
416 988 453 1021 in
479 987 689 1028 Germania,
723 988 781 1020 sed
807 999 887 1020 vere
911 985 1160 1020 Germanicam

165 1047 304 1085 gentem
323 1051 403 1073 esse.
443 1038 533 1073 Sunt
551 1047 665 1073 autem
683 1039 845 1082 propriae
862 1039 1033 1083 quaedam
1052 1040 1162 1078 dotes,

165 1099 207 1126 ut
234 1091 383 1125 aliarum
410 1090 588 1134 gentium,
625 1089 670 1122 ita
699 1089 976 1123 Germanorum.
1029 1088 1162 1122 Existi—

165 1149 311 1176 mantur
329 1154 400 1175 esse
418 1141 542 1186 aperti,
571 1141 734 1184 ingenui,
756 1146 912 1173 amantes
930 1140 1102 1181 candoris,
1129 1146 1162 1173 et

167 1193 344 1233 veritatis,
371 1199 581 1232 constantes,
607 1199 746 1225 tenaces
765 1191 1036 1234 promissorum,
1064 1203 1162 1224 reve-

166 1252 284 1279 rentes
301 1244 524 1287 religionum,
542 1243 717 1275 excellunt
735 1242 957 1283 fortitudine,
984 1249 1017 1275 et
1033 1242 1069 1274 in
1090 1242 1163 1286 pri-

166 1297 236 1330 mis
259 1295 479 1328 delectantur
501 1293 611 1335 gloria
632 1293 797 1331 militari,
826 1290 1020 1326 abhorrent
1046 1305 1064 1326 a
1081 1305 1162 1326 cru-

167 1347 309 1381 delitate
337 1352 370 1379 et
394 1358 412 1378 a
432 1345 544 1378 soedis
561 1343 785 1379 libidinibus.
833 1343 871 1377 Si
888 1356 955 1389 qua
972 1344 1081 1387 igitur
1096 1356 1163 1377 no-

168 1398 287 1432 bilitas
304 1404 370 1437 est,
397 1408 502 1441 quam
527 1395 563 1427 in
583 1407 769 1429 commune
787 1392 891 1428 habet
909 1407 994 1440 gens
1014 1394 1165 1428 Germa-

168 1449 264 1489 nica,
288 1447 426 1493 aliquid
446 1447 561 1480 laudis
579 1447 710 1480 adseret
726 1445 872 1479 Francis
893 1447 1016 1490 patria.
1062 1444 1162 1479 Adeo

168 1501 262 1534 enim
288 1511 362 1533 non
387 1499 531 1532 suerunt
553 1498 741 1531 dissimiles
771 1503 988 1530 caeterorum
1015 1496 1163 1530 Germa-

168 1563 314 1590 norum,
343 1558 381 1584 ut
399 1550 578 1595 aliquibus
593 1548 785 1582 virtutibus
804 1549 910 1581 etiam
927 1549 1082 1593 reliquas
1101 1560 1165 1581 na-

170 1604 283 1637 tiones
301 1601 512 1645 superarint.

273 1653 340 1687 Sed
362 1664 467 1697 quam
494 1650 597 1683 initio
617 1650 796 1693 regionem
818 1649 1017 1690 tenuerint,
1044 1649 1165 1683 dicen-

169 1706 255 1739 dum
275 1711 333 1738 est.
388 1702 499 1736 Porro
518 1708 555 1735 ut
573 1702 607 1734 in
627 1701 758 1734 iudicio
777 1700 900 1733 linium
926 1702 1165 1743 regundorum

169 1755 431 1791 adiudicatione
462 1753 698 1787 controversia
730 1752 930 1791 dirimitur,
969 1764 1046 1784 cnm
1082 1752 1164 1785 certi

171 1809 256 1841 fines
273 1806 410 1839 ostendi
430 1818 500 1837 non
519 1810 676 1848 possunt,
707 1803 751 1836 ita
771 1804 928 1845 gentium
947 1804 1063 1842 sedes,
1087 1815 1164 1835 cum

171 1859 270 1901 origo
291 1858 406 1900 ignota
423 1863 490 1897 est,
518 1855 676 1899 plerique
693 1855 894 1887 attribuunt
913 1854 954 1886 iis
973 1854 1077 1891 locis,
1104 1853 1165 1886 ubi

171 1917 290 1953 gentes
316 1909 419 1941 rebus
443 1907 547 1948 gestis
572 1906 680 1948 magis
714 1905 967 1939 inclaruerunt.
1021 1904 1165 1937 Constat

171 1962 348 1998 Francos,
382 1966 477 1991 moto
504 1958 597 1990 bello
622 1958 790 1989 adversus
816 1955 1013 1994 Romanos,
1042 1956 1108 1988 late
1132 1955 1166 1987 111

172 2012 323 2047 secunda
341 2009 533 2043 Germania
552 2014 692 2049 vagatos
711 2019 793 2042 esse.
851 2006 932 2039 {deo
952 2007 1095 2052 quidam
1114 2018 1166 2039 se-

174 2067 233 2098 des
252 2063 300 2095 eis
319 2062 519 2095 tribuerunt
539 2059 671 2091 vicinas
692 2059 884 2091 Sit-audiris
909 2065 941 2091 et
961 2058 1104 2097 (luicis,
1133 2057 1167 2089 id

175 2123 242 2155 cst,
286 2113 430 2147 Geldris
464 2119 495 2144 et
525 2110 660 2143 Frisiis.
718 2109 837 2154 ltaque
867 2110 933 2142 sul)
960 2109 1168 2141 Constantio

175 2166 380 2201 scribuntur
409 2174 595 2206 occupasse,
621 2160 822 2200 tinnulam,
856 2168 886 2193 et
916 2162 1104 2205 pyraticam
1134 2160 1168 2192 in

174 2217 262 2251 inari
287 2215 497 2252 exercuisse,
532 2220 560 2245 et
592 2213 693 2255 longe
723 2212 859 2256 lateque
888 2211 1028 2244 Galliae
1053 2211 1170 2244 littora

176 2267 332 2314 populati
352 2279 433 2298 esse.
471 2265 538 2299 Sed
558 2261 643 2296 1111111
664 2263 836 2308 posterius
852 2263 1072 2295 descendisse
1090 2274 1171 2306 pro-

176 2321 255 2365 pius
282 2318 461 2359 lio-lgicum
491 2315 675 2354 videntur,
702 2327 739 2347 ac
767 2315 1023 2358 propemodum
1045 2314 1171 2346 adsen-

178 2372 247 2406 tior
272 2370 332 2407 iis„
361 2368 418 2413 qni
444 2374 572 2400 certam
600 2366 761 2399 trilmnnt
786 2367 903 2398 sedem
929 2365 963 2397 111
983 2365 1057 2409 ripa
1078 2364 1169 2397 (ier—

178 2422 332 2460 mmiica,
366 2431 468 2463 supra
489 2417 675 2451 Coloniam
701 2416 953 2461 Agrippinam,
989 2417 1023 2448 in
1053 2428 1090 2448 ea
1117 2427 1170 2448 re-

178 2475 299 2515 gione,
335 2483 438 2515 quam
462 2469 552 2503 Cani
582 2475 790 2509 tennerunt,
822 2468 894 2500 sive
915 2480 952 2500 ea
970 2475 1015 2500 est
1037 2465 1172 2505 {lassi-a,

723 134 883 171 DECL.
916 135 991 171 DE
1024 133 1300 171 ENCOMIO
1335 133 1646 170 FRANCIAE.

2124 137 2204 177 ,388

1210 222 1328 260 ribus,
1374 221 1516 255 tandem
1550 226 1669 254 tamen
1699 221 1739 254 in
1773 220 1929 256 Galliam
1963 229 2205 268 pervaserunt.

1209 272 1298 306 Nam
1324 271 1580 315 Imperatorum
1606 272 1741 316 primus
1759 270 1974 307 Aurelianus
1991 286 2070 307 cum
2089 272 2205 308 Fran-

1210 323 1259 357 cis
1281 323 1325 355 ad
1344 322 1567 365 Moguntiam
1589 322 1765 363 conflixit,
1792 335 1870 356 cum
1896 326 2056 358 nondum
2080 324 2204 369 procul

1210 386 1228 407 a
1247 373 1358 418 patria
1378 373 1628 407 discessissent.
1673 372 1792 416 Quare
1809 375 1977 409 credibile
1996 383 2064 417 est,
2091 375 2205 409 Fran-

1211 437 1268 458 cos
1283 424 1436 458 tenuisse
1454 424 1557 457 initio
1572 424 1667 465 loca,
1693 436 1766 457 non
1783 425 1886 468 longe
1903 425 2069 459 distantia
2084 439 2102 460 a
2121 425 2205 460 Mo-

1211 476 1340 519 gontia.
1393 474 1519 509 Postea
1544 476 1612 508 late
1630 475 1745 519 vagati
1764 476 1853 509 circa
1871 475 2056 510 Coloniam
2075 476 2206 522 Agrip-

1213 527 1350 571 pinam,
1392 533 1625 570 penetrarunt
1652 525 1689 559 in
1714 524 1993 571 u'estphaliam.
2052 525 2206 562 Proinde

1213 577 1444 611 Marcellinus
1454 577 1599 611 Francis
1616 577 1777 621 adiungit
1789 576 1971 619 Camavos,
1995 589 2084 623 qnos
2099 577 2207 612 fuisse

1212 626 1512 672 &Vestphalorum
1534 637 1667 673 partem
1686 635 1833 664 constat.

1313 687 1470 732 Apparet
1496 695 1528 722 et
1551 701 1590 721 ex
1611 686 1790 730 Ausonio,
1818 686 1880 722 has
1896 694 2015 732 gentes
2034 700 2107 722 non
2125 699 2208 733 pro—

1214 738 1269 771 cul
1289 739 1427 772 dissitas
1448 740 1572 782 fnisse,
1600 751 1679 772 cum
1699 740 1761 773 ait:

1290 800 1444 831 Accedent
1461 805 1554 839 vires,
1584 813 1655 842 quas
1673 802 1810 841 Francia,
1839 813 1972 843 quasque
1987 800 2131 832 Camaves

1292 850 1494 893 Germanique
1510 861 1654 891 tremant,
1682 861 1747 884 tum
1761 865 1847 884 verns
1863 855 1970 884 habere
1987 855 2083 884 limes.

1217 906 1303 940 Inde
1324 909 1499 952 progressi
1526 909 1665 953 populis
1695 911 1738 943 ad
1766 909 1887 944 Albim
1913 922 2024 956 usque
2056 909 2207 954 impera·

1214 966 1308 993 runt.
1362 959 1479 1002 Quare
1496 958 1714 994 Claudianus
1730 961 1864 1006 inquit:

1292 1021 1330 1051 Ut
1346 1023 1406 1050 iam
1423 1028 1501 1051 trans
1517 1024 1643 1051 flurium
1659 1034 1722 1052 non
1739 1024 1913 1063 indignante
1930 1022 2044 1063 Cayco,

1290 1071 1394 1102 Pascat
1411 1072 1505 1113 Belga
1520 1085 1610 1113 pecus
1622 1098 1629 1112 ‚
1653 1075 1847 1122 medin-mque
1863 1077 1993 1114 ingressa
2008 1085 2061 1114 per
2079 1073 2185 1104 Albim

1293 1122 1408 1154 Gallica
1424 1124 1607 1154 Francorum
1626 1133 1743 1156 montes
1761 1133 1891 1155 armenta
1908 1132 2070 1166 pererrent·

1214 1177 1385 1213 Coussixit
1414 1186 1447 1213 et
1482 1178 1640 1213 lulianus
1674 1193 1753 1214 cum
1780 1181 1925 1214 Francis
1953 1181 1995 1214 ad
2028 1179 2213 1215 luliacum.

1218 1229 1339 1275 Itaque
1366 1231 1484 1263 sedem
1518 1229 1600 1265 huic
1628 1232 1722 1275 genti
1747 1244 1850 1277 supra
1878 1231 1989 1266 Ubios
2021 1231 2212 1265 tribuimus

1215 1292 1276 1314 seu
1299 1282 1336 1313 in
1361 1279 1489 1322 Cattis,
1513 1293 1574 1315 seu
1596 1282 1633 1315 in
1658 1283 1801 1317 vicinia.
1851 1282 1974 1316 Postea
1993 1283 2083 1316 infra
2100 1281 2211 1316 Colo-

1216 1333 1310 1365 niam
1328 1330 1563 1376 Agrippinam
1584 1334 1652 1366 late
1667 1341 1788 1377 vagata
1807 1341 1866 1369 est.
1908 1333 2014 1376 Quod
2030 1345 2114 1367 vero
2130 1343 2212 1378 pars

1216 1383 1435 1416 Francorum
1463 1383 1597 1427 Salingi
1626 1386 1862 1425 vocabantur,
1894 1383 2069 1418 recentior
2084 1390 2133 1418 est
2148 1395 2214 1428 ap-

1218 1434 1358 1478 pellatio
1375 1434 1533 1476 illorum,
1554 1435 1615 1480 qui
1634 1448 1652 1468 a
1672 1435 1804 1470 Moeno
1821 1437 1863 1469 ad
1882 1436 1984 1470 Salae
1999 1435 2114 1469 fontes
2128 1446 2214 1479 pro-

1215 1485 1323 1528 gressi
1336 1512 1345 1526 ,
1373 1493 1602 1529 penetrarunt
1621 1487 1657 1519 in
1676 1487 1900 1531 Turingiam,
1927 1494 1959 1520 et
1977 1499 2056 1520 cum
2075 1485 2212 1519 Turin-

1217 1537 1268 1579 gis
1285 1537 1453 1570 diuturna
1479 1538 1572 1570 bella
1591 1547 1787 1581 gesserunt:
1816 1538 2038 1573 Ptolemaeus
2054 1537 2149 1571 enim
2168 1537 2212 1570 ad

1216 1588 1334 1621 Salam
1360 1588 1509 1621 collocat
1534 1587 1788 1634 'l‘yriohemos,
1821 1602 1909 1636 quos
1933 1601 2006 1623 esse
2031 1588 2213 1633 Turingos

1219 1651 1347 1672 nomen
1368 1639 1482 1683 ipsum
1500 1646 1659 1673 testatur.

1316 1697 1427 1731 Porro
1445 1710 1575 1731 nornen
1593 1699 1735 1734 videtur
1751 1699 1858 1733 fuisse
1873 1712 1945 1733 non
1962 1700 2070 1733 unius
2086 1698 2212 1743 gentis,

1217 1749 1275 1781 sed
1302 1749 1514 1790 multarum,
1548 1763 1637 1795 quae
1662 1751 1921 1784 coniunxerunt
1954 1762 1990 1784 se
2021 1751 2063 1783 ad
2088 1750 2213 1783 defen-

1218 1800 1368 1832 dendam
1387 1799 1600 1834 Germaniae
1628 1802 1839 1835 libertatem:
1876 1809 2012 1835 constat
2031 1801 2126 1835 enim
2147 1798 2212 1835 ho-

1218 1851 1274 1883 die.
1293 1850 1466 1883 Francum
1486 1852 1553 1885 dici
1583 1853 1753 1893 liberum,
1781 1866 1798 1886 a
1821 1860 1939 1887 nostra
1962 1853 2213 1897 appeliatione‚

1219 1899 1275 1935 dte
1288 1900 1413 1948 srcicn
1438 1901 1595 1942 andren,
1633 1903 1665 1936 id
1691 1911 1760 1941 est,
1797 1905 1898 1937 liberi
1924 1904 2087 1945 iuvenes,
2123 1903 2213 1936 sicut

1221 1966 1314 1986 nune
1330 1954 1547 1997 appellamus
1564 1955 1694 1989 milites
1713 1952 1769 1987 die
1784 1954 1907 2003 sreien
1927 1951 2064 1988 knechl.
2116 1952 2212 1997 Ergo

1218 2004 1290 2036 sive
1316 2017 1386 2037 nna
1410 2017 1494 2048 gens
1512 2006 1595 2045 suit,
1622 2007 1695 2039 sive
1715 2007 1906 2040 multarum
1929 2007 2115 2039 nationum
2137 2005 2212 2038 bel-

1221 2055 1416 2088 ticosissimi
1438 2054 1616 2095 homines,
1643 2065 1786 2101 apparet
1804 2058 1976 2091 libertatis
1993 2065 2134 2090 autores
2152 2068 2212 2089 ex·-

1221 2107 1350 2147 titisse,
1373 2119 1447 2140 non
1471 2109 1591 2152 procul
1610 2121 1627 2141 a
1645 2106 1773 2142 lttwno
1793 2117 1824 2142 et
1841 2110 1884 2141 ab
1905 2108 2023 2148 [biis.
2051 2105 2213 2141 homines

1221 2158 1402 2191 excellenti
1422 2159 1551 2192 virtute
1580 2167 1612 2193 et
1639 2159 1774 2193 iusticia
1799 2161 1991 2203 praeditos,
2014 2159 2075 2204 qui
2101 2158 2212 2202 impe-

1221 2209 1311 2241 rium
1324 2208 1538 2251 Romanum,
1553 2211 1646 2256 quod
1666 2211 1736 2243 illis
1752 2211 1971 2255 temporibus
1989 2217 2059 2244 erat
2078 2209 2213 2253 alioqui

1222 2261 1472 2304 tranquillum.
1510 2269 1542 2295 et
1569 2262 1631 2295 toti
1663 2262 1739 2294 orbi
1771 2269 1944 2296 terrarum
1977 2261 2213 2300 formidabile,

1223 2312 1388 2345 lacessere
1407 2313 1512 2345 armis
1527 2312 1601 2345 ausi
1627 2320 1728 2352 sunt,
1753 2320 1785 2346 et
1803 2314 1950 2358 repressi
1967 2313 2088 2353 toties,
2117 2322 2212 2345 111111-

1222 2375 1326 2407 quam
1356 2370 1472 2396 tamen
1503 2363 1630 2396 animis
1662 2364 1779 2405 fracti,
1815 2365 1977 2399 fortunae
2007 2371 2066 2398 aut
2088 2362 2211 2397 virtuti

1226 2413 1480 2457 lmperatornm
1496 2422 1685 2450 cesserunt.
1724 2415 1794 2450 Nec
1815 2428 1898 2449 vero
1916 2416 1987 2450 ulla
2005 2426 2088 2459 gens
2105 2414 2212 2447 dimi-

1222 2465 1310 2498 ειη-11
1345 2479 1424 2499 cum
1459 2467 1773 2510 praestantiorilms
1797 2466 2073 2512 imperatoribus
2105 2477 2211 2511 quam

179 2527 252 2559 sixe
268 2525 370 2556 ctiam
390 2521 518 2553 111-111111
534 2519 705 2563 superior,
733 2526 769 2552 ut
789 2532 826 2551 ex
846 2518 1046 2551 Ptolemaeo
1065 2531 1170 2562 appa·
1195 2539 1198 2575 ι
1226 2516 1361 2552 Ι·”1·.’111ε1,
1413 2518 1514 2560 Quae
1531 2517 1624 2550 enim
1641 2526 1733 2551 aetas
1751 2516 1874 2553 babuit
1890 2520 1994 2551 duces
2012 2516 2213 2551 bellicosio-

180 2584 250 2614 ret,
288 2586 376 2620 quae
411 2584 503 2604 inune
546 2569 648 2603 babet
688 2569 854 2603 Franciae
889 2570 1172 2613 appellationem.
1196 2591 1197 2625 1
1223 2580 1292 2604 res,
1328 2581 1432 2613 quam
1459 2569 1600 2602 suerunt
1627 2568 1858 2607 Aurelianus,
1887 2568 2042 2608 Probus,
2071 2567 2214 2601 Diocle-

183 2627 268 2661 lnde
287 2624 429 2671 prolatis
448 2622 584 2666 imperii
606 2622 743 2658 finilms.
773 2621 897 2665 partim
920 2620 1039 2653 Moeni
1059 2620 1169 2663 ripam
1196 2639 1197 2651 l
1223 2619 1349 2659 thinius,
1371 2619 1618 2659 Maximianus,
1639 2620 1866 2654 Constantius
1882 2627 1913 2654 et
1932 2618 2214 2653 Constanti-ms?

181 2683 411 2723 occuparunt,
439 2674 564 2717 partim
585 2673 682 2704 oss'usi
702 2681 780 2705 snut
802 2673 836 2705 111
856 2671 966 2706 [Ῑ111115
982 2685 1020 2705 ac
1039 2672 1072 2704 111
1090 2670 1169 2704 Bel·
1195 2663 1198 2676 ’
1224 2670 1359 2703 1111111111
1380 2671 1509 2704 virtute.
1534 2679 1564 2704 et
1592 2672 1780 2705 foelicitatr
1800 2684 1878 2705 cnm
1903 2672 1990 2705 aliae
2010 2669 2213 2716 provinciae

180 2732 316 2773 gicum,
349 2727 443 2761 unde
473 2737 572 2768 saepe
598 2724 727 2768 rcpulsi
747 2737 763 2757 a
784 2723 955 2758 Romanis
976 2722 1170 2768 imperato·-

1222 2723 1476 2756 tumoltu-mtes
1502 2723 1601 2756 facile
1620 2730 1869 2757 revocarentur
1891 2724 1933 2757 ad
1959 2724 2134 2762 officium,
2160 2727 2214 2754 ta-
