2338 2958
78 103 149 140 141

77 201 152 223 non
186 189 294 223 modo
323 187 510 232 disciplina
542 188 580 221 in
606 188 807 222 civitatibus
841 187 1002 233 regendis
1036 195 1069 223 et

800 101 961 140 DECL.
986 101 1059 138 DE
1095 101 1360 139 vESTITU.

2037 100 2109 135 142

1121 194 1226 233 atque
1250 187 1364 230 imago
1387 187 1451 226 sit,
1479 187 1562 232 quid
1580 186 1782 220 dubitemus
1805 185 1884 218 illos
1907 185 1968 230 qui
1992 191 2106 219 tanto-

78 239 350 283 Magistratuum
368 238 538 272 autoritas
553 239 742 283 periclitari
759 240 885 283 coepit,
908 240 967 273 sed
985 239 1068 272 reli-
1093 277 1095 281 ¹
1122 250 1203 283 pere
1227 246 1425 271 monstrosa
1450 245 1542 271 veste
1566 238 1804 276 delectantur,
1837 236 1972 268 animos
2003 236 2105 268 etiam

78 291 199 335 giones
222 289 422 330 universas,
449 289 572 331 fidem,
609 289 854 324 iusiurandum
883 297 919 324 et
948 290 1068 324 omnia
1093 296 1096 331 1
1120 295 1336 322 monstrosos
1371 285 1522 321 habere?
1563 288 1698 321 Incedit
1725 287 1852 332 aliquis
1877 287 1968 330 pileo
1997 293 2106 319 tectus

78 340 219 374 vincula
236 340 408 374 societatis
424 337 600 374 humanae
623 341 733 374 laxata
757 352 830 374 esse
846 341 971 384 vulgus
995 341 1067 373 exi-

77 391 206 425 stimat.
256 390 344 424 Inde
360 402 440 424 cum
457 391 615 437 quotidie
631 391 773 425 maximi
790 398 906 425 motus
923 392 960 424 in
980 391 1068 425 civi-

77 441 209 477 tatibus
231 441 402 482 existunt,
433 448 508 475 tum
536 442 672 476 vidistis
697 448 778 476 ante
799 443 984 475 biennium
1010 442 1066 474 ln—

78 498 239 526 ctuosum
264 492 356 526 inter
390 492 481 525 cives
509 499 647 526 nostros
674 492 808 526 bellum
837 492 875 525 in
903 493 1066 526 universa

79 541 272 577 Germania
289 543 465 579 exarsisse.
517 542 663 577 Nullum
683 543 789 586 igitur
807 555 983 577 venenum
1001 555 1067 576 no—

77 594 213 628 centius
226 593 329 638 Reip.
347 594 583 627 existimemus
595 621 604 635 ,
631 606 736 639 quam
752 601 972 638 receptorum
989 606 1067 627 mo-

77 656 157 678 rum
181 646 433 685 mutationem,
467 656 555 689 quae
577 644 614 677 in
638 645 742 688 vulgo
767 645 967 688 licentiam,
1004 657 1067 677 au-

77 695 232 736 daciam,
259 702 499 739 contemptum
521 694 680 738 imperii,
706 695 859 740 denique
880 692 974 728 nihil
994 707 1066 728 non

78 757 199 779 earum
219 746 382 790 pestium,
409 757 498 790 quae
515 745 715 779 civitatibus
732 746 836 780 exitio
853 758 925 779 esse
941 747 1066 785 solent,

77 797 180 841 parit.
234 795 365 830 Merito
386 796 493 840 igitur
509 796 705 830 celebratur
720 797 911 830 versiculus
928 797 1002 830 ille:

193 857 331 888 Moribus
348 859 479 898 antiquis
495 869 541 887 res
562 865 618 888 stat
632 857 770 888 Romana
783 861 924 900 virisque.

76 910 221 947 Adhaec
244 924 322 946 cum
338 919 471 946 veteres
487 911 565 946 Diis
590 914 768 957 proximos
785 925 857 947 esse
875 914 1067 951 credamus,

78 975 154 997 non
175 963 322 997 dubium
343 969 394 997 est
410 963 662 997 vetustissimos
681 976 795 998 mores
815 964 967 1008 optimos
985 975 1067 1004 esse,

79 1026 168 1060 quos
184 1014 236 1047 illi
255 1014 386 1048 scilicet
402 1013 551 1048 maiores
568 1015 677 1047 nostri
698 1016 878 1049 civitatum
904 1015 1067 1048 condito—

78 1076 134 1098 res
149 1064 253 1098 aDiis
269 1065 352 1109 ipsis
369 1064 533 1098 didicisse
551 1065 726 1100 videntur.
759 1065 916 1099 Proinde
930 1065 1067 1098 ferendi

78 1126 157 1148 non·
175 1123 277 1156 sunt,
312 1115 371 1160 qui
397 1113 542 1148 honesta
571 1115 745 1149 maiorum
780 1116 940 1150 instituta
970 1116 1068 1149 fasti-

77 1165 193 1204 diunt,
220 1165 282 1211 qui
299 1172 450 1199 veterem
468 1166 691 1210 disciplinam
710 1167 863 1207 solvunt,
891 1167 951 1212 qui
972 1179 1066 1199 nunc

76 1213 161 1257 hos,
188 1228 283 1249 nunc
309 1216 388 1249 illos
411 1216 580 1254 moresjn
605 1217 754 1261 patriam
780 1224 979 1258 accersunt,
1006 1217 1065 1262 qui

78 1267 238 1301 scribunt
254 1267 465 1312 abolentque
480 1267 572 1311 leges
595 1274 633 1301 ut
648 1268 787 1301 libitum
807 1275 866 1302 est.
919 1267 966 1302 Et
982 1280 1067 1301 con-

78 1324 146 1352 stat
161 1318 247 1351 olim
273 1317 310 1350 in
326 1316 535 1361 Rebuspub.
562 1318 772 1352 clarissimos
790 1319 883 1352 cives
900 1319 1067 1353 acerrime

74 1375 194 1402 vetera
220 1368 380 1401 instituta
402 1368 610 1402 defendisse.
664 1369 752 1402 Nam
774 1377 813 1403 ut
841 1369 908 1402 alia
935 1369 1067 1402 maiora

77 1419 256 1459 omittam,
283 1416 419 1452 Romae
436 1419 573 1463 quoties
589 1420 827 1463 sumptuariae
847 1420 936 1462 leges
953 1420 1067 1463 perla-

77 1477 132 1504 tae
149 1476 247 1510 sunt,
274 1475 313 1502 ut
329 1469 502 1502 maiorum
522 1481 619 1502 more
634 1470 776 1503 vestiret
793 1470 938 1503 civitas?
979 1468 1066 1503 Cato

77 1526 209 1567 quanta
242 1519 468 1552 contentione
496 1519 607 1563 legem
639 1517 796 1564 Oppiam
827 1526 945 1553 tuetur
973 1521 1063 1563 apud

76 1571 242 1611 Livium,
269 1581 357 1615 quae
379 1570 525 1603 modum
545 1570 744 1614 sumptibus
758 1570 947 1603 mulierum
966 1582 1067 1614 prae—

78 1620 278 1656 scribebat?
311 1619 490 1664 Augustus
512 1632 591 1654 cum
611 1620 746 1655 videret
759 1619 941 1655 Romanos
968 1633 1067 1665 pere-

77 1673 179 1717 grino
196 1671 322 1705 vestitu
344 1672 528 1713 delectari,
555 1672 708 1705 sentiens
725 1679 896 1717 quantum
920 1672 957 1704 in
975 1684 1013 1705 ea
1031 1684 1067 1704 re

77 1723 163 1757 mali
188 1723 331 1763 inesset,
357 1722 462 1765 longa
487 1722 646 1756 oratione
672 1723 764 1756 cives
789 1723 1007 1766 obiurgavit,
1035 1729 1067 1755 et

77 1774 122 1808 ad
136 1781 235 1816 togae
250 1785 353 1806 usum
370 1773 562 1814 revocavit,
588 1773 689 1807 illum
710 1773 813 1807 etiam
832 1772 974 1817 Virgilii
989 1785 1066 1806 ver-

78 1825 228 1858 siculum
245 1823 371 1856 citans:

181 1884 336 1915 Romanos
351 1896 448 1914 rerum
466 1885 604 1915 dominos
621 1893 799 1926 gentemque
815 1893 957 1925 togatam·

80 1942 119 1978 Si
141 1942 239 1975 nulla
263 1941 352 1974 ratio
377 1947 464 1974 esset
488 1941 555 1974 alia
580 1941 805 1986 improbandi
824 1939 907 1975 haec
922 1943 1067 1976 vestitus

79 1993 175 2033 vitia,
197 1999 314 2026 tamen
332 1998 406 2025 erat
422 1990 609 2026 honestum
629 1992 732 2026 nobis
749 1993 904 2037 exempla
921 2005 1067 2037 magno-

80 2056 160 2079 rum
183 2040 371 2076 hominum
395 2043 512 2088 sequi,
547 2054 566 2076 a
591 2043 720 2088 quibus
747 2043 947 2084 dissentire,
981 2045 1067 2089 quid

78 2095 176 2129 aliud
194 2106 297 2139 quam
317 2093 452 2127 insania
476 2093 550 2127 est?
580 2091 627 2127 Et
643 2095 736 2139 qnod
754 2093 859 2133 Cato,
882 2096 974 2138 quod
991 2094 1068 2129 Au—

78 2152 199 2190 gustus
215 2151 411 2184 senserunt,
431 2144 572 2189 probari
592 2145 756 2178 omnibus
774 2145 877 2178 bonis
894 2145 979 2178 viris
996 2147 1068 2180 exi-

79 2197 278 2235 stimemus,
311 2207 461 2240 quorum
486 2195 615 2229 iudicia
646 2193 737 2228 nihil
770 2196 901 2229 morari
932 2208 1066 2230 summa

75 2246 297 2291 impudentia
320 2253 380 2281 est.

182 2313 252 2347 Sed
282 2313 375 2346 dicat
403 2314 550 2359 aliquis,
584 2326 656 2347 non
684 2326 912 2358 magnopere,
944 2317 998 2349 vel
1023 2317 1064 2349 ad

1092 1959 1094 1983 i

1092 1988 1095 2073 l

1092 2082 1095 2110 l

1092 2174 1094 2193 1
1122 2176 1193 2197 ram
1222 2174 1294 2196 esse
1321 2163 1475 2196 iudicare
1495 2162 1639 2197 debetis.

1091 2246 1093 2271 1

78 2366 235 2412 privatos
258 2361 390 2405 mores,
424 2365 480 2397 vel
505 2366 547 2397 ad
571 2363 698 2409 Remp.
725 2366 901 2409 pertinere
924 2363 986 2400 has
1012 2367 1065 2399 in-
1090 2382 1093 2388 ¹

78 2417 189 2461 eptias
216 2415 379 2453 vestitus,
413 2427 538 2460 meque
567 2417 675 2449 atroci
706 2416 865 2449 oratione
895 2418 1066 2461 exagitare

78 2480 152 2502 rem
175 2479 248 2500 non
272 2466 418 2510 perinde
440 2467 614 2501 vitiosam.
666 2465 741 2510 Ego
759 2479 841 2500 vero
861 2468 993 2501 utinam
1011 2469 1067 2502 di-

79 2519 190 2553 cendo
210 2517 488 2559 magnitudinem
510 2517 558 2550 rei
581 2529 729 2562 aequare
748 2530 900 2562 possem:
928 2526 1064 2553 tantum

79 2568 172 2603 enim
191 2568 423 2612 turpitudinis
438 2566 501 2602 hac
519 2568 555 2601 in
572 2579 608 2601 re
624 2575 685 2607 est,
710 2575 749 2602 ut
765 2569 862 2602 nulla
879 2570 1066 2603 mediocris
1090 2597 1091 2601 ,

79 2619 278 2664 eloquentia
302 2619 349 2653 ad
366 2631 440 2653 eam
461 2619 700 2663 explicandam
719 2620 802 2653 satis
827 2620 881 2655 sit.
921 2619 1064 2654 Etenim

78 2682 158 2706 cum
175 2681 248 2703 non
262 2670 380 2704 minus
395 2670 499 2704 vestis
516 2682 620 2715 quam
638 2670 749 2704 oratio
764 2671 874 2704 animi
888 2668 1066 2706 character

1110 337 1321 384 hispanico,
1355 350 1466 383 eoque
1482 338 1576 371 varie
1601 339 1708 382 picto:
1742 335 1867 371 thorax
1884 337 2012 370 deinde
2033 336 2107 379 gal-

1121 391 1208 423 licus
1229 397 1296 430 est,
1332 389 1430 422 cuius
1450 389 1606 421 manicae
1629 391 1715 421 adeo
1734 401 1806 421 non
1830 389 2043 432 respondent
2063 388 2106 420 ad

1120 438 1256 474 brachii
1292 441 1456 479 modum,
1496 446 1534 472 ut
1562 439 1757 472 laxissimae
1792 439 1878 479 sint,
1915 451 1983 484 qua
2010 444 2107 482 parte

1120 489 1304 525 brachium
1329 490 1494 534 gracilius
1517 496 1577 523 est.
1638 487 1683 522 Et
1711 502 1787 522 cum
1815 490 1918 523 vestis
1944 496 2107 522 naturam

1120 542 1251 575 imitari
1273 542 1414 578 debeat,
1441 541 1514 573 istis
1534 541 1636 584 plane
1655 539 1831 573 diversum
1850 540 1972 583 placet.
2010 538 2108 582 Quid

1120 592 1293 636 amplius?
1327 591 1485 635 plebeius
1509 591 1652 624 vestitus
1675 597 1742 631 est,
1773 590 1840 622 nisi
1859 590 2044 623 distinctus
2066 589 2110 622 sit

1121 644 1227 676 variis
1263 643 1441 676 coloribus
1468 642 1564 675 velut
1591 654 1696 685 pavo:
1737 638 1868 673 adhaec
1896 641 2107 673 conscissum

1121 706 1192 727 esse
1208 701 1357 738 oportet,
1378 700 1545 737 tanquam
1562 691 1713 725 mendici
1733 692 1890 735 pallium,
1915 691 1947 724 id
1967 692 2107 724 demum

1120 746 1254 788 regium
1273 752 1333 778 est.
1378 743 1495 777 Venio
1515 745 1555 776 ad
1576 743 1734 787 pallium,
1787 741 1981 774 palliorum
2000 754 2036 774 ac
2052 749 2108 774 tu-

1122 797 1280 829 nicarum
1305 802 1375 829 tam
1400 795 1531 828 multae
1558 801 1698 839 tamque
1716 793 1831 826 variae
1859 792 1990 825 formae
2018 799 2109 831 sunt,

1120 854 1159 880 ut
1175 853 1268 880 totus
1284 844 1341 879 hic
1359 845 1433 878 dies
1449 846 1489 878 ad
1510 845 1761 878 recensendum
1782 855 1854 875 non
1879 842 1923 876 sit
1947 843 2028 875 satis
2054 843 2109 874 fu-

1121 905 1244 938 turus,
1279 897 1307 930 si
1332 896 1487 939 singulas
1511 907 1716 928 enumerare
1741 894 1859 929 velim.
1913 892 2030 938 Atque
2052 890 2109 925 hic

1121 948 1217 982 venit
1236 948 1272 980 in
1290 953 1441 980 mentem
1459 944 1548 979 mihi
1572 947 1711 979 fabulae
1731 945 1911 978 cuiusdam
1936 944 2110 987 germani-

1121 1011 1188 1032 cae.
1234 996 1385 1032 Audisse
1402 998 1496 1030 enim
1515 1009 1576 1030 vos
1594 998 1636 1030 de
1656 996 1813 1041 patribus
1831 996 1954 1028 vestris
1970 994 2109 1038 opinor,

1120 1049 1253 1093 Regem
1278 1048 1476 1082 Turcarum
1503 1048 1640 1081 iussisse
1666 1047 1732 1080 sibi
1762 1047 1921 1079 omnium
1951 1045 2108 1088 gentium

1120 1097 1263 1133 habitus
1295 1099 1406 1144 pingi.
1458 1098 1547 1132 Cum
1582 1099 1699 1143 itaque
1727 1098 1841 1142 pictor
1874 1097 2108 1140 plurimarum

1120 1151 1276 1194 gentium
1294 1150 1459 1183 vestitum
1477 1149 1660 1193 pinxisset,
1686 1149 1826 1182 tandem
1845 1147 1957 1191 pingit
1974 1147 2109 1179 nudum

1121 1200 1319 1241 hominem,
1347 1208 1379 1234 et
1396 1201 1490 1234 iuxta
1509 1201 1624 1233 varios
1641 1210 1787 1244 pannos.
1841 1198 1964 1231 Postea
1986 1197 2110 1230 artifex

1120 1265 1138 1286 a
1163 1252 1261 1296 Rege
1283 1252 1396 1285 iussus
1420 1251 1644 1295 interpretari
1668 1251 1861 1294 picturam,
1896 1260 1974 1282 cum
2005 1259 2110 1292 expo-

1121 1303 1244 1337 suisset
1261 1309 1404 1343 caetera,
1428 1302 1516 1335 dixit
1530 1303 1665 1335 nudum
1680 1301 1780 1333 illum
1793 1298 2009 1333 Germanum
2028 1309 2112 1334 esse,

1121 1354 1176 1387 cui
1194 1360 1285 1386 certa
1301 1354 1413 1386 sorma
1431 1352 1577 1385 vestitus
1593 1352 1688 1396 pingi
1707 1363 1778 1383 non
1796 1350 1915 1394 possit,
1931 1350 2010 1394 quia
2022 1360 2110 1393 quo-

1122 1404 1206 1437 tidie
1232 1415 1360 1435 novam
1383 1403 1563 1445 excogitet.
1617 1402 1727 1435 Doleo
1752 1413 1859 1434 unam
1878 1397 1969 1433 hanc
1993 1399 2109 1432 natio-

1121 1466 1213 1492 nem,
1232 1465 1320 1498 quae
1329 1453 1510 1494 gravitatis
1526 1459 1629 1496 atque
1640 1452 1854 1485 constantiae
1872 1451 2010 1484 laudem
2021 1449 2110 1483 alio-

1121 1504 1180 1549 qui
1210 1504 1277 1536 sibi
1304 1503 1477 1543 vindicat,
1512 1500 1577 1535 hac
1605 1510 1702 1546 parte
1735 1502 1886 1535 levitatis
1912 1499 2110 1534 insimulari

1123 1566 1231 1599 posse.
1285 1553 1389 1597 Cogit
1412 1553 1506 1585 enim
1530 1564 1584 1585 res
1610 1554 1683 1596 ipsa
1708 1553 1826 1592 sateri,
1854 1553 1946 1595 apud
1971 1564 2033 1584 nos
2054 1551 2110 1583 in-

1121 1605 1324 1639 credibilem
1344 1604 1545 1637 varietatem
1564 1604 1707 1637 vestitus
1726 1614 1810 1637 esse.
1864 1602 1959 1644 Quid
1980 1603 2022 1635 de
2038 1601 2109 1634 cal-

1121 1656 1189 1689 ceis
1208 1655 1346 1689 dicam?
1371 1655 1455 1687 olim
1472 1661 1570 1687 erant
1586 1654 1746 1694 rostrati,
1773 1666 1868 1687 nunc
1885 1654 1971 1686 fiunt
1997 1652 2110 1686 trian-

1121 1707 1193 1750 guli
1211 1707 1335 1750 figura,
1362 1718 1424 1738 ceu
1441 1706 1608 1739 deltoton.
1655 1704 1751 1747 Quid
1773 1705 1867 1738 aliud
1887 1716 1990 1749 quam
2007 1715 2110 1735 mon-

1122 1766 1230 1791 strum
1257 1757 1433 1801 putandus
1454 1763 1520 1794 est,
1549 1756 1608 1800 qui
1631 1756 1667 1788 in
1701 1762 1770 1788 tam
1796 1755 1958 1787 dissimili
1987 1751 2110 1786 habitu

1122 1817 1261 1853 tamque
1279 1807 1373 1840 varie
1391 1807 1555 1839 incedens
1578 1818 1650 1839 sese
1667 1807 1929 1849 circumspectat
1942 1833 1950 1845 ,
1979 1811 2011 1837 et
2031 1811 2108 1837 tan—

1122 1872 1225 1905 quam
1257 1857 1403 1891 lunonis
1437 1859 1511 1890 avis
1545 1857 1762 1890 admiratur?
1808 1869 1910 1902 quem
1943 1856 2110 1900 profecto,

1122 1910 1187 1943 nisi
1206 1909 1474 1943 admirationem
1493 1909 1708 1941 consuetudo
1733 1908 1815 1940 mali
1838 1907 1940 1941 nobis
1963 1907 2109 1939 exemis-

1121 1967 1188 2001 set,
1216 1967 1412 1993 monstrum
1429 1959 1572 2004 aliquod
1595 1959 1865 1992 transmarinum
1884 1958 1986 1990 citius
2004 1968 2108 2002 quam

1122 2010 1301 2045 hominem
1325 2022 1396 2043 esse
1413 2010 1517 2043 multi
1540 2011 1731 2043 crederent.
1786 2008 1853 2042 Sed
1874 2008 1901 2042 si
1924 2007 2108 2051 sapientis-

1121 2063 1218 2096 simis
1233 2059 1440 2094 hominibus
1453 2088 1461 2101 ‚
1488 2061 1558 2093 imo
1581 2061 1607 2093 si
1626 2060 1730 2093 sacris
1746 2059 1857 2093 literis
1874 2059 2030 2096 creditis,
2056 2065 2108 2091 ta-

1122 2114 1188 2146 lem
1207 2110 1367 2145 habiturn
1383 2124 1456 2146 non
1474 2112 1657 2145 obscuram
1674 2111 1849 2155 quandam
1867 2110 1975 2143 animi
1995 2109 2107 2153 pictu-

1693 2161 1871 2205 Scriptum
1891 2167 1942 2194 est
1960 2160 2052 2193 enim
2073 2159 2108 2192 in

1125 2214 1380 2248 Ecclesiastico:
1409 2211 1580 2250 Amictns,
1605 2213 1693 2245 risus
1712 2220 1743 2246 et
1760 2212 1924 2252 incessus,
1952 2212 2108 2255 produnt

1092 2281 1094 2296 ι
1122 2263 1276 2297 hominis
1291 2264 1484 2307 ingenium.
1521 2263 1655 2297 Similis
1671 2264 1707 2296 in
1724 2263 1840 2296 animo
1860 2261 2106 2297 inconstantia,

1122 2316 1245 2349 similis
1279 2315 1511 2359 cupiditatum
1538 2315 1701 2351 varietas,
1740 2314 1877 2359 qualem
1915 2313 1950 2345 in
1980 2312 2106 2345 vestitu

1120 2367 1248 2399 cernis:
1273 2366 1424 2410 deniqne
1447 2365 1560 2408 legum
1577 2372 1611 2399 et
1625 2377 1762 2397 morum
1781 2364 1912 2408 patriae
1928 2363 2105 2397 fastidium

1121 2418 1233 2450 simile
1250 2417 1286 2449 in
1311 2417 1428 2449 animo
1455 2414 1583 2451 haeret.
1637 2416 1741 2458 Quod
1761 2416 1786 2447 si
1817 2427 1869 2448 res
1891 2412 1980 2447 nihil
2006 2426 2105 2458 prae-

1119 2476 1210 2502 terea
1221 2464 1617 2511 turpitudinishaberet,
1634 2474 1749 2499 tamen
1766 2464 1831 2499 hnc
1845 2463 2104 2509 reprehenden—

1120 2521 1203 2552 dum
1230 2525 1322 2557 erat,
1357 2524 1489 2550 tantam
1521 2529 1593 2551 esse
1623 2517 1912 2560 ingratitudinem
1941 2527 2018 2559 erga
2044 2527 2104 2560 pa-

1119 2571 1221 2603 triam
1243 2581 1331 2614 quae
1354 2569 1492 2611 genuit,
1526 2581 1614 2613 quae
1639 2568 1816 2607 educavit,
1850 2579 1937 2612 quae
1963 2566 2104 2610 optimis

1119 2621 1254 2663 legibus
1271 2620 1378 2653 vitam
1396 2620 1562 2657 defendit,
1591 2626 1628 2652 ut
1645 2617 1735 2651 nihil
1756 2630 1850 2651 nunc
1869 2618 1935 2650 nisi
1953 2616 2102 2660 peregri-

1119 2684 1204 2705 num
1223 2671 1364 2715 placeat.
1418 2670 1513 2713 Quid
1532 2670 1625 2703 enim
1643 2670 1834 2714 unicuique
1849 2668 1961 2701 carius
1980 2667 2103 2699 iucun-
