2338 2958
101 146 199 183 1005

100 234 202 268 rabat
218 230 284 266 hac
300 231 482 266 occasione
501 231 664 276 scriptam
682 238 715 265 et
730 236 841 264 actam
860 241 942 265 esse.
995 228 1085 263 Cum

100 284 247 318 alteram
269 284 313 316 de
340 279 513 315 monacho
538 282 749 326 scripsisset,
776 282 868 315 sama
893 292 1011 324 sparsa
1036 287 1086 314 est

101 335 145 367 de
158 334 292 377 agenda
307 332 497 373 comoedia,
524 333 619 377 quod
637 332 698 365 illo
711 338 866 375 tempore
878 331 1085 364 inusitatum

100 391 182 418 erat.
232 382 448 426 Dalburgius
472 383 561 416 lecta
583 382 636 415 illi
659 379 823 414 monachi
847 381 1085 425 insectatione,

100 432 261 467 dissuasit
276 433 468 467 editionem
485 439 518 466 et
534 433 722 473 actionem,
748 433 842 477 quod
858 432 981 465 eodem
997 438 1084 465 tem-

100 495 185 528 pore
209 491 242 517 et
265 484 360 527 apud
382 481 588 527 Philippum
611 482 813 516 Palatinum
831 481 1084 515 Franciscanus

101 541 174 567 erat
195 533 386 573 Castellus,
420 540 564 577 propter
588 533 780 577 potentiam
806 539 839 566 et
862 533 972 565 malas
994 539 1084 565 artes

100 585 236 617 invisus
271 583 452 617 nobilibus
489 591 522 617 et
561 584 778 627 sapientibus
809 582 894 615 viris
925 582 963 614 in
994 583 1084 615 aula.

99 634 277 668 intellexit
300 634 495 678 periculum
514 632 667 678 Capnio,
692 640 726 667 et
753 631 842 666 hanc
867 633 1083 665 comoediam

99 685 299 718 occultavit.
353 683 488 717 Interea
507 690 623 717 tamen
643 684 724 728 quia
742 683 965 726 flagitabatur
983 683 1083 722 actio,

98 735 246 769 alteram
277 734 416 767 dulcem
447 734 608 767 fabellam
641 734 730 774 edit,
764 740 798 767 et
830 733 1082 777 repraesentari

97 786 143 819 ab
166 784 359 827 ingeniosis
381 784 681 824 adolescentibus,
716 796 866 829 quorum
892 784 942 817 ibi
966 789 1083 817 extant

98 835 261 875 nomina,
287 841 396 868 curat.
447 834 592 868 Secutae
616 841 697 867 sunt
717 835 845 867 deinde
862 835 899 866 in
919 834 998 867 aula
1016 833 1084 866 Pa-

99 885 201 919 latini
226 884 495 918 deliberationes
522 886 565 917 de
588 885 751 927 coniugio
767 884 916 927 Ruperti
943 891 975 917 et
992 885 1082 916 filiae

99 935 207 968 Ducis
228 935 397 968 Bavariae
421 934 578 977 Georgii.
629 934 789 979 Cumque
809 934 965 968 Romani
989 934 1082 967 Pon-

97 985 198 1019 tificis
223 985 408 1018 autoritate
428 985 649 1028 comprobari
666 985 700 1017 id
720 985 921 1027 coniugium
940 985 1082 1024 vellent,

97 1035 233 1079 Capnio
264 1035 414 1078 Legatus
446 1034 598 1069 Romam
637 1035 762 1068 missus
801 1042 868 1076 est,
911 1035 973 1068 ubi
1003 1046 1080 1067 cnm

97 1086 230 1119 diutius
260 1097 354 1118 anno
386 1092 682 1125 commoraretur,
721 1092 753 1118 et
775 1085 891 1117 ocium
914 1096 954 1118 ac
975 1096 1082 1128 pecu—

96 1137 192 1169 niam
221 1133 385 1175 haberet,
419 1134 572 1168 Abdiam
602 1135 702 1168 illum
729 1134 897 1168 Iudaeum
929 1135 1082 1168 studiose

97 1186 252 1226 audivit,
285 1185 451 1230 deditque
476 1182 676 1230 δι’ὃακτρα,
710 1197 772 1229 pro
800 1185 948 1228 singulis
972 1183 1082 1225 horis,

96 1236 252 1279 singulos
279 1247 414 1268 aureos.
470 1235 522 1268 lbi
553 1243 689 1269 tantum
721 1235 863 1276 didicit,
897 1242 936 1269 ut
964 1242 1080 1279 postea

97 1287 252 1329 linguam
270 1283 360 1318 hanc
377 1291 469 1319 recte
486 1297 678 1329 propagare
694 1292 818 1329 posset.

197 1335 303 1369 Tunc
319 1335 422 1368 etiam
434 1334 571 1369 Romae
586 1336 721 1370 audivit
737 1335 999 1381 Argyropylum
1017 1347 1082 1379 pu-

95 1387 188 1420 blice
215 1392 438 1419 enarrantem
459 1384 713 1431 Thucydiden,
747 1386 790 1418 de
823 1399 893 1431 quo
920 1387 972 1419 sui
997 1397 1082 1419 con-

96 1447 232 1481 gressus
255 1437 396 1469 exordia
418 1434 484 1468 hoc
507 1437 612 1469 modo
629 1436 785 1469 narravit
804 1436 887 1480 ipse,
939 1435 1028 1470 Cum
1045 1437 1080 1468 in

95 1487 312 1521 auditorium
337 1486 487 1519 venisset
509 1494 589 1520 ante
614 1487 820 1526 lectionem,
846 1499 944 1519 more
961 1486 1081 1529 Legati

96 1550 174 1571 cum
206 1536 374 1569 comitatu
403 1537 590 1578 mediocri,
625 1544 657 1570 et
688 1538 879 1569 assiderent
904 1537 953 1568 ibi
980 1537 1080 1569 multi

95 1587 257 1621 homiues
281 1586 434 1626 nobiles,
465 1598 580 1627 senes,
607 1586 812 1620 Cardinales
833 1587 934 1619 etiam
956 1587 1080 1631 aliqui,

97 1639 224 1672 salutat
236 1635 497 1682 Argyropylum
517 1645 737 1675 reverenter,
760 1638 920 1680 deplorat
937 1637 1080 1670 exilium

96 1688 334 1727 Graecorum,
361 1694 395 1720 et
418 1695 539 1721 narrat
562 1699 598 1720 se
620 1688 786 1731 cupidum
812 1699 883 1720 esse
903 1688 1081 1721 doctrinae

95 1739 216 1782 ipsius.
267 1736 511 1782 Argyropylus
533 1737 745 1780 interrogat,
771 1738 867 1770 cuias
890 1738 952 1776 sit,
980 1745 1013 1771 et
1034 1749 1079 1770 an

95 1788 266 1821 Graecam
282 1788 438 1829 linguam
456 1787 648 1831 intelligat,
677 1786 732 1821 hic
750 1795 870 1820 narrat
886 1800 921 1820 se
931 1787 1081 1821 Germa-

94 1850 180 1872 num
198 1848 289 1877 esse,
313 1844 346 1870 et
362 1848 434 1869 nou
452 1837 597 1870 omnino
613 1839 736 1870 rudem
756 1836 911 1871 Graecae
929 1838 1081 1881 linguae.

95 1888 199 1922 lubet
217 1887 324 1930 igitur
342 1886 584 1931 Argyropylus
601 1899 680 1920 cum
702 1887 813 1930 legere
828 1894 961 1931 partem
979 1887 1081 1921 Thu-

94 1938 262 1985 cydideae
285 1936 484 1977 concionis,
516 1945 549 1970 et
572 1938 718 1970 reddere
740 1939 961 1973 sententiam.
1013 1938 1081 1972 Le-

94 1990 143 2033 git
165 1989 259 2022 clara
283 1999 367 2021 voce
383 1986 538 2031 Capnio,
566 1994 599 2021 et
624 1988 722 2021 addit
745 1988 1081 2032 interpretationem,

93 2051 243 2084 cumque
265 2045 298 2072 et
319 2049 425 2071 sonus
448 2038 754 2081 pronunciationis
779 2050 850 2070 non
874 2046 962 2072 esset
979 2050 1079 2082 agre—

93 2091 166 2130 stis,
191 2097 225 2124 et
241 2088 412 2122 sententia
429 2096 518 2121 recte
536 2095 567 2122 et
582 2089 686 2121 bonis
703 2089 816 2121 verbis
833 2090 967 2122 reddita
983 2097 1080 2130 esset,

93 2139 341 2174 animadvertit
365 2137 626 2184 Argyrupylus,
655 2151 726 2172 non
753 2150 896 2183 prorsus
919 2146 1078 2185 tyronem

93 2202 166 2224 esse
181 2190 220 2223 in
231 2188 364 2223 Graeca
381 2189 513 2233 lingua,
541 2197 571 2222 et
588 2201 728 2231 gemens
743 2190 923 2223 exclamat.
966 2189 1080 2223 Grae-

93 2241 144 2275 cia
170 2247 290 2274 nostro
317 2239 421 2273 exilio
446 2240 675 2274 transvolavit
693 2238 812 2283 Alpes.
866 2239 915 2274 lta
938 2240 1078 2274 divina-

93 2292 143 2325 vit
158 2302 262 2324 senex
279 2289 434 2324 Graecae
451 2291 592 2334 linguae
609 2291 844 2333 cognitionem
856 2318 864 2331 ,
891 2301 979 2336 quae
994 2298 1077 2325 tunc

92 2343 162 2376 late
182 2341 297 2385 spargi
321 2341 452 2383 coepit,
478 2341 592 2374 lucem
615 2342 802 2374 allaturam
826 2353 897 2374 esse
915 2342 1080 2375 omnibus

91 2393 237 2432 artibus,
259 2391 362 2424 etiam
377 2391 414 2423 in
432 2388 486 2423 his
501 2392 663 2434 gentibus
679 2389 950 2426 horridioribus,
984 2389 1077 2426 Ora-

92 2444 140 2477 tio
156 2441 352 2487 Capnionis
374 2442 416 2474 de
432 2440 583 2475 Palatini
609 2449 642 2475 et
665 2442 907 2475 nobilissimae
924 2443 1078 2476 familiae

90 2492 229 2527 Ducum
249 2491 420 2526 Bavariae
438 2492 635 2526 reverentia
653 2505 731 2535 erga
750 2491 962 2533 Ecclesiam,
989 2494 1077 2526 reci-

90 2551 163 2578 tata
187 2555 303 2576 coram
321 2541 510 2583 Pontifice,
536 2549 630 2576 extat
653 2543 697 2576 ab
714 2542 807 2576 Aldo
831 2544 933 2578 edita.
985 2542 1075 2577 Cum

89 2594 207 2629 Roma
231 2593 269 2626 in
287 2592 516 2627 Germaniam
543 2593 719 2634 rediisset,
751 2594 819 2626 iam
840 2606 960 2627 rursus
979 2602 1077 2628 tran-

90 2645 203 2690 quilla
234 2650 307 2677 erat
337 2644 416 2677 aula
450 2642 766 2686 VVirtebergensis.
840 2644 927 2677 Nam
960 2645 1074 2678 edicto

89 2694 317 2740 Imperatoris
345 2700 484 2728 coactus
509 2694 568 2727 ille
591 2706 767 2728 successor
790 2693 964 2728 Eberardi
989 2696 1074 2729 reli-

607 143 765 180 DECL.
802 144 873 181 DE
912 143 1217 180 CAPNIONE
1253 143 1605 183 PHORCENSI.

2023 148 2118 183 1006

1138 238 1262 276 querat
1284 231 1594 274 gubernationem,
1620 237 1653 264 et
1676 228 1870 265 monachus
1888 232 2009 275 procul
2025 232 2122 275 sugc-

1139 289 1192 315 rat
1208 282 1244 313 in
1263 282 1349 314 alias
1367 288 1494 320 terras,
1520 293 1580 315 seu
1596 281 1729 326 potius,
1757 282 1791 321 ἐς
1805 279 1976 328 κόρακας,
2005 288 2036 314 et
2053 283 2121 315 iam

1138 332 1346 374 gubernatio
1369 330 1459 364 Duci
1479 331 1599 365 Ulrico
1624 333 1835 366 adolescenti
1861 332 2030 366 sententia
2052 331 2122 364 lm—

1139 382 1308 425 peratoris
1331 383 1456 415 tradita
1479 389 1568 422 erat,
1603 384 1661 415 sed
1686 383 1843 417 adiuncti
1873 390 1972 416 erant
1996 383 2027 414 ei
2054 382 2121 414 viri

1139 433 1343 465 excellentes
1363 433 1534 476 sapientia
1551 439 1585 465 et
1601 433 1728 466 virtute
1746 432 1938 476 Gregorius
1952 433 2122 475 Lampor-

1138 489 1208 522 ter,
1237 483 1307 514 duo
1322 481 1505 521 Naucleri,
1532 489 1565 515 ct
1588 483 1646 516 alii
1675 483 1829 527 quidam.
1881 483 1929 516 Ili
1955 490 2120 516 revocant

1136 531 1356 576 Capnionem
1372 532 1407 563 in
1427 532 1586 574 pan-iam.
1623 531 1698 566 Etsi
1715 540 1830 566 autem
1842 533 2023 566 Palatinus
2041 545 2120 565 eum

1137 595 1209 615 non
1235 583 1385 615 libenter
1409 583 1560 621 dimisit,
1593 589 1709 615 tamen
1733 595 1811 615 cum
1838 583 1984 623 diceret,
2019 595 2053 615 se
2077 585 2120 615 ad

1137 633 1319 676 coniugem
1337 639 1371 666 et
1387 633 1429 665 ad
1446 632 1562 665 ocium
1580 633 1808 666 domesticum
1829 633 1968 676 linguae
1983 632 2119 666 Ebreae

1137 684 1382 727 propagandae
1399 694 1499 715 causa
1518 683 1649 723 redire,
1673 690 1706 716 et
1723 684 1766 716 ab
1781 683 1870 716 aulis
1888 683 1978 716 velle
1993 684 2122 724 abesse,

1135 746 1208 768 non
1225 733 1431 778 repugnavit
1447 731 1711 766 honestissimae
1727 734 1836 777 ipsius
1855 734 2040 767 voluntati.

1236 799 1413 834 Reversus
1434 799 1472 832 in
1498 800 1666 843 patriam,
1694 813 1772 833 cum
1796 808 1873 844 post
1897 801 2027 834 bellum
2052 800 2122 834 Ba-

1136 850 1211 884 vari
1229 863 1307 884 cum
1323 850 1643 884 iudiciumSuevici
1660 851 1809 884 foederis
1828 852 1872 884 ita
1890 852 2122 885 constituere-

1136 908 1214 941 tur,
1246 907 1285 934 ut
1309 900 1495 943 Tubingae
1524 909 1647 945 quater
1678 902 1908 934 convenirent
1930 903 2121 946 quotannis

1136 951 1268 984 iudices
1300 957 1333 984 et
1360 950 1528 984 Doctores
1558 951 1594 983 in
1630 964 1668 984 eo
1700 963 1846 985 numero
1878 959 2009 990 essent,
2049 953 2121 996 ipse

1135 1013 1276 1046 qnoque
1301 1002 1455 1034 delectus
1480 1008 1546 1040 est,
1573 1013 1682 1046 eoque
1704 1015 1776 1035 uno
1802 1014 1947 1035 munere
1973 1009 2121 1036 conten-

1135 1059 1202 1092 tus,
1228 1052 1265 1084 in
1282 1051 1396 1085 studia
1415 1063 1450 1084 se
1466 1052 1612 1085 abdidit.
1646 1052 1794 1095 Scripsit
1811 1053 1944 1095 primus
1961 1053 2121 1085 omnium

1135 1102 1260 1135 Latine
1278 1113 1403 1144 magna
1418 1102 1665 1145 perspicuitate
1683 1101 2120 1136 GrammaticamEbream

1136 1158 1167 1185 et
1190 1150 1458 1195 ὀνομαστικὸν,
1482 1152 1619 1186 addidit
1635 1160 1752 1196 postea
1771 1160 1803 1186 et
1818 1152 2039 1186 Psalmorum
2054 1153 2122 1186 ali-

1136 1209 1222 1247 quot
1244 1203 1485 1244 grammaticas
1509 1204 1767 1243 enarrationes,
1800 1210 1839 1236 ut
1864 1204 1982 1236 multis
2006 1216 2122 1236 exem-

1138 1253 1203 1296 plis
1227 1253 1366 1295 regulae
1392 1253 1662 1287 illustrarentur.
1715 1252 1781 1286 His
1806 1254 1971 1297 operibus
1990 1254 2121 1287 iudicio

1136 1305 1224 1336 bene
1251 1303 1414 1336 meritum
1438 1314 1510 1335 esse
1532 1305 1576 1336 de
1591 1302 1745 1337 Ecclesia
1769 1311 1802 1337 et
1827 1305 1869 1336 de
1886 1310 1955 1337 tota
1974 1305 2124 1348 posteri-

1136 1360 1218 1387 tate.
1271 1353 1359 1386 Nam
1383 1360 1416 1386 et
1436 1354 1600 1387 invitavit
1623 1355 1752 1387 multos
1770 1355 1811 1387 ad
1833 1354 2032 1387 discendam
2053 1355 2125 1387 lin-

1136 1416 1240 1447 guam
1257 1402 1427 1444 Ebream,
1451 1411 1484 1437 et
1505 1406 1548 1437 ad
1574 1406 1835 1447 cognoscendos
1857 1406 1972 1438 fontes
1989 1406 2122 1438 doctri-

1137 1466 1202 1488 nae
1225 1451 1467 1498 propheticae,
1494 1461 1527 1487 et
1548 1467 1668 1488 eorum
1686 1456 1801 1488 studia
1817 1455 1962 1490 adiuvit.
2016 1455 2122 1498 Quod

1136 1505 1229 1537 enim
1256 1511 1374 1548 postea
1399 1505 1499 1538 multi
1524 1506 1754 1549 locupletiora
1779 1506 1906 1549 scripta
1934 1506 2122 1541 ediderunt

1135 1556 1287 1598 gaudeo,
1320 1560 1352 1587 et
1376 1555 1522 1597 gratiam
1552 1557 1600 1589 eis
1625 1556 1745 1588 deberi
1769 1557 1892 1590 fateor.
1954 1556 2021 1590 Sed
2048 1558 2122 1590 exi-

1134 1605 1238 1638 stimo
1261 1602 1325 1637 hos
1347 1604 1440 1648 ipsos
1456 1612 1489 1639 et
1505 1606 1593 1639 alios
1611 1607 1738 1639 multos
1756 1607 1874 1646 fateri,
1901 1608 2032 1640 semina
2054 1605 2122 1640 hu-

1135 1655 1189 1688 ius
1213 1655 1414 1695 doctrinae,
1440 1656 1495 1689 vel
1519 1668 1576 1697 se,
1601 1656 1656 1689 vel
1679 1668 1760 1690 suos
1782 1656 1972 1701 Magistros
1996 1669 2014 1690 a
2029 1656 2122 1702 Cap—

1135 1706 1242 1739 nione
1259 1705 1440 1750 accepisse.

1237 1770 1314 1805 Etsi
1333 1779 1447 1805 autem
1464 1774 1603 1817 copiose
1622 1771 1678 1807 hic
1695 1775 1763 1808 dici
1782 1782 1912 1818 posset,
1939 1788 2042 1820 quam
2061 1788 2123 1810 ne—

1135 1822 1281 1855 cessaria
1305 1823 1348 1856 sit
1374 1823 1514 1866 linguae
1532 1822 1668 1858 Ebreae
1687 1826 1861 1869 cognitio,
1887 1834 1920 1860 et
1935 1839 2038 1871 quam
2057 1825 2122 1859 ho—

1136 1879 1253 1905 nestus
1268 1880 1300 1906 et
1315 1873 1392 1917 pius
1408 1874 1511 1907 labor
1524 1874 1585 1916 sit,
1611 1875 1686 1908 eius
1701 1877 1923 1921 propagatio,
1949 1884 2065 1910 tamen
2086 1877 2122 1910 iu

1135 1935 1171 1955 re
1194 1923 1375 1957 manifesta
1401 1937 1472 1956 non
1489 1925 1618 1968 opinor
1633 1939 1721 1970 opus
1739 1939 1810 1960 esse
1830 1928 1933 1970 longa
1952 1928 2125 1968 oratione,

1135 1980 1167 2006 et
1194 1973 1229 2005 in
1255 1971 1321 2007 hac
1345 1975 1514 2008 brevitate
1541 1977 1708 2020 temporis
1728 1978 1784 2010 vix
1810 1975 1954 2011 historia
1976 1990 1995 2010 a
2019 1978 2124 2011 nobis

1135 2024 1266 2067 pertexi
1298 2031 1420 2068 potest.
1484 2025 1581 2059 lnter
1612 2034 1744 2060 caetera
1766 2029 1858 2061 dona
1870 2053 1881 2067 ,
1916 2040 2005 2072 quae
2026 2027 2125 2062 Deus

1135 2074 1298 2108 attribuit
1324 2073 1519 2114 Ecclesiae,
1554 2077 1648 2110 scitis
1679 2085 1712 2111 et
1744 2078 1944 2122 linguarum
1980 2079 2122 2112 intelle-

1133 2131 1227 2157 ctum
1253 2136 1343 2165 esse,
1370 2138 1459 2170 quae
1478 2128 1690 2160 necessariae
1707 2135 1788 2162 sunt
1803 2130 1845 2161 ad
1862 2130 1975 2162 sontes
1990 2141 2121 2173 cogno-

1133 2175 1291 2210 scendos.
1346 2175 1429 2209 [deo
1445 2189 1516 2209 non
1533 2177 1615 2211 sinit
1634 2178 1728 2212 Deus
1745 2178 1897 2212 Ebream
1915 2179 2070 2222 linguam
2089 2186 2121 2213 et

1134 2224 1306 2257 Graecam
1323 2237 1467 2269 prorsus
1482 2228 1604 2261 deleri.
1655 2227 1907 2263 Existimemus
1925 2230 2032 2272 igitur
2046 2230 2120 2262 sin-

1133 2275 1246 2317 gulari
1270 2276 1418 2309 consilio
1433 2276 1499 2310 Dei
1523 2290 1642 2311 earum
1663 2280 1775 2312 studia
1794 2280 1955 2320 excitari,
1982 2287 2014 2313 et
2032 2281 2121 2323 grati

1132 2326 1240 2359 simus
1256 2325 1317 2366 iis,
1343 2338 1493 2371 quorum
1511 2328 1694 2362 laboribus
1712 2329 1814 2363 multi
1832 2331 2057 2365 erudiuntur.

1236 2391 1349 2426 Venio
1369 2406 1464 2426 nunc
1481 2395 1524 2427 ad
1541 2395 1705 2428 ultimum
1723 2395 1916 2439 Capnionis
1933 2405 2121 2434 certamen,

1131 2443 1226 2487 quod
1256 2443 1324 2476 suit
1349 2444 1393 2476 de
1416 2444 1518 2477 libris
1544 2443 1778 2487 ludaeorum,
1812 2447 1847 2479 in
1874 2459 1944 2492 qno
1968 2460 1986 2479 a
2010 2447 2120 2491 Syco-

1131 2491 1273 2537 phantis
1297 2492 1480 2527 monachis
1503 2507 1690 2538 oppressus
1706 2504 1813 2537 esset,
1841 2498 1908 2530 nisi
1927 2497 2020 2530 Deus
2039 2508 2119 2528 eum

1131 2543 1288 2584 texisset,
1314 2551 1346 2578 et
1368 2545 1463 2578 fatali
1487 2547 1637 2590 quadam
1656 2548 1885 2581 conversione
1901 2559 2038 2586 rerum,
2064 2553 2120 2591 ty-

1130 2594 1252 2627 rannis
1286 2593 1540 2629 monachorum
1573 2597 1775 2632 labefactata
1810 2605 1908 2632 esset.
1959 2596 2121 2640 Cumque

1129 2645 1245 2689 palam
1268 2652 1355 2678 essct
1382 2646 1510 2680 iniuste
1529 2645 1747 2690 Capnionem
1775 2647 1972 2692 oppugnari
1999 2659 2015 2679 a
2042 2659 2120 2679 mo-

1127 2693 1268 2736 nachis,
1295 2703 1328 2730 ct
1351 2697 1454 2729 multi
1477 2694 1639 2730 homines
1662 2699 1789 2731 literati
1816 2699 1852 2731 in
1872 2697 2062 2731 Germania
2088 2705 2120 2730 et
