2338 2958
180 146 254 184 359

184 233 275 266 vitae
294 231 466 276 praesidia
482 226 652 262 divinitus
670 226 799 260 donata
814 238 898 259 esse.
936 224 987 259 lta
1008 226 1174 260 universa

186 283 308 329 politia
324 294 386 315 ceu
403 283 528 314 domus
545 278 716 322 quaedam
741 283 791 311 est
803 305 812 318 ‚
837 277 928 310 mira
950 284 1024 311 arte
1042 277 1176 311 divini-

188 342 244 369 tus
257 333 436 371 fabricata,
462 329 597 372 legibus
613 327 898 371 Magistratuum,
927 329 1063 369 ordine,
1091 340 1176 362 con-

189 385 375 423 tractibus,
408 380 567 420 iudiciis,
593 379 797 423 disciplina,
830 379 1012 423 praesidiis
1034 385 1178 419 armata,

189 435 313 481 poenis
340 439 403 467 etc.
463 430 529 464 His
557 430 644 474 septi
680 442 718 463 ac
750 431 869 464 vallati
896 431 1026 471 muris,
1062 437 1178 464 tamen

190 487 302 521 Deum
319 494 504 528 agnoscere
521 493 716 526 possumus,
732 494 770 515 ac
786 488 945 522 statuere,
962 479 1053 515 lianc
1070 482 1180 526 ipsam

193 535 370 581 politiam,
399 546 467 578 qua
485 531 570 566 haec
585 532 656 566 vita
672 533 892 573 defenditur,
914 544 986 566 esse
1003 533 1099 566 velut
1117 534 1182 564 do-

194 599 291 621 mum
308 585 481 619 divinitus
503 583 605 617 nobis
629 584 823 617 conditam:
852 595 915 616 nec
932 584 1076 617 interest
1092 583 1183 616 vitae

195 636 369 683 spirituali
397 648 435 669 ac
454 642 634 675 aeternae,
660 641 780 667 utrum
801 631 885 667 haec
905 635 1043 674 domus,
1071 634 1107 666 id
1124 639 1185 673 est,

198 688 341 734 politia,
370 687 415 720 sit
438 698 455 719 a
481 685 616 726 Moise‚
646 697 690 718 an
713 686 757 718 ab
783 685 860 717 aliis
884 685 1187 727 legumlatoribus,

196 747 235 774 ut
259 740 306 773 ita
324 739 456 781 dicam,
483 737 671 774 fabricata,
697 737 802 769 modo
826 742 865 769 ut
882 736 927 769 sit
951 742 1185 769 consentanea

198 791 267 825 iuri
283 796 440 823 naturae.
473 787 510 820 ld
529 787 680 831 primum
698 784 764 819 hoc
777 793 984 830 argumento
1000 787 1186 819 confirmo:

199 841 364 886 Apostoli
388 840 425 872 in
450 837 547 871 Actis
573 837 684 882 capite
707 837 762 872 15.
788 838 1027 882 pronunciant
1051 836 1185 881 perspi-

199 905 279 931 cue,
306 903 380 925 non
399 901 471 923 esse
487 890 686 922 onerandas
705 888 836 922 Gentes
863 889 936 932 lege
955 887 1082 921 Moisi:
1118 888 1188 921 imo

199 943 325 977 Petrus
354 952 470 974 severe
507 940 672 983 obiurgat
703 940 881 973 diversum
911 939 1119 980 sentientes,
1152 950 1190 971 ac

200 993 336 1039 inquit,
369 1003 426 1026 eos
448 998 583 1025 tentare
606 988 741 1031 Deum,
776 1003 845 1036 quo
863 990 987 1024 durius
1005 988 1098 1023 nibil
1121 989 1189 1023 dici

202 1051 350 1091 poterat.
407 1042 498 1076 ‘Nam
533 1048 667 1076 tentare
702 1040 837 1081 Deum,
874 1048 924 1075 est
959 1041 1109 1075 illudere
1143 1040 1192 1081 ei,

201 1095 402 1131 ordinando
429 1092 563 1138 aliquid
597 1099 777 1136 praetextu
805 1092 947 1126 divinae
982 1092 1190 1126 autoritatis.

201 1148 321 1191 Quare
344 1145 468 1179 Petrus
491 1155 566 1183 eOS,
589 1143 650 1188 qui
668 1141 860 1177 Ecclesiam
885 1145 926 1176 ad
953 1144 1063 1186 legem
1085 1142 1191 1177 Moisi

203 1198 411 1241 adigebant,
446 1206 519 1228 non
549 1194 674 1227 leviter
702 1206 842 1239 peccare
873 1195 1037 1229 ostendit.
1099 1193 1192 1236 Quia

203 1250 297 1285 enim
323 1248 410 1281 salso
430 1252 638 1290 praetexunt
657 1245 814 1278 divinam
837 1246 1081 1286 autoritatem,
1108 1243 1193 1278 hor-

201 1300 353 1335 ribiliter
368 1298 524 1331 illudunt
541 1295 627 1331 Deo.
670 1294 722 1329 Ac
742 1296 901 1341 loquitur
916 1296 1040 1330 Petrus
1063 1296 1194 1341 pariter

204 1354 247 1386 de
270 1349 478 1384 ceremoniis
504 1354 537 1381 et
557 1348 600 1379 de
614 1347 767 1390 politicis
784 1347 937 1390 legibus,
966 1347 1056 1381 sicut
1072 1347 1193 1391 dispu-

203 1402 288 1437 tatio
320 1401 454 1443 integra
486 1404 649 1439 testatur,
684 1398 746 1431 ubi
773 1398 924 1441 allegant
952 1398 1194 1432 testimonium

202 1453 357 1498 Spiritus
374 1450 501 1488 sancti,
529 1450 623 1495 quod
640 1448 774 1482 Gentes
789 1461 933 1493 prorsus
949 1449 1080 1482 alienas
1097 1461 1114 1482 a
1132 1461 1196 1493 po—

201 1505 279 1539 litia
302 1502 409 1537 Moisi
429 1501 523 1535 Deus
540 1500 678 1534 vocavit
697 1507 731 1534 et
755 1501 897 1533 tandem
917 1501 1045 1534 diserte
1072 1500 1196 1533 iubent

202 1554 294 1590 nihil
313 1553 450 1598 imponi
469 1550 658 1592 Gentibus,
683 1557 820 1593 praeter
837 1563 874 1584 ea
891 1563 980 1596 quae
1002 1551 1037 1583 in
1057 1551 1119 1583 illo
1135 1551 1196 1583 de—

202 1613 296 1641 creto
316 1605 559 1638 continentur:
587 1609 621 1635 et
638 1602 788 1644 allegant
806 1600 969 1646 Apostoli
985 1602 1194 1646 scripturam

204 1658 338 1691 Gentes
356 1656 468 1688 salvas
492 1654 577 1688 fore.
631 1651 779 1696 Proprie
805 1661 919 1687 antem
944 1659 1197 1697 nuncupantur

205 1708 348 1747 Gentes,
371 1718 459 1751 quae
484 1717 557 1737 non
584 1701 715 1737 habent
741 1703 899 1747 politiam
930 1703 1051 1737 moisi:
1089 1715 1196 1749 qnare

205 1771 277 1793 non
310 1769 447 1790 necesse
479 1755 544 1788 fnit
566 1754 744 1787 Gentibus
776 1755 885 1797 legem
911 1753 1018 1787 Moisi
1049 1754 1196 1799 imponi.

205 1811 308 1844 Addo
329 1815 361 1841 et
378 1808 472 1841 aliud
491 1805 750 1839 testimonium:
780 1804 834 1838 Ad
856 1803 1013 1838 Ebraeos
1028 1805 1195 1850 scriptum

206 1868 274 1902 est,
309 1861 417 1903 legem
435 1857 542 1891 Moisi
569 1857 764 1890 institutam
784 1868 856 1889 esse
872 1868 983 1901 usque
1000 1857 1041 1889 ad
1061 1863 1197 1900 tempus

204 1913 376 1946 adventus
392 1907 542 1948 Cbristi3
575 1919 656 1951 ergo
682 1907 804 1951 politia
831 1908 890 1940 illa
909 1915 985 1951 post
1005 1908 1037 1940 id
1060 1915 1198 1951 tempus

206 1976 279 1996 non
307 1969 357 1995 est
383 1959 585 1993 necessaria.
649 1957 826 1992 Discernit
853 1965 885 1992 et
909 1956 1072 1992 Christus
1095 1971 1197 1991 suum

207 2025 354 2056 regnum
370 2025 387 2045 a
404 2010 593 2055 corporali,
619 2022 698 2043 cum
717 2009 780 2043 ait:
809 2008 971 2052 Regnum
992 2021 1107 2042 meum
1125 2021 1197 2042 non

208 2073 258 2099 est
276 2066 317 2097 de
340 2061 408 2096 hoc
430 2062 576 2096 mundo,
631 2060 705 2094 Imo
722 2068 759 2093 ut
781 2061 908 2093 milites
926 2059 1108 2093 Christum
1127 2061 1198 2104 spi-

208 2117 262 2149 nis
278 2121 451 2149 coronant
467 2120 498 2147 et
515 2113 692 2155 conligunt
711 2118 742 2144 et
759 2111 795 2143 in
817 2124 971 2155 purpura
998 2113 1199 2149 traducunt,

210 2167 258 2200 sic
283 2167 333 2198 illi
353 2163 533 2197 Christum
560 2175 623 2208 per
644 2163 894 2196 contumeliam
921 2170 1111 2201 coronant,
1139 2162 1198 2208 qui

210 2218 297 2251 salso
333 2222 512 2261 praetextu
549 2214 747 2247 autoritatis
782 2214 908 2257 ipsum,
940 2215 1132 2247 dilacerant
1169 2220 1199 2246 et

213 2275 374 2301 evertunt
398 2266 554 2310 politias,
577 2273 608 2299 et
628 2278 756 2298 novam
780 2265 993 2298 constituere
1018 2272 1201 2298 conantur.

214 2320 284 2361 Qui
310 2332 348 2349 eo
375 2318 476 2351 etiam
502 2324 643 2361 peccant
667 2317 760 2361 quod
787 2316 974 2350 obscurant
995 2324 1027 2350 ct
1045 2317 1202 2349 obruunt

214 2370 406 2414 spiritualia
433 2368 597 2401 beneficia
623 2375 655 2401 et
680 2367 757 2399 fidei
777 2367 959 2403 exercitia,
986 2379 1063 2400 cum
1085 2365 1200 2400 horni-

215 2422 319 2454 nibus
340 2421 529 2453 oll'undunt
554 2417 643 2451 lianc
661 2419 828 2462 speciem,
857 2420 950 2463 qnod
970 2417 1130 2451 (hristus
1146 2418 1202 2450 ni-

215 2470 264 2506 ltil
286 2472 350 2504 nisi
373 2471 429 2503 illa
449 2470 564 2502 cix-itia
582 2470 692 2502 officia
713 2469 819 2501 Mais-i
836 2470 1002 2514 requirat.
1042 2469 1091 2503 Nc
1107 2477 1201 2503 tene-

213 2523 296 2556 brae
316 2534 456 2566 prorsus
471 2522 587 2554 delent
603 2519 846 2561 Evangelium.
900 2520 1080 2553 Postremo
1102 2533 1202 2553 man-

214 2575 269 2607 dat
283 2571 526 2613 Evangeliuui.
541 2579 574 2604 ut
590 2571 854 2613 Magistratibus
865 2569 1203 2616 etlinicisobteinpe-

214 2637 344 2658 remus:
384 2635 490 2668 quare
510 2633 645 2654 necesse
666 2629 712 2655 est
742 2623 875 2663 legibus
898 2635 1018 2656 cortun
1039 2623 1200 2658 obedire:

215 2689 294 2709 nam
318 2676 367 2708 lex
398 2682 445 2707 est
474 2687 535 2705 vox
568 2673 638 2716 ipsa
657 2673 892 2713 Magistratus.
946 2674 1014 2707 Nec
1033 2674 1127 2707 aliud
1152 2681 1199 2707 est

213 2727 357 2760 obedire
383 2724 624 2766 magistratui,
663 2724 727 2757 nisi
750 2725 823 2757 eius
848 2725 983 2767 legibus
1005 2732 1035 2759 et
1053 2725 1200 2760 decretis

745 137 905 176 DECL.
940 137 1015 174 DE
1048 137 1384 176 DIGNITATE
1419 137 1654 204 LEGUM3

2138 145 2215 181 360

1225 226 1480 269 obtemperare.
1531 223 1673 259 Possem
1696 225 1765 259 alia
1791 227 1904 261 multa
1925 236 2132 273 argumenta
2157 231 2222 265 ad·

1228 278 1328 315 dere,
1355 277 1415 309 sed
1438 273 1628 309 cum‘haec
1653 276 1836 320 perspicua
1861 285 1894 312 et
1918 279 2017 313 firma
2036 281 2127 323 sint,
2149 293 2224 316 non

1228 328 1354 361 addam
1372 327 1492 371 plura,
1519 327 1722 370 praesertim
1742 339 1822 360 cum
1838 340 1954 362 sacrae
1977 330 2101 365 literae
2119 333 2225 366 etiam

1230 377 1388 421 exempla
1413 378 1524 410 multa
1547 384 1747 422 proponant
1771 378 1911 422 piorum
1938 387 2033 414 extra
2064 383 2224 426 politiam

1233 428 1436 463 Mosaicam.
1492 427 1539 462 Ut
1563 428 1656 461 enim
1682 441 1755 462 non
1775 428 1888 462 dicam
1906 430 1949 463 de
1966 429 2128 467 Patribus
2144 441 2226 468 ante

1233 481 1357 524 legem,
1383 486 1502 524 postea
1521 479 1626 513 etiam
1641 480 1745 513 multi
1762 480 1810 525 pii
1827 480 1972 514 fuerunt
1986 482 2078 516 inter
2094 482 2227 520 Gentes

1235 539 1268 564 et
1303 531 1447 575 quidem
1485 531 1739 573 gubernatores
1773 543 1984 575 magnorum
2020 545 2231 576 regnorum,

1235 582 1414 623 Naaman,
1449 580 1751 625 Nabugdonosor,
1789 580 1936 623 Darius,
1971 582 2098 629 Cyrus.
2157 584 2230 619 Nec

1236 632 1379 666 Danieli
1411 633 1506 676 apud
1529 631 1652 665 Persas
1682 632 1783 666 licuit
1815 630 2046 668 haereditates
2073 635 2233 670 dividere

1240 683 1450 717 ludaeorum
1477 683 1632 727 legibus,
1660 684 1753 728 quod
1772 682 1926 718 Romani
1952 686 2175 719 centuriones
2193 697 2234 720 ac

1238 735 1368 768 milites
1393 735 1430 767 in
1456 732 1602 768 historia
1621 732 1835 777 Evangelica
1860 735 2060 771 laudantur.
2114 735 2234 780 Quare

1239 783 1332 818 nihil
1349 785 1550 818 dubitemus
1565 785 1702 830 placere
1720 785 1816 827 Deo,
1842 786 1947 819 etiam
1964 793 2116 821 caeteras
2141 788 2235 832 poli—

1240 836 1325 877 tias,
1351 836 1381 869 si
1404 841 1561 874 tantum,
1591 842 1629 869 ut
1653 836 1744 875 dixi,
1778 848 1851 870 non
1878 845 2036 881 pugnent
2055 850 2134 872 cum
2158 839 2236 873 iure

1241 893 1400 927 naturae,
1427 887 1522 931 quod
1537 893 1597 926 est,
1624 893 1664 920 ut
1682 886 1812 921 Paulus
1826 888 1960 933 inquit:
1990 888 2048 923 Ius
2057 888 2124 922 Dei
2140 889 2233 923 divi-

1242 939 1339 972 nitus
1357 938 1564 982 inscriptum
1582 934 1747 971 humanis
1765 939 1961 980 mentibus,
1987 946 2026 973 ut
2042 951 2061 973 a
2077 939 2152 974 Deo
2172 938 2235 975 ha·

1242 989 1365 1023 herent
1383 989 1539 1032 regulam
1557 1000 1646 1033 quae
1665 989 1757 1031 leges
1775 990 1988 1032 gubernaret
2007 998 2039 1025 et
2058 991 2236 1025 diiudica-

1243 1047 1306 1075 ret.
1366 1039 1557 1085 Postquam
1594 1039 1702 1083 igitur
1733 1040 1951 1074 ostendimus
1988 1042 2125 1085 placere
2159 1042 2236 1077 Deo

1244 1091 1349 1125 etiam
1368 1097 1521 1124 caeteras
1536 1091 1696 1135 politias,
1722 1091 1835 1124 bonae
1850 1098 1986 1126 mentes
2000 1090 2067 1126 boc
2083 1093 2238 1137 diligen-

1245 1149 1298 1176 ter
1319 1142 1561 1182 considerent,
1594 1141 1673 1174 illas
1697 1154 1838 1187 quoque
1864 1154 1936 1176 esse
1960 1141 2025 1176 Dei
2058 1144 2238 1188 opificium

1245 1205 1306 1227 seu
1328 1193 1620 1233 fabricationem,
1647 1199 1686 1226 ut
1707 1193 1755 1227 ita
1779 1193 1905 1229 dicam.
1957 1193 2045 1228 Nam
2063 1202 2096 1229 et
2111 1193 2240 1228 Daniel

1245 1255 1404 1289 expresse
1413 1243 1472 1282 ait,
1488 1241 1603 1277 Deum
1619 1244 1830 1277 constituere
1841 1256 1963 1288 regna3
1993 1252 2023 1279 et
2036 1245 2167 1279 Paulus
2181 1245 2240 1279 in-

1246 1295 1335 1341 quit,
1353 1294 1504 1339 imperia
1519 1305 1592 1327 esse
1609 1295 1852 1328 ordinationes
1868 1293 1944 1330 Dei.
1979 1294 2153 1339 Magnum
2172 1297 2240 1340 igi·-

1246 1353 1305 1380 tur
1322 1346 1434 1379 scelus
1450 1352 1512 1386 est,
1539 1345 1656 1391 legum
1673 1346 1876 1387 violatione,
1903 1347 2002 1391 quasi
2022 1348 2127 1381 telam
2145 1347 2240 1381 divi—

1247 1397 1342 1431 nitus
1370 1403 1498 1430 textam
1521 1397 1731 1437 dilacerare,
1767 1396 1800 1429 id
1826 1399 1920 1442 quod
1943 1396 2117 1431 Diabolus
2141 1398 2241 1432 miris

1248 1447 1364 1481 modis
1381 1454 1540 1481 conatur.
1596 1447 1694 1490 Quid
1711 1449 1804 1480 enim
1822 1445 2016 1492 pulchrius,
2040 1449 2127 1494 quid
2143 1461 2240 1483 ama—

1249 1499 1354 1532 bilius
1379 1505 1469 1532 esset
1491 1498 1668 1543 imperiis,
1704 1499 1732 1531 si
1760 1495 1946 1532 harmonia
1970 1500 2144 1534 societatis
2172 1497 2242 1534 hu-

1248 1561 1372 1583 manae
1394 1561 1467 1583 non
1492 1549 1815 1583 interturbaretur?
1856 1549 1894 1584 Si
1922 1550 2099 1595 principes
2121 1563 2240 1585 veram

1248 1601 1455 1643 religionem
1472 1601 1657 1645 propagari
1686 1607 1851 1634 curarent
1878 1613 1917 1634 ac
1937 1602 2186 1643 defenderent,
2212 1602 2243 1636 si

1248 1663 1363 1685 mores
1380 1651 1509 1684 civium
1527 1652 1714 1695 diligenter
1729 1658 1907 1695 regerent,
1934 1652 1962 1685 si
1985 1653 2242 1687 controversias

1249 1709 1511 1746 cognoscerent,
1539 1709 1570 1736 et
1587 1703 1699 1736 bonos
1718 1709 1910 1742 tuerentur,
1938 1715 1976 1736 ac
1995 1702 2242 1748 proveherent,

1251 1754 1430 1798 improbos
1456 1765 1538 1787 vero
1560 1751 1785 1787 cobercerent
1805 1766 1843 1786 ac
1867 1754 2060 1798 punirent?
2094 1754 2132 1789 Si
2149 1755 2242 1789 cives

1250 1811 1364 1838 essent
1384 1805 1574 1838 concordes
1592 1812 1625 1838 et
1641 1806 1798 1838 modeste
1816 1812 1990 1849 parerent,
2016 1806 2045 1839 si
2065 1803 2242 1839 Ecclesiae

1251 1861 1363 1889 essent
1397 1855 1610 1900 tranquillae
1639 1863 1672 1890 et
1697 1862 1789 1889 recte
1815 1856 2119 1899 gubernarentur,
2151 1857 2179 1891 si
2206 1857 2241 1890 in

1250 1904 1379 1940 scholis
1403 1913 1493 1940 artes
1522 1907 1626 1941 utiles
1661 1907 1886 1940 traderentur
1915 1914 1947 1941 et
1979 1907 2167 1952 disciplina
2191 1919 2245 1942 se-

1251 1969 1332 1990 vere
1364 1957 1599 1991 retineretur?
1640 1956 1697 1991 An
1724 1970 1795 1991 non
1823 1958 1901 1992 talis
1927 1965 2036 1993 status
2066 1965 2154 1993 esset
2184 1959 2244 1993 illa

1251 2021 1354 2042 aurea
1380 2016 1492 2047 aetas,
1519 2021 1624 2054 qnam
1645 2008 1771 2043 Poetae
1796 2009 2024 2043 describunt?
2061 2008 2129 2043 Hic
2155 2010 2244 2044 ordo

1252 2066 1299 2093 est
1321 2060 1551 2103 imperiorum
1570 2060 1743 2093 divinitus
1763 2060 1960 2101 institutus,
1977 2067 2007 2094 et
2024 2072 2128 2105 quem
2148 2059 2244 2095 Deus

1253 2117 1452 2149 conservat,
1478 2118 1651 2156 quatenus
1668 2112 1760 2143 bona
1777 2118 1931 2144 manent.
1984 2111 2053 2146 Sed
2070 2110 2243 2146 Diabolus

1253 2163 1390 2195 rabiose
1415 2159 1510 2196 hunc
1533 2159 1680 2195 chorum
1709 2162 1940 2200 interturbat,
1973 2161 2094 2196 inritat
2124 2170 2244 2208 tyran—

1254 2225 1334 2252 nos,
1370 2220 1408 2247 nt
1431 2220 1598 2258 tanquam
1617 2212 1786 2256 Gigantes
1812 2213 1943 2246 illaturi
1975 2214 2106 2247 bellum
2134 2214 2245 2254 coelo,

1253 2265 1394 2297 abolere
1422 2265 1608 2307 religiones
1633 2271 1824 2304 conentur,
1851 2271 1889 2297 ut
1917 2264 2057 2298 iniustis
2078 2265 2244 2299 caedibus

1253 2322 1455 2357 grassentur
1481 2316 1516 2348 in
1543 2315 1653 2352 cives,
1688 2315 1849 2359 polluant
1874 2315 2057 2358 flagitiosis
2083 2316 2244 2350 libidini—

1256 2368 1318 2399 bus
1341 2367 1538 2400 universam
1568 2378 1686 2400 rerum
1717 2374 1896 2406 naturam,
1933 2367 2111 2401 licentiam
2136 2367 2243 2401 scele—

1254 2430 1331 2450 rum
1354 2418 1582 2457 confirment,
1617 2418 1755 2451 deleant
1782 2415 1928 2451 honesta
1948 2418 2082 2456 studia,
2115 2418 2244 2451 dilace-

1254 2476 1329 2502 rent
1350 2467 1531 2502 Eeclesias.
1585 2468 1684 2501 Talis
1700 2476 1809 2503 status
1825 2468 1960 2503 llomae
1978 2470 2063 2507 suit,
2092 2467 2244 2502 Neronis

1254 2527 1285 2554 et
1313 2521 1481 2553 similium
1509 2527 1741 2565 tyrannorum
1767 2526 1934 2564 tempore.
1986 2519 2045 2554 Sic
2072 2519 2244 2554 Diabolus

1254 2572 1498 2615 corrumpebat
1526 2570 1747 2604 harmoniam
1764 2571 1906 2604 «livinae
1928 2570 2184 2610 ordinationis,
2210 2578 2244 2606 et

1254 2630 1369 2656 tamen
1399 2623 1530 2657 interea
1561 2623 1651 2656 Dens
1677 2635 1748 2655 non
1778 2622 1977 2666 patiebatur
2001 2634 2076 2655 eam
2101 2633 2245 2666 prorsus

1253 2674 1380 2713 deleri,
1409 2688 1447 2707 ae
1465 2675 1663 2719 paulopost
1689 2685 1765 2706 eam
1784 2673 1987 2707 restituebat
2014 2673 2165 2708 extincto
2190 2679 2244 2718 ty-

1253 2737 1377 2760 ranno.
1435 2725 1479 2761 l't
1495 2733 1610 2759 autem
1627 2732 1799 2770 tyrannus
1817 2725 1874 2757 ille
1892 2732 1964 2759 erat
1985 2723 2126 2759 Diaboli
2143 2735 2245 2766 orga-
