2338 2958
125 102 198 139 697

124 188 339 220 deseruntur.
375 182 530 229 Exiguus
545 192 594 219 est
612 198 778 220 numerus
792 198 925 228 eorum,
954 187 1013 232 qui
1027 199 1101 220 me-

123 248 235 270 mores
263 233 367 268 huius
398 234 526 268 Psalmi
562 236 676 269 dicere
699 237 822 271 velint:
860 236 954 271 Haec
981 237 1098 270 omnia

121 286 318 319 acciderunt
345 285 464 326 nobis,
498 297 610 331 neque
636 293 751 319 tamen
779 294 812 320 te
839 288 940 320 obliti
969 298 1098 322 sumus-

121 334 218 377 Quae
242 341 291 367 est
316 346 502 377 regnorum
526 337 563 368 in
588 336 722 380 reliqua
747 335 888 379 Europa
915 338 1097 381 perturba-

118 384 191 417 tio?
224 384 285 416 ubi
309 385 466 427 polliceri
489 386 589 419 nobis
620 397 801 429 possumus
825 393 951 419 certam
975 385 1095 419 Eccle-

117 433 187 466 siae
209 435 323 466 sedem
344 446 543 468 mansuram
562 435 657 468 esse'?
709 435 763 468 Ad
789 434 872 468 haec
891 437 980 469 mala
998 448 1094 469 acce-

115 484 203 516 dunt
222 484 334 516 morbi
351 485 453 518 multi
468 492 500 518 et
516 486 632 528 magni
648 483 821 518 Ecclesiae
840 493 971 519 veteres
988 492 1020 518 et
1039 497 1093 518 re—

115 540 239 566 centes.
279 532 480 567 Defendunt
497 532 764 579 sidwiofcai‘locv
781 534 985 575 Pontifices,
1011 547 1093 578 pro-

115 590 251 626 ponunt
271 584 396 627 passim
415 585 550 618 decreta
568 585 735 626 sanguine
755 585 878 628 scripta
892 611 900 625 ‚
928 587 1093 618 adversus

113 631 329 666 Professores
353 645 458 677 purae
482 635 660 667 doctrinae
683 633 887 676 Evangelii,
915 641 947 667 et
972 646 1090 677 regum

113 681 330 716 iracundiam
347 685 550 717 accendunt.
592 682 701 716 Mutii
718 683 766 727 pii
784 684 864 716 totis
883 684 949 716 iam
968 685 1092 726 viginti

112 733 214 765 annis
230 733 355 776 passim
371 733 408 766 in
424 732 566 776 Europa
583 733 695 766 necati
710 740 790 766 sunt
801 760 810 774 ‚
838 740 898 767 aut
913 735 1006 778 pulsi
1021 736 1092 768 suis

113 782 264 816 sedibus.
319 782 364 816 Ut
390 789 503 816 autem
529 789 620 815 certa
647 784 816 827 quaedam
848 790 1091 828 tempestatum

112 832 208 875 signa
227 839 318 872 sunt,
343 833 389 865 ita
405 832 564 865 divinare
581 832 672 873 licet,
698 830 752 865 his
769 833 858 866 odiis
879 841 911 867 et
934 832 998 868 hac
1017 846 1091 867 sae-

111 882 200 914 vicia
226 881 388 925 portendi
421 893 582 925 magnam
610 894 727 915 rerum
746 881 987 917 humanarum
1013 897 1091 917 mu-

110 931 289 965 tationem.

211 995 292 1028 Tali
310 1003 466 1041 tempore
482 1009 560 1030 cum
575 998 717 1031 caeteris
734 998 818 1042 piis,
845 1005 919 1032 tum
943 999 1090 1031 maxime

109 1046 212 1079 nobis
229 1043 442 1080 scholasticis
459 1047 518 1091 qui
537 1048 760 1091 praecipuum
777 1046 952 1081 Ecclesiae
967 1059 1089 1091 agmen

108 1107 238 1137 sumuS,
261 1093 326 1129 hac
342 1097 579 1130 consolatione
593 1105 625 1131 et
642 1099 800 1131 doctrina
817 1110 904 1142 opus
919 1106 979 1138 est,
1002 1111 1089 1143 quae

107 1147 146 1179 in
162 1144 228 1179 hoc
248 1145 385 1179 Psalmo
404 1147 633 1190 proponitur,
660 1160 762 1192 quem
784 1145 992 1182 Ambrosius
1014 1161 1089 1181 mo-

106 1196 200 1229 riens
218 1196 288 1229 suis
303 1197 570 1232 commendavit.
619 1195 695 1230 Etsi
713 1198 838 1241 passim
855 1210 959 1241 regna
977 1206 1011 1231 et
1028 1211 1090 1241 po-

107 1246 202 1280 litiae
221 1246 482 1287 concutientur,
508 1253 624 1280 tamen
641 1259 712 1280 non
732 1259 874 1291 prorsus
891 1248 1087 1281 defuturam

78 1302 179 1328 ·'esse
196 1294 370 1329 Ecclesiae
393 1297 527 1334 sedem,
554 1308 698 1341 eamque
721 1297 769 1329 ibi
797 1298 889 1338 fore,
923 1298 984 1330 ubi
1010 1309 1089 1330 vera

107 1352 141 1379 et
161 1352 250 1378 recta
276 1346 390 1380 studia
411 1346 592 1379 doctrinae
615 1348 804 1380 durabunt.
856 1347 925 1381 Sed
948 1348 1088 1380 interim

106 1395 326 1438 singulorum
348 1395 484 1428 animos
500 1397 544 1429 ad
567 1394 657 1429 hanc
679 1397 840 1430 militiam
865 1404 899 1430 et
920 1408 1087 1441 propaga-

106 1445 239 1478 tionem
267 1456 368 1477 verae
396 1446 576 1479 doctrinae
609 1447 736 1480 debere
764 1454 902 1490 paratos
931 1459 1022 1487 esse,
1057 1454 1089 1479 et

106 1495 218 1528 exitus
242 1493 317 1527 Deo
343 1496 605 1536 commendare,
630 1503 668 1529 ut
690 1496 726 1528 in
753 1494 818 1529 hoc
839 1495 975 1529 Psalmo
1001 1496 1089 1529 dici-

106 1552 179 1578 tur:
206 1543 520 1587 ExurgeDomine,
547 1546 673 1579 adiuva
690 1553 722 1579 et
739 1546 848 1579 libera
864 1558 928 1579 nos
947 1553 1089 1589 propter

105 1606 235 1628 nomen
254 1602 364 1629 tuum.

204 1658 293 1693 Cum
315 1666 429 1693 autem
452 1666 531 1703 post
555 1657 659 1693 huius
675 1659 806 1693 Psalmi
829 1661 1086 1694 enarrationem

106 1720 233 1753 paucos
263 1709 336 1743 dies
368 1707 576 1743 Ambrosius
604 1710 839 1750 decubuisset,
880 1717 912 1743 et
938 1711 1087 1743 subinde

104 1759 261 1803 repetitis
278 1759 367 1792 votis
384 1757 575 1792 Ecclesiam
587 1786 596 1799 ‚
616 1767 647 1793 et
666 1771 736 1792 sese
753 1759 827 1793 Deo
847 1762 1087 1792 commendas-

104 1816 172 1848 set,
198 1809 314 1841 anima
335 1809 408 1841 eius
429 1809 587 1842 extinctis
609 1809 764 1851 corporis
780 1810 932 1849 viribus,
958 1821 996 1842 ex
1021 1807 1086 1842 hoc

104 1859 218 1902 fragili
239 1859 418 1891 domicilio
436 1859 472 1891 in
491 1866 665 1892 aeternam
682 1860 797 1891 sedem
810 1871 828 1891 a
842 1859 914 1891 Deo
928 1860 969 1891 ad
980 1857 1085 1892 Chri-

104 1916 214 1947 stum,
242 1905 434 1952 Prophetas
453 1915 485 1941 et
504 1907 691 1952 Apostolos
715 1915 852 1941 evocata
872 1916 932 1943 est.

205 1973 380 2008 Recensui
402 1973 614 2006 curriculum
633 1973 724 2005 vitae
747 1970 927 2016 Episcopi,
954 1974 1084 2016 optime

103 2024 220 2058 meriti
242 2025 284 2057 de
306 2022 459 2057 Ecclesia
477 2021 629 2063 Christi,
655 2030 688 2055 et
709 2023 752 2055 de
775 2023 893 2056 multis
914 2024 1084 2066 gentibus.

103 2074 174 2108 Nec
199 2074 361 2107 adiiciam
385 2073 700 2118 comparationem,
733 2079 771 2105 ut
794 2073 830 2105 fit
849 2073 1022 2106 interdum
1046 2075 1082 2106 in

103 2122 170 2158 hoc
188 2136 332 2167 genere,
359 2125 417 2157 sed
435 2136 497 2157 suo
520 2124 615 2161 loco,
641 2129 672 2155 et
690 2122 785 2167 quasi
803 2123 840 2155 in
857 2124 1004 2156 statione
1022 2135 1083 2157 sua

103 2175 344 2219 praedicamus
358 2186 436 2207 eum
453 2174 588 2207 utiliter
599 2171 774 2206 Ecclesiae
788 2173 955 2206 serviisse.
988 2172 1082 2206 Haec

104 2235 229 2268 magna
246 2225 321 2257 laus
336 2230 402 2262 est,
426 2231 459 2257 et
473 2223 586 2257 maior
607 2223 772 2256 omnibus
787 2221 995 2264 Alexandri,
1023 2230 1083 2257 ant:

105 2273 280 2318 Scipionis
310 2271 507 2317 triumphis.
565 2272 617 2307 Ac
647 2280 684 2306 ut
711 2285 812 2306 suum
838 2285 966 2307 munus
993 2274 1082 2307 tueri

105 2330 240 2367 posset,
267 2324 457 2356 instructus
479 2324 545 2356 fuit
563 2323 758 2357 eruditione
781 2329 811 2356 et
833 2324 953 2356 multis
971 2324 1082 2357 virtu-

104 2374 198 2408 tibus
215 2373 330 2416 dignis
346 2373 422 2406 viro
440 2373 595 2417 politico.
647 2372 688 2406 In
711 2371 766 2405 bis
783 2374 965 2417 praecipue
987 2374 1082 2407 fulsit

104 2424 213 2467 pietas
229 2430 262 2456 et
279 2435 359 2456 vera
376 2423 442 2457 Dei
459 2423 645 2458 invocatio.
697 2423 773 2457 Etsi
790 2430 903 2456 autem
917 2421 952 2456 bi
970 2423 1082 2458 Pane-

105 2474 213 2518 gyrici
237 2473 322 2506 olim
349 2473 392 2506 de
416 2472 550 2516 magnis
575 2473 657 2505 viris
682 2474 968 2517 proponebantur
990 2474 1082 2518 ipso-

106 2534 184 2556 rum
209 2535 308 2557 causa
334 2523 463 2567 magis,
495 2535 599 2567 quam
625 2524 844 2563 auditorum,
878 2531 992 2556 tamen
1020 2536 1083 2557 nos

106 2573 175 2605 alio
192 2573 339 2607 consilio
363 2571 452 2607 hanc
476 2570 657 2607 historiam
674 2580 708 2607 et
727 2574 857 2606 similes
872 2586 1082 2608 commemo—

106 2633 233 2657 ramus.

695 100 851 139 DECL.
885 102 957 138 DE
991 97 1272 138 ECCLESIA
1303 101 1562 141 CHRISTI.

2058 115 2131 150 598

1254 185 1485 221 Considerare
1516 190 1691 223 auditores
1713 193 1837 226 miram
1863 193 2035 230 Ecclesiae
2065 211 2129 242 gu-

1153 235 1392 269 bernationem
1412 239 1590 275 volumus,
1613 242 1840 276 admonemus
1858 246 1976 284 etiam„
2005 255 2039 280 ut
2053 248 2126 283 Deo

1150 286 1276 327 gratias
1293 294 1412 328 agant,
1439 290 1529 331 quod
1551 290 1693 323 idoneos
1713 294 1960 334 gubernatores
1979 299 2127 331 subinde

1149 336 1332 373 exuscitat,
1366 348 1445 379 pars
1473 340 1640 381 quaedam
1667 341 1778 375 laudis
1804 345 1904 376 etiam
1921 349 2059 390 propria
2078 356 2127 382 est

1149 382 1348 424 Ambrosii,
1385 388 1476 429 quod
1512 389 1716 422 coelestibus
1744 394 1844 431 donis
1869 396 1924 438 pie
1953 409 2034 430 usus
2068 406 2126 436 est,

1148 435 1239 477 quod
1259 436 1419 467 scandala
1434 436 1569 476 vitavit,
1596 450 1638 469 ne
1656 440 1774 473 dolor(-
1791 445 1996 479 adficeretur
2011 447 2126 491 Spiri-

1146 489 1200 515 tus
1219 491 1366 517 sanctus.
1419 484 1599 519 Postremo
1625 490 1732 522 multa
1751 504 1814 524 nos
1836 495 1876 525 de
1896 497 1998 527 rebus
2018 499 2126 530 maxi-

1147 532 1212 565 mis
1238 531 1302 566 hae
1328 531 1493 567 historiae
1520 545 1675 570 monent.
1730 539 1797 572 Noc
1819 549 1951 576 tantum
1971 549 2124 591 exempla

1145 583 1320 616 actionum
1353 596 1416 616 nos
1449 585 1598 617 invitant
1631 589 1671 619 ad
1706 589 1845 623 virtutis
1874 596 2046 635 studium,
2082 599 2125 630 ad

1145 634 1393 673 constantiam,
1422 636 1462 666 ad
1483 636 1698 678 pudicitiam.
1751 638 1844 673 Ilaec
1861 654 1877 673 a
1897 645 2014 676 inultis
2037 648 2125 679 sumi

1146 690 1304 726 possunt:
1342 686 1396 716 sed
1434 685 1650 726 singulorum
1678 692 1934 724 controversiae
1960 697 2126 730 erudiunt

1145 734 1377 776 posteritatem
1390 761 1398 773 ,
1422 746 1459 766 ex
1481 747 1544 767 vox
1562 736 1697 778 piorum
1722 746 1871 782 quorum
1888 743 2014 776 iudicia
2031 758 2126 777 coin-

1145 783 1287 825 probata
1307 791 1387 817 sunt
1413 784 1623 818 testimoniis
1643 787 1790 832 dix-inis,
1819 791 1919 824 valde
1945 795 2126 828 confirmat

1143 833 1401 868 imbecilliores.

1246 882 1397 925 Agitarit
1415 891 1527 917 autem
1540 884 1748 921 Ambrosius
1763 891 1889 923 multas
1905 903 2024 934 graves
2041 906 2125 927 con-

1143 933 1344 971 troversias,
1368 940 1405 966 nt
1417 933 1504 973 dixi,
1531 936 1711 979 dequibus
1722 940 1805 982 quid
1824 943 1984 980 senserit,
2008 952 2125 977 osten·

1143 982 1230 1014 dunt
1246 989 1275 1014 et
1294 983 1446 1015 actiones
1463 992 1492 1017 et
1511 984 1636 1027 scripta
1651 987 1733 1020 eins.
1778 989 1852 1032 lpsa
1871 992 1971 1023 etiam
1988 995 2125 1036 magni-

1142 1033 1226 1064 tudo
1252 1044 1431 1065 causaruin
1462 1046 1525 1066 nos
1552 1038 1834 1078 commonefacit,
1871 1048 1907 1073 nt
1935 1043 2124 1084 cogitemus

1142 1080 1316 1114 Ecclesiae
1334 1084 1626 1124 gubernatoribus
1652 1087 1839 1121 multarum
1860 1103 1974 1124 rerum
1993 1094 2125 1126 doctri-

1114 1118 1117 1173 Ι
1142 1143 1184 1163 na
1202 1143 1289 1174 opus
1307 1144 1396 1169 esse,
1425 1141 1455 1166 et
1477 1135 1515 1165 ad
1535 1141 1626 1167 tanta
1643 1139 1830 1171 certamina
1850 1153 1975 1183 magno
1998 1145 2124 1183 studio,

1113 1178 1116 1223 l
1140 1193 1264 1223 inagna
1282 1183 1526 1217 exercitatione
1545 1185 1579 1215 in
1599 1187 1762 1219 omnibus
1775 1190 1969 1233 disciplinis
1988 1193 2125 1235 ingenia

1113 1226 1116 1265 ἱ
1141 1233 1377 1273 praeparanda
1396 1244 1478 1266 esse.
1524 1234 1641 1275 Quare
1659 1237 1896 1272 adolescentes
1915 1248 1944 1273 et
1963 1243 2123 1284 pietatem

1141 1287 1172 1312 et
1197 1282 1308 1313 studia
1336 1282 1515 1315 Ambrosii
1549 1284 1757 1325 imitamini,
1795 1301 1925 1333 vosque
1955 1292 2124 1333 singulari

1140 1331 1206 1363 Dei
1229 1331 1443 1373 benignitate
1469 1334 1511 1365 ab
1538 1333 1654 1376 impiis
1679 1343 1710 1368 et
1734 1338 1906 1372 damnatis
1930 1350 2123 1384 segregatos

1140 1391 1230 1419 esse,
1253 1387 1283 1413 et
1296 1380 1471 1414 Ecclesiae
1488 1383 1651 1424 insertos,
1677 1386 1764 1418 utin
1783 1389 1882 1421 vobis
1900 1391 2027 1431 fulgeat
2044 1405 2123 1425 coe-

1140 1429 1234 1462 lestis
1261 1431 1434 1471 doctrina,
1470 1440 1500 1464 et
1518 1439 1555 1465 nt
1580 1445 1652 1465 eam
1671 1439 1880 1471 conservetis
1898 1452 1935 1472 ac
1956 1453 2123 1484 propage-

1112 1483 1115 1521 Ι
1139 1481 1198 1518 tis,
1221 1487 1439 1512 mementote.
1471 1481 1525 1514 Ad
1543 1479 1631 1515 lianc
1646 1492 1775 1518 tantam
1792 1488 2023 1531 functionem,
2043 1504 2123 1525 eru-

1139 1529 1272 1561 ditione
1290 1541 1350 1562 vos
1369 1530 1528 1564 instruite
1541 1558 1549 1570 ‚
1577 1539 1609 1565 ct
1626 1535 1789 1568 omnibus
1805 1539 2002 1574 animorum
2020 1549 2122 1586 atque

1138 1579 1358 1620 ingeniorum
1386 1581 1501 1613 nervis
1534 1585 1752 1624 contendite,
1786 1594 1822 1619 nt
1855 1586 1944 1622 lianc
1972 1599 2120 1624 vestram

1137 1627 1317 1671 Spartam,
1346 1629 1379 1661 id
1398 1637 1464 1670 est,
1491 1629 1680 1665 Ecclesiam
1699 1634 1835 1669 siliiDei
1853 1640 1993 1673 ornetis.
2031 1641 2120 1675 Dixi.

1160 1826 1223 1858 No.
1242 1826 1303 1861 72.
1948 1853 1993 1871 an.
2013 1843 2104 1874 1543.

1361 1942 1435 1983 De
1466 1943 1670 1986 Ecclesia
1707 1947 1884 1990 Christi.

1201 2019 1230 2045 In
1251 2019 1374 2059 Declam.
1395 2022 1426 2047 T.
1440 2023 1458 2046 l.
1479 2032 1503 2052 p.
1519 2024 1567 2049 105
1582 2032 1657 2057 φφ,
1688 2027 1758 2060 apud
1778 2027 1903 2056 Richard.
1924 2030 1955 2056 T.
1970 2032 2015 2058 ΙΙΙ.
2034 2043 2057 2066 p.
2074 2036 2115 2061 99.

1233 2058 1260 2079 et
1276 2064 1302 2079 in
1321 2054 1439 2082 Servest.
1458 2056 1490 2081 T.
1507 2056 1525 2083 Ι.
1547 2067 1571 2091 p.
1586 2059 1626 2083 91.

1133 2141 1258 2174 Oratio
1286 2141 1554 2185 Gasparis
1581 2145 1900 2192 Cruciyeri‚
1927 2152 1961 2185 S.
1990 2152 2113 2189 Theol.

1106 2191 1322 2246 ΙΒοσίονιζτς,
1363 2191 1409 2225 de
1440 2194 1608 2227 Ecclesia
1639 2195 1796 2240 Christi,
1838 2211 1951 2243 quam
1981 2202 2112 2239 habuit

1106 2254 1109 2307 Ι
1131 2239 1191 2274 26.
1208 2241 1323 2284 April.
1332 2266 1345 2282 ‚
1375 2253 1456 2275 cum
1483 2243 1694 2279 decerneret
1718 2249 1869 2282 titulum
1886 2252 2113 2289 Doctorams

1133 2292 1178 2325 D.
1201 2293 1420 2335 Hieronymo
1443 2294 1570 2337 Noppo
1603 2300 1637 2328 et
1661 2297 1707 2329 D.
1733 2299 1968 2336 Friedericlw
1992 2306 2112 2340 Bach-

1307 2339 1421 2386 lwfen
1442 2346 1508 2376 etc.
1560 2345 1661 2379 Anno
1680 2348 1933 2385 M.D.A‘L111.

1132 2417 1282 2466 Quoties
1307 2435 1368 2467 ego
1393 2422 1456 2458 hos
1481 2424 1745 2464 honestissimos
1767 2442 1958 2469 conventus
1975 2435 2110 2473 schola-

1132 2475 1234 2507 sticos
1261 2474 1408 2517 aspicio,
1439 2475 1584 2510 mirifica
1615 2480 1792 2524 voluptate
1818 2485 1971 2522 adficior.
2014 2488 2108 2523 Ouid

1133 2524 1226 2557 enim
1259 2523 1294 2555 in
1325 2522 1389 2557 hac
1415 2525 1483 2558 vita
1510 2524 1664 2570 homini,
1697 2543 1769 2564 non
1793 2545 1934 2576 prorsus
1955 2520 2068 2571 alieno
2091 2552 2109 2572 a

1134 2574 1258 2618 pietate
1291 2580 1323 2606 et
1355 2575 1482 2614 literis.
1539 2585 1650 2621 potest
1681 2582 1881 2627 contingere
1912 2587 2109 2630 iucundum,

1137 2636 1240 2669 quam
1271 2623 1389 2657 videre
1419 2625 1506 2658 tales
1535 2635 1654 2663 coetus
1677 2631 1833 2666 virorum
1858 2638 2106 2690 pwtantium

1439 2675 1522 2711 38*
