2338 2958
207 141 281 178 635

210 230 379 266 luntates,
411 222 602 259 Germania
627 232 700 254 non
727 219 949 260 defenditur,
985 219 1058 252 imo
1080 226 1114 253 et
1136 219 1201 252 do—

210 279 394 313 mesticum
413 275 544 308 bellum
563 272 645 306 satis
660 271 822 312 crudele,
847 278 921 305 tum
938 270 1026 314 gerit
1044 276 1118 303 tum
1138 281 1201 314 pa-

211 331 268 365 rit.
309 328 347 363 Si
366 326 429 360 bae
446 331 563 358 tantae
580 334 702 356 causae
720 334 792 356 non
807 329 951 355 movent
969 332 1030 355 vos
1048 327 1088 354 ut
1102 321 1202 354 viva-

210 382 256 416 tis
272 376 481 413 modestius,
507 381 546 408 ut
562 373 771 416 confugiatis
794 373 837 406 ad
853 372 993 406 Deum?
1021 372 1106 417 quid
1123 383 1200 405 mea

212 430 323 466 oratio
348 427 514 472 proficere
536 424 674 470 potest?
700 425 786 470 quid
806 436 869 457 nos
887 424 930 456 de
947 423 1063 466 legum
1083 423 1201 466 digni-

211 489 280 517 tate
297 479 391 523 apud
414 488 472 510 eos
487 476 691 509 concionari
708 487 910 519 possumus,
938 474 999 519 qui
1016 480 1056 507 ut
1073 473 1200 520 Cyclo-

210 544 290 577 pes,
317 540 431 574 neque
445 527 560 561 Deum
574 538 688 572 neque
712 527 802 569 leges
820 526 910 559 ullas
927 525 1077 559 curant?
1129 524 1202 558 Pu-

210 585 269 617 det
284 581 366 615 talia
383 579 497 613 dicere
514 578 551 611 in
568 575 703 619 schola,
726 589 815 623 quae
832 577 982 610 debebat
995 588 1068 609 non
1085 575 1200 609 solum

209 633 351 672 audire,
384 631 443 664 sed
468 629 572 663 etiam
600 629 714 662 colere
737 628 877 661 virtutis
896 627 1109 661 doctrinam.
1162 625 1200 660 Si

209 696 282 718 esse
299 682 415 717 Deum
441 680 660 714 conditorem
684 691 823 718 rerum,
858 685 891 712 et
914 677 1066 711 iudicem
1090 677 1199 710 facto-

209 747 289 769 rum
313 739 516 767 nostrorum
543 730 696 770 sentitis,
730 729 935 762 afficiamini
959 727 1104 761 monitis
1122 739 1201 760 coe-

207 786 375 823 lestibus,
403 783 517 827 ipsum
544 788 702 815 autorem
734 792 872 819 rerum,
902 786 935 812 et
962 779 1113 811 iudicem
1140 790 1201 811 ve-

209 844 321 872 strum
347 833 541 878 agnoscite,
573 839 605 865 et
629 831 660 864 ei
686 831 722 863 in
746 828 801 863 bis
824 830 948 863 officiis
970 841 1059 874 quae
1084 829 1201 872 legum

209 900 294 922 voce
314 884 478 930 requirit,
508 883 659 917 obedite.
714 881 850 914 Videtis
878 893 896 914 a
922 880 997 914 Deo
1021 880 1202 914 ordinatas

209 951 282 974 esse
300 938 391 970 vices
407 935 544 969 dierum
561 946 600 967 ac
617 933 787 973 noctium,
813 932 953 965 aestatis
970 938 1003 965 et
1022 931 1201 964 autumni:

209 989 273 1025 has
290 989 381 1022 vices
399 997 470 1020 esse
488 992 598 1019 certas
615 995 737 1017 omnes
752 983 930 1024 fatemini,
952 995 1015 1016 cur
1034 981 1143 1025 igitur
1159 982 1202 1014 de

209 1039 375 1087 praemiis
389 1043 480 1071 recte
495 1037 680 1074 sactorum,
703 1042 734 1069 et
748 1036 790 1067 de
805 1034 927 1078 poenis
939 1033 1202 1067 malefactorum

209 1090 378 1127 dubitatis
389 1089 406 1121 ἶ)
428 1087 531 1121 Certa
547 1088 620 1130 lege
636 1085 702 1119 Dei
720 1086 923 1119 obruuntur
939 1084 1061 1128 poenis
1079 1094 1202 1117 omnes

210 1141 379 1177 scelerati.
433 1137 490 1172 An
518 1150 598 1171 casu
621 1137 752 1181 putatis
774 1136 901 1169 subiici
929 1135 997 1168 iam
1027 1135 1202 1168 mundum

208 1192 413 1229 barbaricae
430 1188 612 1234 tyrannidi
630 1187 848 1227 Turcarum,
875 1186 989 1231 qualis
1014 1185 1082 1218 alia
1104 1185 1202 1218 nulla

209 1244 335 1280 similis
358 1252 516 1285 unquam
536 1238 626 1272 snit?
659 1237 889 1282 Nequaquam
915 1234 980 1269 boc
1005 1247 1086 1268 casu
1113 1235 1204 1268 acci-

209 1297 270 1330 dit.
310 1293 380 1327 Sed
398 1289 465 1324 hoc
481 1289 571 1323 tristi
587 1300 733 1329 carcere,
761 1285 947 1320 bominum
963 1287 1063 1319 furor
1079 1283 1204 1319 coher-

210 1346 341 1381 cendus
371 1350 405 1376 et
433 1341 708 1385 compescendus
734 1345 804 1378 est,
838 1338 900 1383 qui
929 1337 1038 1370 nullis
1067 1337 1203 1381 legibus

208 1395 341 1432 frenari
360 1405 442 1428 suos
464 1403 578 1425 mores
595 1390 733 1430 sinunt,
760 1389 820 1434 qui
841 1388 987 1422 concedi
1007 1388 1075 1421 sibi
1094 1388 1203 1421 licen—

209 1450 314 1487 tiam,
340 1453 379 1479 ut
394 1444 518 1477 beluae
534 1443 678 1481 volunt,
705 1441 918 1473 exercendae
935 1439 1149 1483 petulantiae
1166 1447 1205 1472 ut

209 1500 306 1533 libet.
359 1494 393 1529 Ο
424 1494 678 1539 deplorandam
704 1492 906 1536 principum
938 1490 1203 1533 negligentiam:

209 1549 266 1584 his
289 1547 392 1582 malis
409 1545 542 1579 mederi
563 1555 622 1577 eos
639 1543 842 1586 oportebat,
869 1549 907 1575 ut
934 1539 1024 1574 hanc
1048 1541 1205 1574 indomi-

210 1609 281 1636 tam
300 1599 439 1633 turbam
458 1594 687 1630 severissimis
714 1593 835 1636 poenis
857 1594 897 1625 ad
925 1592 1132 1624 modestiam
1148 1603 1204 1623 re-

211 1656 398 1689 vocarent,
422 1647 517 1692 quod
542 1646 609 1678 nisi
634 1645 776 1677 tandem
801 1642 949 1681 facient,
975 1641 1071 1675 Deus
1094 1642 1204 1674 iratus

211 1701 275 1736 bas
298 1707 416 1744 gentes
435 1697 601 1731 servitute
619 1694 768 1728 Turcica
792 1694 986 1737 opprimet,
1014 1694 1072 1725 scd
1099 1694 1203 1725 redeo

212 1755 254 1787 ad
275 1750 519 1789 scholasticos,
546 1748 743 1781 obtestatur
759 1756 820 1777 vos
841 1743 896 1777 bic
923 1745 1107 1776 universus
1125 1756 1203 1775 coe-

212 1814 268 1840 tus
284 1807 548 1847 praeceptorum
567 1804 762 1831 vestrorum
776 1823 784 1836 ‚
811 1802 843 1829 et
863 1795 1031 1839 praecipit
1049 1807 1132 1827 voce
1148 1795 1203 1826 di—

212 1857 313 1894 vina,
339 1860 378 1886 ut
402 1858 433 1884 et
459 1848 689 1883 revereamini
712 1845 845 1886 Deum,
873 1852 905 1879 ct
934 1845 1058 1878 xivatis
1083 1846 1203 1878 mode-

213 1907 315 1944 stius,
344 1914 450 1948 eaque
476 1901 510 1933 in
536 1912 572 1933 re
599 1911 677 1932 cum
702 1904 834 1930 vestrae
858 1896 982 1937 saluti,
1009 1903 1081 1929 tum
1109 1909 1205 1929 com-

212 1957 313 1991 muni
344 1952 546 1989 consulatis.
609 1949 686 1983 Nisi
722 1949 815 1981 enim
846 1954 949 1980 erunt
974 1948 1205 1981 modestiores

212 2019 348 2045 mores,
384 2005 538 2049 profecto
564 1999 648 2034 liacc
673 2001 785 2037 bona,
818 1999 930 2031 lucem
956 1998 1137 2035 doctrinae
1162 1999 1204 2030 ‹le

211 2059 306 2097 Deo,
332 2055 524 2093 Ecclesias,
552 2053 652 2095 leges,
680 2051 815 2089 liter-¹1⁵,
841 2057 871 2082 et
891 2056 1021 2082 caetera
1041 2049 1130 2081 vitae
1147 2062 1204 2082 or-

213 2115 376 2144 namenta
394 2104 554 2140 amissuri
572 2103 662 2137 estis.
697 2102 837 2143 Quanta
855 2102 944 2132 bona
963 2100 1076 2133 amisit
1091 2100 1204 2133 Adam

214 2174 285 2195 uno
303 2158 426 2203 lapsu?
468 2155 648 2198 Quamdiu
668 2150 799 2185 ethnici
821 2152 855 2184 in
876 2151 1044 2189 tenebris„
1069 2158 1102 2184 et
1122 2149 1205 2184 lior-

215 2211 332 2253 mutis
350 2207 539 2242 sceleribus
557 2204 741 2237 vixerunt?
770 2209 950 2247 propterea
969 2203 1061 2246 quod
1082 2214 1203 2236 eorum

215 2263 363 2296 maiores
387 2263 587 2303 spreverant
614 2255 809 2288 doctrinam
838 2253 1030 2297 primorum
1056 2261 1204 2296 patrum.

215 2313 279 2347 His
304 2310 470 2354 exemplis
494 2319 555 2341 vos
580 2308 622 2340 ad
648 2306 810 2350 pietatem
836 2313 866 2337 et
887 2304 1092 2336 modestiam
1113 2304 1202 2337 exci-

215 2372 294 2400 tate,
322 2363 414 2407 quod
435 2361 461 2393 si
480 2359 622 2395 facietis,
650 2369 718 2389 non
736 2357 849 2389 solum
865 2356 1068 2395 dignitatem
1089 2355 1202 2397 legum

216 2427 295 2447 vere
322 2412 542 2451 intelligetis,
570 2410 625 2441 sed
653 2409 755 2440 etiarn
776 2408 809 2439 in
837 2407 1091 2448 gubernatione
1108 2406 1203 2439 eritis

216 2465 373 2499 foelices:
410 2462 502 2495 Deus
523 2461 615 2492 enini
643 2459 815 2503 promittit
845 2459 915 2490 suis
940 2458 1146 2500 sapientiam
1171 2464 1201 2489 vt

216 2527 402 2551 successus.
449 2515 496 2544 lta
516 2511 715 2550 intelliwdis
737 2510 827 2550 leges
842 2521 913 2541 esse
935 2509 994 2542 llei
1013 2521 1143 2546 vocem,
1172 2516 1199 2541 et

215 2568 310 2602 liunc
352 2565 533 2608 politii-um
573 2563 732 2593 ordinem
769 2574 786 2593 a
826 2559 897 2592 Deo
935 2567 963 2592 vt
1004 2560 1201 2593 institutum

216 2631 306 2655 esse,
336 2624 364 2649 et
391 2615 507 2659 aliqua
533 2627 569 2644 ex
596 2620 709 2655 parte,
738 2611 954 2647 conservari,
983 2618 1018 2643 ut
1040 2611 1073 2643 in
1094 2610 1202 2643 surie-

215 2678 282 2703 tate
301 2667 452 2701 lunnzum
478 2666 664 2696 innotescat
695 2664 782 2705 ipse,
811 2670 838 2694 vt
859 2675 922 2694 nos
946 2662 1098 2705 copulati
1126 2674 1202 2693 mu—
1230 2694 1231 2704 γ

216 2723 282 2755 tuis
298 2719 432 2756 nstin—iis,
462 2715 659 2749 testimoni..
681 2721 816 2745 nostr-u·
838 2714 1040 2752 sentvntitw,
1068 2714 1109 2745 tlt*
1131 2711 1202 2746 Deo
1228 2709 1231 2749 l

786 132 948 170 DECL.
993 131 1070 168 DE
1106 131 1250 169 IURE
1282 134 1658 175 POSSIDENDI.

1230 2436 1231 2452 z
1260 2406 1299 2441 lit
1327 2408 1442 2441 statim
1461 2407 1569 2439 multa
1586 2412 1698 2438 secuta
1717 2412 1795 2437 sunt
1814 2405 1979 2449 exempla.

1230 2457 1231 2464 ¹
1258 2459 1336 2498 gitis
1362 2459 1396 2491 in
1416 2457 1663 2491 obsidionibus
1683 2457 1770 2489 sorte
1788 2457 1911 2488 ductos
1928 2453 2088 2489 liomines
2105 2455 2165 2500 qui
2185 2468 2248 2489 ne-

2170 142 2247 178 636

1255 229 1287 256 et
1308 224 1351 256 de
1373 223 1446 256 filio
1467 222 1553 266 Dei,
1581 232 1618 260 et
1640 232 1799 259 mutuam
1822 228 2105 262 benevolentiam
2128 235 2249 262 osten-

1254 275 1397 313 damus,
1424 286 1560 320 nosque
1586 277 1718 310 mutuis
1741 279 1908 322 exemplis
1930 280 1974 313 ad
1997 280 2164 313 virtutem
2188 291 2249 313 ac·
2296 306 2299 308 .

1253 325 1456 360 cendamuS.
1510 325 1566 360 Ad
1591 325 1676 361 llaec
1700 327 1950 370 intelligenda,
1978 331 2134 375 profecto
2159 341 2249 374 opus

1253 384 1320 416 est,
1347 383 1385 409 ut
1411 376 1503 415 dixi,
1531 379 1684 423 quodam
1707 378 1825 413 studio
1844 379 2002 422 virtutis,
2027 382 2154 415 timore
2169 380 2249 422 Dei,

1253 428 1438 466 modestia,
1459 435 1493 462 et
1510 429 1693 473 diligentia
1712 430 1947 473 regendorum
1963 443 2114 466 morum.
2152 431 2247 466 Dixi.

1281 600 1346 636 ΝΟ.
1359 600 1418 635 76.
2078 614 2125 633 an.
2144 603 2239 634 1543.

2071 648 2242 661 Μ

1495 700 1570 741 De
1602 701 1699 741 iure
1727 698 2010 754 possidendi.

1324 771 1356 795 In
1377 769 1501 797 Declam.
1522 770 1555 796 Τ.
1568 771 1614 796 lV.
1635 779 1660 803 p.
1676 770 1707 795 81
1726 779 1800 804 sqq.,
1823 769 1893 803 apud
1909 768 2041 796 Richard.
2061 769 2138 796 Τ.ΙΙ.
2158 779 2182 804 p.
2191 768 2250 797 585·

1357 809 1382 830 et
1407 805 1433 830 in
1459 805 1579 831 Servest.
1599 804 1631 830 T.
1648 804 1695 830 lV.
1715 814 1739 837 p.
1754 805 1796 830 74.
1841 803 1947 838 Mylius
1973 805 2000 829 in
2021 804 2154 831 chronol.
2179 806 2248 833 scri-

1359 844 1469 874 ptorum
1490 838 1558 865 Mel.
1578 838 1647 864 hanc
1665 838 1820 864 orationem
1839 839 1931 864 retulit
1949 839 1981 864 ad
2002 848 2046 865 an.
2059 838 2136 867 1543.

1256 909 1386 942 Oratio
1412 907 1457 942 de
1479 910 1668 942 sententia
1688 910 1726 942 in
1741 907 1924 950 decretis,
1951 908 2117 955 singulos
2129 910 2250 953 possi-

1340 958 1454 1002 dere,
1480 970 1524 993 ea
1543 970 1637 1005 quae
1648 957 1867 1004 possident,
1894 961 1976 994 iure
1991 958 2166 994 humano.

1256 1024 1450 1078 Principio
1471 1045 1614 1077 agamus
1631 1033 1758 1076 gratias
1775 1031 1851 1067 Deo
1868 1034 2045 1068 conditori
2063 1035 2250 1069 universae

1256 1092 1420 1125 naturae,
1447 1085 1507 1130 qui
1533 1084 1570 1117 in
1590 1085 1696 1118 tantis
1712 1085 1943 1126 tumultibus,
1970 1091 2003 1118 et
2019 1091 2116 1119 tanta
2132 1083 2251 1119 Euro-

1257 1149 1319 1181 pae
1349 1135 1458 1169 totius
1489 1135 1776 1179 perturbatione,
1818 1133 1933 1169 adbuc
1963 1135 2090 1170 studiis
2119 1136 2250 1171 nostris

1255 1186 1484 1231 tranquillam
1504 1187 1620 1218 sedem
1639 1186 1819 1229 praebuit:
1846 1193 1879 1219 et
1897 1193 1977 1220 vota
1994 1186 2183 1228 faciamus,
2209 1193 2251 1221 ut

1256 1236 1342 1270 haec
1363 1237 1468 1269 nobis
1482 1237 1721 1281 tranquillitas
1739 1237 1784 1269 sit
1799 1236 1983 1270 diuturna:
2013 1249 2129 1270 mores
2143 1238 2248 1271 etiam

1256 1294 1396 1321 nostros
1413 1299 1451 1320 ea
1469 1287 1640 1320 modestia
1658 1298 1836 1330 regamus,
1862 1294 1902 1320 ut
1919 1287 2088 1321 beneficio
2106 1287 2172 1322 Dei
2190 1289 2250 1321 vi-

1256 1340 1404 1372 deamur
1419 1350 1492 1371 non
1508 1337 1680 1381 flagitiose
1697 1337 1806 1372 abuti.
1857 1336 1943 1370 Nam
1959 1350 2073 1383 neque
2088 1340 2252 1383 petenda,

1256 1401 1371 1435 neque
1392 1389 1563 1433 speranda
1580 1395 1631 1422 est
1648 1388 1904 1433 tranquillitas,
1932 1389 1958 1421 si
1977 1395 2115 1423 tantum
2134 1390 2251 1423 ocium

1256 1440 1416 1485 pecuinis
1434 1439 1676 1484 voluptatibus
1693 1439 1836 1472 concedi
1856 1439 2030 1475 volumus.
2082 1438 2156 1474 Nos
2172 1440 2253 1486 qui-

1258 1493 1337 1524 dem
1364 1491 1424 1536 qui
1450 1490 1648 1525 doctrinam
1674 1490 1816 1523 virtutis
1840 1490 2075 1535 inquirimus,
2110 1491 2252 1535 longius

1257 1543 1456 1587 prospicere
1479 1553 1580 1575 veros
1605 1541 1690 1574 fines
1711 1541 1806 1584 pacis
1827 1541 1944 1582 decet,
1972 1553 2035 1575 nec
2052 1548 2189 1575 tantum
2207 1543 2251 1576 de

1257 1593 1414 1637 corporis
1438 1592 1683 1637 voluptatibus
1707 1592 1869 1635 cogitare.
1923 1591 2030 1635 Quod
2050 1599 2102 1627 est
2118 1593 2253 1627 tristius

1256 1643 1513 1688 spectaculum,
1540 1655 1644 1687 quam
1669 1642 1752 1675 inde
1773 1654 1884 1687 usque
1906 1643 1951 1675 ab
1978 1643 2082 1677 initio
2105 1650 2181 1688 post
2200 1644 2253 1677 la·-

1257 1706 1359 1739 psum
1382 1694 1577 1738 primorum
1600 1700 1787 1737 parentum
1807 1699 1923 1726 mente
1941 1693 2070 1727 intueri
2089 1695 2251 1728 omnium

1258 1752 1409 1779 aetatum
1441 1742 1642 1778 historiam:
1687 1751 1719 1776 et
1749 1756 1822 1776 non
1853 1743 1967 1776 solum
1999 1745 2119 1778 caedes
2150 1745 2253 1789 ipsas,

1257 1796 1370 1835 bella,
1410 1795 1544 1828 excidia
1582 1795 1725 1828 urbium
1760 1807 1799 1827 ac
1837 1795 2010 1836 gentium:
2054 1797 2112 1828 sed
2144 1796 2250 1830 etiam

1258 1858 1377 1880 causas
1402 1852 1582 1879 tantorum
1606 1845 1780 1878 malorum
1805 1845 2054 1879 considerare?
2106 1846 2253 1891 Semper

1260 1898 1351 1931 enim
1376 1896 1549 1940 sapientes
1574 1895 1640 1929 viri
1664 1896 1780 1929 mirati
1807 1903 1909 1936 sunt,
1935 1897 2030 1929 unde
2048 1897 2137 1930 tanti
2153 1899 2252 1932 furo-

1259 1961 1313 1982 res
1331 1949 1401 1981 sint
1420 1948 1455 1980 in
1476 1955 1545 1981 tam
1561 1947 1750 1991 praestanti
1768 1953 1911 1987 natura,
1938 1954 1974 1981 ut
1993 1944 2155 1981 homines
2171 1949 2252 1993 qui-

1258 2001 1324 2033 bus
1348 1999 1473 2032 insitus
1497 2006 1547 2033 est
1571 2010 1670 2031 amor
1693 1998 1891 2031 communis
1913 1998 2106 2037 societatis,
2135 1999 2252 2033 ausint

1258 2058 1376 2084 tamen
1399 2047 1464 2082 boc
1490 2050 1605 2094 ipsum
1630 2049 1754 2081 foedus
1777 2048 2016 2081 crudelissime
2042 2049 2194 2090 violare,
2217 2057 2251 2084 et

1259 2101 1403 2134 exitium
1433 2098 1639 2133 bominibus
1670 2098 1800 2133 moliri.
1854 2098 1934 2131 Non
1959 2099 2129 2133 dimicant
2159 2100 2251 2134 inter

1259 2164 1330 2185 sese
1350 2153 1488 2192 leones,
1516 2152 1619 2195 lupus
1635 2163 1652 2183 a
1670 2151 1753 2194 lupo
1772 2150 1939 2189 abstinet,
1962 2150 2053 2183 ursis
2069 2150 2162 2185 inter
2177 2163 2251 2185 sese

1258 2204 1382 2236 foedus
1405 2211 1465 2238 est.
1518 2202 1591 2236 Cur
1612 2199 1789 2238 homines,
1818 2208 1848 2233 et
1869 2201 2011 2245 quidem
2030 2202 2190 2245 cognati,
2218 2210 2250 2237 et

1258 2255 1377 2287 multis
1410 2254 1502 2286 inter
1531 2265 1566 2287 se
1599 2252 1819 2285 naturalibus
1849 2259 1877 2284 et
1911 2252 2076 2285 civilibus
2100 2253 2250 2286 vinculis

1259 2305 1438 2338 coniuncti
1453 2332 1460 2342 ,
1501 2304 1535 2337 in
1567 2311 1726 2336 mutuam
1762 2303 1902 2335 caedem
1938 2304 2071 2338 ruunt?
2122 2303 2249 2337 Statim

1259 2357 1360 2388 initio
1393 2356 1530 2397 generis
1563 2352 1708 2387 bomani
1744 2355 1850 2387 frater
1883 2354 2070 2387 trucidavit
2094 2354 2249 2388 fratrem.

2035 2405 2183 2447 Quoties
2199 2405 2249 2438 le-

1257 2516 1439 2545 vai-entur,
1466 2516 1503 2542 ut
1527 2509 1650 2541 caeteri
1677 2505 1830 2540 bumana
1855 2519 1957 2539 carne
1974 2506 2065 2550 pasci
2085 2509 2249 2550 possent?

1269 2561 1394 2593 xvcidit
1414 2558 1478 2593 lior
1498 2572 1568 2590 nou
1589 2565 1723 2591 tantuin
1744 2557 1984 2602 lerosolymis.
2011 2558 2068 2589 sed
2089 2558 2192 2590 ctiam
2211 2558 2247 2591 in

1261 2611 1270 2643 l
1295 2613 1378 2648 tica,
1413 2611 1447 2643 in
1469 2610 1633 2647 l'otidna,
1662 2616 1693 2642 ct
1718 2609 1796 2642 aliis
1821 2609 1938 2640 inultis
1963 2608 2057 2642 locis,
2114 2608 2247 2642 Mirum

1257 2670 1301 2694 ost
1339 2663 1514 2706 proferto,
1549 2668 1683 2694 tantum
1713 2659 1947 2692 calamitatum
1976 2659 2010 2690 in
2035 2657 2098 2691 liar
2123 2666 2247 2693 natura

1258 2726 1348 2752 esse,
1377 2727 1464 2758 quae
1488 2720 1631 2757 propter
1653 2711 1824 2744 rationem
1846 2709 2042 2743 dixiuitatis
2066 2711 2248 2755 particeps,
