2338 2958
71 151 144 186 909

69 237 316 270 bernatoribus
328 262 336 276 ,
363 242 477 269 tamen
494 244 526 271 et
543 236 616 280 ipse
632 243 748 270 manet
766 237 802 269 in
825 237 994 275 statione,
1021 247 1060 268 ac

69 288 237 321 maiorem
266 293 398 331 partem
423 288 707 333 delinquentium
731 288 802 320 suis
827 288 990 320 manibus
1016 287 1056 319 ad

67 338 238 383 supplicia
263 338 365 381 rapit.
423 337 503 372 Non
529 339 721 383 puniebant
747 339 879 372 iudices
904 335 1058 371 Pharao-

68 401 167 430 nem,
195 387 457 428 Alexzmdrum,
486 387 722 430 Antiochum,
749 387 965 429 Antonium,
991 388 1059 421 Ca—

68 440 234 483 ligulam,
264 438 461 481 Neronem,
489 448 521 474 et
542 440 819 473 innumerabiles
837 440 942 479 alios,
968 451 1058 482 quo-

69 503 139 536 quo
172 491 278 523 modo
309 491 462 534 pollutos
496 491 661 524 omnibus
692 491 921 535 temporibus.
984 488 1057 522 Hos

69 549 183 576 tamen
209 553 331 574 omnes
351 542 467 574 divina
487 541 666 582 Nemesis,
692 549 728 575 ut
747 542 830 574 olim
857 541 1057 577 vocabatur,

67 594 241 637 oppressit
260 593 358 626 iustis
378 593 517 637 poenis,
544 600 575 626 et
591 593 763 637 opprimet
781 592 946 625 omnibus
965 598 1058 624 aeta-

69 643 173 678 tibus.
228 642 275 677 Et
291 644 511 678 verissimum
527 651 575 677 est
592 644 724 677 dictum
745 643 848 676 illud:

170 720 239 751 Non
263 723 334 751 urbs
346 745 352 757 ,
380 732 442 750 uon
459 723 541 761 regio
553 745 560 759 ,
588 732 647 750 nou
665 728 741 750 aetas
758 723 818 750 ulla
835 723 929 750 severi

168 772 278 803 Iudicii
295 775 440 812 exemplis
452 796 460 810 ,
485 784 546 801 nou
565 773 671 802 domus
690 775 750 802 ulla
767 780 855 802 caret.

68 843 114 879 Et
134 846 335 878 notissimae
351 851 432 879 sunt
448 845 739 879 comminationes
758 844 929 877 divinitus
948 844 1058 877 tradi-

68 903 139 930 tae:
167 895 238 939 Qui
257 896 410 939 gladium
427 896 615 940 acceperit,
639 896 755 939 gladio
773 895 914 939 peribit.
957 897 1057 929 Item:

68 947 285 982 Scortatores
309 954 341 980 et
367 948 545 980 adulteros
571 947 739 980 iudicabit
755 945 861 983 Deus.
903 944 950 979 Et
971 947 1059 979 aliae

69 999 209 1033 multae.
250 997 355 1031 Hunc
374 1004 486 1032 totum
505 998 665 1031 ordinem
685 997 951 1042 gubernationis
969 997 1059 1030 vitae

69 1047 244 1083 humanae
261 1049 433 1082 sancitum
451 1049 633 1089 divinitus,
661 1050 883 1082 considerare
901 1048 1060 1092 quotidie

69 1101 257 1140 debemus,
300 1113 338 1133 ac
369 1100 474 1133 simul
511 1100 639 1143 gratias
670 1112 771 1143 agere
801 1099 1059 1142 sapientissimo

69 1151 257 1189 conditori,
285 1158 317 1184 et
332 1163 410 1184 eum
425 1162 534 1190 orare,
563 1157 600 1183 ut
619 1147 713 1183 bunc
732 1150 893 1183 ordinem
910 1157 1061 1189 tueatur,

69 1215 107 1235 ac
138 1209 272 1236 nostras
304 1208 438 1235 mentes
468 1201 504 1233 in
536 1202 697 1244 regendis
729 1201 887 1235 moribus
911 1201 1059 1234 adiuvet.

69 1252 164 1286 Haec
178 1253 239 1298 qui
257 1253 407 1290 faciunt,
441 1252 635 1295 intelligere
654 1259 853 1297 utcunque,
887 1251 971 1296 quid
990 1251 1060 1284 Lex

69 1305 130 1344 sit,
157 1311 336 1347 poterunt.
389 1302 470 1336 Non
487 1303 581 1336 enim
606 1303 705 1337 initia
727 1304 841 1346 legum
861 1309 943 1335 sunt
959 1314 976 1335 a
995 1302 1062 1336 So-

71 1355 161 1388 lonis
189 1361 248 1388 aut
271 1352 559 1387 Decemvirorum
584 1354 728 1393 tabulis,
759 1355 829 1387 imo
856 1365 898 1386 ne
917 1353 1059 1398 quidem

70 1406 113 1440 ab
133 1405 203 1438 illis
228 1405 337 1438 saxeis
361 1405 502 1438 tabulis.
556 1404 623 1438 Sed
648 1405 700 1438 lex
720 1412 769 1438 est
785 1413 924 1438 aeterna
940 1411 973 1437 et
995 1405 1061 1436 im-

69 1465 163 1490 mota
188 1456 357 1500 sapientia
383 1462 414 1489 et
440 1455 575 1489 iusticia
594 1454 680 1497 Dei,
708 1457 806 1489 cuius
825 1456 913 1488 radii
940 1455 975 1488 in
1000 1467 1061 1487 na-

71 1514 167 1541 turas
192 1506 427 1549 intelligentes
452 1507 563 1551 sparsi
589 1513 692 1547 sunt,
719 1514 757 1541 ut
774 1514 912 1541 nostrae
929 1513 1061 1539 mentes

71 1566 103 1593 et
138 1558 251 1591 nostri
286 1570 401 1590 mores
437 1571 516 1590 cum
551 1565 666 1591 mente
694 1558 814 1591 divina
848 1563 1060 1600 congruant:

70 1622 175 1655 quam
201 1621 298 1642 suam
326 1609 532 1652 sapientiam
562 1616 593 1642 et
623 1610 793 1643 iusticiam
811 1607 907 1642 Deus
929 1615 961 1641 et
981 1619 1062 1640 voce

71 1660 279 1701 declaravit,
315 1660 418 1693 editis
451 1659 659 1692 illustribus
677 1660 886 1693 testimoniis
914 1659 952 1691 in
976 1659 1061 1691 edu-

70 1712 185 1745 ctione
216 1710 450 1744 lsrae'litarum
487 1722 525 1742 ex
552 1709 731 1756 Aegypto,
768 1717 801 1744 et
835 1721 935 1753 saepe
965 1710 1061 1742 alias.

71 1761 241 1805 Quotidie
267 1773 349 1794 vero
375 1773 567 1805 poenarum
602 1762 769 1805 exemplis
799 1772 875 1794 eam
900 1761 1062 1793 declarat.

70 1811 146 1846 Etsi
165 1819 279 1845 autem
296 1823 420 1853 magna
441 1819 489 1845 est
508 1819 651 1844 naturae
674 1809 850 1845 humanae
868 1811 1063 1850 infirmitas,

71 1871 187 1897 tamen
207 1862 461 1907 qualiscunque
478 1874 571 1894 nuuc
588 1870 649 1902 est,
671 1861 765 1895 Deus
783 1862 925 1906 reliquit
945 1862 979 1893 in
999 1873 1061 1893 no-

71 1914 126 1948 bis
153 1912 258 1946 huius
287 1925 369 1945 snae
402 1913 486 1954 legis
517 1912 751 1953 intellectum,
786 1919 819 1946 et
846 1913 1061 1945 voluntatem

73 1971 204 2005 armat,
236 1971 272 1998 ut
292 1976 408 2006 regere
429 1971 566 1996 externa
587 1964 761 2001 membra,
796 1975 855 1996 seu
872 1971 909 1996 ut
928 1969 1064 2002 vocant,

72 2023 208 2049 motum
227 2015 466 2048 voluntarium
485 2014 604 2057 possit:
634 2021 664 2047 et
682 2014 823 2059 quidem
844 2014 917 2047 vult
937 2015 1059 2046 adsue-

73 2067 145 2100 fieri
166 2064 339 2106 homines,
361 2072 397 2098 ut
417 2066 551 2098 discant
569 2065 690 2107 legem,
718 2071 751 2098 et
768 2065 909 2098 videant
927 2076 965 2097 ex
984 2065 1063 2109 qui-

73 2119 139 2152 bus
161 2117 318 2150 sontibus
336 2128 424 2161 quae
443 2116 758 2149 demonstrationes
785 2123 959 2149 extructae
981 2116 1064 2154 sint,

75 2175 108 2202 et
141 2169 260 2201 frenos
294 2168 454 2200 iniiciant
488 2167 688 2200 errantibus
722 2167 990 2210 cupiditatibus,
1026 2179 1063 2199 ac

74 2231 199 2263 magna
235 2230 316 2251 cura
348 2225 468 2262 regant
502 2225 642 2250 externa
669 2218 842 2258 membra,
872 2230 916 2250 ne
943 2224 1063 2250 contra

75 2271 184 2314 legem
204 2268 270 2303 Dei
296 2269 434 2302 faciant.
476 2268 570 2302 Haec
593 2281 670 2301 cum
696 2268 766 2303 sint
787 2268 986 2308 notissima,
1011 2276 1052 2302 ta-

75 2333 155 2354 men
183 2320 287 2353 multi
311 2332 383 2352 non
409 2320 523 2353 solum
547 2319 747 2352 infirmitate
771 2320 825 2352 vel
854 2319 1063 2362 negligentia

74 2378 235 2418 peccant,
270 2372 329 2404 sed
367 2368 530 2404 horribili
562 2371 681 2403 surore
715 2377 945 2403 contemnunt
976 2371 1064 2414 ipsas

75 2425 186 2467 leges,
219 2423 311 2456 velut
339 2421 508 2455 iniustum
533 2433 715 2454 carcerem.
739 2429 775 2454 ut
795 2420 946 2463 Gorgias
971 2423 1062 2465 apud

75 2474 258 2508 Platonem
277 2473 442 2517 disputat,
461 2472 587 2515 Legem
607 2479 795 2517 tyrannum
815 2484 896 2511 esse,
913 2479 945 2505 et
964 2473 1064 2505 dein-

75 2527 118 2559 de
141 2525 290 2558 effrenes
322 2530 430 2557 ruunt
455 2524 490 2556 in
516 2523 634 2555 omnia
659 2523 798 2556 scelera.
857 2523 961 2556 'l'ales
985 2530 1065 2556 sunt

75 2575 197 2616 multi,
223 2588 295 2608 non
319 2581 454 2608 tantum
482 2573 582 2618 pauci
600 2572 769 2618 Cyclopes
794 2586 832 2606 ac
857 2573 1065 2619 Laestrygo-

76 2639 138 2660 nes
162 2627 254 2670 apud
278 2625 472 2659 Homerum
487 2652 495 2666 ‚
522 2625 579 2658 sed
604 2624 770 2657 omnibus
791 2625 1008 2667 temporibus
1028 2625 1065 2658 in

76 2689 202 2722 genere
218 2674 372 2710 humano
389 2677 512 2720 ingens
529 2675 719 2708 multitudo
738 2682 786 2708 est
803 2675 925 2708 talium
944 2676 1065 2709 furen-

796 148 954 186 DECL.
990 147 1063 183 DE
1104 146 1372 182 LEGIBUS.

2026 147 2100 182 910

1110 241 1148 267 ut
1166 232 1262 266 Deus
1280 234 1390 267 iustus
1408 239 1440 268 et
1458 233 1584 265 vindex
1610 232 1778 266 scelerum
1804 229 2000 272 coherceat,
2026 239 2099 266 toto

1111 297 1190 318 eum
1212 291 1349 328 pectore
1368 296 1441 317 οπο.
1497 283 1548 316 Ac
1568 284 1652 317 tales
1671 284 1866 317 orationem
1885 284 1927 315 de
1946 283 2102 316 bonitate

1111 336 1245 377 legum,
1281 341 1312 368 et
1342 335 1478 367 ordinis
1508 334 1620 367 divini
1651 335 1686 367 in
1718 334 1973 377 gubernatione
2001 334 2102 373 vitae,

1111 383 1224 418 nihilo
1258 386 1367 429 magis
1401 386 1568 425 audiunt,
1602 398 1706 430 quam
1738 383 1977 430 Polyphemus
2008 386 2101 428 apud

1110 435 1306 469 Homerum
1331 436 1431 469 audit
1453 435 1613 480 Ulyssem
1638 437 1680 468 de
1704 437 1834 469 iudicio
1859 436 1923 470 Dei
1950 436 2102 480 loquen-

1111 494 1197 527 tem,
1224 487 1280 519 cui
1298 487 1486 530 respondet
1508 484 1562 518 his
1580 487 1712 519 verbis:

1186 564 1276 596 Nulla
1293 563 1374 594 Iovis
1390 563 1559 605 Cyclopum
1576 566 1691 593 animos
1707 567 1868 593 reverentia
1884 567 1989 604 tangit.

1111 639 1272 674 Sciamus
1293 645 1408 671 autem
1432 637 1517 671 tales
1538 649 1609 670 non
1628 643 1764 670 tantum
1786 644 1931 670 naturae
1951 637 2101 669 infirmi-

1112 698 1180 724 tate
1207 702 1369 734 peccare,
1403 689 1461 721 sed
1489 685 1584 721 haud
1612 688 1718 721 dubie
1742 701 1759 721 a
1785 688 1935 721 diabolis
1966 688 2102 730 agitari.

1112 742 1231 785 Quare
1249 741 1307 773 alii
1329 739 1573 777 modestiores,
1597 739 1657 784 qui
1675 739 1881 783 disciplinae
1905 740 2022 771 frenos
2039 751 2102 782 pa-

1112 795 1265 832 tiuntur,
1308 790 1600 824 consuetudinem
1628 802 1748 823 eorum
1780 790 1938 833 fugiunt,
1975 801 2101 833 eosque

1112 845 1207 877 velut
1235 849 1344 887 pestes
1367 848 1400 875 et
1423 837 1647 886 ἀλάστορας,
1684 841 1865 875 civitatum
1889 847 1920 873 et
1943 840 2101 883 gentium

1113 895 1233 928 vitent.
1296 892 1360 926 His
1388 904 1471 925 vero
1501 892 1792 929 modestioribus,
1828 892 1889 936 qui
1915 891 2102 934 disciplina

1111 952 1299 989 reguntur,
1326 944 1386 989 qui
1411 949 1443 976 et
1462 954 1533 976 esse
1555 942 1667 976 Deum
1687 943 1899 987 sapientem,
1922 942 2053 975 iustum
2070 949 2103 974 et

1112 997 1286 1030 vindicem
1305 1001 1474 1034 statuunt,
1493 1000 1524 1026 et
1541 994 1614 1026 eius
1628 993 1715 1026 iram
1735 1001 1766 1027 et
1784 1005 1913 1037 poenas
1929 999 2103 1032 metuunt,

1111 1048 1182 1081 scio
1201 1059 1272 1079 non
1295 1047 1467 1089 ingratam
1492 1056 1564 1077 esse
1583 1045 1778 1077 orationem
1801 1046 1844 1077 de
1861 1044 1976 1087 legum
1999 1043 2104 1076 boni-

1112 1105 1192 1132 tate.
1255 1097 1347 1138 Hos,
1382 1108 1459 1129 cum
1484 1095 1605 1128 norint
1627 1107 1683 1127 eas
1707 1094 1773 1128 Dei
1801 1107 1919 1128 vocem
1944 1105 2035 1134 esse,
2070 1100 2104 1126 et

1112 1162 1190 1182 cum
1215 1149 1357 1181 videant
1378 1144 1473 1180 hunc
1497 1146 1658 1179 ordinem
1689 1146 1891 1189 politicum,
1925 1143 1993 1178 Dei
2015 1156 2103 1189 opus

1113 1212 1201 1240 esse,
1228 1207 1260 1233 et
1281 1210 1411 1231 munus
1439 1197 1531 1230 vitae
1556 1203 1694 1230 nostrae
1720 1196 1967 1236 utilissimum,
2003 1196 2104 1229 obte-

1112 1258 1185 1285 stor
1203 1256 1346 1294 propter
1362 1248 1494 1285 Deum,
1522 1254 1560 1280 ut
1578 1259 1679 1290 saepe
1701 1248 1921 1292 multumque
1940 1247 2104 1290 cogitent,

1113 1302 1173 1347 qui
1190 1302 1259 1335 sint
1276 1301 1389 1342 legum
1408 1299 1538 1338 fontes,
1563 1305 1595 1331 et
1613 1298 1697 1343 quid
1716 1298 1759 1331 sit
1785 1305 1878 1331 totus
1898 1299 1986 1330 ordo
2013 1297 2103 1341 poli-

1113 1354 1216 1387 ticus:
1252 1358 1285 1384 et
1309 1349 1372 1384 liae
1403 1349 1614 1393 cogitatione
1635 1360 1708 1381 sese
1733 1349 1924 1382 exuscitent
1951 1350 1993 1381 ad
2018 1346 2102 1381 haec

1112 1404 1231 1437 divina
1257 1403 1348 1435 bona
1380 1401 1596 1441 veneranda,
1633 1407 1665 1433 et
1690 1401 1732 1433 ad
1764 1399 2001 1433 obedientiam
2028 1399 2102 1432 Deo

1113 1455 1285 1492 debitam,
1309 1466 1347 1486 ac
1371 1452 1578 1496 disciplinae
1602 1463 1768 1484 amorem.
1823 1450 1903 1485 Scio
1925 1450 2026 1483 aliter
2046 1461 2103 1483 ac-

1113 1506 1181 1550 cipi
1197 1505 1391 1538 orationem
1408 1504 1450 1535 de
1466 1501 1652 1545 disciplina
1667 1513 1685 1534 a
1702 1501 1914 1540 iunioribus,
1933 1508 1965 1534 et
1982 1512 2000 1533 a
2015 1507 2103 1534 natu

1112 1556 1371 1600 grandioribus,
1400 1553 1461 1598 qui
1478 1553 1544 1585 iam
1563 1565 1634 1585 non
1653 1553 1766 1585 solum
1788 1559 1916 1592 aetate,
1943 1551 2104 1585 doctrina

1113 1615 1146 1641 et
1169 1619 1234 1640 usu
1251 1605 1443 1639 adsuefacti
1466 1610 1565 1643 sunt,
1594 1611 1629 1636 ut
1657 1604 1801 1647 propius
1821 1603 1990 1647 aspiciant
2012 1600 2103 1634 hanc

1114 1658 1177 1692 Dei
1203 1656 1430 1701 sapientiam,
1464 1661 1497 1688 et
1522 1654 1658 1687 ordinis
1688 1651 2009 1698 pulchritudinem,
2044 1653 2103 1685 sed

1113 1709 1216 1743 etiam
1240 1706 1498 1741 calamitatibus
1524 1712 1555 1738 et
1575 1705 1696 1748 poenis
1715 1705 1842 1738 eruditi
1866 1711 1965 1744 sunt,
1993 1710 2032 1737 ut
2049 1704 2103 1736 iu-

1113 1760 1243 1793 dicium
1262 1766 1293 1792 et
1312 1758 1399 1790 iram
1418 1756 1486 1790 Dei
1505 1756 1612 1799 magis
1628 1762 1798 1788 metuant.
1851 1754 1940 1788 Cum
1958 1755 2052 1787 enim
2068 1766 2103 1787 re

1116 1813 1188 1854 ipsa
1213 1809 1413 1853 experimur
1435 1813 1580 1839 eventus
1605 1813 1698 1839 certo
1723 1807 1934 1850 respondere
1958 1804 2104 1837 commi-

1114 1860 1318 1894 nationibus
1339 1858 1488 1897 divinis,
1515 1857 1649 1890 firmior
1673 1857 1709 1890 fit
1731 1857 1911 1897 adsensio,
1941 1855 2032 1889 lctus
2047 1867 2103 1888 sa—

1115 1912 1184 1956 pit,
1223 1918 1260 1944 ut
1283 1910 1352 1942 dici
1381 1909 1485 1946 solet,
1520 1908 1565 1941 ita
1597 1920 1659 1940 nos
1685 1920 1807 1940 omnes
1838 1905 2104 1940 commonefacti

1116 1962 1253 2006 poenis,
1281 1962 1322 1994 ad
1341 1959 1546 1992 modestiam
1567 1971 1781 1993 revocamur.
1822 1957 1900 1992 Etsi
1923 1958 2030 2000 igitur
2050 1957 2104 1989 iu-

1114 2020 1238 2046 ventus
1264 2012 1413 2045 ferocior
1438 2017 1506 2050 est,
1533 2017 1649 2043 tamen
1677 2009 1754 2041 ideo
1773 2007 1856 2042 haec
1882 2009 1953 2053 ipsa
1976 2008 2104 2051 guber-

1115 2064 1210 2097 natio
1235 2063 1375 2107 politica
1399 2062 1556 2094 instituta
1580 2067 1647 2098 est,
1674 2068 1712 2094 ut
1730 2060 1909 2101 doctrina,
1936 2059 2105 2103 imperiis,

1115 2127 1250 2149 carcere
1271 2113 1408 2147 erudiat
1433 2113 1671 2151 iuventutem,
1706 2118 1739 2144 et
1766 2112 1953 2144 cicuratam
1977 2123 2015 2142 ac
2039 2110 2103 2142 do-

1115 2167 1235 2199 mitam
1260 2165 1375 2198 ssectat
1407 2165 1448 2196 ad
1484 2163 1698 2206 agnitionem
1724 2160 1806 2200 Dei,
1839 2170 1875 2195 ut
1902 2161 2104 2203 gravissime

1116 2217 1246 2250 Paulus
1265 2215 1390 2260 inquit,
1404 2214 1475 2248 Lex
1493 2220 1542 2246 est
1563 2215 1792 2257 paedagogus,
1816 2220 1847 2246 et
1866 2213 2009 2246 additur
2029 2212 2104 2244 laus

1115 2267 1340 2311 amplissima,
1364 2278 1441 2298 cum
1459 2264 1574 2308 inquit
1593 2275 1664 2297 esse
1684 2265 1933 2308 paedagogum,
1953 2260 2104 2295 utChri-

1116 2326 1205 2352 stum
1231 2327 1477 2359 agnoscamus,
1506 2316 1538 2347 id
1564 2322 1631 2351 est,
1660 2315 1819 2347 docendo
1843 2321 1875 2347 et
1903 2313 2103 2356 castigando

1118 2370 1263 2402 rudibus
1284 2367 1426 2400 instillat
1449 2366 1546 2399 initia
1565 2365 1756 2408 sapientiae
1773 2365 1942 2404 coelestis,
1967 2372 2000 2397 et
2020 2376 2103 2407 pau-

1117 2421 1214 2453 latim
1245 2416 1405 2462 provehit
1440 2417 1630 2454 discentes,
1672 2423 1701 2448 et
1736 2415 1923 2459 compescit
1950 2422 2104 2448 errantes

1117 2472 1284 2514 impetuS‚
1319 2476 1357 2502 ut
1380 2474 1512 2500 mentes
1535 2467 1721 2500 admittant
1745 2467 1941 2499 doctrinam
1966 2466 2008 2498 (le
2031 2465 2102 2497 silio

1116 2521 1193 2556 Dei.
1246 2520 1313 2553 Nec
1332 2519 1525 2552 existimate
1547 2530 1603 2550 eos
1620 2517 1679 2562 qui
1699 2518 1814 2551 laxant
1832 2518 1948 2550 srenos
1967 2515 2104 2558 cupidi-

1116 2573 1263 2609 tatibus,
1290 2583 1353 2603 nec
1379 2570 1546 2602 desinunt
1573 2581 1674 2601 ruere
1697 2576 1816 2601 contra
1841 2567 2102 2604 conscientian»,

1115 2623 1189 2657 Deo
1212 2622 1356 2666 placere.
1408 2620 1595 2653 Manifesta
1619 2626 1700 2652 sunt
1726 2619 1818 2651 enim
1846 2617 1928 2651 haec
1947 2616 2102 2649 oracula:

1116 2674 1233 2708 Nolite
1255 2684 1390 2709 errare,
1425 2670 1519 2703 Deus
1546 2683 1616 2703 non
1646 2670 1823 2703 irridetur.
1876 2668 2103 2704 Scortatores,

75 2735 128 2762 ter
153 2728 455 2762 contemnentium
479 2726 679 2761 universam
704 2726 944 2771 disciplinam:
978 2739 1066 2772 quos
1088 2746 1092 2762 ι
1116 2724 1285 2762 adulteri,
1311 2721 1507 2756 homicidae
1524 2734 1596 2755 non
1622 2721 1849 2765 possidebunt
1865 2730 2010 2762 regnum
2029 2716 2105 2752 Dei.
