2338 2958
116 131 192 168 965

116 227 194 249 cum
213 215 319 249 simili
339 214 522 259 preconio,
549 221 586 248 ut
602 211 836 248 Telemachus
856 225 874 248 a
891 212 1036 248 Nestore
1054 214 1110 246 di-

115 266 291 300 mittitur:

269 318 337 348 Non
354 329 459 358 expers
474 320 591 348 virtutis
607 320 662 347 eris
678 319 826 347 carissime
842 319 895 350 fili.

218 366 288 400 Sed
305 366 460 410 optimus
476 378 579 399 senex
605 372 685 398 ante
702 365 854 399 reditum
871 364 969 398 ducis
984 362 1108 396 Fride-

116 417 180 450 rici
203 428 242 449 ex
269 413 334 450 hac
356 416 427 449 vita
449 416 606 451 decessit.
658 414 726 448 Hic
743 416 929 449 inserenda
947 420 1034 447 esset
1053 410 1109 444 hi-

116 467 223 501 storia
244 467 536 511 peregrinationis
562 466 719 509 longior,
755 478 858 510 quam
878 463 1071 499 honorifice
1088 473 1107 494 a

117 524 240 551 senatu
265 516 399 550 Veneto
425 517 625 550 Fridericus
648 523 809 560 exceptus
830 516 893 556 sit,
921 525 1010 560 quae
1030 514 1107 546 fue-

116 569 189 601 rint
215 567 305 601 vitae
329 567 497 611 pericula.
556 566 645 600 Nam
670 567 740 599 dux
758 565 928 599 Bavariae
945 562 1107 597 Christo-

115 616 250 662 phorus
275 618 311 650 in
337 630 377 651 eo
401 618 527 651 itinere
560 617 685 650 morbo
714 617 886 650 extinctus
909 621 968 649 est.
1038 613 1107 648 Sed

116 670 160 702 ad
181 668 247 702 alia
269 680 435 712 propero,

218 717 350 752 Verum
373 716 458 751 haec
483 716 664 760 diligentia
686 716 855 760 singulari
879 716 985 750 laude
1001 715 1106 758 digna

117 775 183 809 est,
211 769 304 813 quod
324 780 396 802 non
412 767 479 801 sibi
507 774 642 801 tantum
663 766 760 799 illam
786 767 938 810 regionis
961 773 993 800 et
1012 766 1108 799 loco-

116 831 195 852 rum
220 819 488 864 inspectionem,
523 819 580 850 sed
607 817 750 850 caeteris
772 818 877 851 etiam
904 818 940 850 in
958 818 1107 850 lectione

116 867 284 902 historiae
302 870 464 913 prodesse
479 868 610 906 voluit,
645 867 801 901 Tabulas
819 868 993 911 eleganter
1009 867 1106 911 pingi

116 925 268 960 curavit,
295 920 332 952 in
349 919 478 964 quibus
498 919 558 951 illa
575 925 731 952 veterum
744 918 956 962 oppidorum
971 915 1107 964 ἐρείπια

116 970 303 1004 distributa
337 976 436 1010 sunt,
478 976 511 1003 et
540 969 679 1002 additae
710 968 957 1012 inscriptiones
990 980 1106 1001 rerum

116 1031 341 1063 magnarum,
390 1032 478 1065 quae
511 1020 548 1052 in
582 1019 728 1062 singulis
765 1019 850 1052 locis
884 1026 978 1052 actae
1013 1025 1106 1054 sunt.

118 1069 214 1103 Haec
227 1070 295 1104 suit
317 1070 399 1103 olim
423 1070 619 1115 sapientum
640 1070 876 1110 consuetudo,
900 1081 939 1102 ex
955 1069 1108 1113 peregri-

118 1120 323 1154 nationibus
342 1121 498 1161 adferre,
524 1133 596 1154 non
614 1120 759 1162 figuram
778 1131 905 1152 novam
921 1119 1022 1164 pilei,
1048 1125 1108 1152 aut

118 1171 261 1211 cristae,
295 1172 355 1204 sed
385 1171 568 1214 regionum
597 1170 772 1214 picturas,
806 1176 839 1203 et
868 1176 1109 1210 monumenta,

118 1222 162 1254 ad
179 1221 415 1263 cognitionem
432 1218 659 1254 historiarum
675 1220 877 1263 profutura,
903 1227 936 1254 et
952 1220 1106 1253 remedia

117 1272 334 1304 morborum.
387 1270 488 1304 Talia
502 1271 611 1304 multa
631 1270 831 1304 Fridericus
846 1282 885 1303 ex
898 1270 1108 1309 Palaestina,

121 1369 254 1404 Veneta
273 1371 401 1406 attulit.
722 1402 725 1406 .

218 1420 302 1455 Post
324 1421 476 1455 reditum
497 1427 613 1454 secuta
633 1428 714 1454 sunt
732 1421 768 1453 in
793 1420 984 1455 Germania
1005 1422 1108 1462 bella,

117 1470 340 1505 Helveticum
364 1478 397 1505 et
416 1470 644 1512 Bavaricum,
677 1472 715 1504 in
747 1472 876 1516 quibus
901 1484 973 1505 non
997 1472 1108 1506 defuit

117 1523 192 1566 ipse
216 1522 358 1567 quidem
382 1522 639 1556 Maximiliano.
698 1521 766 1556 Sed
794 1530 908 1557 tamen
930 1523 1022 1556 bello
1037 1523 1108 1556 Ba-

119 1571 235 1605 varico
261 1579 403 1616 propter
430 1573 618 1606 electorum
643 1573 928 1607 coniunctionem
954 1573 1032 1617 plus
1048 1585 1108 1607 cu·

118 1634 177 1656 rae
196 1629 230 1655 et
255 1623 415 1656 laborum
432 1623 608 1660 vsustinuit
634 1623 670 1655 in
690 1623 850 1657 lenienda
872 1623 1108 1656 Maximiliani

587 126 748 164 DECL.
780 125 853 163 DE
887 123 1218 164 rmnafflco
1254 122 1406 161 Duce
1442 122 1563 162 sAx.
1595 96 1677 163 Er.

2077 132 2150 169 966

1161 211 1311 255 probare
1338 222 1474 244 necesse
1500 217 1560 246 est.
1619 210 1780 257 Suntque
1804 213 1930 257 passim
1946 216 2048 250 multi
2065 217 2149 251 boni

1162 268 1193 294 et
1215 261 1307 294 docti
1325 261 1410 302 viri,
1437 262 1495 306 qui
1521 262 1690 302 fatentur,
1719 275 1754 296 se
1774 270 1864 297 artes
1880 264 1970 298 vitae
1990 267 2091 300 utiles
2112 269 2148 301 in

1161 309 1228 344 hoc
1252 311 1470 344 literatorum
1496 320 1670 346 conventu
1694 314 1874 354 didicisse,
1908 316 1969 349 alii
1987 314 2149 351 Philoso-

1160 359 1299 404 phiam,
1327 361 1388 394 alii
1407 360 1497 395 luris
1519 363 1734 404 doctrinam,
1761 365 1820 397 alii
1839 372 1947 399 artem
1966 367 2146 402 medicam.

1162 411 1211 444 De
1235 410 1411 444 Ecclesiae
1445 413 1602 446 doctrina
1627 421 1744 457 postea
1776 416 1901 452 dicam.
1961 416 2049 450 Nam
2072 425 2150 462 post

1161 461 1300 494 exordia
1318 459 1457 494 scholae
1471 462 1604 496 bellum
1621 463 1795 498 Venetum
1812 474 1966 500 secutum
1985 474 2050 509 est,
2078 481 2148 514 quo

1160 518 1316 555 tempore
1341 523 1452 545 annos
1477 512 1613 557 aliquot
1637 526 1655 546 a
1680 515 1789 557 patria
1808 515 2008 551 Fridericus
2025 519 2149 560 abfuit,

1160 573 1237 594 cum
1257 568 1389 605 partem
1407 562 1586 607 copiarum
1607 563 1644 596 in
1661 565 1813 598 exercitu
1829 565 2065 601 Maximiliani
2082 571 2150 602 du-

1159 618 1261 645 ceret.
1314 611 1398 645 Fuit
1415 624 1453 645 ea
1478 613 1604 647 militia
1622 615 1725 658 plena
1747 615 1907 648 laborum
1927 624 1959 650 et
1975 619 2149 661 periculo-

1159 674 1256 702 rum,
1282 673 1356 695 non
1374 663 1486 695 solum
1502 664 1537 696 in
1556 665 1693 705 castris,
1720 666 1779 698 sed
1798 666 1900 699 etiam
1921 667 1956 699 in
1975 669 2149 703 delibera-

1160 712 1332 752 tionibus,
1364 713 1401 745 in
1425 714 1572 758 quibus,
1605 722 1643 749 ut
1668 722 1750 749 sunt
1766 716 1803 748 in
1824 717 1913 750 aulis
1931 718 2097 753 factiones
2116 728 2148 755 et

1159 763 1368 804 certamina,
1395 764 1558 797 malevoli
1577 766 1682 798 variis
1700 767 1813 800 modis
1832 768 1861 800 ei
1881 768 2038 803 insidiati
2057 780 2149 808 sunt.

1158 813 1321 856 Legimus
1344 814 1411 858 ipsi
1434 827 1540 848 manu
1562 813 1735 851 FrIderici
1768 824 1933 852 annotata
1961 820 2070 864 capita
2094 834 2149 854 re-

1132 889 1135 896 .
1159 864 1409 908 sponsionum,
1436 864 1472 897 in
1491 866 1618 910 quibus
1642 867 1817 902 refutabat
1834 868 2026 903 calumnias
2043 883 2149 905 vene-

1159 922 1275 955 natas,
1302 915 1429 959 quibus
1448 914 1684 950 Maximiliani
1704 919 1860 953 animum
1881 921 2045 954 adversus
2069 934 2149 956 eum

1132 977 1136 1020 Ι
1161 965 1348 998 incendere
1379 966 1521 1010 quidam
1547 969 1663 1002 conati
1692 969 1840 1004 fuerant.
1903 969 1942 1004 In
1967 968 2022 1004 his
2045 974 2149 1008 tantis

1160 1016 1324 1059 periculis
1349 1028 1426 1049 cum
1449 1017 1492 1050 de
1516 1018 1620 1051 rebus
1647 1020 1806 1053 maximis
1832 1020 2020 1055 instillatae
2037 1031 2150 1058 essent

1160 1065 1406 1099 Maxiiniliano
1434 1068 1694 1102 crudelissimae
1726 1071 1960 1114 suspicioneS,
1995 1075 2150 1116 pruden-

1161 1116 1245 1149 tiam
1276 1116 1385 1161 ipsius
1416 1124 1449 1151 et
1479 1118 1713 1162 integritatem
1747 1132 1786 1155 ac
1815 1122 2091 1158 moderationem
2118 1132 2152 1159 et

1160 1165 1426 1200 Maximilianus
1466 1169 1538 1212 ipse
1576 1176 1614 1204 et
1653 1172 1779 1204 caeteri
1815 1173 1958 1206 detectis
1996 1174 2152 1216 insidiis,

1160 1228 1370 1261 magnopere
1407 1219 1656 1262 probaverunt.
1723 1220 1801 1256 Etsi
1834 1229 1950 1256 autem
1978 1225 2151 1259 sauciatus

1160 1275 1233 1301 erat
1257 1267 1495 1302 Maximiliani
1527 1270 1684 1310 animus,
1720 1278 1838 1305 tamen
1861 1285 1935 1306 non
1960 1280 2028 1307 tam
2053 1277 2151 1309 rudis

116 1319 252 1365 Cypro,
287 1319 438 1360 Rhodo,
473 1319 660 1361 Methone,
690 1319 864 1366 Corcyra,
898 1327 931 1354 et
957 1333 995 1354 ex
1021 1321 1108 1354 urhe
1132 1295 1137 1384 Ι

1161 1325 1234 1352 erat
1251 1320 1448 1352 communis
1474 1320 1584 1361 vitae,
1611 1329 1649 1355 ut
1668 1322 1844 1365 ignoraret
1864 1330 1975 1367 pestes
1993 1337 2151 1360 commu-

1160 1380 1222 1401 nes
1246 1380 1317 1402 esse
1341 1369 1377 1401 in
1397 1370 1494 1402 omni
1517 1372 1793 1414 gubernatione,
1830 1374 2002 1408 invidiam
2030 1383 2063 1410 et
2094 1389 2151 1410 ca-

1160 1419 1333 1460 lumnias,
1361 1426 1394 1453 et
1411 1420 1544 1454 viderat
1560 1422 1634 1466 ipse
1650 1424 1761 1457 multa
1778 1425 1952 1469 exempla,
1981 1433 2014 1460 et
2028 1428 2152 1461 audie-

1160 1476 1214 1503 rat
1226 1476 1350 1504 vetera.
1378 1516 1385 1522 ι
1403 1470 1626 1505 Palamedem
1636 1474 1790 1507 artificiis
1800 1474 1934 1520 Ulyssis
1946 1489 2149 1521 oppressum

1160 1532 1253 1561 esse,
1287 1519 1562 1556 Themistoclem
1593 1524 1726 1567 optime
1749 1526 1912 1559 meritum
1938 1539 1956 1559 a
1985 1528 2152 1565 Leobote.

1132 1585 1135 1621 ἦ
1160 1570 1306 1613 Legerat
1322 1572 1424 1605 etiam
1442 1573 1572 1606 dictum
1592 1573 1808 1608 Salomonis:
1840 1575 2026 1611 Calumnia
2046 1579 2151 1612 etiarn

1132 1626 1136 1695 ι
1160 1623 1334 1665 sapientes
1358 1623 1494 1663 turbat,
1521 1631 1556 1658 et
1577 1625 1706 1668 frangit
1727 1627 1837 1659 robur
1861 1628 1988 1663 cordis.

120 1673 189 1712 ira,
222 1679 255 1705 et
277 1685 318 1706 eo
342 1679 520 1717 utcunque
544 1673 698 1717 placato,
730 1673 855 1707 unicus
879 1673 917 1706 in
933 1680 1108 1707 conventu
1132 1698 1135 1716 2

117 1723 323 1757 Coloniensi
347 1734 450 1757 ausus
471 1729 520 1756 est
545 1723 745 1757 Palatinum
760 1725 802 1757 ad
823 1723 1108 1758 Maximilianum

119 1774 310 1811 adducere,
345 1779 382 1805 ut
416 1774 561 1817 supplex
593 1785 711 1817 pacem
739 1781 888 1817 peteret,
920 1786 986 1819 qua
1012 1775 1049 1807 in
1073 1787 1109 1807 re
1133 1780 1136 1816 ζ

121 1819 287 1855 nonnihil
317 1823 505 1856 offendisse
535 1823 755 1866 imperatoris
781 1825 939 1857 animum
970 1824 1108 1857 diceba-
1132 1819 1136 1839 ¹
1162 1829 1227 1856 tur.

2047 1627 2093 1663 Et
2113 1637 2151 1663 ut

1160 1680 1233 1705 erat
1265 1672 1394 1711 iustus,
1438 1686 1573 1708 memor
1602 1683 1675 1709 erat
1704 1676 1804 1717 dicti,
1848 1675 1983 1721 ὁμοίως
2008 1677 2151 1725 ἀμφοῖν

1160 1721 1382 1766 ἀκροᾶσθαι.
1456 1722 1501 1757 Et
1526 1726 1683 1759 audierat
1729 1726 1969 1761 Alexandrum
2007 1730 2151 1764 alteram

1160 1785 1279 1805 aurem
1300 1775 1498 1813 obstruere,
1527 1788 1604 1808 cum
1624 1777 1796 1821 quispiam
1824 1779 1947 1811 absens
1965 1782 2151 1814 accusaba-

1290 1823 1408 1865 Quare
1433 1825 1620 1868 diligenter
1650 1827 1836 1872 inquisivit
1870 1830 2005 1872 negocii
2029 1831 2152 1873 fontes,

120 1880 196 1913 tur,
228 1872 322 1917 quod
344 1869 436 1905 hosti
452 1872 561 1914 ipsius
584 1885 656 1906 non
674 1872 913 1907 vehementius
940 1874 1041 1907 irasci
1057 1875 1110 1906 vi-
1132 1867 1136 1914 Ι
1161 1880 1192 1905 et
1216 1874 1353 1916 cognita
1377 1875 1528 1908 vanitate
1546 1877 1821 1916 calumniarum,
1849 1880 1981 1914 maiore
1999 1882 2151 1916 benevo-

119 1934 178 1956 sus
195 1930 293 1957 esset.
337 1922 406 1955 Sed
425 1922 491 1955 fuit
508 1919 750 1955 honestissima
762 1935 863 1956 causa
881 1924 1018 1956 consilii
1031 1924 1110 1957 Fri-
1132 1920 1136 1990 1
1161 1924 1267 1956 tentia
1287 1923 1505 1958 Fridericum
1528 1928 1728 1970 complexus
1743 1936 1803 1962 est.

120 1973 238 2007 derici.
289 1971 491 2015 cogitabat,
525 1984 612 2016 quae
635 1973 679 2007 sit
707 1974 893 2006 electorum
920 1975 1109 2008 necessitu-
1133 1996 1136 2028 ί
1262 1973 1351 2007 Cum
1375 1982 1491 2009 autern
1512 1978 1656 2011 domum
1675 1990 1834 2013 reversus
1853 1988 1958 2022 esset,
1989 1984 2150 2017 canonici

121 2025 186 2061 do,
220 2035 283 2056 nec
307 2023 419 2056 voluit
441 2023 579 2066 penitus
599 2023 781 2056 dilacerari
804 2024 899 2057 illam
917 2025 1109 2058 vetustissi-
1133 2034 1135 2070 Ξ
1162 2024 1366 2067 Moguutini
1387 2024 1570 2060 Erfordiae
1595 2040 1739 2071 magnos
1756 2032 1925 2065 tumultus
1944 2034 2150 2075 excitarunt,

121 2086 213 2107 mam
232 2073 390 2106 electoris
405 2073 594 2113 ditionem,
620 2080 652 2106 et
668 2074 836 2106 familiam
854 2075 1107 2108 nobilissimam
1132 2074 1137 2120 Ι
1161 2075 1222 2120 qui
1252 2076 1319 2108 nisi
1351 2078 1537 2120 prudentia
1571 2085 1603 2112 et
1633 2081 1873 2114 moderatione
1900 2082 2072 2117 Friderici
2097 2098 2150 2118 rc-

121 2124 241 2158 deleri.
286 2124 425 2157 Deinde
442 2121 507 2156 hoc
523 2124 675 2156 officium
693 2125 831 2167 tegendi
849 2125 950 2157 amici
969 2126 1012 2159 ita
1033 2139 1109 2159 mo-
1132 2135 1137 2155 ι
1162 2126 1270 2170 pressi
1303 2134 1432 2167 essent,
1477 2129 1598 2172 iugens
1627 2130 1760 2164 bellum
1792 2132 1829 2164 in
1861 2130 1914 2166 his
1945 2135 2150 2177 regionibns

121 2175 261 2208 deratus
284 2181 349 2214 est,
384 2186 428 2206 ne
455 2175 497 2207 de.
522 2174 658 2206 domiui
685 2175 871 2208 autoritate
896 2175 1027 2220 aliquid
1049 2177 1109 2209 de-
1133 2188 1137 2259 ι
1161 2176 1350 2210 exarsisset.
1405 2177 1493 2211 Cum
1510 2187 1595 2213 esset
1611 2193 1731 2215 amans
1755 2182 1927 2224 iusticiae,
1949 2186 2150 2227 modestiae,

122 2231 339 2268 cerperetur,
373 2225 565 2268 supplicem
601 2236 673 2256 esse
706 2225 836 2257 voluit.¹
898 2223 960 2259 Est
993 2234 1107 2259 autem
1161 2233 1194 2259 et
1211 2227 1371 2268 publicae
1394 2228 1429 2260 in
1454 2228 1645 2263 Germania
1662 2233 1945 2277 tranquillitatis»,
1971 2237 2148 2269 neminem

123 2275 341 2307 vetusillud:
370 2273 588 2308 Parcendum
605 2287 676 2308 esse
692 2276 857 2319 supplici:
1076 2281 1078 2283 ’
1134 2305 1138 2337 Ι
1164 2277 1319 2310 irritabat
1344 2278 1433 2320 ipse,
1467 2287 1500 2312 et
1527 2280 1672 2314 iniurias
1698 2283 1824 2316 multas
1856 2285 1999 2321 serebat.
2059 2286 2149 2320 Cum

195 2327 266 2357 Nou
283 2328 437 2357 violandus
453 2331 507 2358 erit
522 2331 648 2368 supplex
663 2352 670 2365 ,
697 2340 776 2358 sacer
795 2341 857 2358 esse
875 2337 1006 2368 putetur.
1134 2363 1136 2365 ¹
1163 2339 1244 2360 vero
1258 2328 1316 2360 alii
1335 2327 1365 2360 ei
1383 2329 1655 2372 minitabantur,
1683 2344 1719 2365 ea
1735 2340 1806 2366 erat
1824 2335 1992 2378 sapientia
2013 2344 2046 2370 et
2064 2350 2149 2370 con—

224 2375 313 2408 Cum
338 2382 452 2408 autem
476 2376 543 2408 iam
565 2388 691 2409 ornare
708 2376 854 2420 patriam
872 2378 1036 2410 aedificiis
1054 2390 1110 2411 ce-
1134 2368 1137 2388 Ι
1161 2378 1310 2418 stantia,
1345 2384 1381 2411 ut
1405 2391 1522 2412 caecos
1546 2381 1687 2415 illorum
1715 2383 1863 2426 impetus
1887 2386 2054 2428 paulatim
2077 2396 2149 2421 arte

124 2426 247 2470 pisset,
283 2425 454 2470 sciretque
482 2438 561 2459 vera
588 2433 620 2459 et
646 2427 776 2459 maiora
799 2428 996 2461 communis
1021 2429 1111 2461 xitae
1134 2415 1138 2436 Ι
1162 2429 1353 2470 frangeret,
1390 2441 1449 2472 spe
1482 2431 1569 2463 illud
1605 2432 1718 2475 ipsum
1753 2441 1850 2468 vetus
1885 2436 2018 2469 dictum
2047 2449 2148 2470 usur-

123 2483 328 2509 ornameuta
345 2487 416 2508 esse
432 2476 612 2509 literarum
628 2484 659 2510 et
677 2477 803 2510 artium
815 2479 1111 2521 propagationem,
1136 2494 1137 2498 ¹
1163 2491 1264 2522 pans:
1294 2479 1428 2513 Mutius
1446 2493 1588 2523 ‹riagnos
1615 2484 1756 2517 morbos
1782 2485 1898 2530 quiete
1921 2494 1953 2520 et
1968 2487 2148 2520 abstinen-

123 2528 233 2569 leges,
258 2533 290 2560 et
313 2526 551 2569 disciplinam:
588 2525 756 2560 Doctores
770 2529 928 2561 omnium
946 2526 1113 2562 honesta-
1135 2541 1138 2586 ἰ
1162 2530 1208 2562 tia
1227 2530 1352 2564 curari.

125 2589 202 2610 rum
227 2577 355 2610 artium
388 2588 427 2609 ex
452 2576 530 2610 aliis
562 2575 762 2610 Academiis
787 2578 823 2610 in
849 2576 914 2611 hoc
939 2580 1110 2623 oppidum
1135 2590 1140 2635 ᾗ
1263 2580 1332 2614 Sed
1353 2581 1453 2613 venio
1472 2583 1513 2615 ad
1534 2595 1672 2617 causam
1691 2581 1877 2621 Ecclesiae.

123 2627 325 2667 accersivit,
358 2634 390 2660 et
413 2625 495 2659 haec
518 2635 636 2661 nostra
659 2628 803 2670 collegia
824 2629 960 2662 usitatis
978 2630 1111 2673 legibus
1135 2639 1138 2658 ὅ

124 2677 297 2720 instituit,
330 2690 396 2722 qua
424 2677 458 2709 in
485 2689 520 2710 re
545 2677 731 2710 consilium
751 2686 783 2711 et
803 2679 1016 2713 voluntatem
1038 2681 1111 2714 eius
1134 2663 1139 2715 Ι

1929 2585 2017 2620 Cum
2035 2596 2148 2622 motae

1162 2638 1273 2664 essent
1295 2639 1433 2665 controx
1444 2633 1551 2666 ersiae
1579 2636 1622 2667 de
1645 2636 1822 2676 doctrina,
1858 2637 2009 2679 primum
2033 2637 2149 2671 Maxi-

1163 2681 1346 2721 milianus‚
1375 2683 1501 2716 deinde
1515 2682 1680 2727 Carolus,
1699 2685 1852 2720 Romani
1870 2687 2049 2731 pontifices
2064 2701 2149 2722 con-

1467 2734 1550 2767 61*
