2338 2958
114 125 188 162 605

213 212 342 243 Verum
373 205 463 240 hane
493 207 744 241 obstrusiorem
768 208 1092 252 interpretationem
1117 206 1120 222 ¹

303 269 385 290 nam
423 254 604 290 historiam
636 264 772 291 tantum
804 258 1119 291 considerandam&

113 261 255 295 omitto:

112 320 306 355 proponere
337 307 435 340 volui
460 307 758 348 adolescentibus,
793 315 833 341 ut
855 309 964 342 sciant
986 307 1092 351 perti-

112 371 193 393 nere
219 356 306 391 hanc
332 358 537 390 sententiam
561 359 601 390 ad
628 365 734 391 totam
760 357 951 391 Ecclesiam
975 357 1092 390 omni-

109 411 176 442 hus
196 408 422 452 temporibus.
480 405 526 440 Et
549 415 587 441 ut
614 408 663 451 pii
686 406 768 440 hinc
791 414 908 450 petant
934 407 1092 440 consola—

109 460 260 498 tionem,
303 470 369 502 qua
409 469 480 490 sese
513 464 707 490 sustentent
743 465 846 501 atquc
876 458 1091 489 confirment.

109 508 229 543 Sciant
252 508 382 541 servari
404 505 615 547 Ecclesiam,
647 506 720 540 Deo
744 507 951 540 mirabiliter
976 513 1091 550 prote-

108 565 209 601 gente
245 570 306 591 sua
344 570 470 597 manu,
511 558 547 589 in
582 555 635 590 his
666 557 790 589 mundi
819 557 1091 600 tempestatibus,

107 607 183 642 Deo
213 614 414 641 transeunte
437 618 547 652 usque
569 607 611 640 ad
637 618 715 639 eum
740 607 852 646 diem,
889 618 958 651 quo
983 606 1091 649 glori-

107 658 243 691 ficanda
262 664 322 691 est.

212 707 302 740 Vere
327 714 358 740 et
381 718 474 739 nunc
491 706 585 739 velut
604 705 641 738 in
657 707 792 739 deserto
808 713 953 749 vagatur
968 704 1090 739 Eccle-

107 759 176 797 sia,
208 758 286 790 exul
312 764 344 790 et
370 767 488 789 errans
511 756 586 788 sine
612 763 702 789 certa
721 757 818 796 sede,
844 757 920 789 sine
936 754 1090 789 humana

107 808 320 841 defensione.
382 805 542 845 Interim,
577 806 672 838 utin
698 806 758 838 illo
783 807 931 850 populo,
966 817 1089 849 magna

107 857 296 891 multitudo
332 856 464 895 deficit,
505 861 537 888 et
567 856 638 889 ruit
668 856 704 888 in
736 863 911 889 aeternam
943 856 1028 889 iram
1058 863 1090 890 et

107 914 265 941 aeternas
297 916 437 950 poenas.
492 904 660 938 Videmus
690 905 804 949 Reges
836 913 868 939 et
899 906 1090 950 Principes,

106 963 138 989 et
162 957 348 989 maximam
372 955 633 988 multitudinem
659 954 841 989 hominum
865 963 1090 989 contemnere

105 1006 300 1040 doctrinam
325 1004 527 1048 Evangelii,
556 1013 588 1039 et
611 1017 783 1039 accersere
809 1007 875 1038 sibi
902 1004 1088 1039 horribiles

104 1067 233 1100 poenas
270 1063 301 1088 et
341 1055 496 1089 exitium.
559 1053 606 1088 Et
643 1057 804 1098 exiguum
840 1063 975 1089 coetum
1015 1067 1086 1089 esse

104 1106 342 1151 profitentium
369 1117 443 1137 eam
468 1105 682 1145 doctrinam,
710 1107 871 1138 orbatum
899 1106 1089 1157 praesidiis,

105 1163 139 1190 et
161 1156 418 1189 conflictantem
442 1155 546 1187 variis
565 1156 751 1188 aerumnis.
803 1155 872 1189 Sed
890 1156 1089 1189 intueamur

103 1207 181 1239 illas
210 1205 377 1248 imagines
405 1205 599 1248 propositas
624 1205 660 1237 in
685 1203 830 1238 historia
857 1206 978 1249 populi
1004 1206 1087 1239 Dei:

103 1257 252 1290 sciamus
284 1267 378 1288 nunc
405 1267 545 1299 quoque
567 1255 647 1287 duci
675 1253 862 1288 Ecclesiam
889 1267 949 1298 per
972 1257 1089 1288 deser-

103 1314 200 1345 tum,
227 1312 257 1338 et
281 1306 348 1347 tegi
374 1306 467 1337 nube
491 1312 524 1338 et
548 1305 696 1337 flammis
721 1305 946 1346 coelestibus,
972 1313 1004 1339 et
1025 1307 1088 1338 ad-

104 1368 175 1389 esse
192 1357 315 1388 ducem
333 1352 512 1387 Christum
525 1381 534 1394 ‚
560 1361 598 1387 ut
615 1355 686 1386 illis
705 1356 826 1389 adsuit.

206 1404 324 1446 Quare
347 1404 592 1437 confirmemus
613 1405 766 1444 animos,
799 1412 831 1438 et
855 1411 948 1437 certo
970 1411 1088 1438 tenea-

104 1466 182 1488 mus
208 1451 298 1487 hanc
321 1454 547 1493 sententiam,
582 1455 675 1498 quod
698 1453 791 1487 Deus
818 1455 861 1487 sit
888 1462 1087 1488 servaturus

102 1504 328 1543 Ecclesiam„
357 1516 444 1547 quae
484 1504 609 1536 retinet
644 1504 838 1536 doctrinam
872 1506 1035 1537 traditam
1067 1517 1086 1538 a

102 1553 262 1594 Christo,
302 1551 488 1597 Prophetis
518 1560 550 1586 et
584 1553 778 1596 Apostolis:
819 1555 908 1587 sicut
943 1561 1087 1588 testatur

102 1605 303 1638 dulcissima
334 1603 517 1646 promissio
547 1604 639 1646 apud
665 1602 824 1642 Esaiam,
859 1616 937 1636 cum
971 1604 1087 1648 inquit

102 1656 217 1689 Deus:
245 1653 322 1686 Hoc
343 1653 467 1685 foedus
490 1664 604 1685 meum
629 1665 706 1685 cnm
726 1653 793 1693 eis,
818 1653 970 1696 Spiritus
990 1666 1086 1687 meus
1110 1629 1113 1670 Ι

102 1705 163 1748 qui
189 1711 239 1737 est
265 1704 301 1735 in
327 1709 380 1742 te,
411 1710 444 1736 et
471 1703 574 1735 verba
600 1715 693 1741 mea,
729 1715 817 1748 quae
842 1704 942 1746 p'osui
964 1704 1000 1735 in
1026 1716 1085 1736 ore
1109 1672 1113 1755 ἔ

101 1751 226 1793 TUO,
259 1765 330 1786 non
358 1753 517 1785 recedent
542 1754 584 1785 de
610 1751 713 1786 ORE
741 1750 866 1791 T[J0‚
894 1765 936 1785 ne
960 1755 1002 1786 de
1026 1766 1085 1786 ore

101 1804 243 1837 seminis
271 1803 340 1840 tui,
367 1803 450 1835 dicit
469 1801 661 1844 Dominus,
689 1815 706 1834 a
733 1804 843 1847 modo
863 1809 894 1835 et
921 1803 1084 1846 usquein

101 1854 364 1896 §empiternum.
417 1851 573 1885 Sciamus
599 1852 704 1894 igitur
724 1859 757 1885 et
774 1852 902 1884 nostris
919 1850 1084 1885 Ecclesiis

101 1904 304 1938 adfuturum
319 1899 498 1935 Christum
509 1926 519 1940 ,
542 1902 718 1934 sedentem
734 1902 776 1934 ad
794 1902 947 1935 dextram
961 1901 1086 1942 Patris,

100 1961 134 1987 et
157 1959 359 1996 regnantem
383 1952 484 1984 etiam
504 1951 596 1984 inter
613 1952 746 1984 medios
765 1949 898 1991 hostes,
921 1958 953 1984 et
969 1963 1085 1985 serva-

101 2012 218 2038 turum
236 2002 370 2047 aliquas
386 2001 550 2046 reliquias
566 2002 700 2044 piarum
717 1999 928 2042 scholarum,
949 2003 1083 2035 etiamsi

101 2054 272 2087 mundum
290 2051 491 2096 oppriment
509 2063 639 2094 poenae
658 2057 690 2083 et
707 2051 927 2085 calamitates.

203 2102 312 2136 Modo
331 2113 395 2135 nos
412 2102 603 2143 cogitemus
619 2103 661 2133 de
680 2108 798 2134 nostro
817 2101 948 2141 officio,
976 2101 1084 2135 simus
1108 2117 1111 2135 t

99 2153 189 2197 grati
219 2165 281 2196 pro
312 2153 390 2185 data
424 2152 500 2184 luce
523 2150 728 2194 Evangelii,
766 2151 976 2184 retineamus
999 2163 1083 2184 con·
1108 2143 1110 2161 ³

100 2203 284 2237 sessionem
304 2214 410 2245 purae
428 2201 624 2241 doctrinae,
653 2201 779 2234 nostris
797 2201 939 2241 studiis,
965 2202 1034 2234 vita
1051 2209 1084 2235 et
1108 2171 1111 2234 l

101 2253 258 2287 moribus
289 2263 454 2285 ornemus
483 2249 695 2290 Ecclesiam,
735 2251 940 2284 adiuvemus
969 2252 1082 2285 studia
1107 2236 1111 2279 Ῑ

100 2310 133 2337 et
155 2301 301 2336 scholas.
357 2301 498 2334 lnterim
517 2301 650 2334 etiamsi
669 2301 940 2334 conflictandum
959 2308 1008 2335 est
1024 2314 1082 2335 va·
1107 2281 1111 2340 i

100 2353 163 2387 riis
187 2351 381 2391 aerumnis,
408 2352 611 2384 invocemus
634 2349 727 2384 hunc
745 2359 902 2384 nostruin
919 2363 1082 2395 magnum

99 2405 222 2437 ducem
244 2409 277 2435 et
293 2401 515 2434 liberatorem
533 2401 643 2433 filium
663 2400 746 2441 Dei,
773 2409 804 2434 et
821 2414 888 2434 una
907 2413 989 2434 voce
1005 2414 1082 2445 pre-

100 2464 237 2490 cemur,
264 2459 302 2485 nt
321 2450 416 2484 Deus
433 2450 535 2483 Pater
557 2457 718 2484 aeternus
744 2452 945 2484 misereatur
961 2450 1083 2485 Eccle-

101 2504 171 2536 siae
193 2514 293 2543 suae,
319 2508 352 2534 et
374 2513 448 2533 eam
468 2507 579 2533 servet
597 2508 739 2544 propter
755 2502 854 2534 illum
873 2502 984 2545 ipsum
1003 2501 1083 2535 Me-

101 2554 270 2586 diatorem
287 2558 318 2585 et
335 2551 539 2584 Pontificem
557 2557 713 2583 nostrum
727 2549 905 2584 Christum
920 2579 929 2592 ‚
955 2558 987 2585 et
1003 2559 1082 2586 tan-

101 2605 181 2636 dem
213 2609 368 2635 conterat
390 2601 553 2635 Satanam
581 2601 819 2634 adversarium
844 2603 908 2635 sub
933 2602 1080 2645 pedibus

101 2653 238 2687 nostris.
290 2651 383 2685 Dixi.

530 121 693 157 DECL.
734 121 806 158 DE
841 120 1294 159 CONIUNCTIONE
1330 122 1703 160 SCHOLARUM.

2054 128 2126 161 606

1144 206 1209 243 Nn.
1225 208 1282 243 73.

1146 256 1281 267 Μ

1952 225 1998 245 an.
2021 216 2110 246 1543.

1948 259 2113 272 m

1271 333 1343 373 De
1374 335 1683 374 coniunctione
1714 334 1988 376 Scholammz.

1213 425 1242 449 ln
1258 425 1376 450 Declam.
1391 424 1421 450 T.
1437 424 1481 449 IV.
1502 433 1527 457 p.
1543 426 1591 449 424
1605 436 1678 459 δρψ,
1705 427 1780 452 Rich.
1794 428 1826 453 T.
1840 428 1859 454 l.
1879 438 1904 462 p.
1916 429 1957 454 76.
1973 433 1996 453 et
2012 429 2038 453 in
2053 427 2118 453 Ser—

1245 464 1308 484 vest.
1328 459 1360 483 Τ.
1376 460 1422 483 lV.
1443 459 1539 492 p.355.
1579 460 1620 485 Cf.
1643 461 1771 488 Melanth.
1793 462 1872 494 Epist.
1894 463 1953 488 Vol.
1966 462 1998 488 V.
2018 472 2043 494 p.
2061 463 2118 487 177.

1246 493 1292 516 178
1307 498 1331 517 et
1348 494 1401 518 192.
1426 507 1450 510 —
1494 493 1594 517 prodiit
1609 503 1700 518 excuza
1716 505 1758 519 an.
1777 496 1855 529 1549,
1881 497 2029 522 secundum
2045 497 2119 521 Stro-

1241 527 1292 551 bel.
1313 526 1434 552 biblioth.
1455 526 1584 553 Melantb.
1605 527 1655 552 No-
1671 528 1728 553 3313.

1141 615 1268 647 Oratio
1299 611 1344 646 cle
1375 616 1590 647 necessaria
1621 615 1874 648 coniunctione
1899 615 2119 650 Sclmlarum

1190 664 1503 697 cum-Ministerio
1518 665 1727 709 Evangelii,
1755 676 1776 698 α
1794 666 1897 698 Doct.
1925 668 2068 700 Bern—

1339 712 1482 747 hardo
1510 715 1720 760 Zieylero
1747 718 1918 749 recitata.

1141 795 1237 837 Cum
1259 801 1325 836 hoc
1348 803 1423 836 loco
1448 801 1534 835 mihi
1561 805 1776 836 consuetudo
1800 804 2036 837 necessitatem
2053 805 2119 836 im-

1140 860 1283 897 poneret
1316 855 1358 886 de
1386 861 1589 895 argumento
1614 853 1841 887 ecclesiastico
1865 854 2021 891 dicendi,
2064 855 2120 886 in<

1140 916 1207 949 que
1234 910 1328 937 tanta
1350 904 1577 936 maximarum
1601 915 1717 936 rerum
1734 903 1831 946 copia
1847 904 1964 937 multis
1981 905 2024 936 de
2039 916 2119 937 cau-

1138 955 1184 988 sis
1203 954 1323 987 electio
1341 960 1426 986 esset
1445 953 1610 987 difficilis:
1633 954 1763 996 sumpsi
1780 955 1920 986 tandem
1939 955 2119 987 materiam

1139 1004 1287 1036 maxime
1321 1004 1519 1046 vulgarem,
1555 1004 1653 1036 cuius
1683 1004 1914 1036 consideratio
1938 1011 2053 1036 tamen
2076 1006 2119 1037 ad

1139 1054 1318 1087 excitanda
1335 1054 1450 1086 studia
1466 1054 1645 1087 literarum
1664 1054 1883 1093 conduceret,
1910 1061 1941 1086 et
1957 1066 2020 1086 nos
2037 1066 2121 1087 con-

1138 1104 1289 1137 firmaret
1313 1104 1355 1136 ad
1382 1101 1448 1136 hoc
1469 1104 1558 1137 vitae
1583 1115 1690 1146 genus
1714 1104 1821 1146 magis
1845 1105 2052 1144 amandum,
2087 1111 2121 1137 et

1137 1154 1262 1187 fortius
1289 1154 1473 1187 ferendum
1500 1155 1636 1187 labores
1659 1154 1805 1187 militiae
1828 1152 1945 1189 huius.
1997 1153 2119 1187 Dicam

1139 1205 1231 1237 enim
1257 1205 1299 1237 de
1322 1202 1450 1236 scholis
1474 1205 1672 1237 literarum:
1700 1217 1738 1236 ac
1761 1205 1958 1244 ostendam,
1985 1216 2120 1248 semper

1139 1254 1284 1287 consilio
1302 1253 1367 1287 Dei
1382 1254 1516 1287 additas
1532 1254 1636 1286 fuisse
1651 1252 1785 1286 scholas
1798 1252 1980 1291 Ecclesiis‚
2007 1261 2039 1287 et
2056 1255 2119 1287 ad-

1138 1304 1236 1346 iungi
1264 1310 1436 1347 oportere.
1496 1302 1589 1336 Mihi
1616 1304 1757 1348 quidem
1781 1314 1924 1345 magnae
1950 1304 2121 1347 voluptati

1138 1360 1207 1396 est,
1235 1365 1312 1386 cum
1337 1354 1455 1386 omnia
1472 1351 1646 1386 Ecclesiae
1667 1361 1839 1397 tempora,
1866 1361 1898 1386 et
1920 1354 2120 1387 universam

1137 1402 1363 1436 historiarum
1397 1404 1521 1436 seriem
1549 1404 1666 1437 animo
1698 1411 1833 1447 repeto,
1874 1403 1973 1447 quasi
2003 1416 2120 1437 coram

1138 1454 1255 1485 videre
1281 1460 1331 1486 tot
1357 1454 1490 1486 lumina
1509 1454 1643 1495 generis
1660 1452 1823 1493 humani,
1851 1452 1983 1493 Adam,
2009 1452 2120 1494 Nube,

1137 1503 1239 1545 Sem,
1265 1501 1462 1542 Abraham,
1490 1502 1636 1547 loseph,
1662 1503 1795 1541 Eliam,
1823 1502 1997 1543 Eliseum,
2024 1502 2120 1547 Apo—

1137 1553 1255 1587 stolos.
1308 1552 1473 1586 Arbitror
1498 1560 1531 1586 et
1550 1554 1650 1586 vobis
1674 1554 1959 1586 iucundissimam
1980 1565 2051 1586 esse
2067 1566 2120 1586 re-

1137 1603 1376 1635 cordationem
1407 1609 1440 1635 et
1469 1603 1626 1636 virorum
1660 1604 1800 1643 talium,
1832 1610 1864 1636 et
1889 1604 2118 1636 maximarum

1137 1664 1254 1685 rerum
1271 1664 1356 1697 quas
1372 1661 1561 1695 gesserunt.
1617 1651 1693 1685 Etsi
1713 1654 1817 1695 igitur
1836 1654 1871 1685 in
1889 1653 2047 1695 eligendo
2064 1666 2119 1686 ar-

1136 1710 1312 1744 gumento,
1338 1703 1506 1736 suavitate
1523 1701 1646 1735 harum
1665 1715 1780 1735 rerum
1801 1704 1974 1743 movebar,
2003 1711 2119 1737 tamen

1137 1752 1197 1784 illa
1222 1753 1335 1784 maior
1357 1764 1457 1785 causa
1482 1753 1559 1787 fuit.
1611 1752 1691 1785 Scio
1715 1766 1778 1785 nos
1802 1751 2023 1786 scholasticos
2048 1767 2119 1786 non

1136 1801 1248 1833 solum
1287 1802 1396 1834 iacere
1434 1809 1586 1845 spretos,
1626 1804 1684 1835 sed
1718 1803 1820 1835 etiam
1857 1803 1892 1834 in
1924 1804 2004 1836 odio
2036 1816 2118 1837 esse.

1137 1850 1243 1884 Multi
1270 1859 1404 1884 nostras
1426 1864 1564 1895 operas,
1590 1864 1661 1885 non
1683 1864 1754 1885 rem
1772 1853 1999 1885 necessariam
2019 1853 2119 1893 vitae,

1136 1903 1195 1933 sed
1221 1901 1384 1943 ignavum
1413 1902 1521 1934 otium
1548 1913 1619 1934 esse
1642 1909 1798 1936 censent:
1833 1901 2011 1945 theologos
2036 1916 2118 1936 vero

1137 1951 1259 1989 etiam,
1292 1957 1330 1984 ut
1357 1949 1586 1996 καθάρματα
1610 1959 1642 1984 et
1667 1960 1779 1996 pestes
1804 1952 2016 1996 Rerempub.
2041 1965 2119 1986 exe-

1136 2008 1288 2035 crantur.
1340 2001 1410 2034 Nec
1426 2013 1488 2044 ego
1506 2003 1591 2035 adeo
1608 2003 1706 2034 rudis
1722 2010 1753 2036 et
1769 2003 1950 2046 imperitus
1969 2015 2044 2035 sum
2065 2016 2119 2036 re-

1136 2063 1213 2084 rum
1239 2048 1491 2089 humanarum,
1517 2059 1554 2085 ut
1573 2052 1722 2094 arbitrer
1740 2053 1942 2097 cuiusquam
1960 2055 2118 2087 oratione

1136 2101 1249 2133 sanari
1277 2113 1375 2143 posse
1398 2114 1519 2135 omnes
1543 2103 1600 2146 qni
1625 2103 1672 2134 sic
1696 2103 1863 2135 sentiunt.
1916 2102 1983 2135 Sed
2001 2110 2117 2137 tamen

1136 2163 1234 2183 error
1263 2151 1322 2183 ille
1354 2153 1523 2184 taxandus
1552 2159 1619 2192 est,
1652 2160 1690 2186 ut
1715 2165 1777 2185 nos
1800 2153 1889 2185 vitae
1914 2165 2042 2195 genus,
2075 2156 2117 2186 ad

1135 2201 1227 2246 quod
1247 2201 1417 2235 divinitus
1435 2202 1546 2235 vocati
1568 2214 1706 2241 sumus,
1731 2203 1855 2236 melius
1874 2203 2119 2245 intelligamus,

1135 2258 1168 2285 et
1192 2257 1330 2284 nostros
1353 2252 1488 2285 animos
1514 2252 1550 2284 in
1576 2249 1642 2284 hoc
1667 2264 1770 2285 cursu
1791 2260 1912 2285 nostro
1936 2253 2119 2287 confirmo-

1134 2313 1230 2341 mus‚
1256 2308 1288 2334 et
1313 2302 1490 2345 aliquibus
1513 2303 1614 2334 bonis
1638 2302 1787 2344 ingeniis
1807 2303 1842 2335 in
1862 2300 1926 2335 hoc
1945 2310 2043 2337 coetu
2064 2305 2119 2337 iu-

1135 2363 1281 2391 venum,
1311 2352 1371 2395 qni
1401 2363 1464 2385 nos
1494 2352 1610 2391 audit,
1646 2350 1825 2390 honestas,
1852 2359 1884 2385 et
1915 2365 1994 2386 vere
2015 2355 2118 2387 utiles

1135 2401 1319 2446 opiniones
1350 2401 1552 2434 inseramus.
1628 2402 1724 2443 Quid
1756 2402 1940 2445 gloriosius
1974 2405 2116 2447 cogitari

1135 2457 1265 2496 potest,
1299 2463 1401 2495 qnam
1428 2463 1509 2491 nos,
1537 2452 1600 2485 etsi
1625 2453 1801 2492 doctrina,
1828 2453 2017 2496 sapientia,
2046 2455 2117 2486 vir-

1135 2509 1206 2536 tute
1235 2502 1336 2544 longe
1358 2501 1541 2534 inferiores
1565 2514 1703 2540 sumus,
1737 2510 1851 2535 tamen
1879 2515 1998 2536 revera
2026 2504 2116 2536 idem

1133 2562 1260 2585 munus
1275 2551 1446 2584 sustinere
1461 2552 1497 2584 in
1511 2549 1664 2585 Ecclesia
1675 2551 1741 2586 Dei
1756 2580 1764 2593 ‚
1791 2554 1885 2597 quod
1902 2554 2115 2587 sustinebant

1134 2603 1185 2635 illi
1211 2602 1336 2634 summi
1361 2602 1449 2641 viri,
1483 2600 1599 2642 Nolle,
1627 2602 1726 2641 Sem,
1752 2601 1954 2642 Abraham,
1984 2602 2116 2642 lesaias,

1134 2652 1314 2689 Ieremias,
1352 2650 1528 2696 Baptista,
1565 2651 1752 2696 Apostoli?
1803 2651 1877 2696 Ego
1911 2654 1953 2685 de
1985 2652 2116 2685 nullius
