2338 2958
96 127 170 165 385

98 215 222 253 stimo,
257 211 318 258 qui
351 223 425 244 non
455 210 629 255 intelligat
654 213 898 258 qualecunque
929 210 1086 245 studium

96 264 274 300 ornandae
311 262 442 306 patriae
478 263 572 295 bono
606 263 682 296 viro
721 263 966 307 dignissimum
1002 272 1086 302 esse,

96 314 394 361 quemadmodum
412 320 446 346 et
462 312 571 346 Poe'ta
590 314 724 360 inquit:

245 382 284 413 Et
299 385 366 423 pius
384 391 426 413 est
443 386 553 424 patriae
568 385 644 414 facta
661 386 768 414 referre
783 385 878 416 labor.

92 446 230 482 Deinde
260 458 340 479 cum
369 447 561 479 multarum
594 447 788 481 utilitatum
815 458 917 480 causa
947 457 1084 479 summo

95 497 212 532 studio
245 497 448 541 peregrinae
479 495 647 531 historiae
672 497 917 542 inquirantur,
952 503 1084 541 quanto

93 548 204 592 magis
234 549 333 581 decet
376 560 439 581 nos
479 560 619 592 operam
657 549 758 587 dare,
800 554 839 581 ut
876 547 1084 580 domesticas

93 598 368 643 cognoscamus?
411 598 499 631 Nam
527 596 590 632 hae
622 599 730 641 magis
746 595 916 631 ‘afficiunt
948 598 1084 631 animos

93 657 252 690 nostroS,
276 656 458 694 propterea
479 650 572 694 quod
593 649 680 682 sicut
705 649 853 682 aliarum
877 661 1012 688 rerum,
1037 649 1083 683 ita

92 701 196 735 etiam
229 700 361 744 gloriae
386 700 557 733 maiorum
589 707 791 733 nostrorum
816 697 1014 733 haereditas
1040 701 1081 733 ad

94 763 159 785 nos
182 751 346 796 pertinet.
401 750 514 794 Magis
537 757 651 783 autem
678 750 852 783 afficimur
869 750 999 783 nostris
1019 752 1083 784 bo—

94 803 161 843 nis,
185 814 289 848 quam
308 801 440 834 alienis.
480 800 632 834 Minime
651 802 758 845 igitur
774 801 980 845 negligenda
1001 808 1083 835 sunt

95 853 199 887 nobis
225 852 413 885 domestica
440 852 614 896 exempla,
648 853 851 896 praesertim
875 864 954 885 cum
980 853 1081 886 multi

93 904 312 938 Francorum
337 902 517 946 Principes
547 903 644 936 omni
677 904 845 936 virtutum
878 914 1004 946 genere
1036 904 1081 936 ita

93 954 338 992 excelluerint‚
361 961 401 988 ut
417 966 495 986 cum
515 954 820 997 praestantissimis
836 961 992 987 veterum
1010 954 1082 988 Re-

93 1017 176 1050 gum
193 1004 345 1038 conferri
363 1004 507 1048 possint.
557 1004 705 1038 Prodest
721 1018 761 1038 eo
779 1005 883 1038 etiam
900 1016 953 1037 res
971 1005 1081 1038 maio-

92 1068 172 1090 rum
196 1063 331 1093 tenere,
360 1056 440 1100 quia
460 1056 494 1087 in
514 1053 577 1088 hac
598 1056 734 1099 imperii
753 1056 886 1093 forma,
914 1055 1023 1088 multa
1043 1069 1080 1089 ex

92 1106 349 1140 recentioribus
376 1104 531 1139 historiis
543 1100 704 1139 ‘indicari
728 1106 859 1147 solent,
885 1106 921 1138 in
941 1114 1082 1140 contro-

93 1157 216 1192 versiis
231 1157 318 1190 iuris
335 1157 467 1200 publici
483 1164 515 1191 et
533 1157 756 1200 religionum.

196 1217 265 1251 Sed
292 1216 394 1250 initio
418 1216 556 1249 veniam
579 1229 597 1249 a
624 1217 724 1250 vobis
746 1225 844 1261 peto,
870 1218 898 1251 si
923 1224 1080 1262 expecta—

93 1268 185 1303 tioni
198 1274 330 1301 vestrae
347 1279 418 1300 non
434 1267 631 1300 satisfacere
647 1274 780 1311 potero.
814 1267 877 1302 Est
892 1269 985 1302 enim
1003 1279 1083 1312 per-

93 1319 248 1353 difficilis
274 1324 474 1351 nostrarum
498 1315 725 1351 historiarum
745 1320 940 1362 explicatio,
993 1319 1080 1352 Nam

94 1370 123 1403 si
141 1369 293 1403 Graecas
310 1375 370 1402 aut
384 1367 562 1402 Romanas
577 1366 740 1402 historias
753 1370 946 1411 recitarem,
970 1381 1082 1414 quan-

95 1429 131 1456 to
155 1432 208 1453 me
230 1420 350 1453 labore
376 1419 532 1452 levarent
556 1420 833 1464 eloquentissimi
850 1428 882 1454 et
898 1420 1084 1464 sapientis-

95 1470 176 1505 simi
194 1470 402 1514 scriptores,
428 1482 446 1503 a
463 1470 591 1515 quibus
608 1477 641 1503 et
657 1482 711 1503 res
729 1478 760 1504 et
779 1483 888 1514 genus
913 1471 1082 1504 orationis

95 1521 250 1556 mutuari
273 1520 434 1565 possem?
487 1520 528 1553 In
547 1521 676 1554 nostris
696 1529 811 1555 autem
829 1534 884 1555 res
902 1522 1023 1566 procul
1043 1533 1082 1554 ex

95 1573 203 1606 variis
227 1579 259 1605 et
283 1571 462 1605 indisertis
487 1571 718 1615 scriptoribus
740 1574 960 1617 quaerendae
990 1579 1082 1606 sunt.

95 1624 234 1659 Deinde
259 1629 291 1656 et
316 1623 352 1654 in
376 1622 572 1655 elocutione
595 1619 684 1654 mihi
707 1624 906 1656 sudandum
933 1630 998 1656 est:
1027 1635 1082 1656 ca—

94 1681 175 1709 rent
189 1673 282 1707 enim
299 1673 479 1706 literarum
498 1673 650 1713 lumine,
680 1685 719 1706 ac
737 1674 923 1719 pleraeque
938 1685 992 1706 res
1018 1671 1083 1706 ho-

95 1732 213 1760 nestae
239 1724 395 1767 indignis
420 1724 534 1757 modis
557 1725 813 1758 contaminatae
836 1732 918 1759 sunt
936 1725 1084 1769 scripto-

94 1788 175 1811 rum
198 1775 352 1820 ineptiis.

195 1833 269 1867 Has
287 1832 509 1867 difficultates
525 1845 602 1866 cum
620 1833 738 1866 animo
758 1833 1002 1877 prospicerem,
1023 1833 1085 1865 diu

96 1896 233 1920 mecum
258 1884 483 1922 dubitabam,
511 1896 555 1916 an
579 1881 646 1916 hoc
667 1891 913 1927 argumentum
930 1890 1086 1928 pertexe-

97 1948 190 1976 rem;
217 1935 274 1968 sed
295 1934 378 1967 vicit
392 1946 491 1967 amor
510 1934 664 1977 patriae,
692 1947 730 1967 ac
749 1935 920 1978 perpulit,
949 1942 985 1967 ut
1003 1932 1086 1968 haec

97 1986 357 2034 qualiacunque
373 1985 585 2027 colligerem.
641 1984 751 2029 quue
768 1998 807 2017 eo
825 1985 888 2018 feci
910 1986 1086 2025 libentius,

98 2038 194 2085 quod
216 2037 408 2070 sentiebam
435 2048 488 2068 me
516 2035 696 2068 mirificam
721 2048 843 2079 capere
860 2037 1087 2080 voluptatem,

99 2101 140 2124 ex
158 2087 365 2122 tractatione
381 2084 486 2119 huius
502 2087 715 2129 argumenti,
743 2094 775 2120 et
790 2087 1000 2129 cogitatione
1014 2087 1087 2120 vir-

97 2139 183 2174 tutis
204 2138 377 2172 maiorum
408 2143 630 2175 nostrorum,
664 2150 680 2170 a
705 2149 772 2182 qua
797 2150 876 2170 cum
904 2138 1086 2171 considero

98 2196 270 2236 quantum
288 2188 492 2222 Germanici
511 2187 694 2231 Principes
717 2186 781 2221 hac
807 2194 917 2221 aetate
940 2190 1088 2232 degene-

99 2240 230 2280 tarint,
256 2251 329 2272 non
354 2250 493 2282 possum
517 2251 588 2272 non
604 2239 787 2283 deplorare
810 2236 935 2272 liorum
954 2246 1089 2284 tempo-

100 2304 180 2326 rum
200 2290 471 2323 infoelicitatem.
524 2289 613 2323 Nam
632 2290 779 2323 maiores
797 2302 917 2322 eorum
942 2302 1015 2323 non
1033 2302 1089 2323 so—

100 2343 174 2377 lum
199 2340 336 2374 viribus
359 2353 448 2385 quae
475 2352 546 2374 non
570 2342 697 2374 desunt
717 2348 856 2374 nostrae
880 2341 1003 2381 aetati,
1029 2342 1087 2374 sed

100 2393 214 2427 multo
235 2391 343 2434 magis
367 2391 475 2424 animi
502 2392 762 2434 magnitudine,
788 2390 936 2424 consilio
954 2398 987 2425 et
1007 2404 1091 2425 con-

110 2443 230 2478 cordia
253 2443 338 2475 fines
359 2442 496 2485 imperii
522 2442 763 2486 protulerunt,
789 2449 822 2476 et
846 2442 1005 2476 barbaris
1030 2455 1092 2476 na-

100 2495 262 2531 tionibus
278 2493 420 2527 domitis
439 2499 546 2526 totam
563 2491 743 2537 Europam
768 2499 954 2536 pacarunt,
981 2500 1014 2528 et
1033 2506 1094 2538 pa-

103 2557 179 2580 cem
206 2545 362 2588 legibus,
397 2543 603 2587 disciplina,
638 2544 807 2587 religione
831 2544 1038 2579 munierunt
1062 2554 1094 2578 et

103 2603 294 2636 ornarunt,
321 2595 456 2640 fuitque
479 2601 572 2627 tanta
595 2594 780 2628 admiratio
805 2595 1013 2638 sapientiae,
1042 2597 1096 2628 iu-

104 2646 222 2681 sticiae
250 2654 282 2680 et
311 2646 530 2679 fortitudinis
558 2657 699 2683 eorum,
727 2652 765 2678 ut
784 2651 919 2677 exterae
940 2646 1097 2679 nationes

104 2697 213 2732 nullis
231 2695 386 2739 Regibus
411 2697 555 2730 salutem
577 2708 674 2729 suam
700 2696 920 2730 committere
939 2697 1099 2738 mallent,

158 2747 343 2781 Rimas-ru.
372 2750 476 2780 Oriza.
505 2749 587 2780 Vot„
616 2748 678 2779 XI.

651 123 811 162 DECL.
846 123 921 160 DE
953 121 1228 159 ENCOMIO
1264 122 1570 159 FRANClAE.

2057 128 2131 163 386

1139 220 1245 253 quam
1265 209 1406 244 nostris.
1460 209 1577 253 Quam
1595 211 1642 245 ob
1667 223 1806 245 causam
1824 210 1924 246 ltalia
1944 212 2033 246 illud
2052 211 2129 248 Au-

1139 266 1278 302 gustum
1304 271 1435 292 nomen
1458 262 1585 294 summi
1615 262 1754 307 imperii
1780 275 1798 295 a
1825 261 1968 296 Graecis
1993 265 2035 296 ad
2062 277 2128 298 no-

1138 317 1228 342 stros
1253 307 1412 343 homines
1438 312 1627 346 transtulit.
1688 312 1762 346 Hos
1785 313 1897 348 voluit
1925 326 1997 347 esse
2023 316 2128 349 duces

1139 360 1271 404 publici
1295 361 1433 394 consilii
1460 362 1553 395 inter
1570 375 1692 396 omnes
1709 363 1842 407 Reges,
1871 372 1903 398 et
1920 366 2126 410 praecipuos

1138 411 1309 451 custodes,
1331 423 1404 444 non
1421 412 1534 444 solnm
1550 425 1738 456 regnorum
1755 415 1926 456 omnium,
1944 418 2002 449 sed
2022 417 2125 450 etiam

1137 459 1332 502 Ecclesiae,
1360 462 1488 506 quibus
1514 463 1653 496 iudiciis
1678 465 1761 509 quid
1784 473 1894 508 potest
1915 467 1998 499 ullis
2016 466 2125 511 Regi-

1138 513 1202 545 bus
1222 513 1424 555 contingere
1440 513 1650 555 gloriosius?
1693 514 1768 547 Hoc
1786 516 1892 558 igitur
1907 518 2011 550 decus
2030 530 2125 552 nunc

1137 564 1223 596 adeo
1243 575 1314 596 non
1332 570 1482 603 tuemur,
1508 576 1579 597 non
1596 565 1708 597 solum
1725 572 1762 598 ut
1779 567 1864 599 foris
1881 580 1952 600 non
1972 570 2124 602 retinea-

1137 625 1213 646 mus
1229 614 1409 659 antiquam
1430 615 1568 658 imperii
1594 616 1864 659 possessionem,
1893 620 1951 651 sed
1970 628 2008 653 ut
2027 619 2124 653 Tur-

1136 676 1191 697 cas
1219 665 1255 696 in
1285 663 1495 706 Germania,
1534 673 1566 698 et
1594 667 1639 699 ob
1667 667 1786 699 oculos
1814 675 1951 701 nostros
1981 670 2125 713 impune

1136 715 1281 758 grassari
1299 716 1465 751 sinamus,
1520 716 1665 750 Interim
1685 718 1843 762 plerique
1861 726 1919 752 aut
1941 732 2001 763 per
2026 721 2125 764 igna-

1136 766 1228 798 viam
1245 767 1378 799 dedunt
1395 778 1430 800 se
1449 767 1708 811 voluptatibus,
1736 776 1795 801 aut
1818 769 1977 813 impediti
2006 774 2124 815 priva-

1136 817 1178 849 tis
1203 817 1415 858 adfectibus,
1442 830 1515 851 non
1538 819 1695 852 referunt
1720 820 1866 853 consilia
1890 833 1950 854 sua
1968 823 2010 854 ad
2029 834 2125 855 com-

1136 880 1275 900 munem
1294 868 1460 909 salutem,
1487 870 1581 914 quod
1604 869 1827 913 Principibus
1848 871 1930 904 viris
1950 879 1983 905 et
2006 870 2124 905 heroi-

1135 931 1174 951 co
1201 931 1325 962 genere
1347 919 1633 962 indignissimum
1653 928 1713 953 est.
1766 920 1838 954 llas
1860 924 2040 967 quaerelas
2059 925 2124 957 do-

1137 969 1190 1002 lor
1208 967 1293 1001 milii
1309 970 1492 1013 expressit,
1520 971 1583 1004 etsi
1598 971 1748 1004 sciebam
1767 984 1822 1005 eas
1841 985 1911 1005 non
1931 986 2123 1017 congruere

1135 1020 1305 1053 orationis
1322 1021 1480 1055 exordio.

1238 1086 1327 1121 Cum
1353 1094 1470 1121 autem
1487 1089 1606 1121 deceat
1628 1101 1694 1122 nos
1713 1089 1911 1124 Germanos
1934 1105 2013 1126 vere
2031 1091 2123 1126 Ger-

1138 1150 1277 1177 manos,
1305 1145 1339 1171 et
1357 1145 1478 1172 mutuo
1496 1151 1614 1172 amore
1632 1141 1813 1174 devinctos
1830 1154 1916 1183 esse,
1944 1155 2043 1186 spero
2059 1157 2122 1177 vo-

1137 1189 1188 1221 bis
1204 1201 1342 1234 quoque
1356 1188 1524 1223 Franciae
1541 1191 1661 1224 laudes
1679 1204 1750 1224 non
1770 1193 1922 1235 ingratas
1938 1195 2023 1235 sore,
2042 1208 2121 1228 cum

1135 1237 1218 1272 haec
1236 1240 1332 1273 natio
1350 1241 1530 1273 communi
1546 1240 1759 1275 Germanico
1778 1245 1913 1277 nomini
1932 1257 2058 1288 magno
2080 1247 2125 1281 sit

1136 1297 1361 1328 ornamento,
1389 1299 1420 1325 et
1436 1292 1562 1325 multas
1579 1304 1633 1325 res
1647 1294 1800 1336 gesserit,
1827 1295 1955 1339 quibus
1974 1296 2124 1330 Germa-

1136 1341 1230 1373 niam
1251 1341 1407 1374 reddidit
1434 1342 1672 1379 illustriorem.
1725 1343 1801 1387 Ego
1823 1358 1963 1390 quoque
1984 1355 2123 1381 nostros

1136 1389 1298 1424 homines
1324 1391 1369 1425 ita
1395 1394 1530 1426 ornabo
1555 1394 1626 1426 suis
1653 1395 1865 1438 praeconiis,
1901 1394 2053 1443 nillil-ut
2081 1399 2123 1432 de

1135 1443 1249 1475 aliena
1276 1443 1380 1475 laude
1404 1444 1607 1487 decerpam,
1646 1446 1705 1478 sed
1734 1447 1850 1489 potius
1880 1459 1919 1480 ex
1944 1447 2124 1483 Francicis

1135 1493 1252 1537 aliqua
1271 1494 1456 1536 praeconia
1475 1495 1518 1527 ad
1537 1495 1621 1527 alias
1641 1496 1800 1529 nationes
1818 1498 1996 1535 derivabo.

1235 1557 1411 1603 Equidem
1437 1572 1509 1593 non
1536 1561 1636 1594 valde
1665 1562 1827 1606 improbo
1854 1566 2010 1599 studium
2043 1567 2125 1602 illo-

1137 1622 1233 1650 rum,
1258 1610 1319 1655 qui
1342 1611 1479 1653 ignotas
1500 1611 1672 1654 origines,
1699 1615 1743 1646 ad
1763 1614 1972 1649 clarissimos
1991 1616 2125 1661 heroas,

1137 1660 1313 1695 autetiam
1329 1662 1475 1695 coeleste
1491 1662 1634 1707 aliquod
1654 1676 1784 1698 numen
1798 1693 1806 1706 ‚
1832 1673 1871 1699 ut
1889 1667 1953 1710 ipsi
1972 1668 2126 1714 loquun-

1137 1722 1212 1752 tur,
1238 1713 1408 1753 resernnt,
1434 1719 1474 1746 ut
1491 1714 1617 1756 cogitet
1631 1716 1824 1758 posteritas,
1851 1717 2023 1753 divinitus
2041 1733 2126 1754 con-

1137 1763 1256 1796 stituta
1281 1774 1352 1795 esse
1370 1774 1493 1807 regna,
1521 1771 1612 1798 amet
1634 1767 1794 1809 patriam,
1818 1768 1950 1801 maiore
1967 1782 2047 1804 cura
2065 1773 2127 1805 de-

1138 1814 1257 1847 fendat
1271 1813 1362 1857 leges
1377 1826 1394 1846 a
1413 1815 1605 1847 maioribus
1629 1824 1804 1860 acceptas,
1828 1818 1911 1862 ipsis
1935 1821 2036 1853 etiam
2052 1821 2127 1857 Re-

1138 1865 1251 1907 gibus,
1272 1871 1438 1909 tanquam
1459 1867 1659 1910 propagatis
1676 1879 1693 1899 a
1713 1868 1831 1901 divina
1849 1870 1966 1914 stirpe,
1994 1884 2126 1907 numen

1139 1915 1281 1960 aliquod
1309 1915 1421 1947 inesse
1448 1916 1631 1952 existimet.
1682 1917 1770 1951 Nam
1791 1926 1821 1952 et
1846 1920 1918 1964 ipse
1943 1922 1986 1955 ita
2003 1925 2129 1966 sentio,

1141 1978 1244 2009 regna
1262 1966 1434 1999 divinitus
1452 1967 1638 2008 constitui,
1666 1980 1729 2002 nec
1750 1977 1888 2012 gentem
1910 1973 2040 2012 ullam,
2068 1982 2128 2010 aut

1140 2017 1292 2059 Regem,
1319 2017 1393 2050 sine
1416 2018 1555 2052 coelesti
1579 2026 1675 2052 motu
1693 2027 1795 2065 atque
1812 2022 1961 2062 adflatu,
1987 2024 2128 2070 Respu-

1141 2068 1248 2101 blicas
1265 2068 1448 2108 fundasse,
1477 2076 1509 2102 et
1535 2069 1671 2110 legibus
1690 2083 1727 2103 ac
1743 2072 1928 2116 disciplina
1949 2076 2129 2119 muniisse,

1140 2125 1171 2152 et
1195 2118 1300 2151 saluti
1323 2119 1533 2162 posteritatis
1558 2120 1727 2154 foeliciter
1754 2124 1981 2160 consuluisse.
2032 2126 2129 2162 Haec

1141 2169 1234 2201 enim
1250 2176 1330 2202 sunt
1346 2170 1506 2203 coelestia
1523 2171 1708 2210 beneficia,
1741 2185 1829 2218 quae
1845 2172 1940 2208 Deus
1957 2189 2017 2221 per
2033 2189 2129 2212 sum-

1142 2231 1217 2252 mos
1241 2216 1366 2253 heroas
1388 2221 1544 2265 impertit
1562 2219 1717 2256 humano
1732 2225 1871 2265 generi,
1901 2234 1937 2260 ut
1960 2235 1991 2261 et
2013 2240 2129 2264 sacrae

1145 2270 1263 2303 literae
1284 2271 1430 2310 docent,
1463 2278 1495 2305 et
1519 2272 1766 2316 sapientissimi
1785 2273 1990 2320 Pliilosoplii
2018 2280 2131 2314 saten-

1145 2330 1211 2355 tur.
1269 2319 1318 2354 lta
1339 2321 1611 2356 Lacedaemonii
1641 2336 1719 2357 cum
1753 2322 1922 2361 haberent
1945 2328 2057 2374 Reges
2086 2333 2130 2366 ab

1145 2371 1297 2405 llercule
1316 2378 1423 2412 ortos,
1446 2373 1633 2416 diligenter
1649 2376 1836 2414 cavebant,
1863 2390 1907 2411 ne
1925 2381 1983 2424 qui
2004 2394 2131 2427 propa-

1146 2422 1214 2466 gati
1238 2423 1281 2455 al)
1303 2423 1370 2455 alia
1393 2422 1500 2467 stirpe
1526 2426 1761 2461 succederent.
1816 2427 1898 2462 Fuit
1917 2437 1946 2463 et
1966 2430 2132 2466 Macedn-

1147 2474 1235 2506 nicis
1252 2472 1408 2516 Regibus
1429 2472 1599 2508 Hercules
1616 2477 1751 2519 generis
1771 2485 1881 2513 antor.
1923 2480 1990 2515 Sed
2008 2485 2132 2518 omitto

1147 2524 1324 2568 exempla,
1351 2536 1439 2569 quae
1455 2532 1538 2559 sunt
1554 2526 1837 2565 innumerabilia.

1250 2590 1338 2624 Cnin
1366 2598 1481 2625 autem
1506 2592 1633 2626 Franci
1660 2601 1773 2628 tantos
1796 2593 1983 2631 habuerint
2004 2613 2136 2634 succes-

1151 2654 1227 2683 sus,
1255 2650 1288 2676 et
1306 2654 1450 2685 regnum
1468 2644 1504 2676 in
1522 2643 1639 2677 Gallia
1657 2647 1914 2687 constituerint,
1941 2652 2032 2693 qnod
2054 2652 2137 2694 legi-

1154 2696 1220 2728 bus
1251 2700 1285 2727 et
1314 2693 1482 2728 institutis
1508 2695 1611 2736 longe
1639 2703 1790 2740 praestat
1824 2699 1987 2731 omnibus
2023 2703 2138 2745 reguis

1554 2745 1603 2780 25
