2338 2958
139 149 212 185 403

148 237 297 269 insertae
312 239 394 268 sunt
406 259 414 273 ‚
446 238 484 265 ut
502 231 596 264 velut
610 229 647 261 in
670 228 799 262 illustri
817 234 850 261 et
868 227 1051 272 perspicuo
1072 238 1136 271 po-

148 287 232 320 sitae
246 285 342 325 loco,
369 284 411 316 ad
430 293 568 315 omnem
594 279 806 323 posteritatis
822 278 1029 312 memoriam
1051 277 1138 311 reti-

151 336 246 378 neri,
274 342 306 369 et
331 345 408 367 cum
433 330 666 365 admiratione
684 329 830 374 spectari
854 335 1005 374 possent.
1057 327 1139 361 Ple-

153 400 238 421 num
261 393 309 419 est
334 386 456 427 poema
480 381 629 415 Homeri
655 381 784 415 talibus
813 380 1016 419 sententiis,
1051 391 1140 423 quae

155 438 248 471 velut
268 436 405 479 pondus
424 440 455 466 et
480 432 701 466 autoritatem
727 433 840 475 legum
859 429 1008 470 habent,
1035 442 1141 474 quae-

157 499 223 533 que
246 485 369 519 merito
387 491 424 517 ut
447 483 588 516 oracula
611 490 671 516 aut
688 483 807 517 divina
829 493 995 527 responsa
1023 482 1143 523 singu-

159 537 222 571 lari
249 548 328 569 cum
352 535 523 578 religione
542 534 740 573 observari,
765 533 1026 577 memoriaeque
1045 543 1143 564 man-

158 587 244 627 dari,
267 594 299 620 et
315 598 450 629 semper
467 586 512 618 ob
529 585 648 618 oculos
665 582 787 617 haberi
805 585 990 617 debebant.
1021 582 1146 625 Quod-

160 650 227 684 que
257 638 299 670 de
323 635 495 680 Euripide
519 634 642 668 Cicero
674 635 780 668 dixit.
823 635 868 668 Se
891 633 1048 676 singulos
1074 633 1146 665 eius

160 699 291 728 versuS,
317 687 454 730 singula
473 686 670 720 testimonia
687 692 820 729 p11t1re‚
848 685 881 717 id
902 684 1014 717 multo
1032 683 1149 716 serius

162 741 205 773 de
222 713 392 772 Horum-0⁰
391 738 459 770 dici
477 748 574 781 posse
591 736 744 776 videtur,
771 748 849 768 cum
866 734 1070 779 Euripides,
1095 746 1150 766 re-

161 791 320 835 liquique
337 788 479 827 Potinae,
509 787 603 820 velut
617 787 724 820 rivuli
742 799 782 820 ex
801 785 967 827 Homero,
993 797 1055 819 ceu
1072 797 1149 829 per-

162 841 246 875 enni
263 841 359 874 sonte
377 838 578 873 scaturiant.

266 922 476 956 Ttaduntur
509 921 546 954 in
580 933 651 955 una
685 920 842 978 qualibet
871 926 944 954 arte
979 917 1153 963 principia

165 975 287 1021 quaed
281 986 356 1014 tm,
383 980 415 1006 et
434 984 638 1006 communes
654 972 825 1012 noticiae,
853 972 894 1004 ad
913 982 1011 1016 quas,
1039 969 1098 1014 qui
1117 969 1154 1000 in

166 1026 208 1058 iis
235 1001 420 1058 versantur
441 1023 592 1063 artibus,
627 1023 723 1056 volut
745 1023 788 1055 ad
812 1022 972 1055 Lesbiam
999 997 1152 1063 iegulam

166 1075 394 1118 cogitationes
425 1086 503 1107 suas
528 1074 696 1116 dirigunt.
755 1072 991 1111 Meministis,
1022 1070 1154 1104 Adole-

165 1133 315 1166 scentes,
339 1125 505 1158 maximas
522 1125 558 1157 in
577 1124 763 1159 Dia-lectica
778 1124 894 1156 vocari
911 1136 928 1156 a
948 1121 1090 1161 Boetio,
1119 1121 1155 1153 id

167 1188 276 1222 genus
311 1187 514 1209 communes
543 1172 754 1221 προλήψεως
796 1174 964 1213 Talibus,
998 1173 1155 1217 inquam,

167 1227 326 1262 maximis
347 1233 483 1259 constat
510 1233 622 1258 totum
652 1229 774 1269 poema
802 1223 968 1264 Homeri,
1003 1221 1069 1255 hoc
1095 1229 1156 1259 est,

167 1278 414 1313 communibus
447 1283 480 1310 et
511 1275 704 1309 utilissimis
738 1276 866 1317 regulis
899 1287 937 1308 ac
967 1273 1158 1318 praeceptis

169 1341 325 1366 morum,
354 1328 512 1370 vitaeque
541 1334 574 1359 et
595 1326 751 1360 civilium
771 1326 980 1365 officiorum,
1008 1335 1157 1369 quarum

168 1382 204 1414 in
238 1379 336 1413 omni
366 1378 435 1411 vita
465 1385 496 1411 et
520 1377 717 1411 actionibus
746 1388 827 1409 usus
860 1376 1027 1410 latissime
1056 1380 1158 1418 patet,

169 1431 277 1464 multa
299 1431 415 1466 docet,
445 1428 553 1461 multa
580 1428 754 1471 sapienter
776 1434 912 1465 mouet,
942 1425 1089 1460 instillat
1109 1431 1157 1458 te-

170 1494 273 1515 nerae
296 1480 400 1513 aetati
422 1477 684 1512 honestissimas
704 1485 736 1512 et
760 1477 982 1511 suavissimas
1001 1475 1160 1515 noticias,

170 1532 375 1571 modestiae,
402 1530 652 1569 verecundiae,
679 1541 717 1561 ac
740 1529 956 1573 reliquarum
974 1528 1158 1560 virtutum:

168 1583 348 1617 suavitatis
370 1589 403 1614 et
426 1578 654 1613 humanitatis
678 1591 817 1612 morum
842 1579 961 1611 nullus
978 1590 1018 1611 eo
1036 1577 1160 1610 melior

173 1634 356 1677 Magister:
392 1637 544 1675 praestat
561 1642 598 1663 ac
621 1629 725 1662 esftcit
743 1630 918 1674 quandam
938 1629 1035 1673 quasi
1058 1640 1159 1670 expc-

168 1684 331 1719 rientiam
350 1694 467 1715 rerum
485 1682 522 1714 in
541 1680 745 1720 iuvenibus,
769 1692 858 1724 quae
882 1679 956 1712 laus
974 1679 1104 1723 alioqui
1123 1684 1160 1710 ut

169 1745 306 1769 summa
323 1740 386 1773 est,
413 1733 459 1765 ita
477 1732 541 1765 soli
558 1730 726 1765 senectuti
744 1731 923 1765 tribuitur.
958 1729 1048 1763 Nota
1066 1729 1159 1762 enim

171 1793 220 1821 cst
237 1783 408 1819 sententia
425 1782 544 1816 Latini
561 1781 704 1815 Poetae:

611 1863 672 1881 non
690 1853 789 1880 omnia
807 1850 915 1880 tardior
933 1856 1009 1879 aetas

249 1906 335 1946 Quae
353 1907 503 1945 fugiamus
519 1903 625 1941 habet,
652 1905 722 1933 εει-ιε
741 1904 821 1932 venit
837 1913 906 1931 usus
924 1903 958 1930 ab
979 1902 1070 1930 annis.

173 1972 251 2007 Hoc
269 1983 352 2005 vero
369 1969 530 2003 divinum
557 1967 766 2000 beneficium
793 1972 942 2010 praestat
968 1966 1069 1998 lectio
1088 1964 1164 1998 Ho—

173 2024 275 2064 meri,
300 2033 436 2065 nempe,
458 2019 551 2065 quod
571 2018 752 2061 ingenium
769 2017 934 2054 iuvenile,
959 2016 1061 2049 senili
1081 2028 1165 2059 pru-

175 2074 291 2109 dentia
311 2072 449 2110 imbuit,
477 2083 512 2102 ea
531 2069 637 2109 enim,
663 2080 751 2113 quae
768 2079 867 2100 senes
883 2079 945 2111 per
964 2067 1058 2109 longi
1077 2074 1164 2100 tem-

176 2126 271 2171 poris
296 2135 396 2156 usum
415 2118 676 2171 deprehendite
698 2119 946 2163 soltnt,q11ae
970 2118 1048 2150 illos
1065 2119 1166 2150 docet

177 2187 363 2209 numerosa
380 2172 485 2205 series
507 2182 700 2209 .¹,111norum
727 2177 759 2203 et
778 2170 866 2202 varii
888 2181 1061 2202 re1umac
1077 2168 1166 2201 vitae

178 2225 353 2260 humanae
369 2235 483 2258 casus
509 2233 550 2255 ex
569 2219 633 2254 boc
656 2221 815 2264 poemate
839 2232 899 2264 per
906 2219 1165 2263 compendium

180 2285 285 2321 tanqu
291 2288 344 2308 ιιιιι
363 2287 379 2307 e
399 2272 456 2307 ttu-
448 2285 562 2305 ·sau1·o
579 2279 636 2305 aut
656 2273 752 2305 sonte
775 2278 850 2315 petoe
854 2283 889 2304 re
907 2277 1010 2315 atque
1028 2268 1167 2303 ltaurite

181 2325 404 2360 tier-1.N0n
430 2325 533 2369 paulo
557 2323 650 2355 enim
675 2322 832 2355 foelicius
856 2320 911 2355 hic
932 2321 1082 2354 traditur
1105 2321 1168 2353 do-

180 2379 290 2412 ctrina
310 2384 399 2410 recto
416 2384 449 2409 ct
468 2376 565 2408 beate
583 2373 744 2414 vivendi,
771 2385 874 2418 quam
896 2373 930 2405 ιιι
948 2372 1029 2404 ιι11ι5
1047 2370 1169 2405 l‘hito-

181 2427 372 2473 sophorum
395 2424 650 2462 monumentis,
685 2431 722 2458 ιιι
740 2435 820 2457 vere
837 2425 879 2457 (le
897 2423 1052 2456 Homero
1071 2423 1168 2456 ‹lixe-

182 2481 226 2514 rit
247 2478 430 2517 Horatius,
457 2477 549 2521 quod
575 2476 649 2508 ille:

233 2550 317 2587 Quid
335 2551 371 2577 ιιι
388 2556 471 2586 turp«—
484 2571 490 2582 ,
519 2546 589 2586 quid
608 2545 766 2585 pulchrum
779 2568 787 2582 ,
816 2545 886 2585 quid
903 2546 992 2579 utile,
1021 2543 1092 2584 quid
1109 2554 1168 2572 ιιοιι

234 2601 354 2632 strutus
370 2606 396 2628 et
413 2600 516 2627 melius
535 2597 694 2637 chrisippu
712 2604 739 2626 et
756 2596 898 2627 Crantore
916 2596 1060 2625 docuerit.

186 2665 339 2700 involvit
363 2676 444 2697 vero
470 2661 553 2696 baec
578 2662 780 2704 gravissima
809 2673 847 2694 ac
871 2660 1087 2694 sanctissima
1104 2660 1169 2692 do-

184 2725 297 2761 gmata
312 2714 524 2749 dulcissimis
540 2720 571 2747 ct
590 2712 852 2747 iucundissimis
877 2711 1038 2751 iconibus
1056 2710 1169 2756 poe'ti-

631 142 785 178 DECL.
837 139 913 176 DE
944 138 1226 176 PRAEFAT.
1253 137 1310 173 IN
1335 134 1656 175 HOMERUM.

2114 140 2189 179 404

1189 225 1251 266 cis,
1273 230 1312 258 ut
1327 222 1468 267 ingenia
1484 222 1645 256 liberalia
1661 228 1695 256 et
1710 221 1900 269 συζητικὰ,
1926 237 2004 261 cum
2020 227 2189 273 quadam,

1189 283 1229 311 ut
1243 275 1291 309 ait
1306 271 1538 314 Plutarchus,
1563 271 1745 320 εὐμουσία
1765 276 2004 314 erudirentur.

1293 325 1415 370 Neque
1433 322 1475 359 τὸ
1492 321 1641 369 ηθικὸν,
1659 321 1728 358 hoe
1746 331 1808 364 est,
1834 334 1998 362 venustas
2015 336 2048 363 et
2071 328 2190 363 suavi-

1193 385 1244 412 tas
1261 388 1420 416 morum,
1446 374 1579 418 ingenii
1600 375 1695 420 quod
1712 376 1908 410 moderatio
1925 390 1964 411 ae
1984 377 2192 413 humanitas

1195 429 1266 462 ullo
1288 428 1324 460 in
1343 426 1473 470 scripto
1490 426 1537 459 ita
1554 437 1713 469 expressa
1731 433 1800 468 est,
1825 433 1864 460 ut
1883 427 1919 460 in
1936 426 2084 463 Homeri
2103 433 2190 474 poe-

1195 486 1296 512 mate.
1349 478 1593 521 Quapropter,
1619 477 1649 510 si
1666 488 1787 510 verum
1808 484 1858 511 est
1881 479 1974 523 quod
1994 478 2063 513 dici
2089 481 2193 521 solet,

1197 529 1313 563 studia
1333 529 1428 561 abire
1445 528 1483 560 in
1499 538 1632 568 mores,
1658 527 1709 561 ira
1727 535 1766 562 ut
1781 539 1903 562 verum
1922 535 1991 569 est,
2017 529 2094 563 fieri
2118 542 2194 563 non

1198 586 1322 625 potest,
1350 579 1436 624 quin
1451 576 1699 612 humanissimi
1717 585 1751 612 et
1766 578 1959 612 dulcissimi
1976 579 2106 614 Poetae
2120 587 2194 614 tra-

1200 631 1372 671 ctatione,
1399 629 1539 673 ingenia
1559 641 1701 673 quoque
1723 629 1928 670 mitescant,
1954 630 2110 676 fiantque
2124 628 2195 664 hu-

1200 681 1361 714 maniora
1381 686 1414 713 et
1431 679 1541 723 magis
1565 680 1715 724 placida.
1767 678 1845 713 Hoc
1861 681 1965 714 credo
1985 681 2052 714 viri
2075 681 2193 724 magni

1203 739 1235 765 et
1251 731 1508 775 praestantibus
1525 730 1676 774 ingeniis
1700 730 1850 775 praediti
1867 731 2198 773 animadvertentes,

1203 783 1263 816 alii
1281 785 1403 826 po'oma
1419 780 1567 815 Homeri
1585 780 1814 815 humanitatis
1830 781 2018 823 officinam,
2037 782 2098 815 alii
2115 783 2196 816 fon-

1205 841 1274 868 tem
1308 832 1424 865 omnis
1459 832 1641 866 suavitatis
1676 840 1709 866 et
1741 834 1933 866 venustatis
1960 833 2197 878 adpellarunt.

1205 883 1342 917 Plinius
1358 883 1512 927 primum
1532 883 1744 916 liberalioris
1771 883 1953 917 doctrinae
1981 890 2013 917 et
2040 883 2198 929 antiqui-

1206 934 1285 968 tatis
1310 940 1491 978 parentem
1515 931 1710 967 Homerum
1740 940 1859 975 vocat,
1896 933 1996 968 Plato
2025 935 2198 979 optimum

1205 985 1297 1019 vitae
1314 984 1532 1027 magistrum.
1583 983 1701 1029 Atque
1717 990 1756 1017 ut
1771 984 2008 1028 intelligamus
2024 985 2108 1019 istos
2122 996 2198 1018 ma-

1207 1035 1352 1079 gnificos
1383 1035 1504 1068 titulos
1533 1046 1614 1067 vere
1646 1033 1801 1068 Homero
1832 1035 1960 1074 tribui,
1995 1035 2199 1070 intueamur

1207 1087 1333 1131 poe'ma
1355 1085 1448 1125 eius,
1472 1092 1584 1119 totum
1601 1085 1705 1118 nobis
1728 1097 1854 1130 corpus
1870 1097 2129 1131 proponamus,
2153 1097 2199 1119 ne

1207 1145 1246 1171 ut
1263 1137 1300 1169 in
1318 1137 1459 1169 disiecta
1478 1142 1590 1169 statua
1614 1148 1653 1169 ex
1672 1136 1843 1171 mutilatis
1858 1137 2019 1182 partibus
2039 1144 2072 1171 et
2088 1147 2200 1170 mem-

1209 1188 1300 1228 bris,
1329 1187 1487 1220 facienda
1504 1188 1549 1220 sit
1566 1187 1778 1222 coniectura.

1310 1237 1448 1282 Duplex
1471 1244 1520 1271 est
1542 1237 1714 1281 poematis
1732 1236 1912 1270 Homerici
1937 1243 2201 1281 argumentum:

1211 1286 1372 1322 Alterum
1390 1288 1492 1328 Ilias,
1527 1288 1675 1321 alterum
1700 1287 1858 1333 Odyssea
1890 1287 2105 1323 inscribitur.
2160 1285 2200 1320 In

1211 1338 1321 1372 Iliade
1340 1335 1547 1371 Plutarchus
1564 1339 1674 1371 robur
1689 1339 1858 1382 corporis,
1885 1338 1921 1371 in
1934 1336 2094 1384 Odyssea
2109 1338 2202 1371 vires

1210 1389 1342 1433 ingenii
1362 1389 1528 1421 celebrari
1547 1390 1590 1421 ab
1608 1388 1764 1422 Homero
1788 1389 1971 1422 existimat.
2022 1388 2202 1422 Describi-

1212 1447 1269 1474 tur
1294 1447 1410 1473 autem
1446 1439 1480 1472 in
1511 1439 1618 1472 lliade
1651 1440 1806 1483 bellum,
1843 1447 1880 1473 ut
1906 1439 1996 1472 fama
2023 1438 2204 1472 nobilissi-

1212 1503 1326 1532 mum,
1353 1491 1399 1524 ita
1415 1487 1602 1523 honestum
1624 1502 1662 1523 ac
1681 1490 1796 1534 pium,
1824 1490 1919 1535 quod
1937 1489 2063 1523 Gracci
2081 1497 2203 1524 contra

1227 1542 1389 1575 {arbai-os
1411 1553 1473 1584 pro
1489 1541 1693 1574 defensione
1713 1541 1902 1584 pudicitiae
1927 1541 2140 1583 coniugalis,
2165 1546 2204 1573 ut

1213 1593 1465 1627 ulciscerentur
1476 1592 1698 1630 adulterium,
1717 1599 1747 1625 et
1759 1592 1922 1624 violatam
1937 1589 2082 1635 hospitii
2100 1591 2204 1625 fidem

1213 1649 1404 1686 gesserunt.
1458 1640 1617 1680 dessea
1634 1642 1790 1676 continet
1807 1653 1942 1675 errores
1958 1641 2111 1688 t1yss1s,
2138 1641 2204 1675 sub

1214 1693 1313 1727 cuius
1341 1692 1491 1735 imagine
1516 1692 1622 1726 Poita
1646 1693 1761 1726 virum
1795 1692 1988 1737 sapientem
2020 1704 2058 1726 ac
2084 1691 2205 1736 politi-

1215 1756 1312 1784 cum,
1339 1745 1516 1788 variisque
1532 1743 1692 1777 fortunae
1711 1744 1874 1787 procellis
1890 1743 2075 1782 iactatum
2096 1749 2128 1776 et
2146 1742 2206 1788 qui

1215 1796 1391 1828 fortunam
1419 1794 1568 1827 consilio
1591 1805 1709 1838 regere
1732 1806 1770 1827 ac
1797 1793 1972 1828 moderari
1994 1794 2118 1835 sciret,
2145 1794 2206 1827 de-

1215 1846 1367 1878 scribere
1388 1845 1512 1878 voluit.

1318 1895 1370 1929 De
1394 1908 1460 1940 qua
1490 1901 1605 1940 parte,
1646 1907 1724 1928 cum
1752 1906 1826 1928 eam
1853 1894 1950 1939 prius
1982 1894 2206 1939 interpretari

1216 1947 1492 1986 decreverimus,
1531 1958 1639 1990 pauca
1666 1945 1702 1978 in
1729 1945 1922 1990 praesentia
1945 1943 2033 1978 mibi
2059 1946 2208 1979 dicenda

1217 2009 1288 2030 esse
1305 1997 1397 2030 duxi.
1447 1996 1499 2030 Ac
1517 1997 1670 2040 primum
1690 1994 1755 2029 boc
1772 2008 1844 2030 non
1860 2003 1910 2030 est
1926 1996 2094 2036 dubium,
2121 1996 2208 2041 quin

1219 2049 1253 2080 in
1274 2047 1381 2080 lliade
1400 2047 1546 2080 militiae
1564 2047 1717 2092 bellique
1740 2054 1848 2087 artes,
1879 2047 1915 2079 in
1933 2044 2091 2091 Odyssea
2111 2054 2209 2090 togae

1218 2107 1249 2132 et
1270 2098 1361 2143 pacis
1377 2099 1583 2138 describere,
1604 2105 1708 2143 atque
1725 2098 1769 2131 ita
1788 2099 1823 2131 in
1843 2104 1917 2131 toto
1936 2101 2094 2141 poemate
2109 2104 2210 2131 utro-

1219 2162 1285 2194 que
1312 2161 1436 2192 genere
1461 2149 1589 2182 artium
1607 2149 1675 2182 tale
1695 2148 1890 2191 ingenium.
1918 2149 2012 2193 quod
2032 2147 2208 2192 Rempub.

1219 2201 1410 2245 aliquando
1427 2200 1622 2243 gubernare
1640 2199 1792 2237 deberet,
1821 2199 2026 2242 informare,
2054 2199 2209 2240 erudire,

1219 2263 1256 2284 ac
1287 2262 1494 2295 praeparare
1522 2249 1681 2283 voluerit.
1745 2248 1863 2293 Pingit
1892 2249 2000 2293 igitur
2026 2249 2062 2283 in
2086 2249 2210 2296 Uysse

1221 2302 1406 2343 imaginem
1436 2302 1612 2346 quandam
1649 2300 1763 2333 civilis
1792 2308 1824 2335 et
1859 2307 1994 2343 togatae
2022 2300 2130 2341 vitae,
2170 2300 2208 2334 in

1222 2352 1331 2386 Iliade
1349 2365 1430 2385 vero
1450 2352 1615 2385 militaria
1639 2352 1795 2395 exempla
1815 2351 1998 2396 proponit:
2035 2349 2090 2384 bis
2115 2350 2208 2385 enim

1220 2405 1354 2437 artibus
1372 2402 1602 2447 Respublicae
1627 2415 1663 2435 ac
1688 2414 1792 2445 regna
1817 2409 2006 2447 parantur.
2034 2407 2211 2442 tenentur,

1221 2461 1479 2499 regnatorque,
1506 2461 1537 2487 et
1558 2451 1611 2486 bis
1632 2453 1766 2487 artibus
1785 2454 1995 2487 instructum
2010 2463 2083 2486 esse
2102 2463 2210 2496 opor-

1222 2513 1286 2544 101,
1324 2505 1525 2551 quicunque
1548 2503 1673 2548 llcmp.
1700 2512 1748 2537 ost
1774 2504 1963 2549 aliquando
1989 2509 2210 2537 tractaturus.

1222 2556 1332 2590 Nuus
1351 2563 1400 2589 est
1419 2557 1511 2589 enim
1527 2555 1698 2589 eiusmodi
1719 2554 1862 2588 llomeri
1881 2565 2012 2592 versus.
2039 2565 2109 2599 quo
2126 2552 2211 2587 Ate-

1220 2609 1393 2640 xandrum
1414 2606 1584 2649 Magnum
1606 2606 1650 2640 ita
1675 2606 1883 2640 delectatum
1903 2605 2040 2645 terunt,
2067 2611 2105 2639 ut
2131 2616 2210 2639 eum

1221 2670 1355 2702 semper
1376 2659 1409 2690 in
1429 2670 1488 2691 ore
1509 2655 1687 2691 babuerit:

1255 2714 1433 2758 ἀμφότερον
1456 2714 1599 2754 βασιλεῦς
1621 2712 1652 2746 τ’
1676 2711 1799 2755 ἀγαθὸς
1823 2711 1972 2754 κρατερός
1992 2711 2026 2744 τ’
2052 2709 2212 2752 αἰχμητιξς,
