2338 2958
201 141 274 177 955
667 133 825 169 DECL.
861 132 933 169 DE
967 132 1192 168 lOANNE

202 226 327 272 optimi
350 223 525 267 Principis
543 220 651 255 Ducis
669 220 842 254 Saxoniae
864 219 1007 254 loannis
1023 218 1198 254 Electoris

203 278 378 316 recitabo,
414 286 501 319 quae
532 271 677 304 honesta
711 271 868 315 exempla
895 272 1006 304 multa
1030 272 1199 305 continet„

205 329 324 372 Quam
349 327 491 371 quidem
519 334 618 367 spero
644 322 749 355 bonis
773 322 942 355 omnibus
957 329 1089 365 gratam
1112 323 1200 361 sore,

206 380 288 426 quia
315 373 579 421 pulchritudine
606 370 762 412 honesti,
789 385 828 406 ac
853 373 1056 418 praesertim
1081 373 1201 406 mitio—

206 441 286 464 rum
306 428 476 460 virtutum
503 436 625 458 omnes
647 424 747 457 valde
771 424 997 458 delectamur.
1052 423 1202 458 Moveor

207 488 321 515 autem
339 477 576 521 temporibuS,
602 482 642 509 ut
658 475 701 508 de
721 472 788 509 hoc
803 474 968 519 Principe
990 475 1127 519 saepius
1144 487 1202 508 co-

209 532 330 575 gitem:
361 529 442 573 quia
469 538 585 560 meum
607 533 759 571 patrem,
789 538 892 571 quem
912 525 1096 570 Principes
1121 538 1203 570 pro-

209 589 287 627 pter
312 579 415 612 fidem
436 585 470 612 et
495 585 604 610 artem
631 577 801 610 medicam
820 577 1033 620 diligebant,
1058 576 1204 609 memini

209 632 321 666 multa
344 630 509 669 recitare,
537 629 579 661 ab
599 628 673 672 ipso
699 628 876 672 praedicta
892 630 935 661 de
952 628 1084 672 patriae
1098 627 1206 661 moti-

210 685 297 723 bus,
325 681 384 726 qni
403 680 555 713 secuturi
575 685 699 714 essent.
752 678 922 712 Libenter
941 686 1056 712 autem
1076 678 1206 721 cogita-

212 744 291 767 mus
308 731 479 765 eiusmodi
498 730 672 770 vaticinia,
695 729 748 762 vel
766 737 909 773 propter
925 728 1208 769 admirationem,

213 785 296 830 quia
321 783 398 815 illas
416 779 574 814 heroicas
596 787 738 813 naturas
759 791 821 813 sua
840 782 1011 825 quaedam
1031 779 1207 823 praesagia

213 833 344 869 habere
361 833 549 871 divinitus,
577 831 814 873 agnoscimus:
842 831 897 863 vel
915 832 996 876 quia
1019 831 1100 863 illae
1116 831 1209 874 ipsae

216 884 514 930 praemonitiones
542 894 606 915 nos
628 883 671 915 ad
702 879 764 915 has
796 882 1017 916 difficultates
1047 882 1209 914 ferendas

216 935 477 982 aliquantulum
497 934 686 967 instruunt.

320 985 388 1020 Sed
408 984 511 1017 venio
528 985 570 1017 ad
596 981 800 1024 historiam,
827 996 931 1029 quam
957 984 1049 1017 bona
1069 983 1136 1016 fide
1157 993 1212 1015 re-

218 1039 357 1077 citabo,
386 1043 426 1069 nt
450 1048 492 1068 ex
516 1046 593 1068 meo
620 1041 715 1078 patre
742 1041 775 1067 et
799 1035 877 1067 aliis
908 1035 1120 1079 quibusdam
1144 1034 1212 1066 fide

219 1089 336 1132 dignis
358 1086 491 1119 audivi.
546 1085 615 1118 Nec
641 1083 727 1117 mihi
753 1086 913 1118 concedit
938 1086 1090 1118 brevitas
1108 1082 1213 1117 huius

219 1138 406 1184 temporis,
441 1137 483 1168 de
509 1136 720 1181 antiquitate
754 1144 787 1169 et
818 1136 1027 1179 praestantia
1060 1135 1213 1168 familiae

219 1191 358 1225 Ducum
380 1187 572 1227 Saxoniae,
598 1187 658 1231 qui
683 1198 723 1219 ex
739 1184 1012 1219 Marchionibns
1028 1185 1213 1230 Mysorum

221 1241 290 1275 orti
315 1245 419 1278 sunt,
454 1237 581 1270 dicere.
647 1236 687 1269 Et
711 1249 789 1269 cum
814 1237 858 1270 sit
890 1238 983 1270 inter
1013 1236 1216 1280 praecipuas

222 1290 430 1333 Principum
454 1288 606 1321 familias
628 1288 663 1319 in
683 1287 897 1328 Germania,
921 1294 953 1321 et
976 1287 1167 1331 sapientiae
1183 1293 1216 1320 et

223 1341 365 1375 virtutis
389 1351 511 1372 eorum
537 1338 736 1372 testimonia
759 1339 870 1371 multa
892 1345 1028 1379 extent,
1055 1338 1217 1382 plurimis

224 1400 307 1426 nota
327 1397 408 1424 sunt
425 1397 540 1423 vetera
556 1386 663 1422 huius
677 1389 829 1422 familiae
846 1390 982 1423 decora.

326 1442 466 1475 Fratres
497 1441 568 1474 duo
596 1441 758 1481 suerunt,
791 1439 964 1474 Ernestus
989 1439 1152 1480 Elector,
1185 1446 1219 1473 et

226 1494 416 1534 Albertus,
444 1491 766 1536 quiMaximiliano
795 1499 894 1536 capto
923 1498 955 1525 et
979 1492 1142 1536 deinceps
1164 1502 1218 1524 res

226 1555 371 1589 magnas
386 1543 421 1575 in
434 1541 573 1585 Belgico
590 1543 704 1585 gessit.
740 1540 880 1576 Ernesti
898 1543 960 1575 filii
979 1544 1050 1576 dno
1066 1543 1219 1582 suerunt,

226 1595 428 1630 Fridericns
452 1592 594 1627 Elector
614 1601 645 1626 et
673 1591 865 1634 Iohannes,
899 1594 958 1638 qni
985 1595 1136 1637 primum
1155 1594 1218 1626 do-

228 1647 369 1680 mestica
412 1645 598 1688 disciplina
644 1641 889 1677 honestissime
933 1645 1085 1678 instituti
1128 1649 1220 1677 sunt.

228 1697 310 1731 Fuit
329 1695 422 1728 enim
441 1695 549 1738 patris
567 1693 707 1727 Ernesti
734 1695 913 1737 integritas
933 1695 1072 1728 laudata
1092 1695 1220 1727 multo-

230 1761 307 1781 rum
327 1746 525 1791 principum
550 1745 779 1785 testimoniis,
805 1758 893 1790 qnae
909 1747 1055 1780 recitare
1074 1757 1220 1790 possem.

231 1799 298 1833 Sed
324 1808 483 1842 propero.

334 1848 581 1881 Adolescentes
615 1847 738 1880 fratres
774 1847 928 1881 comitati
971 1855 1052 1880 sunt
1090 1854 1223 1889 patrem

232 1900 506 1944 proficiscentem
527 1899 569 1930 ad
591 1898 794 1931 electionem
814 1897 1048 1930 Maximiliani
1069 1897 1223 1930 Franco-

231 1951 402 1989 fordiam,
430 1962 500 1993 qno
522 1955 553 1981 et
579 1956 674 1992 pater
691 1961 795 1981 senex
813 1948 1012 1982 Fridericus
1033 1948 1226 1992 Imperator

233 2002 488 2035 adolescentem
507 2000 617 2031 lilinni
638 1999 923 2033 Maximitiauum
940 2000 1094 2034 adduxit.
1134 1998 1226 2032 Fue-

234 2060 316 2086 runt
346 2052 382 2083 in
412 2064 451 2083 eo
484 2058 659 2083 conventu
689 2051 855 2084 electores
881 2063 1020 2084 omnes:
1062 2063 1100 2083 ac
1124 2057 1161 2083 ut
1184 2051 1226 2083 de

235 2103 378 2137 caeteris
396 2114 466 2134 non
485 2102 612 2139 dicam,
641 2103 791 2134 dnornm
810 2102 875 2135 snit
894 2114 1028 2135 summa
1047 2102 1228 2141 autoritas,
1253 2101 1255 2110 '

234 2155 327 2187 seni»
346 2152 481 2186 Altmrti
505 2150 744 2192 Marcbionis,
771 2165 873 2198 quem
901 2160 1045 2197 propter
1062 2153 1226 2186 xirtntein
1253 2141 1256 2168 ι

236 2205 470 2237 nominarunt
490 2201 662 2235 Achillen·
680 2203 952 2242 Germanicum,
986 2211 1016 2237 et
1040 2201 1145 2236 huius
1162 2201 1228 2236 Er-

237 2256 323 2288 nesti
360 2254 470 2288 Ducis
501 2254 683 2287 Saxoniae.

240 2307 387 2339 loannes
411 2318 582 2337 sumniam
606 2319 644 2337 eo
671 2312 826 2349 tempore
845 2307 1070 2339 concordiam
1092 2305 1228 2338 Princi-

238 2371 340 2401 pum,
380 2357 510 2388 xiderat
537 2353 732 2396 Electores,
768 2368 886 2389 senem
919 2355 1166 2400 imperatorem
1193 2363 1228 2389 ut

238 2415 371 2453 patrem
391 2408 535 2446 diligere
553 2414 581 2438 et
604 2407 780 2440 venerari:
808 2408 938 2440 viderat
963 2408 1061 2441 illum
1079 2407 1228 2440 vicissim

239 2459 420 2501 Principes
442 2471 517 2489 *vra
536 2458 792 2498 benevolentia,
812 2466 976 2504 tanquam
997 2460 1118 2492 fratres
1135 2471 1228 2491 coni-

240 2509 354 2553 plecti.
412 2507 504 2540 llo-c
530 2522 598 2540 non
629 2509 703 2541 sine
729 2510 858 2550 gemitu
891 2511 1075 2545 recitabat,
1114 2511 1228 2551 ingre-

239 2562 338 2593 diens
359 2561 392 2591 in
420 2558 545 2591 burum
569 2567 763 2603 temporum
783 2562 1164 2598 commumoni-ntionem,
1194 2572 1230 2593 ac

239 2612 426 2654 deplorans
443 2611 702 2642 ‹tiso-astionem
723 2610 926 2655 Principum
946 2610 1050 2644 linins
1068 2612 1198 2645 aet-ntis.

343 2661 418 2694 lluc
435 2670 548 2693 antu-m
568 2663 753 2704 praeterire
772 2676 841 2694 non
859 2674 1016 2705 possum:
1049 2663 1232 2703 Narrabat,
1258 2678 1259 2706 3

240 2728 279 2745 eo
315 2720 472 2755 tempore
505 2711 972 2759 franeosonliaeyiudaeum
1006 2715 1129 2753 fnisse,
1170 2714 1230 2759 qni
1258 2737 1261 2752 ,

746 2254 892 2287 Viderat
917 2256 1120 2287 adolescens
1153 2254 1228 2288 Dux
1254 2254 1256 2258 ’

1225 132 1380 170 DUCE
1415 133 1533 170 SAx.
1567 132 1770 171 ELECT.
2164 133 2238 170 956

1248 220 1390 254 dixisset
1405 226 1508 260 tunc,
1534 219 1699 253 ultimum
1724 219 1969 264 imperatorem
1987 219 2242 254 Germanicum

1249 271 1348 314 eligi:
1375 283 1413 303 ac
1429 270 1477 304 ita
1492 271 1561 304 late
1580 281 1736 314 sparsam
1753 282 1824 304 esse
1838 269 1929 305 banc
1944 271 2112 309 fabulam,
2131 277 2164 304 et
2180 283 2242 305 au·

1250 323 1336 357 toris
1362 328 1494 355 tantam
1523 321 1630 354 fuisse
1659 321 1884 365 opinionem,
1917 328 1957 355 ut
1985 324 2028 355 ad
2059 321 2242 366 Principes

1250 372 1430 407 Electores
1453 373 1638 406 accersitus
1667 373 1724 406 sit.
1775 371 1881 416 Apud
1905 369 1970 405 hos
2001 373 2121 406 eadem
2145 372 2244 413 dixit,

1252 425 1310 458 sed
1329 423 1466 457 addidit
1483 433 1716 456 successorem
1734 422 1970 456 blaximiliani
1996 430 2184 456 venturum
2203 435 2244 456 ex

1253 475 1363 519 ipsius
1387 475 1511 518 stirpe,
1538 485 1610 507 non
1634 474 1672 506 in
1699 474 1775 507 sola
1791 473 2002 513 Germania,
2028 475 2088 505 sed
2112 474 2179 507 late
2206 475 2244 506 in

1254 525 1399 570 Europa
1414 525 1680 558 dominaturum
1697 536 1769 558 esse
1781 551 1790 566 ,
1816 531 1850 558 et
1866 531 2044 557 secuturas
2060 535 2131 556 esse
2153 525 2246 557 mul-

1255 584 1369 610 tarum
1387 588 1502 610 rerum
1521 575 1746 610 mutationes.
1797 574 1973 608 Narrabat
1988 574 2067 608 Dux
2087 573 2248 613 Ioannes,

1256 628 1361 660 etiam
1388 639 1467 660 cum
1499 627 1595 659 fieret
1625 626 1846 660 renunciatio
1873 625 2054 659 electionis
2081 624 2248 659 Maximi-

1258 679 1363 719 liani,
1400 684 1533 720 patrem
1566 689 1683 710 senem
1715 677 1859 720 largiter
1887 676 2011 710 susisse
2041 674 2249 722 lachrymas,

1258 741 1367 774 eaque
1383 730 1426 762 de
1444 740 1481 761 re
1499 729 1595 761 varia
1610 728 1808 772 sapientum
1826 727 1955 761 iudicia
1971 727 2087 760 fuisse.

1360 779 1485 813 Statim
1505 786 1582 823 post
1602 779 1637 811 id
1661 785 1797 822 tempus
1817 777 1997 812 Electores
2018 779 2109 819 duo,
2136 775 2251 811 Erne-

1259 837 1332 864 stus
1364 829 1559 864 Saxouicus
1593 837 1627 863 et
1661 828 1810 863 Ioannes
1844 826 2027 870 marchio,
2061 829 2251 862 exercitum

1261 881 1445 915 collectum
1480 893 1520 914 ex
1554 881 1640 913 flore
1666 880 1864 913 nobilitatis
1902 878 2026 913 harum
2057 879 2252 913 vicinarum

1261 933 1436 975 gentium,
1471 932 1648 965 duxerunt
1676 929 1944 971 Vrafislavimn,
1986 932 2028 963 ad
2061 931 2252 975 pacandam

1263 996 1337 1016 eam
1358 995 1456 1015 oram
1472 981 1702 1021 Germaniae,
1729 993 1834 1026 quam
1850 988 1933 1015 tunc
1952 982 2023 1015 duo
2047 988 2206 1026 potentes
2221 987 2255 1014 et

1263 1033 1421 1067 bellicosi
1453 1044 1567 1076 reges,
1599 1030 1770 1066 Matthias
1795 1031 2020 1075 Hungaricus
2046 1039 2079 1065 et
2104 1030 2256 1066 Casimi-

1264 1097 1322 1118 rus
1341 1084 1548 1122 Polonicus,
1578 1084 1849 1127 populabantur.
1905 1081 1943 1115 ln
1970 1095 2009 1116 ea
2034 1082 2257 1127 expeditione

1266 1143 1397 1180 patrem
1415 1133 1604 1168 Ernestum
1628 1134 1691 1166 filii
1706 1135 1809 1167 etiam
1827 1134 1984 1167 comitati
1999 1141 2092 1167 sunt.

1367 1185 1489 1218 Postea
1513 1192 1652 1218 mortuo
1689 1191 1784 1228 patre
1812 1185 1874 1216 filii
1905 1195 2041 1217 summa
2068 1184 2256 1217 concordia

1267 1243 1446 1281 paternam
1473 1235 1644 1269 ditionem
1676 1235 1781 1268 simul
1803 1236 2056 1277 gubernarunt.
2109 1233 2161 1268 Ac
2184 1235 2258 1279 pri—

1267 1299 1363 1320 mum
1388 1288 1492 1319 decus
1515 1286 1581 1319 fuit
1611 1285 1714 1319 initio
1739 1285 2022 1328 gubernationis,
2056 1287 2151 1330 quod
2176 1285 2260 1319 reli-

1267 1338 1368 1383 quias
1403 1337 1583 1381 copiarum
1605 1334 1780 1370 Matthiae
1800 1343 1974 1370 vastantes
1997 1335 2178 1369 Lusatiam
2197 1337 2259 1369 de-

1270 1389 1452 1434 pulerunt:
1482 1388 1582 1421 cuius
1604 1387 1655 1420 rei
1671 1387 1840 1420 memoria
1865 1383 1981 1420 adhuc
2006 1398 2126 1420 recens
2149 1394 2199 1421 est
2222 1387 2259 1420 in

1269 1440 1401 1484 oppido
1418 1438 1552 1480 Lucca,
1583 1439 1678 1484 quod
1695 1445 1780 1472 tunc
1803 1437 1883 1471 illae
1900 1436 2125 1471 Pannonicae
2142 1438 2260 1483 copiae

1270 1491 1506 1536 diripuerunt.

1373 1541 1457 1575 Post
1490 1541 1625 1586 aliquot
1658 1551 1769 1573 annos
1800 1552 1879 1574 eum
1915 1540 1983 1572 iam
2011 1537 2076 1572 hae
2104 1540 2262 1584 regiones

1271 1593 1484 1637 tranquillae
1503 1600 1615 1625 essent
1627 1619 1636 1632 ,
1658 1598 1690 1625 et
1707 1582 2030 1625 extincto⁶Matthia
2048 1589 2264 1634 Hungarico,

1273 1643 1540 1677 Maximilianus
1561 1642 1740 1675 Austriam
1765 1642 1952 1685 reciperet,
1980 1649 2012 1674 et
2037 1643 2263 1685 progredere-

1273 1703 1330 1729 tur
1355 1694 1390 1726 in
1414 1692 1651 1736 llnngariam,
1684 1693 1751 1725 suit
1775 1693 1810 1725 in
1839 1692 1989 1725 exercitu
2016 1691 2264 1730 Maximiliani,

1278 1746 1425 1778 loannes
1442 1743 1521 1778 Dux
1538 1743 1730 1783 Saxoniae,
1758 1751 1790 1776 et
1815 1743 1849 1775 in
1875 1743 2136 1786 oppugnatione
2153 1741 2266 1775 Albae

1275 1797 1417 1839 regalis,
1455 1795 1631 1839 specimen
1656 1794 1798 1827 virtutis
1827 1793 2003 1836 egregium
2023 1793 2151 1833 edidit,
2186 1805 2265 1827 cum

1276 1849 1367 1880 inter
1393 1846 1524 1889 primos
1548 1845 1688 1877 moenia
1707 1845 1919 1877 ascenderet.
1973 1841 2060 1877 Erat
2083 1851 2198 1878 autem
2225 1845 2268 1884 ei,

1275 1906 1313 1931 ut
1337 1898 1437 1929 multi
1462 1896 1690 1935 meministis,
1715 1895 1826 1928 robur
1855 1894 2012 1938 corporis
2038 1894 2207 1933 militare,
2234 1902 2267 1928 et

1276 1949 1413 1982 animus
1434 1959 1504 1980 non
1526 1947 1639 1979 solnm
1668 1953 1791 1979 natura
1809 1945 1927 1985 sortis,
1952 1945 2010 1977 sed
2031 1945 2133 1978 etiam
2151 1958 2192 1977 eo
2210 1946 2267 1979 fir-

1277 2000 1380 2036 mior,
1397 1999 1477 2043 qnia
1494 2010 1572 2031 cnm
1589 2005 1679 2030 caste
1696 2003 1728 2030 et
1749 1993 1892 2029 honeste
1911 1996 2052 2034 viveret,
2078 2009 2138 2029 nec
2159 1996 2268 2040 inipe-

1252 2073 1255 2099 ι
1278 2052 1413 2083 dii-etur
1428 2049 1536 2082 ullius
1552 2048 1690 2082 sceleris
1707 2047 1930 2085 conscientia,
1958 2046 2066 2080 laetus
2082 2054 2113 2080 et
2130 2049 2267 2091 petebat

1253 2116 1255 2135 ι
1278 2109 1310 2135 ct
1330 2101 1490 2145 sperabat
1508 2112 1526 2132 a
1546 2100 1621 2133 Deo
1638 2099 1807 2132 auxilium
1821 2125 1828 2137 ,
1855 2105 1887 2131 et
1905 2109 1985 2130 vere
2008 2098 2185 2141 tegebatur
2204 2097 2268 2132 Dei

1253 2171 1256 2198 t
1279 2153 1412 2198 clypeo.
1456 2150 1617 2183 lntersuit
1638 2157 1754 2194 postea
1772 2156 1804 2182 et
1823 2149 1914 2181 bello
1929 2147 2072 2186 vom-to,
2100 2161 2169 2182 una
2189 2161 2268 2182 cum

1254 2211 1257 2237 ἰ
1280 2205 1396 2237 fratre.
1449 2203 1517 2236 Sed
1541 2202 1621 2246 qnia
1649 2201 1753 2234 simul
1773 2201 1890 2233 abesse
1905 2205 2094 2244 utrumqne
2111 2213 2128 2233 a
2149 2201 2270 2244 patria,

1281 2268 1352 2287 non
1378 2261 1447 2286 erat
1468 2253 1572 2289 utile,
1601 2260 1631 2285 et
1655 2253 1797 2285 fratrem
1818 2250 2035 2283 Friderirnm
2057 2250 2270 2285 Maximilia-

1283 2318 1346 2338 nns
1370 2318 1440 2337 non
1464 2304 1681 2340 dimittebat,
1705 2303 1806 2335 rediit
1830 2302 1865 2334 in
1893 2301 2054 2346 patriam.
2109 2299 2190 2335 Erat
2208 2314 2271 2336 au-

1282 2366 1348 2389 tem
1373 2356 1498 2388 eximia
1527 2363 1558 2387 et
1584 2354 1729 2387 illustris
1762 2353 2006 2385 benevolentia
2037 2352 2270 2386 Maxiiiiiliaiii

1281 2420 1360 2448 erga
1379 2407 1509 2439 Ducem
1532 2403 1741 2442 iohannem,
1768 2404 1849 2449 qnia
1870 2404 2005 2436 videbat
2034 2407 2068 2435 in
2094 2416 2133 2435 eo
2151 2416 2272 2437 omnes

1283 2460 1426 2491 virtutes
1451 2456 1660 2490 necessarias
1685 2456 1761 2488 viro
1787 2456 1900 2493 bono,
1931 2462 1960 2488 et
1988 2455 2091 2487 utiles
2116 2456 2157 2487 ad
2176 2466 2270 2486 com-

1256 2535 1257 2540 ,
1283 2522 1424 2542 nuntiem
1449 2507 1766 2544 consociationem,
1800 2519 1869 2538 non
1896 2513 1931 2539 nt
1959 2505 1994 2537 in
2026 2505 2165 2542 multis,
2199 2513 2272 2539 arte

1283 2562 1429 2594 adst-itas
1454 2567 1512 2592 ant
1537 2559 1687 2597 inustas,
1721 2559 1778 2590 sed
1807 2557 1941 2590 natixas
1964 2567 2054 2593 esse,
2089 2556 2273 2596 instit-iam,

1284 2612 1440 2644 veritatis
1459 2623 1625 2647 amorem,
1653 2610 1770 2645 fidem,
1798 2607 2043 2642 constantiam„
2068 2607 2272 2639 modestiam

1286 2664 1461 2695 inimicam
1479 2662 1581 2694 fastui
1600 2667 1629 2693 et
1650 2659 1855 2696 ambitioni,
1883 2657 2143 2693 fortitudinem,
2171 2659 2273 2691 rasti-

1285 2721 1397 2747 tatem,
1463 2712 1611 2745 Yidebat
1644 2719 1760 2755 pectus
1791 2708 1980 2742 candidum
2013 2716 2044 2741 et
2083 2710 2273 2751 ingenuum
