2338 2958
23 141 27 147 ,
53 102 129 141 249

53 185 193 233 losophi
228 187 498 222 commentarios
532 185 689 221 Hesiodo
723 185 892 232 praeferri
926 185 1043 226 velim,

52 246 148 274 tanta
166 245 217 272 est
232 245 266 272 et
282 237 432 282 gravitas
448 239 486 270 in
502 239 661 271 docendo
678 244 711 272 et
727 237 940 282 simplicitas,
985 236 1042 269 Illi

53 301 171 334 saepe,
211 289 297 322 dum
327 289 370 321 ad
400 288 521 322 vivum
552 289 671 323 omnia
702 300 855 322 resecare
887 288 1042 327 student,

51 342 138 374 dum
163 339 284 373 odiose
306 339 486 380 rixantur,
513 339 714 373 altercando
738 339 918 373 veritatem
938 338 1042 372 amit—

51 397 143 427 tunt.
201 389 310 430 Nam,
338 396 378 423 ut
397 390 465 423 alia
488 390 666 432 omittam,
693 389 853 435 plerique
877 386 1040 422 Philoso-

50 439 222 486 phorum,
266 440 379 474 Deum
412 441 716 474 administratione
748 453 865 473 rerum
896 440 1041 473 submo-

50 498 146 533 vent,
174 499 371 536 negantque
388 491 416 523 ei
436 504 489 524 res
506 491 705 525 mortalium
722 503 825 524 curae
844 502 925 524 esse.
970 489 1040 523 Ne-

49 554 118 588 que
142 543 448 583 animadvertunt,
483 543 525 575 ab
551 542 624 586 ipsa
645 549 768 575 natura
794 554 858 575 nos
882 553 1039 574 commo-

49 593 146 633 neri,
181 604 253 626 esse
283 593 436 638 aliquam
458 599 630 633 mentem,
663 605 751 638 quae
776 590 861 626 haec
884 590 1039 625 humana

48 650 162 688 regat,
198 643 310 677 bonos
338 650 472 683 servet,
508 644 689 687 improbos
720 644 855 688 puniat.
907 642 1039 675 Melius

47 695 156 738 igitur
178 693 372 734 Hesiodus,
406 694 467 738 qui
498 693 696 727 iniusticiae
720 693 912 738 praeceptis
939 693 1039 736 flagi·

50 745 150 780 tiosis
178 745 400 788 gravissimas
429 756 558 787 poenas
579 744 850 785 interminatur,
885 744 1036 788 praemia

47 796 152 830 honis
174 796 369 840 pollicetur.
424 794 529 828 Venit
548 793 636 828 mihi
655 795 692 828 iu
709 802 860 829 mentem
878 794 1039 836 Luciani,

49 846 130 893 qui,
155 853 195 880 ut
211 847 318 886 solet,
345 857 407 889 per
425 845 539 879 iocum
558 858 636 879 cum
656 845 812 880 Hesiodo
830 846 1038 889 expostulat,

49 908 129 936 cur,
163 909 242 931 cum
266 896 444 939 pollicitus
465 897 509 930 sit
532 908 566 930 se
591 897 804 941 scripturum
827 893 902 931 τάπ’
931 895 1038 931 ἑόντα

47 945 111 983 καὶ
132 945 178 982 τὰ
201 943 400 991 ἐσσόμενα,
435 947 630 992 praesentia
653 955 685 981 et
708 948 847 986 futura,
872 945 965 980 nihil
985 954 1038 986 ta-

24 1021 27 1023 >
47 1010 129 1033 men
149 998 380 1043 praedixerit,
407 998 504 1032 nulla
522 1010 640 1031 rerum
658 999 856 1033 futurarum
873 998 1038 1031 vaticinia

46 1049 242 1095 reliquerit.
311 1047 388 1093 Ego
416 1062 499 1083 vero
526 1061 600 1082 non
630 1056 699 1084 tam
732 1049 918 1083 vaticinari
947 1050 1038 1082 duco

45 1098 243 1135 Chaldaeos
273 1100 373 1141 illos,
420 1112 508 1145 quos
539 1106 684 1140 vocant,
725 1100 787 1145 qui
821 1099 1039 1144 praedicunt,

46 1157 127 1186 uter
150 1150 188 1184 in
213 1151 306 1191 alea,
338 1162 398 1184 seu
420 1151 505 1184 ludo
531 1150 683 1184 talorum
707 1151 865 1183 victurus
889 1150 952 1189 sit,
979 1157 1037 1183 aut

47 1201 172 1243 etiam,
205 1201 268 1247 qui
291 1207 536 1245 tempestatum
559 1200 650 1234 vices
674 1201 898 1245 praevident,
933 1212 1036 1245 quam

46 1252 244 1286 Hesiodum
277 1263 316 1284 ex
347 1252 503 1285 consiliis
531 1249 718 1285 hominum
743 1252 856 1285 exitus
880 1257 912 1285 et
940 1262 1039 1284 casus

46 1303 310 1338 coniectantem.
365 1301 417 1335 Ea
441 1302 612 1335 divinatio
633 1309 666 1335 et
685 1314 724 1335 ex
742 1302 944 1336 certissimis
963 1308 1037 1334 orta

46 1354 158 1388 causis
181 1361 228 1386 est
255 1360 289 1386 et
311 1354 404 1385 bono
424 1353 499 1385 viro
517 1353 742 1396 dignissima,
771 1365 838 1397 qua
859 1359 890 1385 et
909 1353 1038 1385 multos

46 1405 134 1439 alios
175 1411 208 1437 et
237 1403 418 1436 Platonem
450 1414 553 1436 usum
587 1404 628 1435 de
664 1403 833 1448 Dionysio
867 1403 1039 1442 videmus,

46 1455 188 1502 quando
216 1454 457 1487 calamitosum
484 1454 682 1499 tyrannidis
708 1454 838 1486 exitum
857 1453 1037 1497 praedixit.

46 1506 168 1551 Neque
187 1505 281 1538 aliud
302 1505 582 1547 praedictionum
601 1516 710 1547 genus
727 1505 770 1537 ad
791 1504 898 1537 vitam
917 1504 1038 1536 utilius

46 1565 113 1591 est:
148 1556 205 1589 cui
232 1556 260 1588 si
285 1555 397 1596 Nero,
435 1555 463 1588 si
489 1554 715 1589 Domitianus
736 1562 770 1588 et
794 1554 952 1599 plerique
977 1554 1035 1587 alii

44 1609 148 1642 fidem
174 1606 290 1651 potius
315 1604 578 1647 adhibuissent,
605 1617 710 1651 quam
733 1606 834 1639 vanis
858 1605 1037 1649 promissis

44 1658 256 1697 ariolorum,
289 1656 323 1690 in
350 1663 463 1691 tantas
486 1656 701 1690 calamitates
723 1668 796 1690 non
822 1656 1037 1689 incidissent.

47 1709 118 1744 Nos
141 1720 224 1742 vero
246 1720 325 1741 cum
348 1706 543 1741 Hesiodum
567 1708 731 1741 audimus
755 1719 1036 1740 commemoran-

45 1768 135 1800 tem,
169 1771 258 1804 quae
291 1758 462 1803 supplicia
495 1758 666 1802 improbis
687 1759 931 1802 impendeant,
965 1770 1037 1790 non

43 1810 198 1845 humana
217 1809 332 1854 aliqua
345 1834 354 1848 ‚
379 1810 437 1842 sed
457 1809 576 1841 divina
597 1822 681 1842 voce
700 1821 764 1842 nos
781 1822 798 1842 a
818 1808 1037 1852 turpitudine

44 1861 231 1896 absterreri
252 1867 285 1894 et
305 1861 348 1893 ad
368 1860 534 1893 virtutem
554 1859 739 1893 colendam
758 1859 899 1893 invitari
919 1859 1037 1893 existi-

46 1923 195 1947 memus.

145 1961 229 1996 Dixi
252 1962 295 1995 de
320 1967 525 2004 argumento
552 1959 681 2004 prioris
706 1959 836 2000 libelli3
866 1961 1037 2004 posterior

44 2021 144 2050 ortus
165 2020 196 2047 et
218 2024 360 2046 occasus
383 2013 537 2045 siderum
559 2018 591 2045 et
612 2011 776 2055 pleraque
794 2009 933 2055 φυσικὰ
952 2024 1036 2044 con-

43 2067 142 2101 tinet.
196 2062 244 2098 Et
265 2064 347 2109 quia
374 2063 487 2097 solent
512 2062 548 2095 in
575 2060 704 2095 scholis
723 2061 866 2106 quidam
885 2060 1034 2096 technici

44 2116 158 2151 libelli
181 2116 225 2148 de
247 2121 371 2148 natura
394 2126 511 2147 rerum
537 2112 709 2157 proponi,
737 2113 856 2156 quales
881 2123 960 2146 sunt
981 2115 1035 2147 vel

44 2169 88 2202 de
111 2164 258 2211 sphaera
281 2165 575 2205 commentarius,
607 2164 660 2195 vel
679 2162 878 2196 Aristotelis
901 2162 1036 2208 μετέω-

45 2231 105 2264 ρα,
133 2217 188 2250 vel
211 2217 253 2249 de
277 2216 393 2257 coe103
421 2216 561 2249 videtur
585 2213 673 2248 mibi
699 2214 735 2246 in
762 2211 816 2247 his
841 2215 944 2247 etiam
969 2215 1035 2248 ali—

44 2269 124 2316 quis
147 2267 244 2300 locus
260 2265 416 2300 Hesiodo
441 2267 651 2300 tribuendus
674 2277 763 2305 esse,
791 2265 873 2310 quia
899 2273 1033 2309 tempo-

46 2332 126 2354 rum
148 2318 260 2357 vices,
293 2324 391 2351 ortus
414 2317 589 2356 siderum,
621 2317 757 2349 dierum
784 2317 918 2359 spacia,
945 2318 1032 2350 mira

45 2369 230 2414 diligentia
243 2367 445 2407 annotavit,
473 2367 681 2412 videturque
694 2368 787 2400 inter
800 2367 931 2411 primos
943 2370 1033 2412 apud

46 2421 202 2457 Graecos
225 2417 491 2453 Astronomiam
523 2419 687 2461 attigisse.
757 2417 828 2451 Nec
855 2418 928 2451 eius
951 2419 1034 2453 artis

46 2471 327 2508 contemnendus
350 2477 451 2503 autor
467 2467 648 2502 Aristoteli
675 2476 706 2503 et
722 2467 841 2502 Plinio
863 2469 956 2503 visus
974 2477 1033 2511 est,

44 2524 106 2570 qui
139 2521 324 2567 aliquoties
359 2521 434 2554 eius
468 2519 709 2553 testi-nonium
740 2520 901 2562 allegant.
970 2519 1033 2555 Est

43 2581 160 2609 autem
191 2584 270 2606 cum
302 2572 463 2605 omnium
490 2577 636 2604 naturae
659 2572 831 2613 partium,
861 2577 935 2603 tum
959 2583 1032 2605 ma-

44 2625 138 2660 xime
169 2623 370 2657 coelestium
393 2629 552 2655 motuum
577 2628 608 2654 et
633 2621 786 2654 siderum
813 2621 1032 2664 perliberalis

43 2674 210 2721 cognitio.
262 2672 334 2707 Nec
357 2670 446 2706 mihi
472 2671 602 2705 iniuria
618 2670 718 2705 Plato
741 2671 867 2706 dixisse
884 2672 1032 2715 videtur,

585 98 748 137 DECL.
785 99 862 136 DE
894 98 1094 136 PRAEF.
1129 99 1186 135 IN
1219 99 1550 140 HESIODUM.

2010 104 2084 140 250

1095 198 1167 219 non
1190 183 1373 230 homines,
1397 189 1455 221 sed
1479 189 1622 222 suillum
1641 200 1746 233 pecus
1765 201 1854 230 esse,
1879 190 2080 235 quicunque

1095 237 1194 270 nullo
1213 237 1287 270 eius
1303 239 1388 271 artis
1405 239 1521 273 studio
1539 246 1718 274 tenentur.
1770 240 1881 274 Nemo
1902 241 1995 274 enim
2014 242 2082 275 suit

1094 300 1251 333 unquam
1273 300 1378 322 sanus
1402 286 1526 331 homo,
1551 291 1610 334 qui
1634 291 1768 325 etiamsi
1793 292 1879 325 alias
1901 299 1991 325 artes
2015 289 2081 324 ho-

1094 339 1232 372 minum
1257 337 1431 373 industria
1455 341 1664 383 excogitatas
1687 354 1759 375 esse
1783 342 1972 380 iudicaret,
2008 354 2082 375 non

1094 390 1228 423 videret
1245 396 1377 423 tantam
1396 402 1466 423 esse
1484 388 1732 426 Astronomiae
1747 394 2015 437 praestantiam,
2042 399 2083 427 ut

1093 441 1268 473 neminem
1300 440 1369 473 nisi
1392 439 1506 474 Deum
1533 448 1691 475 autorem
1716 445 1788 477 eius
1814 451 1846 477 et
1867 451 2082 488 repertorem

1092 491 1291 524 faciendum
1322 498 1468 535 putaret.
1524 491 1644 536 ltaque
1669 500 1701 526 et
1719 494 1891 528 Manilius
1920 492 2083 528 ethnicus

1091 539 1259 586 scriptor,
1294 548 1397 583 negat
1421 542 1574 586 potuisse
1599 543 1690 583 fieri,
1722 552 1760 577 ut
1786 557 1838 577 res
1864 552 1933 578 tam
1959 546 2081 589 procul

1091 605 1108 626 a
1134 593 1236 626 nobis
1261 593 1394 637 positae
1414 591 1783 637 deprehenderentur,
1811 596 1876 627 nisi
1894 595 2081 629 hominurn

1092 643 1220 677 animis
1250 643 1422 677 divinitus
1453 651 1666 678 monstratae
1696 653 1822 682 essent.
1898 646 1956 681 Sic
1987 647 2081 680 enim

1091 695 1156 728 ait:

1194 755 1271 795 Quis
1287 758 1363 786 foret
1379 756 1510 786 humano
1526 764 1649 787 conatus
1666 764 1783 797 pectore
1801 765 1927 797 tantum,

1192 806 1300 838 Invitis
1316 815 1348 837 ut
1363 806 1430 838 Diis
1447 816 1567 848 cuperet
1583 808 1666 838 Deus
1683 812 1746 849 ipse
1760 811 1865 841 videri.

1092 863 1209 899 Sensit
1240 864 1335 897 enim
1366 866 1544 909 quandam
1581 867 1778 900 divinitatis
1812 867 2081 900 similitudinem

1092 927 1183 956 esse,
1218 916 1360 948 illarum
1387 927 1503 949 rerum
1529 917 1696 951 noticiam
1726 918 1879 960 potuisse
1904 916 2082 961 consequi.

1091 965 1172 999 Non
1194 966 1280 1000 libet
1301 973 1416 999 autem
1434 964 1500 999 hoc
1519 973 1675 1013 tempore
1693 968 1860 1001 utilitates
1879 966 1983 1001 huius
2000 968 2083 1001 artis

1092 1029 1317 1056 enumerare,
1351 1024 1434 1050 sunt
1463 1018 1556 1050 enim
1585 1020 1840 1063 propemodum
1867 1019 2026 1052 infinitae
2052 1025 2085 1051 et

1091 1068 1261 1113 quaedam
1286 1068 1332 1102 ita
1357 1075 1440 1102 sunt
1460 1069 1506 1101 ob
1529 1070 1649 1104 oculos
1674 1070 1824 1114 positae,
1851 1076 1889 1103 ut
1915 1070 2017 1103 etiam
2040 1069 2083 1102 ab

1092 1118 1244 1152 indoctis
1262 1118 1356 1152 cerni
1376 1126 1516 1163 queant.

1194 1183 1284 1219 Cum
1316 1185 1424 1228 igitur
1445 1184 1623 1219 Hesiodus
1654 1187 1937 1229 gravissimarum
1966 1197 2083 1220 rerum

1092 1243 1273 1281 praecepta
1292 1236 1488 1277 contineat,
1514 1244 1545 1271 et
1564 1238 1605 1269 ad
1626 1250 1741 1271 mores
1761 1239 1964 1271 formandos
1983 1244 2013 1270 et
2031 1237 2084 1268 vi-

1093 1294 1161 1320 tam
1186 1294 1276 1320 recte
1301 1287 1554 1320 instituendam
1578 1295 1610 1322 et
1633 1289 1674 1321 ad
1703 1289 1941 1331 cognitionem
1966 1299 2083 1321 rernm

1092 1337 1307 1371 naturalium
1326 1339 1517 1378 conducat,
1544 1339 1621 1383 quis
1640 1351 1711 1372 non
1728 1340 1972 1383 dignissimum
1992 1339 2084 1372 lectu

1094 1388 1247 1421 iudicare
1278 1388 1406 1433 queat?
1458 1387 1533 1431 Ego
1562 1402 1643 1422 vero
1670 1390 1773 1423 etiam
1800 1402 1900 1433 saepe
1926 1390 2084 1433 relegen-

1094 1440 1176 1472 dum
1203 1446 1235 1471 et
1258 1440 1302 1471 ad
1326 1440 1470 1472 verbum
1495 1440 1719 1473 ediscendum
1745 1453 1816 1474 esse
1837 1452 1972 1474 censeo.
2026 1438 2084 1472 An

1092 1489 1120 1522 si
1152 1490 1189 1521 in
1222 1489 1472 1522 excellentibus
1504 1490 1649 1534 picturis
1681 1492 1958 1536 contemplandis
1990 1503 2084 1523 nuu-

1092 1551 1197 1584 quam
1227 1540 1321 1572 oculi
1349 1547 1596 1580 maturantur,
1631 1543 1687 1574 sed
1717 1555 1785 1586 quo
1814 1543 1946 1575 diutius
1970 1542 2008 1574 iu
2036 1541 2084 1574 eis

1092 1588 1256 1631 haerent,
1284 1602 1323 1623 eo
1344 1590 1454 1634 magis
1478 1591 1664 1625 admiratio
1682 1593 1896 1637 videndique
1912 1592 2084 1636 cupiditas

1091 1641 1231 1682 crescit,
1265 1642 1344 1686 quis
1368 1642 1461 1675 enim
1484 1650 1662 1682 nostrum,
1693 1644 1830 1688 quoties
1853 1645 1889 1676 in
1913 1643 2083 1686 templum

1091 1692 1206 1732 venit,
1241 1704 1312 1724 non
1338 1693 1440 1726 toties
1464 1693 1593 1726 resistit
1618 1695 1658 1726 ad
1685 1706 1740 1727 eas
1768 1694 1902 1727 tabulas
1926 1705 2011 1739 quas
2034 1693 2083 1726 ibi

1091 1743 1146 1775 vel
1169 1742 1348 1781 Durerus,
1377 1744 1432 1776 vel
1456 1751 1573 1777 noster
1595 1744 1708 1778 Lucas
1732 1746 1865 1788 posuit,
1893 1757 1965 1778 non
1990 1745 2082 1777 idem

1091 1793 1225 1828 accidat
1244 1793 1280 1826 in
1299 1794 1437 1836 egregio
1456 1795 1613 1838 poe'mate
1629 1796 1909 1829 considerztmlo‘.>
1961 1794 2083 1828 Trun-

1092 1856 1170 1877 cum
1195 1857 1233 1877 ac
1257 1845 1435 1877 caudicem
1464 1845 1562 1878 illum
1591 1848 1743 1889 proferto
1767 1847 1882 1880 dicere
1908 1843 1997 1878 nibil
2024 1859 2083 1878 ve-

1092 1907 1186 1936 rear,
1222 1895 1277 1928 cui
1302 1896 1385 1928 satis
1411 1903 1461 1929 est
1483 1897 1587 1929 semel
1615 1904 1672 1929 aut
1703 1898 1827 1931 iterum
1855 1897 2024 1931 excellens
2050 1903 2083 1930 et

1091 1953 1256 1993 ornatum
1289 1958 1428 1979 carmen
1461 1947 1594 1989 legisse.
1654 1947 1829 1988 Proinde,
1871 1948 1959 1981 sicut
1988 1949 2081 1991 apud

1091 1996 1281 2039 Virgilium
1310 1997 1463 2030 mirabili
1492 1998 1681 2041 cupiditate
1707 2012 1744 2032 ac
1768 1999 1900 2031 laeticia
1926 1999 2082 2031 intuetur

1090 2048 1186 2081 coelo
1209 2048 1399 2081 demissum
1421 2048 1581 2093 clypeum
1603 2047 1752 2090 Aeneas,
1787 2057 1819 2083 et
1835 2056 2080 2093 argumentum

1090 2099 1128 2131 in
1152 2111 1191 2132 eo
1217 2099 1366 2132 celatum
1389 2098 1576 2142 diligenter
1595 2100 1813 2140 considerat,
1841 2113 1919 2133 cum
1938 2100 2080 2145 quidem

1090 2162 1168 2183 eum
1194 2161 1266 2182 non
1292 2150 1397 2183 modo
1417 2149 1533 2193 operis
1553 2150 1719 2191 varietas,
1744 2152 1801 2183 sed
1823 2151 1924 2184 etiam
1946 2151 2003 2183 illa
2026 2162 2080 2183 re-

1089 2213 1167 2233 rum
1193 2201 1390 2233 futurarum
1417 2200 1600 2244 praestigia
1626 2208 1659 2235 et
1684 2210 1906 2236 commovent
1933 2209 1963 2235 et
1990 2201 2080 2235 deti-

1089 2258 1192 2291 nent,
1220 2251 1374 2296 denique

1190 2311 1315 2352 Expleri
1330 2317 1452 2355 nequit,
1481 2321 1569 2355 atque
1586 2316 1690 2344 oculos
1706 2326 1758 2355 per
1772 2317 1888 2355 singula
1901 2317 2006 2352 volvit,

1188 2363 1376 2406 Miraturque
1391 2368 1527 2406 interque
1543 2377 1648 2395 manus
1664 2373 1691 2396 et
1707 2367 1824 2396 brachia
1841 2373 1943 2396 versat.

1088 2419 1140 2454 Ita
1164 2427 1197 2454 et
1219 2432 1282 2453 nos
1305 2433 1488 2466 nunquam
1515 2422 1653 2455 satietas
1669 2429 1729 2456 aut
1746 2422 1923 2456 fastidium
1941 2424 2078 2466 legendi

1087 2470 1233 2505 Hesiodi
1249 2472 1379 2515 capiat,
1404 2473 1462 2505 sed
1482 2472 1519 2505 in
1538 2485 1616 2505 eum
1634 2473 1771 2505 assidue
1788 2474 1908 2507 oculos
1927 2475 2077 2517 defigite,

1087 2535 1208 2556 omnes
1232 2523 1328 2555 locos
1351 2523 1619 2567 diligentissime
1641 2524 1808 2564 excutite,
1837 2532 1869 2558 et
1885 2525 2075 2558 sententias

1086 2573 1160 2607 eius
1185 2573 1284 2606 vobis
1309 2573 1353 2607 ita
1380 2574 1570 2608 familiares
1598 2574 1718 2615 facite,
1745 2581 1782 2608 ut
1803 2575 1939 2620 quoties
1958 2575 2075 2619 aliqua

1086 2625 1129 2657 de
1151 2637 1188 2657 re
1215 2624 1477 2666 deliberabitis,
1513 2625 1550 2658 in
1574 2632 1725 2658 mentem
1752 2626 1852 2659 vobis
1879 2626 1937 2659 illa
1964 2623 2075 2658 bone-

1084 2675 1233 2709 stissima
1255 2682 1436 2721 praecepta
1455 2676 1610 2712 veniant.
1664 2675 1819 2710 Multum
1839 2676 1942 2709 etiam
1960 2687 2073 2709 sermo
