2338 2958
183 115 256 151 323

188 214 226 236 ac
250 200 392 235 Boemis
417 199 667 233 concederetur
694 196 744 229 uti
778 195 914 239 integro
937 194 1176 231 sacramento.

188 253 284 286 Idem
312 253 426 285 visum
454 257 503 283 est
526 248 645 281 multis
663 247 775 280 doctis
792 246 878 280 viris
901 247 938 279 in
959 259 996 280 ea
1015 246 1175 292 Synodo.

187 303 257 338 Sed
276 302 433 337 Iulianus
443 299 641 333 Cardinalis
658 296 818 331 hortator
832 304 916 339 erat,
935 304 973 331 ut
989 299 1071 331 totis
1082 296 1175 331 Ger-

187 354 326 388 maniae
350 352 482 385 viribus
505 349 656 383 Boemos
681 349 881 389 invaderet,
909 360 946 381 ac
971 355 1174 388 cessantem,

187 417 288 449 saepe
307 402 526 445 obiurgabat.
582 399 744 433 Tandem
761 400 807 433 ita
827 399 999 444 perpellit.
1049 398 1174 433 Exorti

188 461 286 489 erant
301 455 338 486 in
355 452 498 486 Boemia
518 452 690 485 tumultus
708 451 835 483 scelere
853 450 1034 484 cuiusdam
1053 449 1174 483 Abba-

187 507 244 545 tis,
270 505 330 549 qui
348 503 501 548 puellam
516 502 672 536 nobilem
689 507 870 546 rapuerat3
899 499 990 534 hanc
1005 513 1082 534 cum
1102 502 1173 534 fra-

187 563 239 590 ter
261 562 294 588 et
317 554 453 597 cognati
477 552 727 587 tumultuosius
755 559 996 596 reposcerent,
1032 558 1174 597 questus

186 613 236 640 est
255 604 412 640 Iulianus
431 605 619 637 seditiones
638 614 710 636 csse
726 609 847 637 motas.
901 601 955 636 Ad
974 599 1035 635 has
1053 602 1174 646 oppri-'

186 657 330 690 mendas
355 653 516 689 hortatur
537 653 805 699 Imperatorem,
838 664 923 698 quas
948 653 1090 698 quidem
1114 653 1174 686 ille

184 706 427 742 moderatione
455 706 566 739 multo
595 704 749 743 facilius,
782 716 887 749 quam
919 704 1027 736 armis
1053 704 1174 737 sedare

185 764 340 804 poterat,
373 769 454 791 vere
483 758 575 790 enim
600 755 715 800 inquit
739 753 925 788 Menelaus
948 755 1039 798 apud
1066 752 1173 788 Euri-

183 810 318 854 pidem:
684 814 687 817 '

287 870 321 901 Si
339 873 402 899 vela
420 870 520 898 tendas
537 870 681 904 nimiunn,
709 869 792 896 navis
809 869 961 907 mergitur,

286 921 345 951 Sed
361 923 385 950 si
402 923 514 950 relaxes
531 930 630 949 rursus
641 943 647 955 ,
679 918 797 947 vehitur
813 921 917 950 tutius.

286 971 361 1003 Odit
380 971 463 1001 Deus
477 974 565 1001 nimis
581 971 769 999 vehementes
787 973 927 1009 impetus,

285 1023 386 1054 Odere
405 1026 500 1060 cives3
529 1024 640 1062 gratior
661 1028 702 1050 est
720 1021 895 1050 moderatio.

183 1079 254 1114 Sed
279 1079 364 1112 vicit
390 1077 516 1111 Iuliani
543 1076 714 1111 sententia
738 1088 799 1109 seu
820 1076 911 1115 fato,
937 1087 998 1109 seu
1017 1075 1098 1121 quia
1117 1086 1172 1108 se-

183 1128 482 1174 nem'Principem
501 1127 750 1173 superstitione
767 1128 930 1162 terrebat.
967 1125 1091 1160 Movet
1107 1125 1174 1169 igi-

183 1188 242 1216 tur
265 1180 442 1214 funestum
477 1180 628 1219 bellum,
669 1178 706 1211 in
741 1190 810 1223 quo
843 1178 991 1212 victores
1021 1175 1173 1210 Bohemi

183 1239 302 1277 postea
320 1238 515 1275 eruperunt
540 1231 576 1263 in
593 1228 842 1270 Germaniam,
869 1236 902 1262 et
923 1230 990 1262 late
1008 1228 1172 1261 viciniam

182 1283 339 1328 populati
354 1289 446 1315 sunt.
499 1280 654 1314 Accessit
671 1281 713 1313 ad
734 1287 868 1313 caetera
884 1280 976 1313 mala
999 1277 1065 1312 boc
1084 1292 1173 1324 quo—

182 1346 262 1379 que,
284 1333 376 1378 quod
398 1331 594 1376 Imperator
611 1342 731 1364 rursus
746 1332 790 1364 de
809 1343 890 1374 pace
904 1342 1020 1374 agens,
1046 1330 1083 1362 iu
1104 1330 1173 1362 illis

182 1384 267 1429 ipsis
290 1383 622 1423 deliberationibus,
649 1381 764 1424 gravis
786 1382 909 1421 annis,
941 1387 974 1415 et
992 1381 1173 1414 confectus

182 1435 384 1476 laboribus,
411 1434 570 1467 moritur.

282 1502 365 1536 Fuit
380 1501 540 1535 foelicior
555 1501 591 1533 in
611 1507 688 1545 toga
707 1513 811 1546 quam
830 1501 867 1533 in
884 1500 1004 1542 armis,
1027 1499 1088 1533 etsi
1107 1499 1172 1533 ali-

181 1555 318 1600 quoties
341 1552 510 1586 Turcicas
535 1552 652 1596 copias
675 1553 766 1585 fudit
785 1564 822 1585 ac
839 1551 1049 1595 profligavit.
1103 1551 1170 1584 Sed

182 1605 363 1649 ingenium
380 1604 447 1636 fuit
468 1603 582 1646 aptius
604 1603 769 1636 civilibus
789 1603 960 1646 negociis,
988 1602 1024 1634 in
1045 1602 1173 1646 quibus

182 1654 368 1699 singularis
388 1654 462 1687 eius
479 1653 667 1687 dexteritas
682 1654 766 1695 suit,
794 1666 831 1687 ac
847 1651 936 1686 mibi
955 1654 1170 1697 comparanti

182 1718 262 1741 eum
282 1718 360 1739 cum
381 1705 558 1738 veteribus
576 1703 818 1749 Principibus,
846 1705 987 1738 videtur
1010 1716 1082 1737 non
1109 1705 1172 1737 ad-

181 1758 325 1791 modum
340 1755 522 1789 dissimilis
540 1755 644 1788 fuisse
663 1755 846 1789 Antonino
863 1755 938 1794 Pio,
960 1761 1019 1789 aut
1039 1754 1171 1788 Marco.

183 1808 317 1852 Legum
348 1814 381 1840 et
413 1806 504 1840 luris
537 1806 839 1850 disputationibus
867 1806 1107 1849 argutior-ibus
1135 1806 1171 1838 in

181 1859 304 1904 primis
320 1858 576 1897 delectabatur,
605 1858 714 1891 multa
734 1858 768 1890 iu
787 1858 990 1891 civitatibus
1007 1858 1170 1889 emenda-

182 1911 243 1951 vit,
270 1911 356 1943 duas
372 1908 521 1942 familias
538 1906 739 1942 Electorum
762 1908 987 1952 amplificavit
1002 1908 1171 1950 dignitate

183 1968 215 1994 et
235 1960 409 2005 potentia,
445 1958 558 1992 Duces
582 1959 772 2000 saxoniae,
807 1968 839 1993 et
859 1957 1105 1999 Marcbiones,
1139 1967 1167 1991 et

182 2012 268 2046 utile
279 2010 433 2056 Reipub.
452 2010 630 2050 iudicavit,
655 2010 860 2055 Principum
873 2008 1074 2043 Electorum
1089 2022 1172 2053 opes

183 2063 317 2106 augeri;
346 2073 434 2107 quos
447 2061 588 2106 quidem
606 2068 645 2095 ut
663 2063 785 2095 fratres
807 2062 937 2094 amavit
962 2069 995 2094 et
1015 2061 1171 2093 consiliis

183 2114 347 2146 omnibus
364 2111 543 2151 adhibuit,
570 2125 641 2145 non
659 2113 806 2146 exclusit
822 2124 839 2145 a
856 2112 1172 2145 deliberationibus

184 2165 273 2204 suis,
307 2176 403 2196 more
429 2164 624 2208 tyrannico.
686 2163 884 2207 Religionis
913 2174 994 2196 cura
1027 2175 1170 2205 magno-

185 2227 264 2258 pere
284 2215 518 2247 adficiebatur.
557 2213 595 2247 ln
610 2214 752 2248 Boemia
769 2213 913 2258 direptis
932 2214 1034 2246 bouis
1051 2213 1172 2247 Eccle-

186 2266 334 2303 siarum,
369 2277 489 2298 rursus
510 2266 553 2298 de
580 2278 642 2299 suo
665 2266 825 2299 attribuit
842 2263 1018 2310 parochiis
1034 2277 1171 2298 annuos

186 2317 328 2350 reditus.

285 2382 377 2415 llaec
403 2383 445 2414 de
464 2383 531 2415 vita
555 2389 587 2415 et
613 2382 716 2414 rebus
733 2381 835 2422 gestis
854 2380 1072 2424 Sigismundi
1099 2381 1171 2414 col-

187 2433 272 2477 legi,
306 2446 393 2477 quae
419 2433 498 2465 satis
526 2433 700 2470 indicant,
736 2445 815 2465 eum
842 2433 946 2465 fuisse
972 2431 1169 2477 Principem

186 2484 365 2518 excellenti
401 2484 561 2524 iugenio,
599 2484 748 2522 virtuto,
792 2483 946 2524 iusticia,
986 2483 1196 2528 clementiaj

184 2535 402 2580 praeditum,
431 2547 467 2567 ac
486 2542 649 2567 conatum
674 2546 746 2566 esse
763 2535 805 2566 de.
824 2534 961 2578 llepub.
984 2535 1072 2567 bene
1098 2547 1169 2567 me-
1194 2529 1196 2566 Ι

185 2586 264 2621 reri.
324 2585 473 2628 Propter
506 2583 566 2617 lias
593 2586 736 2618 virtutes
761 2587 876 2625 decet,
909 2585 1010 2618 nobis
1034 2592 1166 2627 gratam

184 2650 254 2669 esse
270 2636 377 2680 ipsius
395 2637 610 2669 memoriani.
673 2635 809 2668 Deinde
826 2637 966 2679 negocia
987 2636 1020 2669 in
1040 2637 1168 2682 quibus
1192 2673 1195 2683 ν

185 2694 339 2720 vorsatus
364 2694 429 2726 est,
457 2688 499 2720 ‹le
526 2687 644 2719 multis
672 2687 774 2720 rebus
793 2689 983 2721 adnmuere
1007 2695 1036 2721 et
1065 2687 1166 2721 Prin·
1191 2686 1195 2730 ξ

624 109 781 146 DECL.
814 107 888 144 DE
921 106 1256 144 DtGNlTATE
1287 106 1492 143 STUDH
1528 99 1753 143 'samon'

2144 108 2218 143 324

1227 195 1318 239 cipes
1336 201 1369 228 et
1384 193 1540 238 privatos
1556 190 1721 226 homines
1738 199 1897 237 possunt.
1951 193 2099 227 Prodest
2121 193 2216 226 enim

1227 245 1392 279 omnibus
1417 250 1536 277 tenere
1559 255 1680 277 causas
1704 249 1737 276 et
1763 245 1953 278 certamina
1978 245 2217 291 Synodorum,

1227 303 1260 330 et
1275 295 1501 339 Principibus
1523 295 1666 339 prodest
1689 305 1827 335 cavere,
1853 306 1897 327 ne
1919 295 2074 329 artificiis
2096 302 2216 340 tyran-

1226 347 1387 380 nicorum
1405 344 1615 379 Pontificum
1632 345 1773 378 incendi
1789 356 1825 377 se
1841 346 1884 378 ad
1906 345 2013 390 impia
2032 347 2123 379 bella
2140 357 2217 379 mo-

1227 398 1339 431 venda
1364 396 1563 441 patiantur,
1604 397 1664 429 sed
1690 402 1728 429 ut
1749 393 1924 429 Ecclesiae
1948 408 2066 429 causas
2090 397 2215 430 ordine

1226 454 1456 491 cognoscant,
1498 453 1536 481 ut
1565 446 1656 490 leges
1679 446 1930 480 ecclesiasticae
1959 446 1997 479 in
2021 444 2214 490 Evangelio

1227 500 1374 533 traditae
1397 498 1587 542 postulant.
1640 496 1736 531 Dixi.

1238 677 1304 712 Nn.
1315 675 1384 722 44.

1371 775 1446 816 De
1480 775 1715 829 dignitate
1747 774 1894 817 studii
1931 775 2066 815 theol.

1295 862 1325 887 In
1342 860 1493 887 Declamat-
1507 861 1540 887 Τ.
1553 861 1573 887 l.
1591 871 1617 896 p.
1631 862 1665 887 59
1677 871 1753 896 sqq.,
1771 863 1797 888 in
1813 861 1936 888 Seri-est.
1952 861 1984 888 T.
2000 860 2020 886 l.
2035 869 2060 895 p.
2071 860 2112 887 51.
2130 864 2156 886 et
2173 869 2216 896 ap.

1328 895 1456 922 Richard.
1472 895 1503 921 T.
1517 895 1561 923 lll.
1583 897 1662 930 p.12.

1226 977 1355 1011 Oratio
1365 977 1471 1010 Doct.
1487 977 1525 1011 C'.
1545 977 1791 1022 Cruciyeri
1807 975 1852 1010 de
1869 974 2056 1022 di9nitate
2070 975 2218 1011 studio·

1225 1039 1311 1062 rum
1325 1026 1629 1074 theologicorum,
1648 1026 1779 1062 habita
1793 1038 1890 1060 anno
1901 1023 2003 1060 111.D
2018 1028 2216 1063 XXXVII.

1326 1081 1367 1113 in
1388 1081 1621 1123 promotione
1645 1080 1698 1113 M.
1727 1079 1855 1113 Petri
1881 1077 2114 1113 Palladii.

1224 1148 1478 1199 Imposuerunt
1496 1152 1583 1188 mihi
1600 1152 1663 1188 has
1682 1162 1795 1199 partes
1813 1151 1879 1188 hoc
1898 1154 1975 1189 loco
1996 1154 2136 1188 dicendi
2158 1165 2216 1188 su-

1227 1206 1382 1251 periores
1408 1206 1539 1245 nostri,
1578 1217 1667 1251 quos
1690 1218 1770 1240 cum
1793 1217 1928 1240 summa
1953 1206 2079 1251 pietate
2105 1212 2139 1242 et
2161 1219 2217 1242 re-

1227 1257 1382 1291 verentia
1400 1258 1514 1291 colere
1529 1257 1736 1298 debeamus,
1761 1270 1834 1291 non
1851 1258 1918 1291 suit
1935 1254 2023 1291 mihi
2041 1257 2215 1302 integrum

1226 1321 1347 1341 eorum
1371 1308 1597 1343 autoritatem
1625 1310 1830 1343 detrectare.
1882 1307 1968 1344 Peto
1993 1309 2101 1353 igitur
2117 1322 2135 1343 a
2152 1322 2216 1343 vo-

1226 1359 1280 1392 bis
1296 1359 1482 1401 omnibus,
1507 1367 1547 1393 ut
1565 1372 1620 1393 me
1639 1372 1712 1393 non
1728 1360 1861 1403 ingenii
1886 1360 2032 1401 fiducia,
2059 1367 2119 1394 aut
2137 1372 2215 1394 meo

1226 1410 1395 1452 consilio,
1420 1411 1608 1456 sumpsisse
1635 1410 1725 1444 mihi
1750 1408 1816 1445 hoe
1840 1411 2044 1454 negocium,
2069 1412 2129 1444 sed
2154 1412 2218 1445 ad-

1226 1461 1371 1495 ductum
1389 1462 1518 1503 officio,
1545 1463 1582 1495 in
1599 1461 1694 1496 hunc
1711 1462 1827 1496 locum
1846 1462 1989 1506 prodire
2003 1462 2216 1496 existimetis.

1227 1513 1345 1556 Quare
1369 1525 1521 1558 aequum
1550 1520 1618 1555 est,
1655 1526 1716 1547 vos
1741 1513 1844 1547 etiam
1878 1513 2072 1546 orationem
2104 1524 2216 1546 meam

1227 1564 1311 1597 boni
1328 1564 1528 1602 consulere,
1556 1577 1660 1610 quam
1679 1564 1817 1598 institui
1836 1565 1878 1597 ad
1899 1564 2217 1597 commonefacien-

1226 1615 1288 1647 dos
1316 1615 1498 1659 imperitos
1521 1616 1777 1655 adolescentes,
1803 1622 1842 1648 ut
1859 1615 1995 1649 discant
2016 1622 2217 1649 reverenter

1225 1666 1354 1699 sentire
1377 1667 1419 1698 de
1443 1666 1569 1699 studiis
1593 1677 1769 1699 sacrarum
1794 1665 1997 1705 literarum,
2024 1673 2057 1700 et
2082 1666 2215 1710 profes-

1225 1717 1322 1750 sione
1342 1714 1547 1760 theologica.
1599 1716 1694 1751 Ilaec
1713 1717 1847 1758 oratio,
1872 1714 1938 1750 boc
1956 1717 2099 1762 quidem
2126 1723 2215 1751 tem-

1225 1780 1327 1812 pore,
1362 1768 1397 1800 in
1425 1775 1520 1802 tanta
1545 1768 1756 1801 iudiciorum
1782 1768 2025 1812 perversitate,
2060 1768 2096 1800 in
2119 1774 2214 1801 tanta

1227 1819 1443 1852 immanitate
1472 1819 1545 1852 odii
1572 1820 1738 1852 adversus
1763 1817 1971 1852 Doctrinam
1994 1816 2216 1852 Ecclesiasti-

1225 1882 1318 1909 cam,
1350 1869 1385 1902 in
1410 1871 1533 1914 primis
1559 1870 1750 1903 necessaria
1777 1877 1838 1904 est.
1898 1868 1972 1902 Etsi
2000 1877 2114 1903 autem
2142 1881 2214 1902 nou

1225 1921 1306 1953 satis
1331 1921 1526 1954 autoritatis
1553 1923 1595 1954 ad
1621 1928 1752 1954 tantam
1775 1933 1912 1954 causam
1929 1920 2031 1954 affert
2044 1933 2118 1953 mea
2135 1932 2215 1965 per-

1224 1984 1328 2008 sona,
1370 1979 1484 2005 tamen
1506 1985 1584 2005 cum
1607 1972 1746 2016 publico
1772 1971 1916 2005 nomine
1942 1968 2112 2005 habeatur
2134 1975 2214 2004 o'ra-

1225 2023 1291 2060 tio,
1315 2029 1347 2055 et
1365 2029 1499 2056 tautum
1520 2023 1728 2057 seutentiam
1752 2023 1958 2056 recitaturus
1976 2034 2052 2055 sum
2071 2021 2213 2055 divinae

1224 2073 1434 2116 scripturae,
1466 2081 1499 2108 et
1523 2086 1623 2108 causa
1654 2081 1723 2108 tota
1749 2074 1791 2107 ad
1809 2071 1983 2106 Ecclesiae
2007 2073 2213 2115 dignitatem

1225 2131 1327 2169 atque
1345 2125 1532 2159 utilitatem
1560 2125 1749 2169 pertineat,
1776 2123 1973 2157 admonitio
1998 2131 2116 2157 nostra
2140 2135 2212 2157 non

1225 2176 1288 2209 erit
1315 2178 1544 2219 aspernanda.
1608 2176 1652 2211 Ut
1688 2176 1793 2219 igitur
1820 2175 1959 2207 veniam
1986 2176 2027 2207 ad
2061 2186 2211 2208 causam.

1224 2227 1322 2260 Sicut
1359 2227 1488 2261 Paulus
1525 2227 1655 2273 iuquit:
1692 2225 1770 2259 Nou
1809 2227 1914 2270 pudet
1944 2238 1999 2259 me
2028 2223 2212 2269 Evangelii

1224 2275 1376 2317 Christi,
1411 2279 1455 2312 ita
1480 2280 1575 2312 decet
1600 2278 1740 2311 asl‘ectos
1763 2289 1835 2310 esse
1859 2289 1980 2310 ornnes
2001 2279 2098 2320 pios,
2125 2283 2211 2311 utet

1224 2329 1371 2361 verbum
1388 2328 1452 2362 Dei
1473 2337 1546 2363 toto
1562 2335 1701 2374 pectore
1717 2335 1834 2361 auieut
1846 2355 1854 2368 ,
1882 2335 1913 2361 et
1932 2335 2122 2370 agnoscant
2139 2339 2211 2361 esse
2235 2328 2238 2331 ’

1223 2391 1398 2413 summum
1422 2381 1580 2414 omnium
1603 2380 1854 2413 beneficiorum
1877 2377 1962 2418 Dei,
1995 2386 2027 2412 et
2053 2379 2211 2412 minist&

1225 2431 1314 2463 rium
1344 2431 1476 2476 ipsum,
1504 2429 1568 2465 linc
1595 2438 1661 2471 est,
1690 2431 1870 2475 publicum
1895 2441 2024 2463 munus
2047 2429 2211 2468 docendi,

1223 2495 1346 2523 inagna
1372 2483 1498 2526 pietate
1523 2489 1767 2523 revercantur,
1797 2480 1931 2514 bonore
1953 2480 2124 2519 afficiant,
2157 2480 2211 2513 iu-

1223 2541 1301 2567 vent
1345 2534 1437 2567 iuxta
1479 2535 1698 2567 vocationem
1714 2561 1722 2572 ,
1766 2533 1956 2565 defendant
1997 2538 2027 2564 et
2071 2538 2210 2567 ornent.

1222 2583 1315 2618 llaec
1339 2585 1439 2618 debet
1465 2597 1536 2618 esse
1555 2585 1714 2618 nnuiiutn
1740 2583 1878 2628 piorum
1899 2582 2082 2626 praecipua
2110 2594 2209 2619 rura:

1221 2637 1277 2668 sed
1293 2638 1333 2668 ad
1359 2634 1447 2669 lianc
1470 2635 1570 2669 Pauli
1589 2648 1708 2669 vorem
1734 2635 1952 2669 conseramus
1972 2633 2095 2666 mutuli
2117 2633 2209 2666 iudi-

1221 2687 1282 2720 cia.
1339 2687 1492 2720 Maxima
1510 2700 1588 2732 pars
1607 2685 1788 2720 bominum
1812 2685 1927 2730 palam
1955 2684 2146 2718 coutemnit
2176 2691 2206 2717 et
