<?xml version="1.0" encoding="UTF-8"?>
<!DOCTYPE html PUBLIC "-//W3C//DTD XHTML 1.0 Transitional//EN"
    "http://www.w3.org/TR/xhtml1/DTD/xhtml1-transitional.dtd">
<html xmlns="http://www.w3.org/1999/xhtml" xml:lang="en" lang="en">
 <head>
  <title>
</title>
<meta http-equiv="Content-Type" content="text/html;charset=utf-8" />
  <meta name='ocr-system' content='tesseract 3.04.00' />
  <meta name='ocr-capabilities' content='ocr_page ocr_carea ocr_par ocr_line ocrx_word'/>
</head>
<body>
  <div class='ocr_page' id='page_1' title='image "./operaquaesupersu11melauoft/operaquaesupersu11melauoft_0125.png"; bbox 0 0 2338 2958; ppageno 0'>
   <div class='ocr_carea' id='block_1_1' title="bbox 61 89 138 126">
    <p class='ocr_par' dir='ltr' id='par_1_1' title="bbox 61 89 138 126">
     <span class='ocr_line' id='line_1_1' title="bbox 61 89 138 126; baseline -0.026 -1"><span class='ocrx_word' id='word_1_1' title='bbox 61 89 138 126; x_wconf 74' lang='lat'>253</span> 
     </span>
    </p>
   </div>
   <div class='ocr_carea' id='block_1_2' title="bbox 40 166 1053 2707">
    <p class='ocr_par' dir='ltr' id='par_1_2' title="bbox 55 166 1053 622">
     <span class='ocr_line' id='line_1_2' title="bbox 60 166 1053 218; baseline -0.005 -10"><span class='ocrx_word' id='word_1_2' title='bbox 60 174 262 218; x_wconf 84' lang='lat' dir='ltr'>linguarum</span> <span class='ocrx_word' id='word_1_3' title='bbox 286 178 318 205; x_wconf 92' lang='lat' dir='ltr'>et</span> <span class='ocrx_word' id='word_1_4' title='bbox 342 166 537 214; x_wconf 69' lang='lat' dir='ltr'>figurarum</span> <span class='ocrx_word' id='word_1_5' title='bbox 559 171 748 213; x_wconf 88' lang='lat' dir='ltr'>orationis,</span> <span class='ocrx_word' id='word_1_6' title='bbox 774 172 809 206; x_wconf 92' lang='lat' dir='ltr'>id</span> <span class='ocrx_word' id='word_1_7' title='bbox 833 172 926 218; x_wconf 83' lang='lat' dir='ltr'>quod</span> <span class='ocrx_word' id='word_1_8' title='bbox 951 170 1053 206; x_wconf 88' lang='lat' dir='ltr'>facile</span> 
     </span>
     <span class='ocr_line' id='line_1_3' title="bbox 61 219 1053 270; baseline -0.004 -11"><span class='ocrx_word' id='word_1_9' title='bbox 61 230 174 270; x_wconf 87' lang='lat' dir='ltr'>potest</span> <span class='ocrx_word' id='word_1_10' title='bbox 195 222 333 256; x_wconf 89' lang='lat' dir='ltr'>ostendi</span> <span class='ocrx_word' id='word_1_11' title='bbox 351 221 391 254; x_wconf 90' lang='lat' dir='ltr'>in</span> <span class='ocrx_word' id='word_1_12' title='bbox 413 223 500 266; x_wconf 89' lang='lat' dir='ltr'>ipsis</span> <span class='ocrx_word' id='word_1_13' title='bbox 521 219 678 257; x_wconf 88' lang='lat' dir='ltr'>historiis</span> <span class='ocrx_word' id='word_1_14' title='bbox 703 223 971 257; x_wconf 77' lang='lat' dir='ltr'>contentionum</span> <span class='ocrx_word' id='word_1_15' title='bbox 997 233 1053 255; x_wconf 91' lang='lat' dir='ltr'>ec—</span> 
     </span>
     <span class='ocr_line' id='line_1_4' title="bbox 61 270 1052 319; baseline -0.003 -10"><span class='ocrx_word' id='word_1_16' title='bbox 61 273 344 309; x_wconf 81' lang='lat' dir='ltr'>clesiasticarum.</span> <span class='ocrx_word' id='word_1_17' title='bbox 410 272 460 307; x_wconf 87' lang='lat' dir='ltr'>Et</span> <span class='ocrx_word' id='word_1_18' title='bbox 493 274 653 319; x_wconf 90' lang='lat' dir='ltr'>quamvis</span> <span class='ocrx_word' id='word_1_19' title='bbox 686 286 760 308; x_wconf 90' lang='lat' dir='ltr'>non</span> <span class='ocrx_word' id='word_1_20' title='bbox 794 280 879 308; x_wconf 88' lang='lat' dir='ltr'>sunt</span> <span class='ocrx_word' id='word_1_21' title='bbox 912 274 950 306; x_wconf 92' lang='lat' dir='ltr'>in</span> <span class='ocrx_word' id='word_1_22' title='bbox 985 270 1052 306; x_wconf 89' lang='lat' dir='ltr'>hoc</span> 
     </span>
     <span class='ocr_line' id='line_1_5' title="bbox 61 321 1050 369; baseline -0.003 -9"><span class='ocrx_word' id='word_1_23' title='bbox 61 323 198 368; x_wconf 88' lang='lat' dir='ltr'>omnia,</span> <span class='ocrx_word' id='word_1_24' title='bbox 224 331 343 358; x_wconf 89' lang='lat' dir='ltr'>tamen</span> <span class='ocrx_word' id='word_1_25' title='bbox 365 321 408 357; x_wconf 84' lang='lat' dir='ltr'>in</span> <span class='ocrx_word' id='word_1_26' title='bbox 431 324 723 369; x_wconf 82' lang='lat' dir='ltr'>interpretatione</span> <span class='ocrx_word' id='word_1_27' title='bbox 739 336 914 359; x_wconf 90' lang='lat' dir='ltr'>sacrarum</span> <span class='ocrx_word' id='word_1_28' title='bbox 932 324 1050 358; x_wconf 88' lang='lat' dir='ltr'>litera-</span> 
     </span>
     <span class='ocr_line' id='line_1_6' title="bbox 58 372 1051 420; baseline -0.002 -10"><span class='ocrx_word' id='word_1_29' title='bbox 58 387 138 410; x_wconf 89' lang='lat' dir='ltr'>rum</span> <span class='ocrx_word' id='word_1_30' title='bbox 153 372 220 408; x_wconf 92' lang='lat' dir='ltr'>hoc</span> <span class='ocrx_word' id='word_1_31' title='bbox 235 374 394 418; x_wconf 83' lang='lat' dir='ltr'>primum</span> <span class='ocrx_word' id='word_1_32' title='bbox 410 382 480 417; x_wconf 90' lang='lat' dir='ltr'>est,</span> <span class='ocrx_word' id='word_1_33' title='bbox 505 382 547 410; x_wconf 91' lang='lat' dir='ltr'>ut</span> <span class='ocrx_word' id='word_1_34' title='bbox 563 376 735 410; x_wconf 89' lang='lat' dir='ltr'>sermonis</span> <span class='ocrx_word' id='word_1_35' title='bbox 751 387 859 420; x_wconf 87' lang='lat' dir='ltr'>genus</span> <span class='ocrx_word' id='word_1_36' title='bbox 874 375 1051 419; x_wconf 85' lang='lat' dir='ltr'>intelliga-</span> 
     </span>
     <span class='ocr_line' id='line_1_7' title="bbox 59 425 1051 472; baseline -0.003 -11"><span class='ocrx_word' id='word_1_37' title='bbox 59 433 135 468; x_wconf 82' lang='lat' dir='ltr'>tur,</span> <span class='ocrx_word' id='word_1_38' title='bbox 160 438 230 471; x_wconf 91' lang='lat' dir='ltr'>quo</span> <span class='ocrx_word' id='word_1_39' title='bbox 249 425 447 468; x_wconf 87' lang='lat' dir='ltr'>intellecto,</span> <span class='ocrx_word' id='word_1_40' title='bbox 473 427 585 461; x_wconf 88' lang='lat' dir='ltr'>multa</span> <span class='ocrx_word' id='word_1_41' title='bbox 601 427 750 460; x_wconf 88' lang='lat' dir='ltr'>iudicari</span> <span class='ocrx_word' id='word_1_42' title='bbox 768 435 933 471; x_wconf 82' lang='lat' dir='ltr'>possunt,</span> <span class='ocrx_word' id='word_1_43' title='bbox 960 439 1051 472; x_wconf 92' lang='lat' dir='ltr'>quo-</span> 
     </span>
     <span class='ocr_line' id='line_1_8' title="bbox 55 474 1050 522; baseline -0.003 -10"><span class='ocrx_word' id='word_1_44' title='bbox 55 489 136 512; x_wconf 80' lang='lat' dir='ltr'>rum</span> <span class='ocrx_word' id='word_1_45' title='bbox 154 478 321 522; x_wconf 81' lang='lat' dir='ltr'>pleraque</span> <span class='ocrx_word' id='word_1_46' title='bbox 339 476 446 510; x_wconf 83' lang='lat' dir='ltr'>etiam</span> <span class='ocrx_word' id='word_1_47' title='bbox 464 474 532 511; x_wconf 91' lang='lat' dir='ltr'>hoc</span> <span class='ocrx_word' id='word_1_48' title='bbox 553 484 710 522; x_wconf 86' lang='lat' dir='ltr'>tempore</span> <span class='ocrx_word' id='word_1_49' title='bbox 727 483 1050 511; x_wconf 87' lang='lat' dir='ltr'>controvertuntur.</span> 
     </span>
     <span class='ocr_line' id='line_1_9' title="bbox 59 525 1050 573; baseline -0.001 -12"><span class='ocrx_word' id='word_1_50' title='bbox 59 526 179 571; x_wconf 83' lang='lat' dir='ltr'><strong>Quare</strong></span> <span class='ocrx_word' id='word_1_51' title='bbox 204 539 278 560; x_wconf 87' lang='lat' dir='ltr'>non</span> <span class='ocrx_word' id='word_1_52' title='bbox 302 527 455 561; x_wconf 85' lang='lat' dir='ltr'>dubium</span> <span class='ocrx_word' id='word_1_53' title='bbox 479 535 546 568; x_wconf 87' lang='lat' dir='ltr'>est,</span> <span class='ocrx_word' id='word_1_54' title='bbox 567 528 655 573; x_wconf 88' lang='lat' dir='ltr'>quin</span> <span class='ocrx_word' id='word_1_55' title='bbox 671 529 716 562; x_wconf 90' lang='lat' dir='ltr'>ad</span> <span class='ocrx_word' id='word_1_56' title='bbox 734 525 968 572; x_wconf 83' lang='lat' dir='ltr'>Theologiam</span> <span class='ocrx_word' id='word_1_57' title='bbox 987 539 1050 561; x_wconf 89' lang='lat' dir='ltr'>ne-</span> 
     </span>
     <span class='ocr_line' id='line_1_10' title="bbox 58 577 670 622; baseline 0 -10"><span class='ocrx_word' id='word_1_58' title='bbox 58 578 204 612; x_wconf 87' lang='lat' dir='ltr'>cessaria</span> <span class='ocrx_word' id='word_1_59' title='bbox 221 578 263 612; x_wconf 90' lang='lat' dir='ltr'>sit</span> <span class='ocrx_word' id='word_1_60' title='bbox 282 577 487 621; x_wconf 86' lang='lat' dir='ltr'>linguarum</span> <span class='ocrx_word' id='word_1_61' title='bbox 504 579 670 622; x_wconf 78' lang='lat' dir='ltr'>cognitio.</span> 
     </span>
    </p>

    <p class='ocr_par' dir='ltr' id='par_1_3' title="bbox 40 626 1049 1580">
     <span class='ocr_line' id='line_1_11' title="bbox 157 626 1049 674; baseline -0.002 -11"><span class='ocrx_word' id='word_1_62' title='bbox 157 626 280 674; x_wconf 83' lang='lat' dir='ltr'>Neque</span> <span class='ocrx_word' id='word_1_63' title='bbox 305 640 368 662; x_wconf 87' lang='lat' dir='ltr'>vos</span> <span class='ocrx_word' id='word_1_64' title='bbox 385 630 430 664; x_wconf 90' lang='lat' dir='ltr'>ab</span> <span class='ocrx_word' id='word_1_65' title='bbox 448 627 512 663; x_wconf 87' lang='lat' dir='ltr'>hac</span> <span class='ocrx_word' id='word_1_66' title='bbox 533 629 677 663; x_wconf 86' lang='lat' dir='ltr'>scientia</span> <span class='ocrx_word' id='word_1_67' title='bbox 693 631 890 664; x_wconf 82' lang='lat' dir='ltr'>deterreant</span> <span class='ocrx_word' id='word_1_68' title='bbox 912 629 1049 662; x_wconf 88' lang='lat' dir='ltr'>indocti</span> 
     </span>
     <span class='ocr_line' id='line_1_12' title="bbox 56 677 1046 724; baseline -0.002 -10"><span class='ocrx_word' id='word_1_69' title='bbox 56 677 239 720; x_wconf 86' lang='lat' dir='ltr'>homines,</span> <span class='ocrx_word' id='word_1_70' title='bbox 266 679 327 724; x_wconf 89' lang='lat' dir='ltr'>qui</span> <span class='ocrx_word' id='word_1_71' title='bbox 341 687 380 714; x_wconf 93' lang='lat' dir='ltr'>ut</span> <span class='ocrx_word' id='word_1_72' title='bbox 398 680 465 714; x_wconf 91' lang='lat' dir='ltr'>soli</span> <span class='ocrx_word' id='word_1_73' title='bbox 481 691 600 724; x_wconf 86' lang='lat' dir='ltr'>sapere</span> <span class='ocrx_word' id='word_1_74' title='bbox 617 681 816 722; x_wconf 83' lang='lat' dir='ltr'>videantur,</span> <span class='ocrx_word' id='word_1_75' title='bbox 843 693 916 714; x_wconf 92' lang='lat' dir='ltr'>non</span> <span class='ocrx_word' id='word_1_76' title='bbox 933 680 1046 713; x_wconf 91' lang='lat' dir='ltr'>solum</span> 
     </span>
     <span class='ocr_line' id='line_1_13' title="bbox 55 728 1048 774; baseline -0.003 -8"><span class='ocrx_word' id='word_1_77' title='bbox 55 728 142 766; x_wconf 86' lang='lat' dir='ltr'>haec</span> <span class='ocrx_word' id='word_1_78' title='bbox 158 731 360 774; x_wconf 89' lang='lat' dir='ltr'>linguarum</span> <span class='ocrx_word' id='word_1_79' title='bbox 377 731 494 765; x_wconf 86' lang='lat' dir='ltr'>studia</span> <span class='ocrx_word' id='word_1_80' title='bbox 509 731 691 772; x_wconf 88' lang='lat' dir='ltr'>damnant,</span> <span class='ocrx_word' id='word_1_81' title='bbox 720 732 777 765; x_wconf 92' lang='lat' dir='ltr'>sed</span> <span class='ocrx_word' id='word_1_82' title='bbox 797 743 919 765; x_wconf 89' lang='lat' dir='ltr'>omnes</span> <span class='ocrx_word' id='word_1_83' title='bbox 936 732 1048 764; x_wconf 89' lang='lat' dir='ltr'>bonas</span> 
     </span>
     <span class='ocr_line' id='line_1_14' title="bbox 55 780 1048 817; baseline -0.001 -1"><span class='ocrx_word' id='word_1_84' title='bbox 55 788 149 817; x_wconf 86' lang='lat' dir='ltr'>artes</span> <span class='ocrx_word' id='word_1_85' title='bbox 163 780 397 816; x_wconf 69' lang='lat' dir='ltr'>intensissime</span> <span class='ocrx_word' id='word_1_86' title='bbox 413 782 576 817; x_wconf 88' lang='lat' dir='ltr'>oderunt.</span> <span class='ocrx_word' id='word_1_87' title='bbox 630 781 681 815; x_wconf 89' lang='lat' dir='ltr'>Ac</span> <span class='ocrx_word' id='word_1_88' title='bbox 697 782 727 815; x_wconf 90' lang='lat' dir='ltr'>si</span> <span class='ocrx_word' id='word_1_89' title='bbox 744 794 798 816; x_wconf 89' lang='lat' dir='ltr'>res</span> <span class='ocrx_word' id='word_1_90' title='bbox 823 783 968 816; x_wconf 84' lang='lat' dir='ltr'>testibus</span> <span class='ocrx_word' id='word_1_91' title='bbox 993 782 1048 815; x_wconf 90' lang='lat' dir='ltr'>iu-</span> 
     </span>
     <span class='ocr_line' id='line_1_15' title="bbox 57 832 1045 879; baseline -0.003 -12"><span class='ocrx_word' id='word_1_92' title='bbox 57 833 207 868; x_wconf 88' lang='lat' dir='ltr'>dicanda</span> <span class='ocrx_word' id='word_1_93' title='bbox 229 839 298 874; x_wconf 92' lang='lat' dir='ltr'>est,</span> <span class='ocrx_word' id='word_1_94' title='bbox 324 832 493 878; x_wconf 88' lang='lat' dir='ltr'>opponite</span> <span class='ocrx_word' id='word_1_95' title='bbox 513 833 584 866; x_wconf 93' lang='lat' dir='ltr'>illis</span> <span class='ocrx_word' id='word_1_96' title='bbox 600 832 829 879; x_wconf 79' lang='lat' dir='ltr'>Hieronymi,</span> <span class='ocrx_word' id='word_1_97' title='bbox 856 832 1045 877; x_wconf 78' lang='lat' dir='ltr'>Augustini</span> 
     </span>
     <span class='ocr_line' id='line_1_16' title="bbox 57 883 1046 929; baseline -0.003 -11"><span class='ocrx_word' id='word_1_98' title='bbox 57 890 91 918; x_wconf 84' lang='lat' dir='ltr'>et</span> <span class='ocrx_word' id='word_1_99' title='bbox 113 884 307 918; x_wconf 90' lang='lat' dir='ltr'>multorum</span> <span class='ocrx_word' id='word_1_100' title='bbox 329 890 404 918; x_wconf 89' lang='lat' dir='ltr'>tum</span> <span class='ocrx_word' id='word_1_101' title='bbox 434 884 608 928; x_wconf 82' lang='lat' dir='ltr'>exempla,</span> <span class='ocrx_word' id='word_1_102' title='bbox 640 891 717 917; x_wconf 91' lang='lat' dir='ltr'>tum</span> <span class='ocrx_word' id='word_1_103' title='bbox 743 885 952 925; x_wconf 89' lang='lat' dir='ltr'>sententias,</span> <span class='ocrx_word' id='word_1_104' title='bbox 987 883 1046 929; x_wconf 93' lang='lat' dir='ltr'>qui</span> 
     </span>
     <span class='ocr_line' id='line_1_17' title="bbox 55 935 1048 976; baseline -0.003 -6"><span class='ocrx_word' id='word_1_105' title='bbox 55 941 269 970; x_wconf 82' lang='lat' dir='ltr'>censuerunt</span> <span class='ocrx_word' id='word_1_106' title='bbox 291 935 335 968; x_wconf 87' lang='lat' dir='ltr'>ad</span> <span class='ocrx_word' id='word_1_107' title='bbox 356 935 570 968; x_wconf 87' lang='lat' dir='ltr'>enarrandas</span> <span class='ocrx_word' id='word_1_108' title='bbox 592 946 706 968; x_wconf 91' lang='lat' dir='ltr'>sacras</span> <span class='ocrx_word' id='word_1_109' title='bbox 726 935 862 976; x_wconf 82' lang='lat' dir='ltr'>literas,</span> <span class='ocrx_word' id='word_1_110' title='bbox 889 946 1048 969; x_wconf 89' lang='lat' dir='ltr'>necessa-</span> 
     </span>
     <span class='ocr_line' id='line_1_18' title="bbox 54 985 1045 1031; baseline -0.001 -12"><span class='ocrx_word' id='word_1_111' title='bbox 54 985 145 1020; x_wconf 83' lang='lat' dir='ltr'>riam</span> <span class='ocrx_word' id='word_1_112' title='bbox 162 997 234 1019; x_wconf 91' lang='lat' dir='ltr'>esse</span> <span class='ocrx_word' id='word_1_113' title='bbox 248 986 450 1029; x_wconf 85' lang='lat' dir='ltr'>linguarum</span> <span class='ocrx_word' id='word_1_114' title='bbox 468 985 715 1029; x_wconf 85' lang='lat' dir='ltr'>cognitionem.</span> <span class='ocrx_word' id='word_1_115' title='bbox 768 985 864 1029; x_wconf 85' lang='lat' dir='ltr'>Quid</span> <span class='ocrx_word' id='word_1_116' title='bbox 885 986 980 1031; x_wconf 90' lang='lat' dir='ltr'>quod</span> <span class='ocrx_word' id='word_1_117' title='bbox 998 985 1045 1018; x_wconf 88' lang='lat' dir='ltr'>ita</span> 
     </span>
     <span class='ocr_line' id='line_1_19' title="bbox 54 1035 1045 1081; baseline -0.003 -10"><span class='ocrx_word' id='word_1_118' title='bbox 54 1035 151 1071; x_wconf 89' lang='lat' dir='ltr'>Deus</span> <span class='ocrx_word' id='word_1_119' title='bbox 172 1037 244 1081; x_wconf 91' lang='lat' dir='ltr'>ipse</span> <span class='ocrx_word' id='word_1_120' title='bbox 268 1037 419 1077; x_wconf 88' lang='lat' dir='ltr'>iudicat,</span> <span class='ocrx_word' id='word_1_121' title='bbox 445 1037 508 1081; x_wconf 87' lang='lat' dir='ltr'>qui</span> <span class='ocrx_word' id='word_1_122' title='bbox 532 1048 612 1070; x_wconf 91' lang='lat' dir='ltr'>cum</span> <span class='ocrx_word' id='word_1_123' title='bbox 628 1035 823 1080; x_wconf 84' lang='lat' dir='ltr'>Evangelio</span> <span class='ocrx_word' id='word_1_124' title='bbox 844 1037 1045 1080; x_wconf 89' lang='lat' dir='ltr'>linguarum</span> 
     </span>
     <span class='ocr_line' id='line_1_20' title="bbox 55 1086 1047 1131; baseline -0.002 -9"><span class='ocrx_word' id='word_1_125' title='bbox 55 1087 294 1131; x_wconf 84' lang='lat' dir='ltr'>cognitionem</span> <span class='ocrx_word' id='word_1_126' title='bbox 310 1087 539 1121; x_wconf 89' lang='lat' dir='ltr'>necessariam</span> <span class='ocrx_word' id='word_1_127' title='bbox 555 1099 637 1122; x_wconf 91' lang='lat' dir='ltr'>esse.</span> <span class='ocrx_word' id='word_1_128' title='bbox 672 1086 833 1121; x_wconf 85' lang='lat' dir='ltr'>Profecto</span> <span class='ocrx_word' id='word_1_129' title='bbox 850 1088 942 1120; x_wconf 91' lang='lat' dir='ltr'>enim</span> <span class='ocrx_word' id='word_1_130' title='bbox 961 1099 1047 1120; x_wconf 91' lang='lat' dir='ltr'>con-</span> 
     </span>
     <span class='ocr_line' id='line_1_21' title="bbox 52 1138 1047 1183; baseline -0.002 -11"><span class='ocrx_word' id='word_1_131' title='bbox 52 1138 239 1172; x_wconf 89' lang='lat' dir='ltr'>tumeliose</span> <span class='ocrx_word' id='word_1_132' title='bbox 263 1139 306 1171; x_wconf 91' lang='lat' dir='ltr'>de</span> <span class='ocrx_word' id='word_1_133' title='bbox 322 1138 444 1171; x_wconf 89' lang='lat' dir='ltr'>divino</span> <span class='ocrx_word' id='word_1_134' title='bbox 463 1149 609 1170; x_wconf 89' lang='lat' dir='ltr'>munere</span> <span class='ocrx_word' id='word_1_135' title='bbox 630 1138 753 1179; x_wconf 87' lang='lat' dir='ltr'>sentit,</span> <span class='ocrx_word' id='word_1_136' title='bbox 779 1139 808 1171; x_wconf 92' lang='lat' dir='ltr'>si</span> <span class='ocrx_word' id='word_1_137' title='bbox 825 1139 902 1183; x_wconf 89' lang='lat' dir='ltr'>quis</span> <span class='ocrx_word' id='word_1_138' title='bbox 928 1138 1047 1171; x_wconf 86' lang='lat' dir='ltr'>existi-</span> 
     </span>
     <span class='ocr_line' id='line_1_22' title="bbox 53 1186 1044 1223; baseline -0.003 0"><span class='ocrx_word' id='word_1_139' title='bbox 53 1196 128 1223; x_wconf 86' lang='lat' dir='ltr'>mat</span> <span class='ocrx_word' id='word_1_140' title='bbox 150 1189 290 1222; x_wconf 89' lang='lat' dir='ltr'>nullum</span> <span class='ocrx_word' id='word_1_141' title='bbox 316 1189 391 1222; x_wconf 91' lang='lat' dir='ltr'>eius</span> <span class='ocrx_word' id='word_1_142' title='bbox 422 1187 460 1220; x_wconf 92' lang='lat' dir='ltr'>in</span> <span class='ocrx_word' id='word_1_143' title='bbox 482 1186 640 1222; x_wconf 86' lang='lat' dir='ltr'>Ecclesia</span> <span class='ocrx_word' id='word_1_144' title='bbox 666 1200 768 1221; x_wconf 86' lang='lat' dir='ltr'>usum</span> <span class='ocrx_word' id='word_1_145' title='bbox 802 1200 885 1222; x_wconf 88' lang='lat' dir='ltr'>esse.</span> <span class='ocrx_word' id='word_1_146' title='bbox 946 1186 993 1222; x_wconf 92' lang='lat' dir='ltr'>Et</span> <span class='ocrx_word' id='word_1_147' title='bbox 1016 1188 1044 1220; x_wconf 94' lang='lat' dir='ltr'>si</span> 
     </span>
     <span class='ocr_line' id='line_1_23' title="bbox 53 1236 1046 1280; baseline -0.003 -6"><span class='ocrx_word' id='word_1_148' title='bbox 53 1239 139 1275; x_wconf 79' lang='lat' dir='ltr'>istos</span> <span class='ocrx_word' id='word_1_149' title='bbox 162 1237 257 1273; x_wconf 88' lang='lat' dir='ltr'>nihil</span> <span class='ocrx_word' id='word_1_150' title='bbox 278 1236 364 1273; x_wconf 91' lang='lat' dir='ltr'>haec</span> <span class='ocrx_word' id='word_1_151' title='bbox 387 1238 588 1272; x_wconf 83' lang='lat' dir='ltr'>testimonia</span> <span class='ocrx_word' id='word_1_152' title='bbox 608 1246 771 1280; x_wconf 85' lang='lat' dir='ltr'>movent,</span> <span class='ocrx_word' id='word_1_153' title='bbox 797 1238 960 1273; x_wconf 88' lang='lat' dir='ltr'>Canones</span> <span class='ocrx_word' id='word_1_154' title='bbox 977 1239 1046 1272; x_wconf 89' lang='lat' dir='ltr'>sal-</span> 
     </span>
     <span class='ocr_line' id='line_1_24' title="bbox 52 1289 1044 1335; baseline -0.001 -10"><span class='ocrx_word' id='word_1_155' title='bbox 52 1298 124 1326; x_wconf 90' lang='lat' dir='ltr'>tem</span> <span class='ocrx_word' id='word_1_156' title='bbox 141 1290 304 1331; x_wconf 89' lang='lat' dir='ltr'>audiant,</span> <span class='ocrx_word' id='word_1_157' title='bbox 330 1302 482 1335; x_wconf 90' lang='lat' dir='ltr'>quorum</span> <span class='ocrx_word' id='word_1_158' title='bbox 497 1289 667 1324; x_wconf 82' lang='lat' dir='ltr'>autoritas</span> <span class='ocrx_word' id='word_1_159' title='bbox 681 1290 730 1323; x_wconf 90' lang='lat' dir='ltr'>eis</span> <span class='ocrx_word' id='word_1_160' title='bbox 746 1298 963 1324; x_wconf 86' lang='lat' dir='ltr'>sacrosancta</span> <span class='ocrx_word' id='word_1_161' title='bbox 983 1296 1044 1324; x_wconf 85' lang='lat' dir='ltr'>est.</span> 
     </span>
     <span class='ocr_line' id='line_1_25' title="bbox 52 1340 1043 1384; baseline -0.002 -9"><span class='ocrx_word' id='word_1_162' title='bbox 52 1340 186 1376; x_wconf 83' lang='lat' dir='ltr'>Extant</span> <span class='ocrx_word' id='word_1_163' title='bbox 201 1341 339 1374; x_wconf 89' lang='lat' dir='ltr'>decreta</span> <span class='ocrx_word' id='word_1_164' title='bbox 356 1341 399 1374; x_wconf 91' lang='lat' dir='ltr'>de</span> <span class='ocrx_word' id='word_1_165' title='bbox 417 1340 561 1384; x_wconf 84' lang='lat' dir='ltr'>linguis,</span> <span class='ocrx_word' id='word_1_166' title='bbox 587 1346 707 1374; x_wconf 84' lang='lat' dir='ltr'>extant</span> <span class='ocrx_word' id='word_1_167' title='bbox 724 1347 757 1374; x_wconf 88' lang='lat' dir='ltr'>et</span> <span class='ocrx_word' id='word_1_168' title='bbox 774 1341 1043 1374; x_wconf 86' lang='lat' dir='ltr'>constitutiones</span> 
     </span>
     <span class='ocr_line' id='line_1_26' title="bbox 54 1390 1042 1438; baseline -0.003 -12"><span class='ocrx_word' id='word_1_169' title='bbox 54 1393 92 1426; x_wconf 90' lang='lat' dir='ltr'>in</span> <span class='ocrx_word' id='word_1_170' title='bbox 109 1392 264 1438; x_wconf 89' lang='lat' dir='ltr'>Synodis</span> <span class='ocrx_word' id='word_1_171' title='bbox 278 1392 400 1432; x_wconf 90' lang='lat' dir='ltr'>factae,</span> <span class='ocrx_word' id='word_1_172' title='bbox 428 1402 518 1436; x_wconf 89' lang='lat' dir='ltr'>quae</span> <span class='ocrx_word' id='word_1_173' title='bbox 534 1391 770 1424; x_wconf 87' lang='lat' dir='ltr'>celeberrimis</span> <span class='ocrx_word' id='word_1_174' title='bbox 784 1390 985 1424; x_wconf 88' lang='lat' dir='ltr'>Academiis</span> <span class='ocrx_word' id='word_1_175' title='bbox 1001 1392 1042 1423; x_wconf 90' lang='lat' dir='ltr'>de</span> 
     </span>
     <span class='ocr_line' id='line_1_27' title="bbox 40 1439 1041 1486; baseline -0.004 -8"><span class='ocrx_word' id='word_1_176' title='bbox 40 1439 222 1478; x_wconf 63' lang='lat' dir='ltr'>&gt;docendis</span> <span class='ocrx_word' id='word_1_177' title='bbox 252 1442 383 1485; x_wconf 85' lang='lat' dir='ltr'>linguis</span> <span class='ocrx_word' id='word_1_178' title='bbox 413 1441 646 1486; x_wconf 87' lang='lat' dir='ltr'>praecipiunt.</span> <span class='ocrx_word' id='word_1_179' title='bbox 706 1441 780 1476; x_wconf 93' lang='lat' dir='ltr'>Cur</span> <span class='ocrx_word' id='word_1_180' title='bbox 805 1439 889 1475; x_wconf 89' lang='lat' dir='ltr'>haec</span> <span class='ocrx_word' id='word_1_181' title='bbox 917 1453 1041 1485; x_wconf 86' lang='lat' dir='ltr'>magna</span> 
     </span>
     <span class='ocr_line' id='line_1_28' title="bbox 52 1491 1042 1538; baseline -0.003 -10"><span class='ocrx_word' id='word_1_182' title='bbox 52 1494 240 1529; x_wconf 83' lang='lat' dir='ltr'>autoritate</span> <span class='ocrx_word' id='word_1_183' title='bbox 257 1493 440 1526; x_wconf 85' lang='lat' dir='ltr'>constituit</span> <span class='ocrx_word' id='word_1_184' title='bbox 453 1492 630 1538; x_wconf 80' lang='lat' dir='ltr'>Synodus,</span> <span class='ocrx_word' id='word_1_185' title='bbox 654 1493 683 1525; x_wconf 90' lang='lat' dir='ltr'>si</span> <span class='ocrx_word' id='word_1_186' title='bbox 701 1493 736 1526; x_wconf 91' lang='lat' dir='ltr'>id</span> <span class='ocrx_word' id='word_1_187' title='bbox 753 1493 909 1527; x_wconf 87' lang='lat' dir='ltr'>studium</span> <span class='ocrx_word' id='word_1_188' title='bbox 919 1491 1042 1526; x_wconf 88' lang='lat' dir='ltr'>Eccle—</span> 
     </span>
     <span class='ocr_line' id='line_1_29' title="bbox 52 1543 404 1580; baseline -0.009 -1"><span class='ocrx_word' id='word_1_189' title='bbox 52 1545 122 1580; x_wconf 85' lang='lat' dir='ltr'>siae</span> <span class='ocrx_word' id='word_1_190' title='bbox 137 1556 211 1579; x_wconf 92' lang='lat' dir='ltr'>non</span> <span class='ocrx_word' id='word_1_191' title='bbox 228 1551 278 1577; x_wconf 91' lang='lat' dir='ltr'>est</span> <span class='ocrx_word' id='word_1_192' title='bbox 293 1543 404 1578; x_wconf 83' lang='lat' dir='ltr'>utile?</span> 
     </span>
    </p>

    <p class='ocr_par' dir='ltr' id='par_1_4' title="bbox 43 1593 1041 2707">
     <span class='ocr_line' id='line_1_30' title="bbox 153 1593 1041 1638; baseline -0.005 -8"><span class='ocrx_word' id='word_1_193' title='bbox 153 1594 289 1630; x_wconf 89' lang='lat' dir='ltr'>Audivi</span> <span class='ocrx_word' id='word_1_194' title='bbox 325 1593 537 1638; x_wconf 76' lang='lat' dir='ltr'>Gregorium</span> <span class='ocrx_word' id='word_1_195' title='bbox 573 1593 781 1627; x_wconf 86' lang='lat' dir='ltr'>Tifernaten</span> <span class='ocrx_word' id='word_1_196' title='bbox 815 1601 895 1627; x_wconf 86' lang='lat' dir='ltr'>ante</span> <span class='ocrx_word' id='word_1_197' title='bbox 930 1605 1041 1626; x_wconf 86' lang='lat' dir='ltr'>annos</span> 
     </span>
     <span class='ocr_line' id='line_1_31' title="bbox 51 1644 1041 1690; baseline -0.005 -8"><span class='ocrx_word' id='word_1_198' title='bbox 51 1647 228 1690; x_wconf 85' lang='lat' dir='ltr'>sexaginta</span> <span class='ocrx_word' id='word_1_199' title='bbox 244 1645 380 1679; x_wconf 88' lang='lat' dir='ltr'>venisse</span> <span class='ocrx_word' id='word_1_200' title='bbox 396 1644 566 1686; x_wconf 88' lang='lat' dir='ltr'>Parisios,</span> <span class='ocrx_word' id='word_1_201' title='bbox 593 1652 625 1678; x_wconf 94' lang='lat' dir='ltr'>et</span> <span class='ocrx_word' id='word_1_202' title='bbox 643 1658 660 1678; x_wconf 89' lang='lat' dir='ltr'>a</span> <span class='ocrx_word' id='word_1_203' title='bbox 682 1645 815 1679; x_wconf 86' lang='lat' dir='ltr'>Senatu</span> <span class='ocrx_word' id='word_1_204' title='bbox 831 1644 1041 1678; x_wconf 81' lang='lat' dir='ltr'>Academiae</span> 
     </span>
     <span class='ocr_line' id='line_1_32' title="bbox 52 1695 1040 1743; baseline -0.005 -10"><span class='ocrx_word' id='word_1_205' title='bbox 52 1698 269 1743; x_wconf 78' lang='lat' dir='ltr'>stipendium</span> <span class='ocrx_word' id='word_1_206' title='bbox 300 1696 513 1741; x_wconf 81' lang='lat' dir='ltr'>postulasse,</span> <span class='ocrx_word' id='word_1_207' title='bbox 547 1697 642 1741; x_wconf 91' lang='lat' dir='ltr'>quod</span> <span class='ocrx_word' id='word_1_208' title='bbox 668 1696 717 1729; x_wconf 89' lang='lat' dir='ltr'>ibi</span> <span class='ocrx_word' id='word_1_209' title='bbox 738 1695 889 1729; x_wconf 88' lang='lat' dir='ltr'>Graecas</span> <span class='ocrx_word' id='word_1_210' title='bbox 921 1696 1040 1728; x_wconf 82' lang='lat' dir='ltr'>literas</span> 
     </span>
     <span class='ocr_line' id='line_1_33' title="bbox 50 1746 1041 1792; baseline -0.005 -8"><span class='ocrx_word' id='word_1_211' title='bbox 50 1751 175 1784; x_wconf 88' lang='lat' dir='ltr'>docere</span> <span class='ocrx_word' id='word_1_212' title='bbox 194 1747 440 1782; x_wconf 87' lang='lat' dir='ltr'>constituisset.</span> <span class='ocrx_word' id='word_1_213' title='bbox 481 1746 631 1792; x_wconf 89' lang='lat' dir='ltr'>Cunque</span> <span class='ocrx_word' id='word_1_214' title='bbox 649 1747 834 1780; x_wconf 85' lang='lat' dir='ltr'>nonnullis</span> <span class='ocrx_word' id='word_1_215' title='bbox 852 1747 1041 1780; x_wconf 78' lang='lat' dir='ltr'>inciviliter</span> 
     </span>
     <span class='ocr_line' id='line_1_34' title="bbox 48 1798 1040 1843; baseline -0.006 -8"><span class='ocrx_word' id='word_1_216' title='bbox 48 1801 163 1835; x_wconf 86' lang='lat' dir='ltr'>facere</span> <span class='ocrx_word' id='word_1_217' title='bbox 181 1800 378 1839; x_wconf 90' lang='lat' dir='ltr'>videretur,</span> <span class='ocrx_word' id='word_1_218' title='bbox 405 1799 499 1843; x_wconf 84' lang='lat' dir='ltr'>quod</span> <span class='ocrx_word' id='word_1_219' title='bbox 524 1798 739 1842; x_wconf 86' lang='lat' dir='ltr'>stipendium</span> <span class='ocrx_word' id='word_1_220' title='bbox 759 1798 914 1840; x_wconf 81' lang='lat' dir='ltr'>flagitare</span> <span class='ocrx_word' id='word_1_221' title='bbox 936 1809 1040 1830; x_wconf 86' lang='lat' dir='ltr'>ausus</span> 
     </span>
     <span class='ocr_line' id='line_1_35' title="bbox 49 1847 1037 1893; baseline -0.005 -7"><span class='ocrx_word' id='word_1_222' title='bbox 49 1858 156 1893; x_wconf 89' lang='lat' dir='ltr'>esset,</span> <span class='ocrx_word' id='word_1_223' title='bbox 189 1863 268 1883; x_wconf 90' lang='lat' dir='ltr'>cum</span> <span class='ocrx_word' id='word_1_224' title='bbox 294 1849 444 1883; x_wconf 91' lang='lat' dir='ltr'>Senatus</span> <span class='ocrx_word' id='word_1_225' title='bbox 467 1847 676 1882; x_wconf 83' lang='lat' dir='ltr'>Academiae</span> <span class='ocrx_word' id='word_1_226' title='bbox 703 1861 816 1893; x_wconf 90' lang='lat' dir='ltr'>neque</span> <span class='ocrx_word' id='word_1_227' title='bbox 843 1848 1037 1881; x_wconf 77' lang='lat' dir='ltr'>accersisset</span> 
     </span>
     <span class='ocr_line' id='line_1_36' title="bbox 49 1900 1039 1946; baseline -0.003 -11"><span class='ocrx_word' id='word_1_228' title='bbox 49 1915 150 1943; x_wconf 91' lang='lat' dir='ltr'>eum,</span> <span class='ocrx_word' id='word_1_229' title='bbox 177 1913 291 1946; x_wconf 89' lang='lat' dir='ltr'>neque</span> <span class='ocrx_word' id='word_1_230' title='bbox 313 1900 537 1943; x_wconf 86' lang='lat' dir='ltr'>significasset</span> <span class='ocrx_word' id='word_1_231' title='bbox 562 1911 596 1932; x_wconf 91' lang='lat' dir='ltr'>se</span> <span class='ocrx_word' id='word_1_232' title='bbox 621 1900 730 1943; x_wconf 89' lang='lat' dir='ltr'>ipsius</span> <span class='ocrx_word' id='word_1_233' title='bbox 755 1911 900 1932; x_wconf 86' lang='lat' dir='ltr'>usurum</span> <span class='ocrx_word' id='word_1_234' title='bbox 923 1911 1039 1942; x_wconf 88' lang='lat' dir='ltr'>opera,</span> 
     </span>
     <span class='ocr_line' id='line_1_37' title="bbox 48 1948 1037 1999; baseline -0.006 -11"><span class='ocrx_word' id='word_1_235' title='bbox 48 1965 162 1999; x_wconf 86' lang='lat' dir='ltr'>neque</span> <span class='ocrx_word' id='word_1_236' title='bbox 186 1952 333 1986; x_wconf 86' lang='lat' dir='ltr'>omniuo</span> <span class='ocrx_word' id='word_1_237' title='bbox 356 1951 520 1984; x_wconf 89' lang='lat' dir='ltr'>lectorem</span> <span class='ocrx_word' id='word_1_238' title='bbox 539 1949 714 1983; x_wconf 85' lang='lat' dir='ltr'>Graecum</span> <span class='ocrx_word' id='word_1_239' title='bbox 739 1948 881 1984; x_wconf 78' lang='lat' dir='ltr'>haberet</span> <span class='ocrx_word' id='word_1_240' title='bbox 906 1950 1037 1991; x_wconf 69' lang='lat' dir='ltr'>ullum,</span> 
     </span>
     <span class='ocr_line' id='line_1_38' title="bbox 49 1999 1038 2045; baseline -0.006 -6"><span class='ocrx_word' id='word_1_241' title='bbox 49 2011 150 2039; x_wconf 89' lang='lat' dir='ltr'>erant</span> <span class='ocrx_word' id='word_1_242' title='bbox 167 2003 259 2037; x_wconf 89' lang='lat' dir='ltr'>enim</span> <span class='ocrx_word' id='word_1_243' title='bbox 278 1999 393 2036; x_wconf 87' lang='lat' dir='ltr'>adbuc</span> <span class='ocrx_word' id='word_1_244' title='bbox 412 2002 450 2034; x_wconf 89' lang='lat' dir='ltr'>in</span> <span class='ocrx_word' id='word_1_245' title='bbox 469 2000 605 2041; x_wconf 87' lang='lat' dir='ltr'>Gallia,</span> <span class='ocrx_word' id='word_1_246' title='bbox 633 2008 673 2034; x_wconf 89' lang='lat' dir='ltr'>ut</span> <span class='ocrx_word' id='word_1_247' title='bbox 697 2001 788 2045; x_wconf 85' lang='lat' dir='ltr'>apud</span> <span class='ocrx_word' id='word_1_248' title='bbox 814 2013 897 2039; x_wconf 90' lang='lat' dir='ltr'>nos,</span> <span class='ocrx_word' id='word_1_249' title='bbox 926 2000 1038 2034; x_wconf 87' lang='lat' dir='ltr'>Grae-</span> 
     </span>
     <span class='ocr_line' id='line_1_39' title="bbox 47 2052 1034 2096; baseline -0.006 -6"><span class='ocrx_word' id='word_1_250' title='bbox 47 2067 106 2090; x_wconf 87' lang='lat' dir='ltr'>cae</span> <span class='ocrx_word' id='word_1_251' title='bbox 121 2056 243 2089; x_wconf 89' lang='lat' dir='ltr'>literae</span> <span class='ocrx_word' id='word_1_252' title='bbox 258 2053 508 2096; x_wconf 83' lang='lat' dir='ltr'>ignotissimae.</span> <span class='ocrx_word' id='word_1_253' title='bbox 563 2052 682 2095; x_wconf 83' lang='lat' dir='ltr'>Quare</span> <span class='ocrx_word' id='word_1_254' title='bbox 697 2064 775 2085; x_wconf 89' lang='lat' dir='ltr'>cum</span> <span class='ocrx_word' id='word_1_255' title='bbox 802 2052 1034 2095; x_wconf 80' lang='lat' dir='ltr'>interrogare-</span> 
     </span>
     <span class='ocr_line' id='line_1_40' title="bbox 46 2101 1036 2151; baseline -0.007 -9"><span class='ocrx_word' id='word_1_256' title='bbox 46 2113 125 2147; x_wconf 87' lang='lat' dir='ltr'>tur,</span> <span class='ocrx_word' id='word_1_257' title='bbox 153 2106 247 2151; x_wconf 88' lang='lat' dir='ltr'>quod</span> <span class='ocrx_word' id='word_1_258' title='bbox 269 2102 335 2138; x_wconf 85' lang='lat' dir='ltr'>boc</span> <span class='ocrx_word' id='word_1_259' title='bbox 356 2115 503 2147; x_wconf 87' lang='lat' dir='ltr'>regnum</span> <span class='ocrx_word' id='word_1_260' title='bbox 526 2110 630 2141; x_wconf 87' lang='lat' dir='ltr'>esset,</span> <span class='ocrx_word' id='word_1_261' title='bbox 665 2102 813 2136; x_wconf 85' lang='lat' dir='ltr'>Senatui</span> <span class='ocrx_word' id='word_1_262' title='bbox 828 2101 1036 2136; x_wconf 81' lang='lat' dir='ltr'>Academiae</span> 
     </span>
     <span class='ocr_line' id='line_1_41' title="bbox 46 2150 1036 2203; baseline -0.004 -12"><span class='ocrx_word' id='word_1_263' title='bbox 46 2157 146 2203; x_wconf 85' lang='lat' dir='ltr'>quasi</span> <span class='ocrx_word' id='word_1_264' title='bbox 163 2157 334 2200; x_wconf 81' lang='lat' dir='ltr'>imperare</span> <span class='ocrx_word' id='word_1_265' title='bbox 347 2155 574 2199; x_wconf 83' lang='lat' dir='ltr'>stipendium,</span> <span class='ocrx_word' id='word_1_266' title='bbox 600 2151 655 2187; x_wconf 82' lang='lat' dir='ltr'>liic</span> <span class='ocrx_word' id='word_1_267' title='bbox 671 2150 778 2187; x_wconf 90' lang='lat' dir='ltr'>homo</span> <span class='ocrx_word' id='word_1_268' title='bbox 796 2160 934 2197; x_wconf 85' lang='lat' dir='ltr'>paratus</span> <span class='ocrx_word' id='word_1_269' title='bbox 951 2154 1036 2187; x_wconf 86' lang='lat' dir='ltr'>cita-</span> 
     </span>
     <span class='ocr_line' id='line_1_42' title="bbox 46 2205 1034 2250; baseline -0.003 -9"><span class='ocrx_word' id='word_1_270' title='bbox 46 2209 100 2242; x_wconf 81' lang='lat' dir='ltr'>vit</span> <span class='ocrx_word' id='word_1_271' title='bbox 123 2207 410 2241; x_wconf 87' lang='lat' dir='ltr'>constitutionem</span> <span class='ocrx_word' id='word_1_272' title='bbox 431 2207 474 2238; x_wconf 87' lang='lat' dir='ltr'>de</span> <span class='ocrx_word' id='word_1_273' title='bbox 503 2205 703 2247; x_wconf 83' lang='lat' dir='ltr'>linguarum</span> <span class='ocrx_word' id='word_1_274' title='bbox 730 2205 874 2245; x_wconf 88' lang='lat' dir='ltr'>studiis,</span> <span class='ocrx_word' id='word_1_275' title='bbox 910 2206 946 2237; x_wconf 90' lang='lat' dir='ltr'>in</span> <span class='ocrx_word' id='word_1_276' title='bbox 968 2218 1034 2250; x_wconf 87' lang='lat' dir='ltr'>qua</span> 
     </span>
     <span class='ocr_line' id='line_1_43' title="bbox 46 2255 1035 2293; baseline -0.003 -1"><span class='ocrx_word' id='word_1_277' title='bbox 46 2258 258 2293; x_wconf 88' lang='lat' dir='ltr'>nominatim</span> <span class='ocrx_word' id='word_1_278' title='bbox 284 2257 416 2290; x_wconf 89' lang='lat' dir='ltr'>mentio</span> <span class='ocrx_word' id='word_1_279' title='bbox 439 2256 474 2289; x_wconf 80' lang='lat' dir='ltr'>sit</span> <span class='ocrx_word' id='word_1_280' title='bbox 497 2255 634 2289; x_wconf 88' lang='lat' dir='ltr'>scholae</span> <span class='ocrx_word' id='word_1_281' title='bbox 653 2255 870 2288; x_wconf 86' lang='lat' dir='ltr'>Parisiensis.</span> <span class='ocrx_word' id='word_1_282' title='bbox 926 2255 1035 2289; x_wconf 86' lang='lat' dir='ltr'>Sena-</span> 
     </span>
     <span class='ocr_line' id='line_1_44' title="bbox 47 2304 1033 2347; baseline -0.004 -3"><span class='ocrx_word' id='word_1_283' title='bbox 47 2316 123 2344; x_wconf 88' lang='lat' dir='ltr'>tum</span> <span class='ocrx_word' id='word_1_284' title='bbox 156 2310 243 2343; x_wconf 83' lang='lat' dir='ltr'>adeo</span> <span class='ocrx_word' id='word_1_285' title='bbox 277 2319 349 2341; x_wconf 88' lang='lat' dir='ltr'>non</span> <span class='ocrx_word' id='word_1_286' title='bbox 376 2307 527 2341; x_wconf 82' lang='lat' dir='ltr'>offendit</span> <span class='ocrx_word' id='word_1_287' title='bbox 560 2304 645 2340; x_wconf 83' lang='lat' dir='ltr'>haec</span> <span class='ocrx_word' id='word_1_288' title='bbox 672 2306 833 2347; x_wconf 89' lang='lat' dir='ltr'>libertas,</span> <span class='ocrx_word' id='word_1_289' title='bbox 864 2314 902 2340; x_wconf 88' lang='lat' dir='ltr'>ut</span> <span class='ocrx_word' id='word_1_290' title='bbox 931 2307 1033 2340; x_wconf 87' lang='lat' dir='ltr'>ctiam</span> 
     </span>
     <span class='ocr_line' id='line_1_45' title="bbox 47 2355 1033 2404; baseline -0.004 -9"><span class='ocrx_word' id='word_1_291' title='bbox 47 2371 258 2404; x_wconf 83' lang='lat' dir='ltr'>magnopere</span> <span class='ocrx_word' id='word_1_292' title='bbox 286 2358 564 2392; x_wconf 87' lang='lat' dir='ltr'>collaudaverint</span> <span class='ocrx_word' id='word_1_293' title='bbox 592 2355 747 2391; x_wconf 90' lang='lat' dir='ltr'>hominis</span> <span class='ocrx_word' id='word_1_294' title='bbox 780 2358 966 2391; x_wconf 89' lang='lat' dir='ltr'>consilium</span> <span class='ocrx_word' id='word_1_295' title='bbox 1002 2364 1033 2391; x_wconf 89' lang='lat' dir='ltr'>et</span> 
     </span>
     <span class='ocr_line' id='line_1_46' title="bbox 46 2409 1031 2453; baseline -0.005 -7"><span class='ocrx_word' id='word_1_296' title='bbox 46 2412 220 2452; x_wconf 76' lang='lat' dir='ltr'>studium3</span> <span class='ocrx_word' id='word_1_297' title='bbox 257 2409 474 2453; x_wconf 87' lang='lat' dir='ltr'>stipendium</span> <span class='ocrx_word' id='word_1_298' title='bbox 501 2420 628 2452; x_wconf 85' lang='lat' dir='ltr'>magno</span> <span class='ocrx_word' id='word_1_299' title='bbox 657 2419 829 2442; x_wconf 89' lang='lat' dir='ltr'>consensu</span> <span class='ocrx_word' id='word_1_300' title='bbox 857 2410 1031 2441; x_wconf 85' lang='lat' dir='ltr'>decretum</span> 
     </span>
     <span class='ocr_line' id='line_1_47' title="bbox 48 2459 1033 2507; baseline -0.004 -11"><span class='ocrx_word' id='word_1_301' title='bbox 48 2469 110 2496; x_wconf 84' lang='lat' dir='ltr'>est.</span> <span class='ocrx_word' id='word_1_302' title='bbox 158 2461 282 2507; x_wconf 69' lang='lat' dir='ltr'>Neque</span> <span class='ocrx_word' id='word_1_303' title='bbox 307 2472 390 2493; x_wconf 74' lang='lat' dir='ltr'>vero</span> <span class='ocrx_word' id='word_1_304' title='bbox 415 2459 450 2492; x_wconf 90' lang='lat' dir='ltr'>id</span> <span class='ocrx_word' id='word_1_305' title='bbox 482 2459 636 2494; x_wconf 83' lang='lat' dir='ltr'>facturus</span> <span class='ocrx_word' id='word_1_306' title='bbox 661 2466 735 2493; x_wconf 88' lang='lat' dir='ltr'>erat</span> <span class='ocrx_word' id='word_1_307' title='bbox 757 2459 908 2493; x_wconf 86' lang='lat' dir='ltr'>Senatus</span> <span class='ocrx_word' id='word_1_308' title='bbox 932 2459 1033 2493; x_wconf 83' lang='lat' dir='ltr'>Pari-</span> 
     </span>
     <span class='ocr_line' id='line_1_48' title="bbox 45 2510 1030 2554; baseline -0.004 -7"><span class='ocrx_word' id='word_1_309' title='bbox 45 2513 187 2552; x_wconf 84' lang='lat' dir='ltr'>siensis,</span> <span class='ocrx_word' id='word_1_310' title='bbox 224 2512 253 2546; x_wconf 90' lang='lat' dir='ltr'>si</span> <span class='ocrx_word' id='word_1_311' title='bbox 277 2510 564 2545; x_wconf 87' lang='lat' dir='ltr'>constitutionem</span> <span class='ocrx_word' id='word_1_312' title='bbox 591 2510 687 2543; x_wconf 89' lang='lat' dir='ltr'>illam</span> <span class='ocrx_word' id='word_1_313' title='bbox 714 2510 930 2554; x_wconf 83' lang='lat' dir='ltr'>pontificiam</span> <span class='ocrx_word' id='word_1_314' title='bbox 958 2523 1030 2543; x_wconf 92' lang='lat' dir='ltr'>non</span> 
     </span>
     <span class='ocr_line' id='line_1_49' title="bbox 45 2559 1031 2608; baseline -0.003 -11"><span class='ocrx_word' id='word_1_315' title='bbox 45 2564 243 2608; x_wconf 86' lang='lat' dir='ltr'>probasset,</span> <span class='ocrx_word' id='word_1_316' title='bbox 277 2569 336 2596; x_wconf 88' lang='lat' dir='ltr'>aut</span> <span class='ocrx_word' id='word_1_317' title='bbox 366 2559 432 2595; x_wconf 87' lang='lat' dir='ltr'>hoc</span> <span class='ocrx_word' id='word_1_318' title='bbox 464 2561 620 2594; x_wconf 88' lang='lat' dir='ltr'>studium</span> <span class='ocrx_word' id='word_1_319' title='bbox 651 2561 835 2595; x_wconf 83' lang='lat' dir='ltr'>iudicasset</span> <span class='ocrx_word' id='word_1_320' title='bbox 855 2559 1031 2595; x_wconf 88' lang='lat' dir='ltr'>Ecclesiae</span> 
     </span>
     <span class='ocr_line' id='line_1_50' title="bbox 44 2609 1029 2656; baseline -0.002 -8"><span class='ocrx_word' id='word_1_321' title='bbox 44 2614 172 2648; x_wconf 89' lang='lat' dir='ltr'>inutile</span> <span class='ocrx_word' id='word_1_322' title='bbox 187 2626 269 2648; x_wconf 87' lang='lat' dir='ltr'>esse.</span> <span class='ocrx_word' id='word_1_323' title='bbox 321 2613 390 2648; x_wconf 91' lang='lat' dir='ltr'>Sed</span> <span class='ocrx_word' id='word_1_324' title='bbox 409 2612 532 2646; x_wconf 87' lang='lat' dir='ltr'>desino</span> <span class='ocrx_word' id='word_1_325' title='bbox 551 2609 614 2645; x_wconf 86' lang='lat' dir='ltr'>hac</span> <span class='ocrx_word' id='word_1_326' title='bbox 631 2613 674 2645; x_wconf 91' lang='lat' dir='ltr'>de</span> <span class='ocrx_word' id='word_1_327' title='bbox 692 2624 729 2645; x_wconf 90' lang='lat' dir='ltr'>re</span> <span class='ocrx_word' id='word_1_328' title='bbox 750 2612 891 2655; x_wconf 83' lang='lat' dir='ltr'>longius</span> <span class='ocrx_word' id='word_1_329' title='bbox 907 2612 1029 2656; x_wconf 90' lang='lat' dir='ltr'>dispu-</span> 
     </span>
     <span class='ocr_line' id='line_1_51' title="bbox 43 2662 1027 2707; baseline -0.001 -8"><span class='ocrx_word' id='word_1_330' title='bbox 43 2671 138 2707; x_wconf 89' lang='lat' dir='ltr'>tare,</span> <span class='ocrx_word' id='word_1_331' title='bbox 167 2677 246 2699; x_wconf 89' lang='lat' dir='ltr'>cum</span> <span class='ocrx_word' id='word_1_332' title='bbox 269 2663 438 2699; x_wconf 89' lang='lat' dir='ltr'>Erasmus</span> <span class='ocrx_word' id='word_1_333' title='bbox 460 2663 561 2698; x_wconf 89' lang='lat' dir='ltr'>iustis</span> <span class='ocrx_word' id='word_1_334' title='bbox 585 2662 828 2697; x_wconf 87' lang='lat' dir='ltr'>voluminibus</span> <span class='ocrx_word' id='word_1_335' title='bbox 855 2665 1027 2705; x_wconf 88' lang='lat' dir='ltr'>ostendat,</span> 
     </span>
    </p>
   </div>
   <div class='ocr_carea' id='block_1_3' title="bbox 604 82 1547 122">
    <p class='ocr_par' dir='ltr' id='par_1_5' title="bbox 604 82 1547 122">
     <span class='ocr_line' id='line_1_52' title="bbox 604 82 1547 122; baseline 0.002 -2"><span class='ocrx_word' id='word_1_336' title='bbox 604 83 768 122; x_wconf 89' lang='lat' dir='ltr'>DECL.</span> <span class='ocrx_word' id='word_1_337' title='bbox 806 84 884 121; x_wconf 91' lang='lat' dir='ltr'>DE</span> <span class='ocrx_word' id='word_1_338' title='bbox 917 82 1135 121; x_wconf 92' lang='lat' dir='ltr'>STUDIO</span> <span class='ocrx_word' id='word_1_339' title='bbox 1171 83 1547 122; x_wconf 88' lang='lat' dir='ltr'>LINGUARUM.</span> 
     </span>
    </p>
   </div>
   <div class='ocr_carea' id='block_1_4' title="bbox 2022 91 2097 127">
    <p class='ocr_par' dir='ltr' id='par_1_6' title="bbox 2022 91 2097 127">
     <span class='ocr_line' id='line_1_53' title="bbox 2022 91 2097 127; baseline -0.013 0"><span class='ocrx_word' id='word_1_340' title='bbox 2022 91 2097 127; x_wconf 77' lang='lat'>234</span> 
     </span>
    </p>
   </div>
   <div class='ocr_carea' id='block_1_5' title="bbox 1101 169 2095 827">
    <p class='ocr_par' dir='ltr' id='par_1_7' title="bbox 1101 169 2095 827">
     <span class='ocr_line' id='line_1_54' title="bbox 1105 169 2095 215; baseline 0.007 -13"><span class='ocrx_word' id='word_1_341' title='bbox 1105 169 1309 214; x_wconf 87' lang='lat' dir='ltr'>linguarum</span> <span class='ocrx_word' id='word_1_342' title='bbox 1326 171 1563 215; x_wconf 85' lang='lat' dir='ltr'>cognitionem</span> <span class='ocrx_word' id='word_1_343' title='bbox 1581 173 1623 206; x_wconf 91' lang='lat' dir='ltr'>ad</span> <span class='ocrx_word' id='word_1_344' title='bbox 1640 184 1815 208; x_wconf 89' lang='lat' dir='ltr'>sacrarum</span> <span class='ocrx_word' id='word_1_345' title='bbox 1833 174 2014 208; x_wconf 90' lang='lat' dir='ltr'>literarum</span> <span class='ocrx_word' id='word_1_346' title='bbox 2036 177 2095 210; x_wconf 83' lang='lat' dir='ltr'>in·-</span> 
     </span>
     <span class='ocr_line' id='line_1_55' title="bbox 1105 221 2094 269; baseline 0.007 -15"><span class='ocrx_word' id='word_1_347' title='bbox 1105 221 1393 265; x_wconf 87' lang='lat' dir='ltr'>terpretationem</span> <span class='ocrx_word' id='word_1_348' title='bbox 1415 223 1644 257; x_wconf 89' lang='lat' dir='ltr'>necessariam</span> <span class='ocrx_word' id='word_1_349' title='bbox 1667 236 1750 260; x_wconf 89' lang='lat' dir='ltr'>esse.</span> <span class='ocrx_word' id='word_1_350' title='bbox 1803 223 1850 259; x_wconf 88' lang='lat' dir='ltr'>Et</span> <span class='ocrx_word' id='word_1_351' title='bbox 1872 227 2094 269; x_wconf 88' lang='lat' dir='ltr'>meministis,</span> 
     </span>
     <span class='ocr_line' id='line_1_56' title="bbox 1104 269 2093 317; baseline 0.007 -13"><span class='ocrx_word' id='word_1_352' title='bbox 1104 269 1172 305; x_wconf 90' lang='lat' dir='ltr'>hoc</span> <span class='ocrx_word' id='word_1_353' title='bbox 1189 272 1264 316; x_wconf 89' lang='lat' dir='ltr'>ipso</span> <span class='ocrx_word' id='word_1_354' title='bbox 1284 272 1321 305; x_wconf 89' lang='lat' dir='ltr'>in</span> <span class='ocrx_word' id='word_1_355' title='bbox 1337 272 1414 306; x_wconf 93' lang='lat' dir='ltr'>loco</span> <span class='ocrx_word' id='word_1_356' title='bbox 1429 285 1503 306; x_wconf 90' lang='lat' dir='ltr'>non</span> <span class='ocrx_word' id='word_1_357' title='bbox 1521 274 1634 307; x_wconf 90' lang='lat' dir='ltr'>solum</span> <span class='ocrx_word' id='word_1_358' title='bbox 1651 273 1787 310; x_wconf 88' lang='lat' dir='ltr'>hortari</span> <span class='ocrx_word' id='word_1_359' title='bbox 1803 288 1884 317; x_wconf 84' lang='lat' dir='ltr'>vos,</span> <span class='ocrx_word' id='word_1_360' title='bbox 1912 278 1969 311; x_wconf 88' lang='lat' dir='ltr'>sed</span> <span class='ocrx_word' id='word_1_361' title='bbox 1990 279 2093 311; x_wconf 88' lang='lat' dir='ltr'>etiam</span> 
     </span>
     <span class='ocr_line' id='line_1_57' title="bbox 1103 323 2092 371; baseline 0.007 -16"><span class='ocrx_word' id='word_1_362' title='bbox 1103 333 1221 356; x_wconf 88' lang='lat' dir='ltr'>severe</span> <span class='ocrx_word' id='word_1_363' title='bbox 1245 323 1410 367; x_wconf 84' lang='lat' dir='ltr'>castigare</span> <span class='ocrx_word' id='word_1_364' title='bbox 1437 324 1600 358; x_wconf 87' lang='lat' dir='ltr'>inertiam</span> <span class='ocrx_word' id='word_1_365' title='bbox 1616 332 1720 371; x_wconf 90' lang='lat' dir='ltr'>atque</span> <span class='ocrx_word' id='word_1_366' title='bbox 1742 327 1917 370; x_wconf 87' lang='lat' dir='ltr'>ignaviam</span> <span class='ocrx_word' id='word_1_367' title='bbox 1935 335 2092 362; x_wconf 87' lang='lat' dir='ltr'>nostram</span> 
     </span>
     <span class='ocr_line' id='line_1_58' title="bbox 1103 371 2092 413; baseline 0.006 -7"><span class='ocrx_word' id='word_1_368' title='bbox 1103 371 1148 409; x_wconf 85' lang='lat' dir='ltr'>D.</span> <span class='ocrx_word' id='word_1_369' title='bbox 1163 372 1352 408; x_wconf 90' lang='lat' dir='ltr'>Doctorem</span> <span class='ocrx_word' id='word_1_370' title='bbox 1368 373 1578 408; x_wconf 89' lang='lat' dir='ltr'>Martinum.</span> <span class='ocrx_word' id='word_1_371' title='bbox 1632 376 1670 411; x_wconf 89' lang='lat' dir='ltr'>Si</span> <span class='ocrx_word' id='word_1_372' title='bbox 1686 384 1822 412; x_wconf 88' lang='lat' dir='ltr'>tantum</span> <span class='ocrx_word' id='word_1_373' title='bbox 1838 375 1944 412; x_wconf 93' lang='lat' dir='ltr'>huius</span> <span class='ocrx_word' id='word_1_374' title='bbox 1962 379 2092 413; x_wconf 90' lang='lat' dir='ltr'>iudicio</span> 
     </span>
     <span class='ocr_line' id='line_1_59' title="bbox 1103 424 2093 470; baseline 0.007 -14"><span class='ocrx_word' id='word_1_375' title='bbox 1103 424 1324 465; x_wconf 87' lang='lat' dir='ltr'>tribueretis,</span> <span class='ocrx_word' id='word_1_376' title='bbox 1352 432 1525 470; x_wconf 88' lang='lat' dir='ltr'>quantum</span> <span class='ocrx_word' id='word_1_377' title='bbox 1550 426 1658 470; x_wconf 85' lang='lat' dir='ltr'>ipsius</span> <span class='ocrx_word' id='word_1_378' title='bbox 1682 435 1716 461; x_wconf 92' lang='lat' dir='ltr'>et</span> <span class='ocrx_word' id='word_1_379' title='bbox 1737 429 1907 462; x_wconf 86' lang='lat' dir='ltr'>excellens</span> <span class='ocrx_word' id='word_1_380' title='bbox 1932 430 2093 464; x_wconf 85' lang='lat' dir='ltr'>doctrina</span> 
     </span>
     <span class='ocr_line' id='line_1_60' title="bbox 1104 476 2093 525; baseline 0.007 -18"><span class='ocrx_word' id='word_1_381' title='bbox 1104 481 1136 508; x_wconf 89' lang='lat' dir='ltr'>et</span> <span class='ocrx_word' id='word_1_382' title='bbox 1157 487 1240 508; x_wconf 94' lang='lat' dir='ltr'>usus</span> <span class='ocrx_word' id='word_1_383' title='bbox 1267 476 1439 519; x_wconf 87' lang='lat' dir='ltr'>postulat,</span> <span class='ocrx_word' id='word_1_384' title='bbox 1467 477 1622 520; x_wconf 80' lang='lat' dir='ltr'>profecto</span> <span class='ocrx_word' id='word_1_385' title='bbox 1646 479 1756 512; x_wconf 89' lang='lat' dir='ltr'>multo</span> <span class='ocrx_word' id='word_1_386' title='bbox 1780 480 1918 513; x_wconf 83' lang='lat' dir='ltr'>avidius</span> <span class='ocrx_word' id='word_1_387' title='bbox 1943 487 1975 514; x_wconf 90' lang='lat' dir='ltr'>et</span> <span class='ocrx_word' id='word_1_388' title='bbox 1993 493 2093 525; x_wconf 87' lang='lat' dir='ltr'>pere.-</span> 
     </span>
     <span class='ocr_line' id='line_1_61' title="bbox 1103 526 2092 575; baseline 0.008 -18"><span class='ocrx_word' id='word_1_389' title='bbox 1103 526 1220 569; x_wconf 86' lang='lat' dir='ltr'>grinas</span> <span class='ocrx_word' id='word_1_390' title='bbox 1237 526 1374 569; x_wconf 84' lang='lat' dir='ltr'>linguas</span> <span class='ocrx_word' id='word_1_391' title='bbox 1393 527 1570 561; x_wconf 88' lang='lat' dir='ltr'>disceretis</span> <span class='ocrx_word' id='word_1_392' title='bbox 1589 535 1621 561; x_wconf 87' lang='lat' dir='ltr'>et</span> <span class='ocrx_word' id='word_1_393' title='bbox 1638 529 1750 562; x_wconf 91' lang='lat' dir='ltr'>multo</span> <span class='ocrx_word' id='word_1_394' title='bbox 1769 530 1846 574; x_wconf 91' lang='lat' dir='ltr'>plus</span> <span class='ocrx_word' id='word_1_395' title='bbox 1871 543 1997 575; x_wconf 88' lang='lat' dir='ltr'>operae</span> <span class='ocrx_word' id='word_1_396' title='bbox 2019 532 2092 565; x_wconf 93' lang='lat' dir='ltr'>col-</span> 
     </span>
     <span class='ocr_line' id='line_1_62' title="bbox 1102 575 2092 628; baseline 0.008 -20"><span class='ocrx_word' id='word_1_397' title='bbox 1102 577 1262 610; x_wconf 86' lang='lat' dir='ltr'>locaretis</span> <span class='ocrx_word' id='word_1_398' title='bbox 1296 577 1333 610; x_wconf 90' lang='lat' dir='ltr'>in</span> <span class='ocrx_word' id='word_1_399' title='bbox 1368 575 1452 611; x_wconf 87' lang='lat' dir='ltr'>haec</span> <span class='ocrx_word' id='word_1_400' title='bbox 1480 579 1700 624; x_wconf 84' lang='lat' dir='ltr'>eloquentiae</span> <span class='ocrx_word' id='word_1_401' title='bbox 1728 581 1852 613; x_wconf 88' lang='lat' dir='ltr'>studia.</span> <span class='ocrx_word' id='word_1_402' title='bbox 1914 582 1982 615; x_wconf 87' lang='lat' dir='ltr'>Sed</span> <span class='ocrx_word' id='word_1_403' title='bbox 2010 582 2092 628; x_wconf 85' lang='lat' dir='ltr'>quia</span> 
     </span>
     <span class='ocr_line' id='line_1_63' title="bbox 1102 625 2091 678; baseline 0.006 -19"><span class='ocrx_word' id='word_1_404' title='bbox 1102 625 1298 671; x_wconf 69' lang='lat' dir='ltr'>&#39;l‘lieologia</span> <span class='ocrx_word' id='word_1_405' title='bbox 1314 641 1409 662; x_wconf 90' lang='lat' dir='ltr'>nunc</span> <span class='ocrx_word' id='word_1_406' title='bbox 1427 629 1464 662; x_wconf 89' lang='lat' dir='ltr'>in</span> <span class='ocrx_word' id='word_1_407' title='bbox 1484 630 1566 662; x_wconf 89' lang='lat' dir='ltr'>odio</span> <span class='ocrx_word' id='word_1_408' title='bbox 1584 637 1652 669; x_wconf 83' lang='lat' dir='ltr'>est,</span> <span class='ocrx_word' id='word_1_409' title='bbox 1680 631 1844 664; x_wconf 81' lang='lat' dir='ltr'>iuventus</span> <span class='ocrx_word' id='word_1_410' title='bbox 1862 632 1994 678; x_wconf 87' lang='lat' dir='ltr'>ubique</span> <span class='ocrx_word' id='word_1_411' title='bbox 2013 645 2091 667; x_wconf 90' lang='lat' dir='ltr'>cum</span> 
     </span>
     <span class='ocr_line' id='line_1_64' title="bbox 1101 678 2091 727; baseline 0.007 -16"><span class='ocrx_word' id='word_1_412' title='bbox 1101 678 1208 712; x_wconf 88' lang='lat' dir='ltr'>sacris</span> <span class='ocrx_word' id='word_1_413' title='bbox 1224 679 1335 713; x_wconf 86' lang='lat' dir='ltr'>literis</span> <span class='ocrx_word' id='word_1_414' title='bbox 1353 680 1474 714; x_wconf 88' lang='lat' dir='ltr'>abiicit</span> <span class='ocrx_word' id='word_1_415' title='bbox 1496 680 1696 723; x_wconf 84' lang='lat' dir='ltr'>linguarum</span> <span class='ocrx_word' id='word_1_416' title='bbox 1722 689 1754 716; x_wconf 90' lang='lat' dir='ltr'>et</span> <span class='ocrx_word' id='word_1_417' title='bbox 1773 682 1993 727; x_wconf 85' lang='lat' dir='ltr'>eloquentiae</span> <span class='ocrx_word' id='word_1_418' title='bbox 2017 691 2091 718; x_wconf 86' lang='lat' dir='ltr'>stu-</span> 
     </span>
     <span class='ocr_line' id='line_1_65' title="bbox 1101 729 2091 778; baseline 0.006 -16"><span class='ocrx_word' id='word_1_419' title='bbox 1101 729 1220 771; x_wconf 85' lang='lat' dir='ltr'>dium,</span> <span class='ocrx_word' id='word_1_420' title='bbox 1246 736 1279 763; x_wconf 88' lang='lat' dir='ltr'>et</span> <span class='ocrx_word' id='word_1_421' title='bbox 1303 742 1359 763; x_wconf 88' lang='lat' dir='ltr'>eas</span> <span class='ocrx_word' id='word_1_422' title='bbox 1381 737 1471 764; x_wconf 87' lang='lat' dir='ltr'>artes</span> <span class='ocrx_word' id='word_1_423' title='bbox 1495 732 1736 775; x_wconf 86' lang='lat' dir='ltr'>amplectitur,</span> <span class='ocrx_word' id='word_1_424' title='bbox 1762 745 1851 777; x_wconf 88' lang='lat' dir='ltr'>quae</span> <span class='ocrx_word' id='word_1_425' title='bbox 1877 734 1982 778; x_wconf 73' lang='lat' dir='ltr'>vulgo</span> <span class='ocrx_word' id='word_1_426' title='bbox 2006 747 2091 768; x_wconf 74' lang='lat' dir='ltr'>ven—</span> 
     </span>
     <span class='ocr_line' id='line_1_66' title="bbox 1101 780 1939 827; baseline 0.005 -14"><span class='ocrx_word' id='word_1_427' title='bbox 1101 780 1285 814; x_wconf 88' lang='lat' dir='ltr'>dibiliores</span> <span class='ocrx_word' id='word_1_428' title='bbox 1300 788 1333 815; x_wconf 92' lang='lat' dir='ltr'>et</span> <span class='ocrx_word' id='word_1_429' title='bbox 1348 782 1457 825; x_wconf 84' lang='lat' dir='ltr'>magis</span> <span class='ocrx_word' id='word_1_430' title='bbox 1471 789 1699 827; x_wconf 81' lang='lat' dir='ltr'>quaestuosae</span> <span class='ocrx_word' id='word_1_431' title='bbox 1716 791 1808 817; x_wconf 89' lang='lat' dir='ltr'>sunt.</span> <span class='ocrx_word' id='word_1_432' title='bbox 1936 785 1939 787; x_wconf 65' lang='grc'><strong><em>’</em></strong></span> 
     </span>
    </p>
   </div>
   <div class='ocr_carea' id='block_1_6' title="bbox 1098 847 2092 1343">
    <p class='ocr_par' dir='ltr' id='par_1_8' title="bbox 1098 847 2092 1343">
     <span class='ocr_line' id='line_1_67' title="bbox 1187 847 2091 897; baseline 0.007 -15"><span class='ocrx_word' id='word_1_433' title='bbox 1187 847 1310 894; x_wconf 83' lang='lat' dir='ltr'>Neque</span> <span class='ocrx_word' id='word_1_434' title='bbox 1325 861 1408 882; x_wconf 82' lang='lat' dir='ltr'>vero</span> <span class='ocrx_word' id='word_1_435' title='bbox 1423 851 1583 895; x_wconf 68' lang='lat' dir='ltr'>vitupero</span> <span class='ocrx_word' id='word_1_436' title='bbox 1599 851 1684 884; x_wconf 86' lang='lat' dir='ltr'>alias</span> <span class='ocrx_word' id='word_1_437' title='bbox 1701 858 1809 893; x_wconf 88' lang='lat' dir='ltr'>artes;</span> <span class='ocrx_word' id='word_1_438' title='bbox 1837 864 1918 885; x_wconf 89' lang='lat' dir='ltr'>nam</span> <span class='ocrx_word' id='word_1_439' title='bbox 1934 851 2091 897; x_wconf 75' lang='lat' dir='ltr'>Respub.</span> 
     </span>
     <span class='ocr_line' id='line_1_68' title="bbox 1101 897 2092 948; baseline 0.005 -16"><span class='ocrx_word' id='word_1_440' title='bbox 1101 897 1206 933; x_wconf 89' lang='lat' dir='ltr'>habet</span> <span class='ocrx_word' id='word_1_441' title='bbox 1229 912 1318 944; x_wconf 92' lang='lat' dir='ltr'>opus</span> <span class='ocrx_word' id='word_1_442' title='bbox 1339 912 1464 944; x_wconf 82' lang='lat' dir='ltr'>magna</span> <span class='ocrx_word' id='word_1_443' title='bbox 1489 902 1654 935; x_wconf 81' lang='lat' dir='ltr'>varietate</span> <span class='ocrx_word' id='word_1_444' title='bbox 1678 903 1826 943; x_wconf 89' lang='lat' dir='ltr'>artium,</span> <span class='ocrx_word' id='word_1_445' title='bbox 1861 905 2092 948; x_wconf 86' lang='lat' dir='ltr'>quemadmo-</span> 
     </span>
     <span class='ocr_line' id='line_1_69' title="bbox 1100 951 2089 988; baseline 0.005 -5"><span class='ocrx_word' id='word_1_446' title='bbox 1100 951 1184 983; x_wconf 86' lang='lat' dir='ltr'>dum</span> <span class='ocrx_word' id='word_1_447' title='bbox 1208 962 1289 984; x_wconf 76' lang='lat' dir='ltr'>vere</span> <span class='ocrx_word' id='word_1_448' title='bbox 1313 951 1446 984; x_wconf 90' lang='lat' dir='ltr'>dictum</span> <span class='ocrx_word' id='word_1_449' title='bbox 1470 959 1531 987; x_wconf 88' lang='lat' dir='ltr'>est.</span> <span class='ocrx_word' id='word_1_450' title='bbox 1584 951 1664 985; x_wconf 72' lang='lat' dir='ltr'>Non</span> <span class='ocrx_word' id='word_1_451' title='bbox 1691 953 1728 987; x_wconf 81' lang='lat' dir='ltr'>fit</span> <span class='ocrx_word' id='word_1_452' title='bbox 1746 953 1868 987; x_wconf 73' lang='lat' dir='ltr'>civitas</span> <span class='ocrx_word' id='word_1_453' title='bbox 1892 966 1929 987; x_wconf 86' lang='lat' dir='ltr'>ex</span> <span class='ocrx_word' id='word_1_454' title='bbox 1948 953 2089 988; x_wconf 75' lang='lat' dir='ltr'>Medico</span> 
     </span>
     <span class='ocr_line' id='line_1_70' title="bbox 1099 1001 2090 1046; baseline 0.003 -12"><span class='ocrx_word' id='word_1_455' title='bbox 1099 1007 1133 1034; x_wconf 89' lang='lat' dir='ltr'>et</span> <span class='ocrx_word' id='word_1_456' title='bbox 1158 1001 1319 1042; x_wconf 90' lang='lat' dir='ltr'>Medico,</span> <span class='ocrx_word' id='word_1_457' title='bbox 1350 1003 1409 1035; x_wconf 82' lang='lat' dir='ltr'>sed</span> <span class='ocrx_word' id='word_1_458' title='bbox 1432 1015 1471 1036; x_wconf 87' lang='lat' dir='ltr'>ex</span> <span class='ocrx_word' id='word_1_459' title='bbox 1499 1002 1639 1036; x_wconf 79' lang='lat' dir='ltr'>Medico</span> <span class='ocrx_word' id='word_1_460' title='bbox 1663 1010 1693 1036; x_wconf 89' lang='lat' dir='ltr'>et</span> <span class='ocrx_word' id='word_1_461' title='bbox 1713 1002 1889 1046; x_wconf 85' lang='lat' dir='ltr'>Agricola.</span> <span class='ocrx_word' id='word_1_462' title='bbox 1942 1004 2012 1038; x_wconf 88' lang='lat' dir='ltr'>Sed</span> <span class='ocrx_word' id='word_1_463' title='bbox 2037 1005 2090 1037; x_wconf 92' lang='lat' dir='ltr'>illi</span> 
     </span>
     <span class='ocr_line' id='line_1_71' title="bbox 1100 1049 2091 1099; baseline 0.004 -15"><span class='ocrx_word' id='word_1_464' title='bbox 1100 1049 1382 1095; x_wconf 88' lang='lat' dir='ltr'>reprehendendi</span> <span class='ocrx_word' id='word_1_465' title='bbox 1400 1061 1492 1094; x_wconf 83' lang='lat' dir='ltr'>sunt,</span> <span class='ocrx_word' id='word_1_466' title='bbox 1511 1055 1570 1099; x_wconf 91' lang='lat' dir='ltr'>qui</span> <span class='ocrx_word' id='word_1_467' title='bbox 1588 1061 1647 1087; x_wconf 90' lang='lat' dir='ltr'>aut</span> <span class='ocrx_word' id='word_1_468' title='bbox 1667 1055 1847 1088; x_wconf 87' lang='lat' dir='ltr'>abducunt</span> <span class='ocrx_word' id='word_1_469' title='bbox 1864 1067 1983 1088; x_wconf 86' lang='lat' dir='ltr'>omnes</span> <span class='ocrx_word' id='word_1_470' title='bbox 2001 1068 2018 1089; x_wconf 93' lang='lat' dir='ltr'>a</span> <span class='ocrx_word' id='word_1_471' title='bbox 2036 1067 2091 1089; x_wconf 89' lang='lat' dir='ltr'>sa-</span> 
     </span>
     <span class='ocr_line' id='line_1_72' title="bbox 1100 1103 2091 1147; baseline 0.005 -13"><span class='ocrx_word' id='word_1_472' title='bbox 1100 1103 1166 1135; x_wconf 89' lang='lat' dir='ltr'>cris</span> <span class='ocrx_word' id='word_1_473' title='bbox 1190 1103 1322 1144; x_wconf 84' lang='lat' dir='ltr'>literis,</span> <span class='ocrx_word' id='word_1_474' title='bbox 1357 1111 1416 1138; x_wconf 83' lang='lat' dir='ltr'>aut</span> <span class='ocrx_word' id='word_1_475' title='bbox 1443 1117 1520 1137; x_wconf 88' lang='lat' dir='ltr'>cum</span> <span class='ocrx_word' id='word_1_476' title='bbox 1547 1117 1581 1138; x_wconf 88' lang='lat' dir='ltr'>se</span> <span class='ocrx_word' id='word_1_477' title='bbox 1606 1106 1819 1139; x_wconf 88' lang='lat' dir='ltr'>dediderunt</span> <span class='ocrx_word' id='word_1_478' title='bbox 1843 1106 1921 1139; x_wconf 90' lang='lat' dir='ltr'>aliis</span> <span class='ocrx_word' id='word_1_479' title='bbox 1942 1107 2091 1147; x_wconf 85' lang='lat' dir='ltr'>artibus,</span> 
     </span>
     <span class='ocr_line' id='line_1_73' title="bbox 1099 1153 2089 1198; baseline 0.005 -13"><span class='ocrx_word' id='word_1_480' title='bbox 1099 1153 1234 1186; x_wconf 86' lang='lat' dir='ltr'>nullam</span> <span class='ocrx_word' id='word_1_481' title='bbox 1255 1154 1363 1187; x_wconf 89' lang='lat' dir='ltr'>studii</span> <span class='ocrx_word' id='word_1_482' title='bbox 1381 1163 1513 1198; x_wconf 89' lang='lat' dir='ltr'>partem</span> <span class='ocrx_word' id='word_1_483' title='bbox 1532 1156 1569 1188; x_wconf 90' lang='lat' dir='ltr'>in</span> <span class='ocrx_word' id='word_1_484' title='bbox 1592 1156 1698 1189; x_wconf 90' lang='lat' dir='ltr'>sacris</span> <span class='ocrx_word' id='word_1_485' title='bbox 1721 1156 1832 1189; x_wconf 84' lang='lat' dir='ltr'>literis</span> <span class='ocrx_word' id='word_1_486' title='bbox 1849 1157 2089 1190; x_wconf 83' lang='lat' dir='ltr'>collocandam</span> 
     </span>
     <span class='ocr_line' id='line_1_74' title="bbox 1099 1206 2090 1253; baseline 0.005 -17"><span class='ocrx_word' id='word_1_487' title='bbox 1099 1216 1171 1237; x_wconf 88' lang='lat' dir='ltr'>esse</span> <span class='ocrx_word' id='word_1_488' title='bbox 1189 1212 1344 1245; x_wconf 88' lang='lat' dir='ltr'>censent,</span> <span class='ocrx_word' id='word_1_489' title='bbox 1362 1212 1394 1238; x_wconf 89' lang='lat' dir='ltr'>et</span> <span class='ocrx_word' id='word_1_490' title='bbox 1410 1213 1448 1239; x_wconf 87' lang='lat' dir='ltr'>ut</span> <span class='ocrx_word' id='word_1_491' title='bbox 1459 1206 1573 1248; x_wconf 75' lang='lat' dir='ltr'>video,</span> <span class='ocrx_word' id='word_1_492' title='bbox 1592 1218 1657 1239; x_wconf 88' lang='lat' dir='ltr'>nos</span> <span class='ocrx_word' id='word_1_493' title='bbox 1672 1207 1820 1240; x_wconf 88' lang='lat' dir='ltr'>irrident</span> <span class='ocrx_word' id='word_1_494' title='bbox 1834 1219 1967 1248; x_wconf 85' lang='lat' dir='ltr'>omnes,</span> <span class='ocrx_word' id='word_1_495' title='bbox 1986 1215 2090 1253; x_wconf 88' lang='lat' dir='ltr'>atque</span> 
     </span>
     <span class='ocr_line' id='line_1_75' title="bbox 1099 1255 2089 1302; baseline 0.005 -15"><span class='ocrx_word' id='word_1_496' title='bbox 1099 1255 1202 1288; x_wconf 90' lang='lat' dir='ltr'>etiam</span> <span class='ocrx_word' id='word_1_497' title='bbox 1226 1255 1381 1288; x_wconf 86' lang='lat' dir='ltr'>insanire</span> <span class='ocrx_word' id='word_1_498' title='bbox 1404 1263 1546 1300; x_wconf 86' lang='lat' dir='ltr'>putant,</span> <span class='ocrx_word' id='word_1_499' title='bbox 1574 1257 1634 1302; x_wconf 90' lang='lat' dir='ltr'>qui</span> <span class='ocrx_word' id='word_1_500' title='bbox 1655 1257 1784 1291; x_wconf 88' lang='lat' dir='ltr'>nonin</span> <span class='ocrx_word' id='word_1_501' title='bbox 1806 1265 1918 1292; x_wconf 89' lang='lat' dir='ltr'>totum</span> <span class='ocrx_word' id='word_1_502' title='bbox 1936 1259 2089 1292; x_wconf 86' lang='lat' dir='ltr'>abstine-</span> 
     </span>
     <span class='ocr_line' id='line_1_76' title="bbox 1098 1306 1471 1343; baseline 0.005 -5"><span class='ocrx_word' id='word_1_503' title='bbox 1098 1317 1176 1339; x_wconf 90' lang='lat' dir='ltr'>mus</span> <span class='ocrx_word' id='word_1_504' title='bbox 1193 1317 1211 1338; x_wconf 91' lang='lat' dir='ltr'>a</span> <span class='ocrx_word' id='word_1_505' title='bbox 1228 1306 1333 1339; x_wconf 86' lang='lat' dir='ltr'>sacris</span> <span class='ocrx_word' id='word_1_506' title='bbox 1349 1307 1471 1343; x_wconf 82' lang='lat' dir='ltr'>literis,</span> 
     </span>
    </p>
   </div>
   <div class='ocr_carea' id='block_1_7' title="bbox 1097 1363 2088 1565">
    <p class='ocr_par' dir='ltr' id='par_1_9' title="bbox 1097 1363 2088 1565">
     <span class='ocr_line' id='line_1_77' title="bbox 1199 1363 2088 1413; baseline 0.006 -16"><span class='ocrx_word' id='word_1_507' title='bbox 1199 1364 1267 1398; x_wconf 89' lang='lat' dir='ltr'>Sed</span> <span class='ocrx_word' id='word_1_508' title='bbox 1295 1366 1337 1398; x_wconf 86' lang='lat' dir='ltr'>dc</span> <span class='ocrx_word' id='word_1_509' title='bbox 1360 1363 1416 1399; x_wconf 92' lang='lat' dir='ltr'>his</span> <span class='ocrx_word' id='word_1_510' title='bbox 1438 1363 1529 1398; x_wconf 83' lang='lat' dir='ltr'>nihil</span> <span class='ocrx_word' id='word_1_511' title='bbox 1554 1364 1712 1400; x_wconf 89' lang='lat' dir='ltr'>hocloco</span> <span class='ocrx_word' id='word_1_512' title='bbox 1731 1367 1903 1408; x_wconf 89' lang='lat' dir='ltr'>dicemus,</span> <span class='ocrx_word' id='word_1_513' title='bbox 1931 1368 1990 1413; x_wconf 90' lang='lat' dir='ltr'>qui</span> <span class='ocrx_word' id='word_1_514' title='bbox 2010 1380 2088 1402; x_wconf 90' lang='lat' dir='ltr'>cum</span> 
     </span>
     <span class='ocr_line' id='line_1_78' title="bbox 1099 1415 2088 1460; baseline 0.005 -13"><span class='ocrx_word' id='word_1_515' title='bbox 1099 1415 1264 1448; x_wconf 84' lang='lat' dir='ltr'>adversus</span> <span class='ocrx_word' id='word_1_516' title='bbox 1282 1416 1397 1449; x_wconf 88' lang='lat' dir='ltr'>Deum</span> <span class='ocrx_word' id='word_1_517' title='bbox 1414 1416 1512 1460; x_wconf 88' lang='lat' dir='ltr'>impii</span> <span class='ocrx_word' id='word_1_518' title='bbox 1531 1424 1625 1458; x_wconf 86' lang='lat' dir='ltr'>sunt,</span> <span class='ocrx_word' id='word_1_519' title='bbox 1652 1423 1725 1450; x_wconf 83' lang='lat' dir='ltr'>tum</span> <span class='ocrx_word' id='word_1_520' title='bbox 1743 1418 1780 1450; x_wconf 89' lang='lat' dir='ltr'>in</span> <span class='ocrx_word' id='word_1_521' title='bbox 1797 1416 1990 1452; x_wconf 78' lang='lat' dir='ltr'>Ecclesiam</span> <span class='ocrx_word' id='word_1_522' title='bbox 2007 1431 2088 1452; x_wconf 91' lang='lat' dir='ltr'>cru-</span> 
     </span>
     <span class='ocr_line' id='line_1_79' title="bbox 1097 1466 2088 1513; baseline 0.006 -16"><span class='ocrx_word' id='word_1_523' title='bbox 1097 1466 1202 1505; x_wconf 85' lang='lat' dir='ltr'>deles,</span> <span class='ocrx_word' id='word_1_524' title='bbox 1223 1466 1283 1510; x_wconf 91' lang='lat' dir='ltr'>qui</span> <span class='ocrx_word' id='word_1_525' title='bbox 1301 1473 1471 1511; x_wconf 85' lang='lat' dir='ltr'>quantum</span> <span class='ocrx_word' id='word_1_526' title='bbox 1494 1468 1530 1499; x_wconf 90' lang='lat' dir='ltr'>in</span> <span class='ocrx_word' id='word_1_527' title='bbox 1548 1467 1632 1512; x_wconf 78' lang='lat' dir='ltr'>ipsis</span> <span class='ocrx_word' id='word_1_528' title='bbox 1651 1475 1711 1509; x_wconf 82' lang='lat' dir='ltr'>est,</span> <span class='ocrx_word' id='word_1_529' title='bbox 1730 1469 1929 1502; x_wconf 67' lang='lat' dir='ltr'>universam</span> <span class='ocrx_word' id='word_1_530' title='bbox 1946 1470 2088 1513; x_wconf 85' lang='lat' dir='ltr'>religio-</span> 
     </span>
     <span class='ocr_line' id='line_1_80' title="bbox 1097 1516 2088 1565; baseline 0.007 -18"><span class='ocrx_word' id='word_1_531' title='bbox 1097 1528 1175 1548; x_wconf 87' lang='lat' dir='ltr'>nem</span> <span class='ocrx_word' id='word_1_532' title='bbox 1192 1516 1352 1558; x_wconf 74' lang='lat' dir='ltr'>abolent,</span> <span class='ocrx_word' id='word_1_533' title='bbox 1381 1529 1459 1550; x_wconf 88' lang='lat' dir='ltr'>cum</span> <span class='ocrx_word' id='word_1_534' title='bbox 1476 1518 1553 1550; x_wconf 90' lang='lat' dir='ltr'>aliis</span> <span class='ocrx_word' id='word_1_535' title='bbox 1577 1519 1872 1553; x_wconf 84' lang='lat' dir='ltr'>moderatioribus</span> <span class='ocrx_word' id='word_1_536' title='bbox 1889 1521 2088 1565; x_wconf 80' lang='lat' dir='ltr'>disputabo,</span> 
     </span>
    </p>
   </div>
   <div class='ocr_carea' id='block_1_8' title="bbox 1090 1583 2087 2237">
    <p class='ocr_par' dir='ltr' id='par_1_10' title="bbox 1090 1583 2087 2237">
     <span class='ocr_line' id='line_1_81' title="bbox 1197 1583 2087 1629; baseline 0.006 -13"><span class='ocrx_word' id='word_1_537' title='bbox 1197 1583 1356 1617; x_wconf 86' lang='lat' dir='ltr'>Primum</span> <span class='ocrx_word' id='word_1_538' title='bbox 1381 1585 1426 1618; x_wconf 91' lang='lat' dir='ltr'>ita</span> <span class='ocrx_word' id='word_1_539' title='bbox 1452 1586 1602 1629; x_wconf 85' lang='lat' dir='ltr'>cogitare</span> <span class='ocrx_word' id='word_1_540' title='bbox 1622 1587 1728 1619; x_wconf 64' lang='lat' dir='ltr'>velim</span> <span class='ocrx_word' id='word_1_541' title='bbox 1747 1587 1860 1621; x_wconf 89' lang='lat' dir='ltr'>bonos</span> <span class='ocrx_word' id='word_1_542' title='bbox 1885 1589 2087 1622; x_wconf 88' lang='lat' dir='ltr'>adolescen-</span> 
     </span>
     <span class='ocr_line' id='line_1_82' title="bbox 1096 1635 2087 1682; baseline 0.006 -15"><span class='ocrx_word' id='word_1_543' title='bbox 1096 1642 1163 1675; x_wconf 86' lang='lat' dir='ltr'>tes,</span> <span class='ocrx_word' id='word_1_544' title='bbox 1190 1635 1371 1678; x_wconf 84' lang='lat' dir='ltr'>religionis</span> <span class='ocrx_word' id='word_1_545' title='bbox 1387 1637 1583 1669; x_wconf 84' lang='lat' dir='ltr'>doctrinam</span> <span class='ocrx_word' id='word_1_546' title='bbox 1601 1639 1641 1670; x_wconf 89' lang='lat' dir='ltr'>ad</span> <span class='ocrx_word' id='word_1_547' title='bbox 1664 1650 1785 1671; x_wconf 89' lang='lat' dir='ltr'>omnes</span> <span class='ocrx_word' id='word_1_548' title='bbox 1802 1639 1989 1682; x_wconf 85' lang='lat' dir='ltr'>pertinere.</span> <span class='ocrx_word' id='word_1_549' title='bbox 2041 1638 2087 1673; x_wconf 84' lang='lat' dir='ltr'>Et</span> 
     </span>
     <span class='ocr_line' id='line_1_83' title="bbox 1095 1685 2086 1731; baseline 0.007 -15"><span class='ocrx_word' id='word_1_550' title='bbox 1095 1687 1392 1731; x_wconf 74' lang='lat' dir='ltr'>quemadmodum</span> <span class='ocrx_word' id='word_1_551' title='bbox 1412 1687 1471 1720; x_wconf 90' lang='lat' dir='ltr'>ille</span> <span class='ocrx_word' id='word_1_552' title='bbox 1487 1688 1585 1729; x_wconf 80' lang='lat' dir='ltr'>dixit,</span> <span class='ocrx_word' id='word_1_553' title='bbox 1606 1685 1768 1722; x_wconf 84' lang='lat' dir='ltr'>homines</span> <span class='ocrx_word' id='word_1_554' title='bbox 1784 1702 1857 1722; x_wconf 90' lang='lat' dir='ltr'>non</span> <span class='ocrx_word' id='word_1_555' title='bbox 1874 1690 1988 1723; x_wconf 91' lang='lat' dir='ltr'>solum</span> <span class='ocrx_word' id='word_1_556' title='bbox 2008 1690 2086 1731; x_wconf 89' lang='lat' dir='ltr'>sibi,</span> 
     </span>
     <span class='ocr_line' id='line_1_84' title="bbox 1095 1737 2085 1783; baseline 0.005 -14"><span class='ocrx_word' id='word_1_557' title='bbox 1095 1739 1152 1770; x_wconf 91' lang='lat' dir='ltr'>sed</span> <span class='ocrx_word' id='word_1_558' title='bbox 1180 1737 1283 1770; x_wconf 83' lang='lat' dir='ltr'>etiam</span> <span class='ocrx_word' id='word_1_559' title='bbox 1308 1738 1441 1781; x_wconf 84' lang='lat' dir='ltr'>patriae</span> <span class='ocrx_word' id='word_1_560' title='bbox 1464 1739 1578 1779; x_wconf 90' lang='lat' dir='ltr'>nasci,</span> <span class='ocrx_word' id='word_1_561' title='bbox 1609 1740 1655 1772; x_wconf 83' lang='lat' dir='ltr'>ita</span> <span class='ocrx_word' id='word_1_562' title='bbox 1679 1751 1740 1783; x_wconf 85' lang='lat' dir='ltr'>ego</span> <span class='ocrx_word' id='word_1_563' title='bbox 1765 1741 1878 1774; x_wconf 85' lang='lat' dir='ltr'>multo</span> <span class='ocrx_word' id='word_1_564' title='bbox 1898 1742 2014 1774; x_wconf 82' lang='lat' dir='ltr'>verius</span> <span class='ocrx_word' id='word_1_565' title='bbox 2031 1741 2085 1773; x_wconf 87' lang='lat' dir='ltr'>‹li-</span> 
     </span>
     <span class='ocr_line' id='line_1_85' title="bbox 1095 1789 2085 1835; baseline 0.003 -14"><span class='ocrx_word' id='word_1_566' title='bbox 1095 1800 1171 1821; x_wconf 83' lang='lat' dir='ltr'>cere</span> <span class='ocrx_word' id='word_1_567' title='bbox 1203 1789 1352 1831; x_wconf 86' lang='lat' dir='ltr'>possim,</span> <span class='ocrx_word' id='word_1_568' title='bbox 1385 1801 1506 1822; x_wconf 85' lang='lat' dir='ltr'>omnes</span> <span class='ocrx_word' id='word_1_569' title='bbox 1538 1790 1649 1823; x_wconf 88' lang='lat' dir='ltr'>bonos</span> <span class='ocrx_word' id='word_1_570' title='bbox 1678 1791 1725 1824; x_wconf 89' lang='lat' dir='ltr'>ita</span> <span class='ocrx_word' id='word_1_571' title='bbox 1753 1792 1881 1824; x_wconf 89' lang='lat' dir='ltr'>sentire</span> <span class='ocrx_word' id='word_1_572' title='bbox 1912 1800 2085 1835; x_wconf 84' lang='lat' dir='ltr'>oportere,</span> 
     </span>
     <span class='ocr_line' id='line_1_86' title="bbox 1095 1838 2081 1887; baseline 0.005 -17"><span class='ocrx_word' id='word_1_573' title='bbox 1095 1839 1278 1882; x_wconf 76' lang='lat' dir='ltr'>praecipue</span> <span class='ocrx_word' id='word_1_574' title='bbox 1294 1846 1394 1872; x_wconf 83' lang='lat' dir='ltr'>natos</span> <span class='ocrx_word' id='word_1_575' title='bbox 1411 1852 1445 1872; x_wconf 90' lang='lat' dir='ltr'>se</span> <span class='ocrx_word' id='word_1_576' title='bbox 1461 1852 1532 1873; x_wconf 87' lang='lat' dir='ltr'>esse</span> <span class='ocrx_word' id='word_1_577' title='bbox 1550 1838 1735 1874; x_wconf 83' lang='lat' dir='ltr'>Ecclesiae.</span> <span class='ocrx_word' id='word_1_578' title='bbox 1792 1841 1911 1887; x_wconf 83' lang='lat' dir='ltr'>Itaque</span> <span class='ocrx_word' id='word_1_579' title='bbox 1930 1844 2034 1876; x_wconf 54' lang='lat' dir='ltr'>eti-&gt;un</span> <span class='ocrx_word' id='word_1_580' title='bbox 2055 1844 2081 1875; x_wconf 90' lang='lat' dir='ltr'>si</span> 
     </span>
     <span class='ocr_line' id='line_1_87' title="bbox 1094 1890 2084 1935; baseline 0.004 -13"><span class='ocrx_word' id='word_1_581' title='bbox 1094 1902 1180 1935; x_wconf 88' lang='lat' dir='ltr'>quae</span> <span class='ocrx_word' id='word_1_582' title='bbox 1203 1890 1356 1923; x_wconf 87' lang='lat' dir='ltr'>rationes</span> <span class='ocrx_word' id='word_1_583' title='bbox 1376 1891 1575 1934; x_wconf 82' lang='lat' dir='ltr'>probabiles</span> <span class='ocrx_word' id='word_1_584' title='bbox 1593 1899 1717 1925; x_wconf 73' lang='lat' dir='ltr'>vocant</span> <span class='ocrx_word' id='word_1_585' title='bbox 1740 1904 1803 1926; x_wconf 92' lang='lat' dir='ltr'>nos</span> <span class='ocrx_word' id='word_1_586' title='bbox 1820 1895 1861 1926; x_wconf 88' lang='lat' dir='ltr'>ad</span> <span class='ocrx_word' id='word_1_587' title='bbox 1881 1893 1965 1926; x_wconf 87' lang='lat' dir='ltr'>alias</span> <span class='ocrx_word' id='word_1_588' title='bbox 1984 1901 2084 1933; x_wconf 79' lang='lat' dir='ltr'>artes,</span> 
     </span>
     <span class='ocr_line' id='line_1_88' title="bbox 1095 1941 2081 1985; baseline 0.005 -13"><span class='ocrx_word' id='word_1_589' title='bbox 1095 1953 1165 1973; x_wconf 89' lang='lat' dir='ltr'>uon</span> <span class='ocrx_word' id='word_1_590' title='bbox 1183 1941 1276 1973; x_wconf 86' lang='lat' dir='ltr'>enim</span> <span class='ocrx_word' id='word_1_591' title='bbox 1297 1941 1454 1985; x_wconf 74' lang='lat' dir='ltr'>vitupero</span> <span class='ocrx_word' id='word_1_592' title='bbox 1474 1953 1540 1982; x_wconf 84' lang='lat' dir='ltr'>eas,</span> <span class='ocrx_word' id='word_1_593' title='bbox 1567 1949 1683 1975; x_wconf 85' lang='lat' dir='ltr'>tamen</span> <span class='ocrx_word' id='word_1_594' title='bbox 1702 1944 1860 1977; x_wconf 83' lang='lat' dir='ltr'>doctrina</span> <span class='ocrx_word' id='word_1_595' title='bbox 1882 1942 2081 1978; x_wconf 80' lang='lat' dir='ltr'>Christiana</span> 
     </span>
     <span class='ocr_line' id='line_1_89' title="bbox 1094 1992 2079 2038; baseline 0.003 -14"><span class='ocrx_word' id='word_1_596' title='bbox 1094 2004 1164 2025; x_wconf 89' lang='lat' dir='ltr'>non</span> <span class='ocrx_word' id='word_1_597' title='bbox 1191 1999 1241 2025; x_wconf 88' lang='lat' dir='ltr'>est</span> <span class='ocrx_word' id='word_1_598' title='bbox 1263 1992 1481 2036; x_wconf 81' lang='lat' dir='ltr'>negligenda.</span> <span class='ocrx_word' id='word_1_599' title='bbox 1542 1992 1690 2038; x_wconf 84' lang='lat' dir='ltr'>Aliquid</span> <span class='ocrx_word' id='word_1_600' title='bbox 1717 1996 1885 2038; x_wconf 87' lang='lat' dir='ltr'>temporis</span> <span class='ocrx_word' id='word_1_601' title='bbox 1910 2007 1948 2028; x_wconf 94' lang='lat' dir='ltr'>ac</span> <span class='ocrx_word' id='word_1_602' title='bbox 1972 1995 2079 2029; x_wconf 85' lang='lat' dir='ltr'>studii</span> 
     </span>
     <span class='ocr_line' id='line_1_90' title="bbox 1093 2041 2080 2089; baseline 0.004 -14"><span class='ocrx_word' id='word_1_603' title='bbox 1093 2041 1174 2076; x_wconf 84' lang='lat' dir='ltr'>liuic</span> <span class='ocrx_word' id='word_1_604' title='bbox 1198 2055 1338 2088; x_wconf 90' lang='lat' dir='ltr'>qnoque</span> <span class='ocrx_word' id='word_1_605' title='bbox 1362 2044 1473 2076; x_wconf 87' lang='lat' dir='ltr'>tribui</span> <span class='ocrx_word' id='word_1_606' title='bbox 1500 2051 1657 2089; x_wconf 73' lang='lat' dir='ltr'>oportet,</span> <span class='ocrx_word' id='word_1_607' title='bbox 1691 2051 1765 2077; x_wconf 81' lang='lat' dir='ltr'>turn</span> <span class='ocrx_word' id='word_1_608' title='bbox 1791 2046 1832 2078; x_wconf 89' lang='lat' dir='ltr'>ad</span> <span class='ocrx_word' id='word_1_609' title='bbox 1860 2046 1995 2079; x_wconf 87' lang='lat' dir='ltr'>animos</span> <span class='ocrx_word' id='word_1_610' title='bbox 2015 2058 2080 2079; x_wconf 86' lang='lat' dir='ltr'>no-</span> 
     </span>
     <span class='ocr_line' id='line_1_91' title="bbox 1092 2094 2081 2139; baseline 0.004 -13"><span class='ocrx_word' id='word_1_611' title='bbox 1092 2100 1180 2127; x_wconf 87' lang='lat' dir='ltr'>stros</span> <span class='ocrx_word' id='word_1_612' title='bbox 1197 2094 1475 2134; x_wconf 81' lang='lat' dir='ltr'>confirmandos,</span> <span class='ocrx_word' id='word_1_613' title='bbox 1504 2101 1576 2127; x_wconf 85' lang='lat' dir='ltr'>tum</span> <span class='ocrx_word' id='word_1_614' title='bbox 1597 2107 1678 2128; x_wconf 72' lang='lat' dir='ltr'>vero</span> <span class='ocrx_word' id='word_1_615' title='bbox 1694 2102 1733 2129; x_wconf 86' lang='lat' dir='ltr'>nt</span> <span class='ocrx_word' id='word_1_616' title='bbox 1752 2108 1999 2139; x_wconf 85' lang='lat' dir='ltr'>praeparemus</span> <span class='ocrx_word' id='word_1_617' title='bbox 2017 2108 2081 2130; x_wconf 88' lang='lat' dir='ltr'>nos</span> 
     </span>
     <span class='ocr_line' id='line_1_92' title="bbox 1090 2143 2080 2189; baseline 0.004 -12"><span class='ocrx_word' id='word_1_618' title='bbox 1090 2146 1131 2177; x_wconf 87' lang='lat' dir='ltr'>ad</span> <span class='ocrx_word' id='word_1_619' title='bbox 1160 2145 1338 2188; x_wconf 89' lang='lat' dir='ltr'>publicam</span> <span class='ocrx_word' id='word_1_620' title='bbox 1366 2143 1539 2178; x_wconf 78' lang='lat' dir='ltr'>Ecclesiae</span> <span class='ocrx_word' id='word_1_621' title='bbox 1563 2146 1761 2182; x_wconf 86' lang='lat' dir='ltr'>utilitatem.</span> <span class='ocrx_word' id='word_1_622' title='bbox 1822 2146 1904 2181; x_wconf 83' lang='lat' dir='ltr'>Fuit</span> <span class='ocrx_word' id='word_1_623' title='bbox 1930 2147 1966 2180; x_wconf 88' lang='lat' dir='ltr'>in</span> <span class='ocrx_word' id='word_1_624' title='bbox 1990 2148 2080 2189; x_wconf 90' lang='lat' dir='ltr'>soro,</span> 
     </span>
     <span class='ocr_line' id='line_1_93' title="bbox 1092 2194 2078 2237; baseline 0.004 -10"><span class='ocrx_word' id='word_1_625' title='bbox 1092 2196 1125 2228; x_wconf 88' lang='lat' dir='ltr'>in</span> <span class='ocrx_word' id='word_1_626' title='bbox 1153 2195 1292 2229; x_wconf 87' lang='lat' dir='ltr'>iudiciis</span> <span class='ocrx_word' id='word_1_627' title='bbox 1318 2194 1545 2237; x_wconf 84' lang='lat' dir='ltr'>Ambrosius,</span> <span class='ocrx_word' id='word_1_628' title='bbox 1582 2197 1723 2229; x_wconf 85' lang='lat' dir='ltr'>iuterim</span> <span class='ocrx_word' id='word_1_629' title='bbox 1754 2204 1870 2231; x_wconf 87' lang='lat' dir='ltr'>tamen</span> <span class='ocrx_word' id='word_1_630' title='bbox 1903 2205 1935 2232; x_wconf 88' lang='lat' dir='ltr'>et</span> <span class='ocrx_word' id='word_1_631' title='bbox 1965 2209 2078 2232; x_wconf 90' lang='lat' dir='ltr'>sacras</span> 
     </span>
    </p>
   </div>
   <div class='ocr_carea' id='block_1_9' title="bbox 1059 2245 2078 2340">
    <p class='ocr_par' dir='ltr' id='par_1_11' title="bbox 1059 2245 2078 2340">
     <span class='ocr_line' id='line_1_94' title="bbox 1060 2245 2078 2293; baseline 0.004 -15"><span class='ocrx_word' id='word_1_632' title='bbox 1060 2266 1062 2293; x_wconf 62' lang='lat'>3</span> <span class='ocrx_word' id='word_1_633' title='bbox 1091 2247 1205 2279; x_wconf 85' lang='lat' dir='ltr'>literas</span> <span class='ocrx_word' id='word_1_634' title='bbox 1226 2246 1376 2289; x_wconf 74' lang='lat' dir='ltr'>legebat,</span> <span class='ocrx_word' id='word_1_635' title='bbox 1401 2254 1434 2280; x_wconf 92' lang='lat' dir='ltr'>et</span> <span class='ocrx_word' id='word_1_636' title='bbox 1453 2246 1606 2281; x_wconf 80' lang='lat' dir='ltr'>Graecos</span> <span class='ocrx_word' id='word_1_637' title='bbox 1624 2245 1824 2291; x_wconf 80' lang='lat' dir='ltr'>Theologos</span> <span class='ocrx_word' id='word_1_638' title='bbox 1845 2261 1923 2281; x_wconf 82' lang='lat' dir='ltr'>cuni</span> <span class='ocrx_word' id='word_1_639' title='bbox 1940 2248 2078 2283; x_wconf 79' lang='lat' dir='ltr'>Latinis</span> 
     </span>
     <span class='ocr_line' id='line_1_95' title="bbox 1059 2297 1334 2340; baseline 0.004 -10"><span class='ocrx_word' id='word_1_640' title='bbox 1059 2297 1062 2336; x_wconf 86' lang='grc'>1</span> <span class='ocrx_word' id='word_1_641' title='bbox 1088 2298 1334 2340; x_wconf 84' lang='lat' dir='ltr'>coniungebat.</span> 
     </span>
    </p>
   </div>
   <div class='ocr_carea' id='block_1_10' title="bbox 1082 2355 2075 2708">
    <p class='ocr_par' dir='ltr' id='par_1_12' title="bbox 1082 2355 2075 2708">
     <span class='ocr_line' id='line_1_96' title="bbox 1172 2355 2075 2399; baseline 0.001 -9"><span class='ocrx_word' id='word_1_642' title='bbox 1172 2357 1310 2391; x_wconf 83' lang='lat' dir='ltr'>Deinde</span> <span class='ocrx_word' id='word_1_643' title='bbox 1326 2357 1525 2399; x_wconf 85' lang='lat' dir='ltr'>linguarum</span> <span class='ocrx_word' id='word_1_644' title='bbox 1544 2357 1697 2399; x_wconf 80' lang='lat' dir='ltr'>cognitio</span> <span class='ocrx_word' id='word_1_645' title='bbox 1717 2369 1787 2390; x_wconf 88' lang='lat' dir='ltr'>non</span> <span class='ocrx_word' id='word_1_646' title='bbox 1807 2365 1942 2391; x_wconf 86' lang='lat' dir='ltr'>tantum</span> <span class='ocrx_word' id='word_1_647' title='bbox 1955 2355 2075 2391; x_wconf 81' lang='lat' dir='ltr'>Theo-</span> 
     </span>
     <span class='ocr_line' id='line_1_97' title="bbox 1088 2405 2073 2452; baseline 0.001 -12"><span class='ocrx_word' id='word_1_648' title='bbox 1088 2408 1175 2451; x_wconf 79' lang='lat' dir='ltr'>logis</span> <span class='ocrx_word' id='word_1_649' title='bbox 1200 2409 1362 2452; x_wconf 84' lang='lat' dir='ltr'>prodest,</span> <span class='ocrx_word' id='word_1_650' title='bbox 1398 2405 1502 2440; x_wconf 85' lang='lat' dir='ltr'>babet</span> <span class='ocrx_word' id='word_1_651' title='bbox 1530 2408 1682 2451; x_wconf 74' lang='lat' dir='ltr'>egregias</span> <span class='ocrx_word' id='word_1_652' title='bbox 1707 2408 1874 2441; x_wconf 81' lang='lat' dir='ltr'>utilitates</span> <span class='ocrx_word' id='word_1_653' title='bbox 1905 2409 2008 2442; x_wconf 80' lang='lat' dir='ltr'>etiam</span> <span class='ocrx_word' id='word_1_654' title='bbox 2037 2409 2073 2441; x_wconf 92' lang='lat' dir='ltr'>in</span> 
     </span>
     <span class='ocr_line' id='line_1_98' title="bbox 1085 2459 2074 2503; baseline 0 -11"><span class='ocrx_word' id='word_1_655' title='bbox 1085 2461 1163 2492; x_wconf 82' lang='lat' dir='ltr'>aliis</span> <span class='ocrx_word' id='word_1_656' title='bbox 1180 2459 1326 2499; x_wconf 86' lang='lat' dir='ltr'>artibus,</span> <span class='ocrx_word' id='word_1_657' title='bbox 1354 2459 1447 2503; x_wconf 82' lang='lat' dir='ltr'>quod</span> <span class='ocrx_word' id='word_1_658' title='bbox 1466 2460 1643 2503; x_wconf 86' lang='lat' dir='ltr'>quomodo</span> <span class='ocrx_word' id='word_1_659' title='bbox 1661 2459 1764 2491; x_wconf 79' lang='lat' dir='ltr'>veliin</span> <span class='ocrx_word' id='word_1_660' title='bbox 1787 2459 1947 2502; x_wconf 79' lang='lat' dir='ltr'>intelligi,</span> <span class='ocrx_word' id='word_1_661' title='bbox 1968 2472 2074 2503; x_wconf 85' lang='lat' dir='ltr'>quae-</span> 
     </span>
     <span class='ocr_line' id='line_1_99' title="bbox 1083 2508 2071 2555; baseline 0 -12"><span class='ocrx_word' id='word_1_662' title='bbox 1083 2523 1121 2543; x_wconf 91' lang='lat' dir='ltr'>so</span> <span class='ocrx_word' id='word_1_663' title='bbox 1146 2510 1333 2549; x_wconf 89' lang='lat' dir='ltr'>attendite,</span> <span class='ocrx_word' id='word_1_664' title='bbox 1368 2521 1411 2542; x_wconf 90' lang='lat' dir='ltr'>ne</span> <span class='ocrx_word' id='word_1_665' title='bbox 1436 2509 1514 2553; x_wconf 88' lang='lat' dir='ltr'>quis</span> <span class='ocrx_word' id='word_1_666' title='bbox 1535 2516 1631 2553; x_wconf 88' lang='lat' dir='ltr'>putet</span> <span class='ocrx_word' id='word_1_667' title='bbox 1655 2522 1709 2541; x_wconf 81' lang='lat' dir='ltr'>nie</span> <span class='ocrx_word' id='word_1_668' title='bbox 1732 2508 1914 2544; x_wconf 84' lang='lat' dir='ltr'>detrahere</span> <span class='ocrx_word' id='word_1_669' title='bbox 1937 2511 2071 2555; x_wconf 85' lang='lat' dir='ltr'>aliquid</span> 
     </span>
     <span class='ocr_line' id='line_1_100' title="bbox 1084 2560 2070 2604; baseline -0.002 -9"><span class='ocrx_word' id='word_1_670' title='bbox 1084 2563 1126 2595; x_wconf 90' lang='lat' dir='ltr'>de</span> <span class='ocrx_word' id='word_1_671' title='bbox 1143 2561 1291 2594; x_wconf 89' lang='lat' dir='ltr'>aliarum</span> <span class='ocrx_word' id='word_1_672' title='bbox 1309 2560 1566 2604; x_wconf 84' lang='lat' dir='ltr'>professionum</span> <span class='ocrx_word' id='word_1_673' title='bbox 1585 2560 1763 2603; x_wconf 78' lang='lat' dir='ltr'>dignitate.</span> <span class='ocrx_word' id='word_1_674' title='bbox 1815 2561 1874 2595; x_wconf 86' lang='lat' dir='ltr'>Sic</span> <span class='ocrx_word' id='word_1_675' title='bbox 1892 2561 1985 2593; x_wconf 86' lang='lat' dir='ltr'>enim</span> <span class='ocrx_word' id='word_1_676' title='bbox 2002 2569 2070 2594; x_wconf 89' lang='lat' dir='ltr'>sta-</span> 
     </span>
     <span class='ocr_line' id='line_1_101' title="bbox 1084 2609 2068 2656; baseline -0.003 -10"><span class='ocrx_word' id='word_1_677' title='bbox 1084 2619 1161 2651; x_wconf 92' lang='lat' dir='ltr'>tuo,</span> <span class='ocrx_word' id='word_1_678' title='bbox 1187 2609 1268 2652; x_wconf 81' lang='lat' dir='ltr'>lios,</span> <span class='ocrx_word' id='word_1_679' title='bbox 1292 2611 1351 2656; x_wconf 89' lang='lat' dir='ltr'>qui</span> <span class='ocrx_word' id='word_1_680' title='bbox 1373 2612 1416 2644; x_wconf 91' lang='lat' dir='ltr'>ad</span> <span class='ocrx_word' id='word_1_681' title='bbox 1435 2609 1650 2644; x_wconf 84' lang='lat' dir='ltr'>Medicinam</span> <span class='ocrx_word' id='word_1_682' title='bbox 1677 2618 1735 2645; x_wconf 86' lang='lat' dir='ltr'>aut</span> <span class='ocrx_word' id='word_1_683' title='bbox 1759 2610 1849 2645; x_wconf 82' lang='lat' dir='ltr'>luris</span> <span class='ocrx_word' id='word_1_684' title='bbox 1873 2612 2068 2644; x_wconf 86' lang='lat' dir='ltr'>doctrinam</span> 
     </span>
     <span class='ocr_line' id='line_1_102' title="bbox 1082 2661 2069 2708; baseline -0.003 -11"><span class='ocrx_word' id='word_1_685' title='bbox 1082 2662 1251 2697; x_wconf 89' lang='lat' dir='ltr'>accessuri</span> <span class='ocrx_word' id='word_1_686' title='bbox 1276 2668 1374 2702; x_wconf 86' lang='lat' dir='ltr'>suut,</span> <span class='ocrx_word' id='word_1_687' title='bbox 1401 2662 1690 2707; x_wconf 87' lang='lat' dir='ltr'>praeformandos</span> <span class='ocrx_word' id='word_1_688' title='bbox 1715 2674 1786 2695; x_wconf 91' lang='lat' dir='ltr'>esse</span> <span class='ocrx_word' id='word_1_689' title='bbox 1806 2663 1956 2708; x_wconf 89' lang='lat' dir='ltr'>quadam</span> <span class='ocrx_word' id='word_1_690' title='bbox 1980 2661 2069 2694; x_wconf 87' lang='lat' dir='ltr'>libe-</span> 
     </span>
    </p>
   </div>
  </div>
 </body>
</html>
