2338 2958
187 130 262 167 845

187 215 392 264 gistratibus
408 213 444 246 in
464 207 664 255 provincias
683 204 779 239 misit
795 204 881 238 tales
897 203 1100 239 sententias,
1137 200 1188 237 Et

190 268 348 313 Agrippa
364 261 515 305 Augusti
535 258 669 292 amicus
688 255 779 290 dixit
796 255 992 300 plurimum
1014 254 1083 288 sibi
1103 265 1187 298 pro-

189 321 297 355 fuisse
314 315 405 350 hanc
427 322 546 345 vocem
561 336 570 351 ,
607 309 650 342 ad
678 307 836 341 studium
863 307 1015 339 tuendae
1040 316 1187 339 concor-

695 118 853 154 DECL.
890 116 961 153 DE
996 86 1198 152 DlCTO:

1248 117 1432 153 TYPUS
1462 115 1616 154 ESTO
1643 127 1726 153 Ero.
2156 117 2230 154 844

1238 203 1305 238 Dei
1339 200 1566 247 prophanare
1597 208 1631 236 et
1661 202 1842 246 polluere,
1881 210 1915 239 et
1937 203 2039 250 quasi
2062 202 2235 249 expellere

1238 253 1354 289 Deum
1372 265 1413 287 ex
1429 251 1497 287 hoc
1513 265 1578 287 suo
1594 252 1778 286 domicilio
1790 279 1801 294 ,
1826 265 1994 299 magnum
2010 254 2123 289 scelus
2139 260 2201 290 est.

1340 303 1479 339 Deinde
1496 305 1644 338 virtutes
1657 303 1784 337 ordine
1799 312 1957 339 recenset
1969 305 2120 345 Paulus,
2146 317 2236 351 quae

191 372 269 406 diae
287 378 364 402 cum
376 363 552 407 Augusto:
577 358 778 394 Concordia
796 369 924 402 parvae
940 368 996 390 res
1015 362 1189 397 crescunt,
1213 373 1216 394 ι
1239 356 1315 390 vult
1330 355 1370 388 in
1389 355 1588 400 pastoribus
1606 355 1722 389 lucere
1739 362 1773 389 et
1791 355 1958 400 conspici.
1999 354 2156 391 Orditur
2171 368 2236 390 au·—
2272 373 2282 382 s

194 417 370 457 discordia
388 413 558 447 maximae
578 410 798 444 dilabuntur.

294 466 343 502 Et
361 465 495 499 Paulus
513 464 551 496 in
567 459 634 496 hoc
651 460 751 495 brevi
769 460 864 493 dicto
890 470 963 492 non
980 458 1094 492 solum
1116 458 1189 491 vir-

193 529 284 558 tutes
301 528 424 553 omnes
440 513 654 549 necessarias
673 510 941 555 complectitur,
967 510 1025 543 sed
1050 508 1191 552 sapien-

194 572 327 609 tissime
353 568 456 602 etiam
484 564 672 609 significat,
705 574 793 608 quae
817 561 887 594 sint
912 560 1101 605 praecipua
1127 570 1192 603 gu-

195 621 377 659 bernatori
395 617 570 663 pericula,
597 621 631 649 et
649 614 779 660 quibus
802 612 995 646 virtutibus
1017 617 1191 644 armatum

199 686 272 710 esse
291 673 329 705 in
355 671 398 704 iis
419 667 586 714 periculis
607 670 777 710 oporteat.
829 661 970 705 Quaeso
997 661 1106 705 igitur
1130 672 1192 694 vos

200 735 322 761 omnes
334 750 343 764 ,
370 728 409 755 ut
425 718 517 753 hanc
535 717 637 751 Pauli
655 714 864 749 sententiam
882 713 1024 746 infixam
1040 711 1193 756 pectori-

197 779 265 812 bus
305 784 440 816 semper
474 768 657 802 vobiscum
694 763 967 804 circumferatis,
1007 770 1041 797 et
1072 764 1194 796 crebra

201 829 277 862 eius
302 821 547 859 recordatione
574 830 636 852 vos
661 818 706 851 ad
731 814 858 849 harum
883 815 1056 848 virtutum
1088 814 1195 847 intel-

200 880 332 913 lectum
350 881 384 908 et
406 882 562 907 amorem
587 867 797 903 exuscitetiS.
857 864 904 899 Et
927 871 966 899 ut
989 865 1196 908 navigantes

201 940 303 972 saepe
322 931 463 971 portum
483 923 686 960 intuentur,
714 919 756 951 ad
780 928 884 963 quem
909 916 1119 961 applicanda
1147 922 1196 949 est

202 979 320 1014 navis:
348 977 397 1010 ita
415 986 481 1008 nos
494 984 597 1016 saepe
615 971 700 1005 tales
717 967 909 1002 sententias
924 974 1040 1002 mente
1058 967 1198 1001 intuea-

203 1042 303 1071 mur,
329 1028 424 1061 iuxta
446 1035 532 1070 quas
549 1023 621 1056 vita
639 1021 793 1065 regenda
809 1025 872 1054 est.

307 1079 469 1112 Primum
488 1081 603 1108 autem
623 1073 720 1106 iubet
735 1082 800 1105 nos
823 1069 982 1114 exemplo
1006 1068 1086 1102 aliis
1114 1079 1198 1102 esse.

207 1133 365 1166 Virtutes
382 1134 521 1161 nostrae
537 1125 578 1158 ad
596 1121 661 1157 hos
682 1122 767 1155 fines
784 1120 971 1166 praecipue
990 1120 1201 1160 reserantur,

206 1191 246 1219 ut
265 1181 342 1216 Deo
375 1183 570 1223 praestetur
601 1173 802 1207 obedientia
833 1171 970 1211 debita,
1012 1176 1045 1203 et
1071 1177 1112 1204 ut
1138 1169 1200 1203 alii

206 1233 336 1269 nostris
354 1227 521 1272 exemplis
538 1225 735 1258 invitentur
752 1224 796 1255 ad
811 1221 1062 1255 celebrandum
1074 1219 1201 1261 Deum,

206 1293 245 1320 ut
260 1284 352 1318 filius
360 1280 426 1315 Dei
441 1277 575 1323 inquit:
598 1275 730 1309 Luceat
746 1275 806 1307 lux
822 1279 936 1306 vestra
949 1284 1068 1305 coram
1083 1269 1201 1305 homi-

209 1337 333 1375 nibus,
360 1339 400 1365 ut
416 1329 630 1374 glorificetur
650 1332 748 1370 pater
766 1330 880 1358 vester
896 1322 1066 1357 coelestis.
1111 1322 1201 1356 Nota

209 1393 291 1422 sunt
307 1383 410 1417 vobis
427 1387 544 1415 vetera
561 1378 666 1415 dicta,
683 1376 833 1410 scilicet:
854 1373 896 1407 In
912 1374 1039 1417 vulgus
1055 1380 1202 1407 manant

211 1436 366 1480 exempla
387 1438 592 1476 regentum,
626 1435 676 1462 et:
705 1427 806 1461 Talis
823 1432 874 1459 est
891 1425 1064 1470 populus,
1088 1424 1202 1470 qualis

210 1488 383 1524 sacerdos.
423 1483 590 1517 usitatum
623 1486 673 1512 est
704 1478 818 1518 enim,
868 1475 1000 1510 imitari
1028 1476 1202 1520 populum

210 1550 324 1574 mores
341 1537 637 1581 gubernatorum,
666 1537 699 1563 et
720 1528 858 1562 facilior
880 1534 931 1562 est
953 1527 1104 1561 imitatio
1127 1539 1203 1560 ma-

211 1593 326 1626 lorum
347 1586 599 1629 exemplorum.
655 1580 737 1614 ldeo
754 1578 925 1624 praecipit
941 1578 1074 1612 Paulus
1090 1578 1204 1618 initio,

212 1650 251 1677 ut
274 1639 367 1674 hanc
391 1638 502 1681 ipsam
525 1635 572 1667 ob
601 1643 739 1665 causam
763 1629 1007 1673 diligentiores
1033 1629 1142 1661 simus
1167 1628 1204 1661 in

213 1690 375 1736 regendis
389 1686 520 1721 nostris
534 1683 693 1717 moribus
705 1709 714 1722 ,
737 1693 780 1714 nc
798 1681 983 1713 videamur
1002 1679 1069 1723 ipsi
1088 1680 1204 1712 laxare

212 1746 331 1778 frenos
347 1737 572 1782 disciplinae,
601 1734 695 1779 quod
713 1744 790 1765 cum
812 1731 867 1771 fit,
894 1730 956 1763 alii
974 1731 1102 1764 deinde
1125 1731 1204 1774 plus

212 1795 278 1829 sibi
305 1790 466 1825 licentiae
491 1792 633 1832 propter
665 1782 823 1827 exempla
846 1781 1123 1825 gubernatorum
1145 1792 1204 1814 su-

213 1851 326 1879 munt.
381 1840 476 1874 Haec
501 1835 663 1871 scandala
692 1834 846 1867 cavenda
871 1838 970 1871 sunt,
1006 1833 1050 1865 de
1075 1832 1204 1877 quibus

213 1898 346 1931 dictum
365 1899 430 1925 est:
460 1889 536 1923 Vae
556 1885 707 1925 homini,
724 1897 742 1918 a
761 1897 831 1929 quo
850 1883 1056 1916 scandalum
1076 1883 1202 1917 oritur.

315 1941 534 1979 ‘Nominatim
559 1949 641 1971 vcro
664 1935 839 1980 praecepit
857 1933 1008 1975 Paulus,
1034 1940 1073 1968 ut
1095 1934 1205 1968 simus

212 1997 371 2041 exemplo
388 1992 571 2029 fidelibus,
597 1988 691 2033 quod
710 1987 788 2019 idco
807 1986 918 2026 addit,
944 1992 982 2019 ut
1000 1985 1205 2028 cogitemus,

214 2052 249 2083 in
268 2060 336 2093 qua
358 2051 456 2090 parte
473 2041 658 2075 hominum
680 2038 851 2077 vivamus,
874 2043 907 2070 et
923 2048 1012 2081 quae
1029 2036 1200 2080 guberna-

212 2101 260 2135 tio
285 2098 388 2132 nobis
414 2092 655 2128 commendata
679 2089 735 2123 sit.

213 2151 339 2184 delicta
365 2158 505 2185 eorum,
534 2143 592 2187 qui
619 2139 795 2174 Ecclesiae
819 2138 888 2172 Dei
915 2150 1020 2182 prava
1046 2139 1203 2183 exempla

215 2206 438 2246 proponunt,
464 2203 495 2229 et
515 2195 549 2227 in
578 2192 680 2226 bonis
701 2191 824 2224 dolore
842 2189 1012 2223 adiiciunt
1030 2188 1203 2233 Spiritum

213 2260 393 2288 sanctum,
437 2255 467 2281 et
497 2244 690 2280 imbecilles
714 2247 964 2285 corrumpunt,
1006 2252 1111 2285 quam
1143 2241 1202 2286 qui

212 2355 287 2388 sint·
308 2351 464 2394 exemplo
483 2347 668 2389 indulgent
685 2344 851 2377 omnibus
869 2343 986 2386 pravis
1001 2342 1204 2386 cupiditati-

211 2407 287 2439 bus.
331 2403 452 2442 (Jogita
472 2400 595 2441 igitur,
623 2409 690 2441 qna
712 2396 745 2428 in
766 2394 916 2428 statione
936 2392 1029 2426 Deus
1047 2401 1079 2426 te
1094 2394 1204 2427 collo-
1229 2404 1231 2410 ⁴

212 2455 354 2491 cam-rit,
408 2453 484 2482 Non
507 2446 709 2494 prophanae
733 2445 977 2483 multitudini,
1004 2446 1061 2477 sed
1081 2443 1202 2478 Eccle-

212 2509 281 2542 siae
293 2505 356 2540 Dei
375 2514 530 2548 pram-sse
548 2508 579 2533 tr
597 2499 703 2537 scias,
732 2498 766 2529 in
786 2509 854 2541 qua
871 2508 951 2528 vere
967 2497 1093 2529 adsunt
1109 2495 1203 2529 Deus

211 2566 374 2592 „normis
393 2562 488 2598 patri·
503 2550 646 2584 Domini
667 2548 775 2581 nostri
791 2545 1032 2585 tosntjtirisii,
1061 2555 1091 2580 rt
1111 2547 1203 2580 silius
1228 2544 1229 2549 ¹

210 2609 386 2644 Dominus
405 2610 522 2638 nostri·
537 2601 629 2634 lesus
641 2598 804 2633 Christus
826 2605 855 2630 ct
875 2599 1032 2642 Spiritus
1049 2605 1201 2634 santius.

209 2671 240 2695 pt
266 2661 403 2705 piorum
425 2654 641 2695 Angelorum
663 2651 818 2691 agmina,
854 2657 886 2682 rt
911 2649 1013 2682 multi
1039 2647 1201 2682 hominu-s
1228 2657 1229 2663 ¹

796 2087 913 2121 Multo
939 2087 1100 2129 graviora
1123 2094 1205 2121 sunt
1231 2090 1233 2097 '

1240 415 1310 441 tem
1345 419 1363 440 a
1396 418 1479 440 cura
1505 406 1658 440 tuendae
1680 405 1845 450 puritatis
1872 406 1911 440 in
1934 407 2110 441 doctrina:
2153 406 2236 452 quia
2272 406 2284 454 '¹

1241 470 1322 492 cum
1345 457 1384 490 in
1406 457 1576 491 omnibus
1602 454 1810 490 bominibus
1831 457 1982 501 primam
2006 465 2146 502 oportet
2164 469 2238 492 esse

1241 508 1424 543 doctrinae
1440 520 1581 550 curam,
1609 514 1685 541 tum
1702 519 1786 541 vero
1802 507 1955 542 maxime
1970 515 2143 552 pastores,
2175 508 2239 554 qui

1242 559 1422 606 praecipui
1452 565 1534 593 sunt
1565 559 1726 593 custodes
1756 558 1957 600 doctrinae,
2005 565 2087 593 ante
2117 559 2238 593 omnia

1242 612 1428 656 proprium
1446 621 1577 644 munus
1593 616 1626 644 et
1642 609 1863 653 intelligant,
1898 616 1932 644 et
1951 610 2103 644 fideliter
2123 610 2239 643 admi-

1244 663 1405 696 nistrent.
1459 661 1565 703 Sitis,
1593 660 1728 706 inquit,
1756 661 1916 705 exemplo
1933 660 2097 695 fidelibus
2113 660 2151 693 in
2166 672 2239 695 ser-

1245 724 1368 752 mone,
1393 712 1428 745 id
1447 719 1516 753 est,
1542 713 1581 745 in
1598 718 1672 746 toto
1691 723 1818 755 genere
1835 711 2037 753 doctrinae,
2065 712 2102 745 in
2121 723 2240 746 rerum

1245 763 1526 804 diiudicatione,
1558 769 1593 796 et
1616 763 1654 795 in
1675 762 1801 796 formis
1827 762 2008 807 loquendi.
2077 762 2240 797 Profecto

1246 826 1303 848 res
1319 825 1464 857 magnas
1487 820 1521 847 et
1543 813 1672 847 multas
1694 810 1752 847 hic
1773 813 1948 857 significat
1967 813 2109 848 Paulus.
2161 812 2242 847 Pri·

1246 877 1344 899 mum
1368 871 1460 899 recte
1486 864 1687 908 intelligant
1710 870 1866 908 pastores
1888 865 1954 909 ipsi
1978 876 2152 899 summam
2177 865 2242 898 do-

1247 916 1381 950 ctrinae
1411 916 1584 949 coelestis:
1629 915 1759 948 deinde
1789 915 1839 948 sic
1861 915 2102 950 adsuefaciant
2123 927 2242 960 popu-

1248 968 1341 1008 lum,
1369 973 1407 1000 ut
1424 973 1538 1000 totum
1555 978 1682 1011 corpus
1698 966 1881 1000 doctrinae
1896 967 2081 1012 complecti
2096 967 2245 1007 discant,

1249 1025 1288 1052 ut
1313 1019 1429 1051 videat
1450 1030 1540 1063 quae
1566 1017 1638 1051 sint
1656 1017 1844 1062 praecipua
1862 1019 2040 1059 membra,
2066 1017 2244 1051 discernat
2264 1034 2266 1036 ·

1250 1069 1443 1102 necessaria
1461 1081 1480 1102 a
1503 1080 1576 1102 non
1601 1068 1825 1109 necessariis,
1860 1080 1935 1101 non
1956 1069 2100 1103 misceat
2123 1068 2246 1113 politi·
2284 1107 2286 1115 γ

1251 1132 1325 1153 cam
1351 1118 1562 1164 sapientiam
1586 1117 1803 1162 Evangelio,
1842 1125 1959 1154 teneat
1989 1119 2160 1153 formulas
2190 1119 2246 1152 lo-

1251 1171 1382 1216 quendi
1401 1170 1579 1214 proprias,
1612 1170 1700 1203 vitet
1716 1169 1879 1213 ambigue
1896 1177 1929 1204 et
1946 1171 2054 1204 nimis
2070 1170 2245 1214 generali·
2284 1167 2293 1202 Ῑ

1252 1228 1304 1255 ter
1337 1221 1449 1259 dicta,
1490 1232 1626 1253 summa
1651 1220 1833 1264 vigilantia
1859 1221 2035 1256 discernat
2061 1221 2244 1255 coelestem

1252 1272 1451 1306 doctrinam
1476 1283 1494 1304 a
1512 1268 1766 1315 Philosophia,
1805 1271 1850 1305 ab
1877 1269 2043 1305 humanis
2063 1271 2246 1317 opinioni-

1253 1323 1337 1364 bus,
1381 1336 1399 1356 a
1424 1321 1677 1366 superstitiosis
1698 1321 1848 1361 ritibus,
1883 1322 2057 1366 intelligat
2084 1333 2175 1368 quae
2202 1322 2246 1357 sit
2287 1324 2298 1366 -j
2335 1329 2338 1335 “

1252 1386 1332 1408 vera
1348 1373 1540 1407 invocatio.

1354 1424 1435 1458 'Non
1454 1431 1545 1458 serat
1562 1429 1682 1468 pastor
1697 1423 1910 1463 ambitione,
1938 1430 1998 1457 aut
2020 1423 2138 1458 studio
2159 1435 2245 1458 con-
2295 1462 2297 1467 ¹

1255 1475 1444 1515 tentionis‚
1470 1486 1581 1508 novas
1602 1474 1807 1518 opiniones,
1834 1475 2033 1519 paradoxa,
2068 1472 2246 1520 hyperbo-
2288 1477 2301 1523 ’ζΙ

1255 1528 1323 1569 las,
1344 1527 1508 1570 ambigue
1526 1525 1630 1564 dicta,
1658 1527 1753 1559 unde
1770 1532 1804 1560 et
1820 1526 2002 1560 doctrinae
2018 1525 2245 1561 confusiones
2291 1565 2298 1575 l

1255 1586 1289 1612 et
1312 1578 1457 1612 exitiosa
1479 1576 1626 1611 dissidia
1650 1577 1830 1611 oriuntur:
1868 1577 2022 1623 denique
2054 1584 2127 1612 tota
2156 1578 2246 1612 ratio
2288 1577 2300 1594 ³

1255 1629 1408 1662 docendi
1433 1628 1478 1661 sit
1499 1639 1602 1665 vera,
1634 1628 1798 1672 propria,
1826 1629 2029 1672 perspicua,
2055 1635 2166 1670 casta,
2191 1629 2248 1663 su-

1255 1680 1371 1724 gitans
1394 1679 1636 1713 cavillationes
1663 1687 1696 1713 et
1718 1679 1864 1712 nimiam
1890 1679 2144 1719 subtilitatem,
2189 1692 2249 1713 ac-

1255 1732 1474 1764 commodata
1493 1731 1536 1763 ad
1555 1729 1718 1763 alendam
1735 1737 1768 1763 et
1784 1730 2062 1763 confirmandam
2080 1730 2184 1763 fidem
2212 1731 2247 1764 in

1254 1782 1378 1822 bouis,
1405 1788 1438 1814 et
1461 1781 1506 1813 ad
1528 1780 1751 1814 retinendam
1766 1781 1992 1814 concordiam
2021 1781 2058 1813 in
2083 1781 2248 1815 universa
2299 1791 2304 1794 “

1255 1832 1498 1866 multitudine.
1531 1829 1627 1864 Haec
1643 1837 1683 1865 ut
1698 1831 1802 1873 fiant,
1830 1843 1968 1865 necesse
1988 1838 2039 1865 est
2057 1832 2092 1864 in
2112 1839 2249 1877 pastore

1255 1884 1409 1928 primum
1426 1889 1578 1915 mentem
1597 1882 1728 1915 bonam
1746 1893 1835 1915 esse:
1864 1883 1992 1916 deinde
2015 1894 2133 1917 rerum
2157 1883 2249 1927 ipsa-

1256 1946 1348 1974 rum,
1376 1945 1462 1979 quas
1482 1934 1607 1967 docere
1622 1933 1738 1971 debet,
1765 1933 2019 1977 cognitionem,
2046 1934 2246 1968 facultatem

1257 1985 1474 2029 explicandi,
1517 1984 1705 2017 consilium
1729 1983 1766 2017 in
1792 1985 2024 2018 custodienda
2055 1985 2248 2030 propietate
2292 1987 2303 2007 ‘¹

1257 2043 1289 2070 et
1311 2036 1535 2080 simplicitate
1559 2035 1761 2075 doctrinae,
1798 2042 1916 2079 pectus
1943 2047 2065 2069 amans
2088 2036 2249 2080 publicae

1231 2083 1232 2087 ’
2018 2085 2156 2120 Harum
2176 2088 2248 2121 vir·
2290 2117 2294 2122 Α

1256 2087 1465 2120 concordiae
1477 2113 1485 2126 ,
1510 2086 1665 2129 fugitans
1682 2086 1959 2120 cavillationum.

1256 2145 1371 2172 tutum
1389 2148 1598 2171 consensum
1615 2135 1745 2170 Paulus
1763 2137 2027 2181 complectitur.
2053 2150 2133 2173 cum
2152 2138 2247 2172 iubet

1230 2210 1231 2214 =
1257 2201 1320 2222 nos
1345 2189 1423 2222 aliis
1447 2188 1605 2232 exemplo
1630 2199 1701 2221 esse
1729 2187 1765 2220 in
1791 2199 1971 2226 sermone,
2004 2201 2107 2233 quas,
2134 2201 2247 2234 quan-

1230 2274 1231 2289 :
1256 2253 1360 2285 quam
1378 2240 1510 2273 multae
1529 2246 1560 2273 et
1579 2239 1740 2272 difficiles
1758 2246 1859 2279 sunt,
1888 2246 2004 2273 tamen
2028 2239 2064 2272 in
2090 2237 2156 2274 lioc
2183 2253 2249 2274 no-

212 2303 294 2337 alibi
321 2303 410 2334 inu-r
433 2298 558 2342 impios
583 2294 817 2339 delinquunt,
851 2292 911 2337 qui
940 2291 1073 2336 alioqui
1098 2292 1202 2325 ctiam
1230 2295 1231 2306 ¹

1255 2299 1326 2325 stro
1344 2298 1482 2324 oratore
1499 2302 1570 2323 csse
1587 2296 1738 2335 oportet.

1358 2341 1433 2376 Etsi
1458 2348 1575 2375 autem
1603 2341 1639 2374 in
1663 2347 1757 2375 tauta
1785 2339 2009 2383 ingeniorum
2036 2340 2248 2380 infirmitate,
2292 2363 2300 2372 ι

1256 2401 1305 2427 tot
1333 2393 1502 2426 virtutum
1529 2392 1705 2437 copulatio
1732 2393 1788 2425 vix
1814 2391 1993 2436 possibilis
2014 2399 2082 2430 est.
2131 2399 2245 2427 tamen
2295 2404 2298 2412 ·

1257 2445 1421 2478 minutas
1440 2445 1531 2476 liona
1550 2444 1585 2475 in
1601 2444 1766 2476 munibus
1786 2450 1817 2477 et
1835 2443 1936 2476 debet
1956 2454 2028 2476 esse
2045 2450 2075 2477 ct
2093 2455 2164 2477 csse
2184 2457 2246 2488 pn-

1256 2503 1335 2529 tcst:
1380 2495 1509 2528 deinde
1531 2501 1563 2528 ct
1589 2495 1777 2528 mediocris
1801 2494 2005 2537 diligentia,
2042 2501 2073 2527 et
2096 2494 2247 2529 circum-

1254 2547 1383 2591 spectio
1404 2546 1570 2579 ‹uunibus
1587 2546 1765 2590 possibilis
1787 2552 1857 2584 est,
1890 2551 1926 2577 ut
1954 2551 2061 2584 recte,
2095 2547 2247 2590 proprie,

1256 2598 1454 2642 perspicue,
1489 2599 1686 2630 verecunde
1712 2598 1848 2636 dicant,
1884 2607 1945 2629 nec
1970 2595 2108 2637 ignavia
2136 2598 2246 2641 negli-

1255 2657 1334 2691 gant
1351 2649 1532 2682 doctrinae
1557 2649 1732 2688 studium,
1758 2660 1821 2681 nec
1840 2646 2032 2679 ambitione
2050 2648 2172 2682 ludant
2190 2661 2247 2682 ra-

208 2712 363 2758 quisunt
385 2705 603 2741 domicilium
615 2702 767 2747 Spiritus
786 2701 908 2734 sancti.
937 2699 1012 2733 lloc
1031 2701 1200 2745 templum
1227 2710 1230 2731 1
1257 2700 1519 2738 vitiationilius,
1564 2706 1595 2733 ct
1627 2706 1788 2743 spargant
1817 2698 1950 2732 semina
1976 2699 2244 2735 discordiarum.
