2338 2958
232 122 306 158 245

233 207 409 251 Principis
432 207 473 240 ad
498 205 660 239 eximiam
680 203 845 236 virtutem
863 201 1091 243 instituendi,
1120 201 1220 245 fingit

233 256 441 292 Evandrum
465 257 655 297 adiungere
669 254 925 286 adolescentem
942 253 1052 286 filium
1070 253 1222 293 Aeneae,

235 315 270 342 et
298 308 495 353 praecipere
526 312 650 347 gnam,
691 310 731 337 ut
762 303 844 336 inde
873 315 891 336 a
923 303 1034 346 prima
1065 303 1220 347 puericia

235 359 390 393 Aeneam
414 356 576 399 effingere
597 361 630 388 et
651 354 779 388 imitari
795 355 942 389 studeat.
995 353 1053 386 Sic
1069 354 1163 387 enim
1178 354 1219 387 ad

236 408 392 443 Aeneam
410 407 477 448 ait,
502 418 581 439 cum
600 405 651 438 illi
671 416 818 449 puerum
835 405 1073 437 commendat:

678 460 731 488 sub
746 466 774 488 te
787 460 911 488 tolerare
927 459 1068 496 magistro

337 510 481 542 Militiam
497 517 525 540 et
540 521 627 550 grave
643 509 748 540 Martis
765 521 856 549 opus,
884 516 934 538 tua
949 519 1066 537 cernere
1083 510 1160 538 facta

339 563 505 592 Adsuescat
516 585 524 598 ,
551 563 657 601 primis
672 568 701 590 et
715 568 744 590 te
760 563 883 589 iniretur
897 561 932 588 ab
949 561 1044 590 annis.

237 610 358 644 Sensit
383 610 476 643 enim
494 609 598 643 Poeta
621 616 731 642 artem
755 609 850 640 illam
870 607 1088 651 imperandi,
1115 618 1223 639 unam

236 661 396 694 omnium
419 661 522 703 longe
545 658 897 704 praestantissimam,
923 658 1101 690 neminem
1125 658 1225 690 adse-

237 711 298 756 qui
317 723 435 756 posse,
463 711 531 744 nisi
547 723 582 743 se
599 712 640 743 ad
660 709 807 743 alicuius
822 708 950 741 summi
970 708 1035 740 viri
1056 708 1225 741 imitatio-

237 773 317 795 nem
342 769 453 796 totum
479 767 684 804 componat,
712 760 811 793 cuius
837 759 945 799 dicta,
972 759 1081 799 facta,
1109 759 1225 792 consi-

237 812 355 858 liaque
383 813 500 846 onmia
534 813 579 844 ob
605 810 725 843 oculos
752 810 863 855 posita
889 807 1035 850 habeat,
1068 810 1110 842 ad
1138 821 1226 854 quae

237 875 339 897 suum
356 863 428 908 ipse
447 874 586 896 cursum
605 861 742 904 dirigat.
799 859 1012 905 Quanquam
1030 868 1145 894 autem
1163 858 1227 893 hae

238 921 378 947 nostrae
395 921 485 948 artes
505 913 674 956 dignitate
691 912 795 953 longe
815 911 904 944 iufra
923 913 1011 943 bene
1029 911 1225 955 imperandi

237 964 419 997 scientiam
447 963 580 1008 positae
602 974 674 996 esse
697 962 959 1002 existimentur,
992 969 1109 995 tamen
1134 962 1228 994 diffi-

238 1015 366 1048 cultate
395 1015 448 1048 illi
481 1026 582 1058 pares
612 1025 684 1047 esse
714 1025 819 1046 nemo
849 1013 1011 1046 dubitare
1037 1019 1167 1056 potest,
1199 1012 1227 1045 si

239 1067 346 1099 modo
370 1065 596 1109 expenderit,
622 1064 744 1109 quanti
767 1063 903 1107 negocii
921 1063 984 1103 sit,
1012 1070 1081 1097 tam
1098 1063 1228 1096 multa-

239 1128 318 1150 rum
351 1128 468 1149 rerum
503 1115 759 1158 cognitionem,
807 1121 983 1158 praeterea
1018 1114 1228 1146 mediocrem

239 1167 416 1212 quandam
441 1167 640 1200 facultatem
666 1164 805 1198 dicendi
831 1171 864 1197 et
888 1164 1106 1206 exponendi,
1141 1176 1229 1208 quae

239 1225 331 1251 recta
366 1229 437 1250 esse
469 1215 703 1261 perspexeris,
739 1227 872 1258 parare.
925 1212 989 1248 Est
1021 1215 1114 1246 enim
1147 1226 1229 1257 pro—

240 1268 329 1301 fecto
353 1280 422 1300 una
442 1269 484 1300 de
503 1266 707 1300 difficilimis
726 1266 859 1298 artibus
877 1265 931 1297 vel
951 1264 1138 1297 mediocris
1157 1265 1228 1297 elo-

240 1318 395 1363 quentia.
448 1317 567 1359 Quare'
592 1317 620 1348 si
642 1316 677 1348 in
697 1316 888 1349 levioribus
904 1316 1037 1348 artibus
1055 1315 1130 1348 sine
1149 1314 1230 1347 imi—

241 1369 373 1402 tatione
399 1368 486 1401 effici
511 1365 602 1400 nibil
627 1373 756 1409 potest,
797 1366 1034 1410 eloquentiam
1060 1377 1103 1398 ne
1129 1372 1228 1408 puta—

241 1419 357 1452 bimus
389 1430 453 1451 nos
481 1418 555 1451 sine
586 1417 647 1450 illo
674 1416 890 1449 adminiculo
917 1416 1082 1460 consequi
1110 1416 1232 1459 posse?

241 1468 405 1504 Ciceroni
433 1482 505 1503 non
532 1469 688 1509 videtur3
716 1479 796 1499 nam
824 1468 916 1511 apud
938 1464 1032 1499 hunc
1051 1466 1232 1500 Antonius

242 1528 322 1554 ante
341 1520 460 1553 omnia
481 1519 667 1563 praecipit,
695 1528 732 1551 ut
750 1517 918 1560 eligamus
934 1517 1105 1562 aliquem,
1133 1517 1232 1549 cuius

243 1583 308 1605 uos
338 1571 470 1604 similes
504 1582 577 1602 esse
608 1568 756 1601 velimus
784 1574 817 1601 et
842 1579 979 1600 summa
1004 1567 1231 1601 contentione

243 1621 353 1655 animi
380 1621 602 1664 effingamus,
630 1626 734 1663 atque
758 1618 936 1651 imitemur
953 1619 989 1650 in
1009 1618 1070 1651 illo
1088 1630 1125 1651 ea
1144 1630 1232 1663 quac

244 1672 394 1705 maxime
419 1671 604 1709 excellunt,
658 1669 764 1712 Quod
792 1669 819 1701 si
848 1669 954 1711 igitur
979 1669 1128 1701 imitatio
1155 1676 1232 1702 tan—

244 1730 364 1766 topere
382 1721 570 1755 necessaria
589 1728 651 1761 est,
678 1733 741 1753 nec
756 1719 884 1753 imitari
902 1732 1102 1764 quenquam
1124 1719 1232 1763 possi-

246 1786 343 1812 mus,
379 1785 481 1817 quem
513 1785 585 1804 nou
610 1771 748 1815 penitus
772 1777 893 1803 notum
919 1768 1126 1809 habeamus,
1161 1783 1232 1802 nou

246 1824 459 1868 relinquitur
474 1823 642 1863 dubium,
670 1821 835 1866 quindiu
856 1821 992 1863 legendi
1012 1821 1080 1854 sint
1100 1821 1232 1865 aliquot

247 1875 370 1919 optimi
397 1874 519 1908 libelli.
576 1873 621 1907 Ut
645 1873 737 1906 enim
763 1871 824 1916 qui
848 1872 954 1904 semel
978 1871 1148 1917 oppidum
1169 1871 1233 1904 ali-

248 1927 342 1971 quod
373 1930 630 1968 praetervectus
661 1930 729 1963 est,
765 1935 837 1955 non
867 1934 988 1955 omnes
1010 1922 1107 1955 urbis
1130 1922 1235 1961 vivos,

250 1988 320 2009 non
345 1975 495 2008 civitatis
519 1986 652 2013 mores,
680 1987 752 2007 non
780 1971 964 2006 bominum
989 1973 1055 2005 loci
1079 1973 1154 2006 eius
1180 1973 1235 2005 in-

248 2026 348 2069 genia
366 2026 482 2059 statim
498 2025 639 2064 didicit,
669 2025 712 2058 ita
731 2024 875 2057 consilia
892 2035 930 2056 ac
943 2023 1150 2064 sententias,
1177 2031 1233 2056 aut
1260 2038 1264 2074 Ι

248 2078 419 2110 sermonis
448 2075 737 2118 compositionem
766 2075 800 2107 iu
827 2081 968 2114 autore,
1003 2087 1105 2119 quem
1131 2075 1235 2107 semel

252 2127 470 2171 percurristi,
517 2139 586 2159 non
620 2127 734 2159 statim
769 2125 1049 2158 animadvertere
1081 2126 1236 2168 potuisti,

251 2179 309 2211 sed
335 2178 394 2210 diu
423 2179 457 2210 111
484 2190 524 2209 eo
548 2178 837 2210 commorandum
861 2183 928 2215 est,
962 2176 988 2208 si
1015 2177 1109 2209 voles
1132 2177 1236 2209 altius

252 2229 491 2271 introspicere.
546 2227 617 2260 lam
641 2235 679 2260 ut
704 2227 776 2259 eius
795 2227 947 2271 aliquam
966 2227 1234 2259 similitudinem

251 2278 471 2323 adsequaris,
515 2285 551 2312 ut
584 2279 686 2310 verba
720 2278 815 2310 illius
845 2278 880 2309 in
914 2285 1077 2321 promptu
1109 2275 1236 2310 habeas

252 2342 329 2363 cum
355 2342 443 2371 opus
466 2336 533 2367 est,
562 2336 597 2362 ut
617 2329 789 2361 sermonis
806 2328 1014 2371 compositio
1035 2329 1165 2361 nonsit
1184 2328 1234 2361 illi
1260 2359 1263 2380 ι

252 2380 441 2416 absimilis,
484 2377 549 2412 boc
576 2392 658 2412 vero
685 2380 759 2412 sine
785 2386 947 2424 perpetua
975 2379 1123 2413 lectione
1147 2379 1234 2412 effici
1260 2387 1264 2426 Ι

254 2444 323 2463 non
348 2438 468 2473 potest.
523 2430 577 2463 An
605 2443 675 2462 non
703 2431 860 2463 videmus
887 2430 1034 2473 pictores
1057 2443 1136 2462 rum
1158 2429 1234 2462 vnl-

255 2489 327 2515 tum
345 2481 492 2513 alicuius
511 2481 724 2523 depingunt,
749 2494 852 2525 quam
872 2492 972 2524 saepe
990 2481 1174 2524 respiciant
1193 2482 1234 2513 ad

252 2531 450 2573 exemplar?
491 2544 595 2575 quam
627 2532 800 2564 contentis
832 2532 941 2564 oeulis
973 2543 1094 2564 (nones
1128 2531 1236 2564 lineas

251 2582 558 2624 contemplo-ntur?
620 2581 666 2615 lta
701 2583 802 2615 nobis
835 2594 1015 2627 nunquam
1047 2582 1234 2616 deiiciendi

250 2633 342 2667 oculi
367 2639 470 2666 eruiit
492 2633 536 2664 ab
562 2646 601 2665 eo
626 2639 746 2665 autore
772 2646 876 2677 quem
903 2633 1170 2676 perdiscendum
1198 2633 1233 2665 in

250 2695 373 2717 mamis
395 2683 610 2727 accepimus,
641 2696 815 2728 quemque
840 2683 1050 2717 imitandum
1073 2696 1145 2718 esse
1168 2683 1233 2717 ali-

774 114 937 151 DECL.
971 113 1044 151 DE
1076 113 1276 152 PRAEF.
1311 114 1368 149 IN
1397 112 1720 151 HESIODUM.

2181 115 2257 152 244

1272 212 1341 246 qno
1366 200 1473 233 modo
1497 199 1672 236 duximus.
1731 199 1811 234 Non
1835 201 1976 245 disputo
1998 212 2093 235 nunc
2116 200 2160 233 de
2184 207 2257 234 tota

1274 250 1437 284 imitandi
1463 250 1618 290 ratione,
1645 250 1704 283 sed
1729 247 1796 283 boc
1817 263 1960 285 monere
1985 259 2121 286 tantum
2147 250 2258 293 volui,

1274 308 1436 345 oportere
1465 312 1530 334 nos
1554 300 1591 333 in
1619 298 1672 334 bis
1696 301 1821 334 studiis
1841 301 1972 335 nostris
1996 300 2126 336 habere
2147 308 2259 335 certas

1274 353 1441 397 quasdam
1466 350 1656 384 sententias
1677 363 1814 395 semper
1836 353 1883 384 ob
1905 352 2045 391 oculos,
2071 364 2110 385 ex
2129 351 2260 397 quibus

1275 403 1328 435 vel
1352 404 1395 435 de
1420 403 1580 435 moribus
1601 401 1655 434 vel
1681 403 1724 434 de
1747 403 1850 435 rebus
1868 402 1946 435 aliis
1966 401 2135 436 iudicium
2152 402 2260 435 facia-

1275 465 1370 493 mus,
1405 460 1437 486 et
1470 454 1511 486 ad
1543 464 1630 498 quas
1655 452 1844 485 referamus
1870 465 1952 493 nos,
1986 464 2194 498 quacunque
2217 453 2261 486 de

1276 516 1312 537 re
1344 503 1614 548 disputabimus.
1696 501 1834 536 Deinde
1869 504 2039 548 quaedam
2075 503 2262 536 struendae

1276 555 1607 599 componendaeque
1639 553 1811 586 orationis
1842 555 1991 587 tenenda
2023 554 2134 587 forma
2155 560 2206 587 est
2229 559 2263 587 et

1275 603 1474 643 character,
1500 604 1626 638 similis
1651 604 1759 638 veteri
1783 611 1817 637 et
1841 616 1927 648 pure
1947 603 2074 638 Latino
2096 603 2265 645 sermoni,

1276 668 1427 701 quorum
1450 663 1628 700 utrunque
1654 656 1748 687 deest
1774 655 1867 695 istis,
1893 655 1954 700 qui
1977 667 2087 689 unum
2108 653 2174 689 boc
2189 661 2265 688 stu-

1277 707 1375 739 dium
1400 704 1530 739 babent
1557 718 1618 750 per
1639 717 1760 738 omnes
1777 712 1914 739 autores
1930 705 2123 748 grassandi.
2173 703 2265 739 Nam

1279 769 1356 789 cum
1376 757 1450 789 sine
1466 756 1603 789 delectu
1617 768 1739 789 onmes
1753 757 1944 790 sententias
1959 763 2166 800 congerant,
2191 767 2266 790 non

1281 814 1390 852 potest
1419 807 1513 847 fieri,
1540 814 1578 840 ut
1603 804 1752 840 babeant
1776 814 1886 840 certas
1905 807 2040 851 aliquas
2058 806 2267 851 propositas,

1279 871 1365 903 quas
1389 857 1425 890 in
1451 857 1641 890 iudicando
1665 865 1866 902 sequantur.
1921 857 2058 892 Deinde
2076 857 2178 891 citius
2195 863 2267 890 tota

1279 921 1396 941 rerum
1420 916 1544 941 natura
1569 908 1782 948 mutabitur,
1807 921 1912 954 quam
1935 908 1993 942 fiet
2015 915 2053 942 ut
2078 908 2168 942 iusta
2186 919 2266 941 ora-
2316 945 2320 949 ,

1280 959 1387 993 tionis
1406 965 1579 991 structura
1598 965 1744 991 utantur
1759 956 1814 999 bi,
1840 959 1900 1004 qui
1917 970 1990 992 non
2005 960 2047 992 ad
2064 959 2266 1004 aliquorum

1281 1022 1320 1043 ex
1352 1010 1527 1043 veteribus
1556 1009 1788 1042 imitationem
1821 1021 1893 1042 sese
1915 1009 2142 1043 contulerint.
2195 1007 2267 1042 lta-

1280 1072 1348 1106 que
1378 1060 1539 1093 videmus
1571 1072 1692 1092 eorum
1721 1059 1937 1101 orationem,
1972 1060 2033 1105 qui
2065 1071 2269 1105 quanquam

1280 1111 1389 1144 multa
1424 1111 1593 1152 legerint,
1628 1117 1744 1143 tamen
1770 1110 1805 1143 in
1832 1111 2075 1154 componenda
2101 1110 2270 1150 oratione,

1280 1173 1359 1194 cum
1384 1161 1516 1193 nnllam
1541 1167 1692 1193 veterem
1716 1161 1863 1193 formam
1882 1161 2083 1201 imitantur,
2108 1160 2271 1205 persimi-

1282 1212 1348 1244 lem
1387 1223 1459 1244 esse
1496 1210 1648 1243 mendici
1684 1211 1810 1253 pallio,
1858 1211 1913 1244 cui
1947 1211 2072 1254 passim
2108 1212 2270 1252 lacerato,

1281 1262 1396 1294 omnis
1427 1261 1564 1304 generis
1594 1261 1776 1305 panniculi
1807 1262 1912 1295 assuti
1936 1269 2029 1297 sunt.
2080 1262 2169 1296 Nam
2196 1267 2270 1296 tota

1283 1313 1428 1345 istorum
1454 1312 1567 1346 oratio
1590 1324 1628 1344 ex
1649 1311 1880 1344 dissimilimis
1896 1319 1928 1345 et
1946 1312 2061 1346 verbis
2077 1319 2108 1346 et
2125 1319 2269 1346 senten-

1283 1363 1339 1397 tiis
1364 1370 1547 1404 congesta,
1572 1362 1658 1394 alias
1684 1362 1803 1404 longas
1828 1359 1931 1395 habet
1952 1363 2271 1404 cit-conductiones,

1283 1414 1366 1446 alias
1397 1413 1545 1456 abrupta
1576 1413 1746 1457 quaedam
1777 1418 1808 1445 et
1831 1413 1953 1446 mutila
1977 1414 2152 1452 membra,
2186 1413 2271 1447 alias

1283 1464 1457 1497 obsoletas
1483 1470 1513 1496 et
1538 1463 1582 1495 ab
1607 1463 1728 1496 ultima
1754 1463 1962 1508 antiquitate
1986 1465 2108 1508 petitas
2133 1465 2273 1506 figuras,

1283 1526 1369 1559 quas
1394 1526 1465 1546 non
1491 1513 1659 1555 intelligat
1676 1513 1703 1546 si
1724 1514 1908 1548 reviviscat
1927 1515 1997 1557 ipsa
2019 1513 2178 1548 Evandri
2196 1527 2271 1548 ma-

1284 1574 1350 1603 ter,
1378 1565 1462 1597 alias
1479 1565 1647 1597 vocabula
1664 1576 1754 1597 nova
1771 1571 1802 1598 et
1819 1565 1854 1597 in
1871 1565 1985 1598 media
2002 1565 2163 1599 barbarie
2180 1572 2271 1600 nata·

1283 1615 1396 1649 Porro
1420 1627 1498 1647 cum
1523 1614 1582 1647 illa
1605 1614 1856 1648 dissimilitudo
1881 1616 2129 1650 obscuritatem
2151 1615 2275 1661 pariat,

1285 1673 1317 1699 et
1344 1665 1535 1698 maximum
1561 1665 1684 1698 vitium
1709 1666 1878 1699 orationis
1895 1666 1939 1700 sit
1955 1667 2168 1708 obscuritas,
2194 1667 2274 1712 quis

1285 1717 1352 1750 talc
1377 1716 1517 1749 dicendi
1544 1727 1652 1759 genus
1676 1729 1746 1749 non
1771 1717 1909 1750 oderit?
1936 1718 2014 1762 quis
2038 1731 2110 1751 non
2134 1718 2274 1759 fugien-

1286 1769 1369 1801 dum
1386 1767 1491 1805 velis,
1518 1774 1555 1800 ut
1574 1767 1618 1800 ita
1638 1767 1770 1807 dicam,
1797 1775 1828 1801 et
1847 1768 1952 1801 remis
1969 1769 2120 1802 sentiat?
2172 1769 2273 1811 Quae

1286 1831 1364 1851 cum
1390 1818 1435 1850 ita
1460 1818 1549 1860 sint,
1577 1818 1655 1862 quis
1682 1831 1752 1851 non
1778 1818 1925 1852 fateatur
1943 1819 2051 1853 satius
2070 1831 2158 1859 esse,
2186 1833 2273 1864 pau-

1287 1881 1344 1902 cos
1367 1869 1572 1911 scriptores,
1599 1869 1657 1901 scd
1685 1869 1837 1912 optimos
1862 1870 2012 1903 subinde
2040 1871 2171 1913 legere,
2197 1882 2274 1904 eos-

1287 1932 1354 1964 que
1375 1919 1665 1952 f.uniliarissimos
1683 1919 1786 1953 nobis
1802 1921 1928 1958 facere,
1956 1934 2060 1966 quam
2080 1922 2275 1955 tumultua-

1287 1971 1338 2003 ria
1365 1970 1514 2003 lectione
1542 1982 1602 2014 per
1624 1970 1742 2004 omnia
1769 1970 1976 2015 bibliopolia
2005 1972 2139 2014 vagari,
2174 1984 2274 2015 prae-

1287 2021 1407 2054 sertim
1435 2033 1513 2054 cum
1539 2019 1605 2054 boc
1627 2021 1703 2055 vitii
1729 2018 1854 2055 babeat
1879 2034 1915 2055 ea
1940 2034 2010 2060 res,
2040 2030 2074 2055 ut
2093 2023 2128 2055 111
2146 2023 2276 2057 multos

1261 2090 1264 2129 Ι
1289 2072 1399 2104 malos
1424 2072 1532 2105 libros
1556 2084 1660 2116 opera
1685 2072 1894 2112 collocetur,
1921 2074 2014 2106 unde
2039 2074 2132 2107 vetut
2152 2080 2274 2107 conta—

1288 2123 1390 2166 gione.
1419 2130 1480 2157 aut
1510 2134 1631 2167 pravas
1657 2123 1858 2165 opiniones,
1890 2131 1949 2157 aut
1973 2131 2178 2168 corruptum
2202 2136 2276 2158 ser-

1289 2174 1403 2206 monis
1435 2186 1544 2215 geuus
1575 2171 1778 2213 contrahas,
1827 2187 1916 2218 quae
1948 2183 2063 2218 postea
2096 2175 2276 2209 dediscere

1290 2224 1448 2257 immensi
1474 2225 1607 2267 negocii
1631 2231 1700 2263 est,
1723 2225 1924 2267 praesertim
1947 2226 1974 2258 si
1998 2226 2116 2260 statim
2139 2227 2226 2260 rude
2241 2232 2276 2260 et

1290 2288 1408 2308 recens
1437 2275 1616 2317 ingenium
1644 2275 1839 2311 infecerint.
1893 2275 1980 2309 Nam
2003 2279 2030 2310 si
2057 2284 2172 2311 motus
2196 2289 2275 2311 cor-

1290 2327 1384 2370 poris
1409 2326 1573 2365 vitiosus,
1601 2327 1738 2371 qualem
1767 2328 1805 2359 111
1828 2325 2030 2361 Alexandro
2053 2334 2276 2368 notaverunt.

1288 2377 1542 2410 connsuetudine
1573 2378 1736 2416 duratus„
1776 2377 1902 2420 corrigi
1937 2386 2053 2421 postea
2087 2378 2185 2411 11111111
2216 2390 2273 2412 η-

1288 2428 1382 2460 tione
1406 2435 1533 2471 potest,
1569 2440 1658 2472 quae
1681 2440 1757 2472 spes
1782 2435 1832 2462 est
1857 2441 1897 2462 ex
1921 2431 2040 2463 auimo
2062 2429 2275 2473 perniciosas

1260 2516 1262 2524 k
1287 2479 1492 2522 opiniones,
1527 2491 1605 2511 cum
1633 2479 1701 2511 iam
1725 2479 1793 2513 alte
1818 2480 1950 2513 radices
1973 2487 2138 2523 egerunt.
2171 2479 2274 2513 evelli

1288 2542 1404 2573 posse,
1431 2537 1489 2563 aut
1515 2529 1694 2563 emendari
1720 2530 1891 2563 sermonis
1913 2530 2013 2569 vitia.
2040 2542 2192 2576 quorum
2211 2543 2274 2564 1111-

1289 2587 1401 2613 turam
1426 2580 1489 2614 111ιί
1518 2581 1665 2613 feceris?
1725 2579 1848 2614 Danda
1875 2580 1982 2623 igitur
2005 2594 2108 2625 opera
2132 2589 2183 2616 est
2202 2590 2273 2617 st·-

1287 2631 1348 2664 tim
1375 2639 1411 2665 ut
1437 2631 1579 2674 optimis
1605 2632 1825 2670 imbumnur,
1859 2638 1891 2665 et
1917 2632 2060 2675 perinde
2084 2640 2191 2677 atque
2213 2643 2271 2665 νο-

1287 2694 1376 2716 nena
1400 2683 1552 2716 caxeuda
1580 2689 1662 2717 sunt
1684 2689 1717 2717 ct
1742 2682 1863 2727 pmcul
1887 2683 2055 2724 arcenda,
2083 2694 2172 2729 quae
2190 2689 2272 2717 sunt
