2338 2958
472 143 628 181 DECL.
678 145 751 182 DE
786 126 969 182 mero
997 143 1190 179 mum:
1229 143 1380 181 neus
1419 145 1530 183 EST
1556 156 1640 185 mc.

136 232 225 268 Cum
251 232 357 275 igitur
387 237 457 265 tam
479 231 593 265 dulcis
615 232 809 266 consolatio
834 231 871 265 in
892 231 1021 265 talibus

0 274 7 330 ξι
35 283 138 318 dictis
165 283 340 327 proposita
365 282 426 321 sit,
460 282 624 326 infigatur
648 283 795 323 animis,
829 289 868 316 ut
891 294 955 315 nos
984 281 1021 314 in

0 344 2 380 y
34 345 138 368 cursu
155 330 383 366 honestorum
402 334 630 367 consiliorum
649 334 841 368 confirmet.

0 396 8 426 ᾗ
133 381 283 416 Addidit
301 390 418 416 autem
437 383 546 417 Divus
563 383 694 417 Paulus
713 383 949 417 eruditissime
966 394 1022 415 ra-

0 430 1 467 i
31 434 164 467 tionem
181 446 199 466 a
226 445 327 466 causa
348 434 442 466 finali
461 441 650 478 sumptam:
686 434 801 477 Quam
819 435 864 467 ob
882 445 1020 466 causam

0 474 2 521 i
31 484 167 526 colligit
192 491 226 517 et
248 485 344 517 iuvat
372 484 465 518 Deus
489 483 705 518 Ecclesiam?
756 484 904 528 Propter
922 481 1022 523 hanc,

0 526 2 573 l,
30 533 164 580 inquit,
191 541 227 568 ut
245 535 362 579 aliqua
380 533 454 568 Deo
473 542 566 578 grata
585 536 680 568 fiant.

33 148 110 185 749
1991 153 2065 187 750

1077 228 1118 263 In
1145 227 1200 263 his
1225 231 1392 275 exemplis
1416 234 1602 278 monstrati
1618 233 1712 268 Deus
1735 235 1822 269 iram
1853 247 1970 269 suam.-
2006 240 2064 271 sed

1078 293 1122 313 ne
1139 286 1250 314 totum
1272 292 1378 323 genus
1401 279 1595 317 humanum
1619 285 1654 317 in
1678 286 1898 330 sempiternis
1915 288 2066 322 miseriis

1046 321 1051 381 l
1077 331 1138 371 sit,
1164 331 1261 363 Deus
1274 331 1441 365 immensa
1454 334 1690 368 misericordia
1708 344 1850 381 propter
1865 338 1975 370 filium
1992 339 2065 373 col-

1075 381 1152 423 ligit
1168 379 1378 423 Ecclesiam,
1405 389 1438 415 et
1464 383 1577 424 iuvat,
1611 392 1650 419 ut
1666 387 1695 418 ei
1714 387 1830 432 aliqua
1853 395 1948 431 grata
1968 389 2063 424 fiant.

1074 430 1167 464 Nero
1193 430 1306 464 Deum
1333 432 1478 465 immani
1501 434 1619 467 surore
1644 439 1851 472 contemnit:
1880 445 1914 472 at
1931 438 2062 473 Paulus

1074 481 1205 514 interea
1222 494 1338 514 veram
1353 483 1396 515 de
1406 482 1480 516 Deo
1499 485 1694 518 doctrinam
1713 489 1860 531 spargit,
1883 501 1963 522 vere
1981 502 2062 524 eum

1075 532 1234 573 invocat,
1261 539 1294 566 et
1315 540 1465 576 praestat
1481 542 1612 568 caetera
1635 537 1745 569 officia
1765 538 1828 581 ipsi
1848 547 1955 582 grata.
2011 539 2061 574 lta

132 584 228 618 Haec
258 586 352 618 enim
389 585 507 618 nativa
535 593 585 619 est
618 585 806 618 verborum
837 583 1021 617 sententia.
1046 614 1048 630 ἶ

28 631 164 680 Estque
184 635 331 669 eruditis
356 635 549 669 iucundum
574 642 607 669 et
634 635 736 668 valde
755 635 860 675 utile,
888 634 1021 668 intelli·
1045 633 1048 684 ‘2

842 685 1019 719 Discernit
1045 687 1048 703 ¹

1044 744 1046 750 ·
1071 732 1324 777 Evangelium,
1349 737 1479 779 gratius
1497 749 1584 781 opus
1601 737 1678 771 Deo
1696 746 1766 780 est,
1795 752 1898 785 quam
1923 739 2059 774 Hercu-

0 683 2 730 ᾗ
29 696 110 729 gere
132 683 308 730 phrasim,
343 693 375 719 et
401 687 588 719 verborum
612 686 779 729 pondera.

29 743 145 770 autem
170 734 237 769 boc
259 737 335 770 loco
355 736 470 770 Divus
487 735 616 769 Paulus
632 735 756 768 mundi
778 736 929 777 furores,
957 735 1019 780 qui

28 786 119 820 iram
137 785 201 820 Dei
219 785 437 820 horribiliter
462 786 620 827 irritant,
646 798 664 819 a
681 787 893 820 salutaribus
911 787 1018 820 actio·
1044 812 1046 833 ¹.

29 838 137 870 nibus
164 844 198 871 et
220 836 295 871 Deo
311 837 550 881 placentibus,
584 849 672 882 quae
693 837 780 870 flunt
800 837 834 869 iu
852 835 1018 872 Ecclesia.

31 887 142 930 Quasi
157 888 267 922 dicat:
302 887 382 920 Non
398 888 473 921 vult
487 886 583 920 Deus
603 888 806 920 universum
826 899 934 931 genus
953 885 1019 920 bu—

28 950 174 972 manum
190 939 318 972 frustra
335 938 517 971 conditum
535 949 626 976 esse,
652 945 685 971 et
708 939 865 971 furenter
881 950 920 971 ac
935 938 1019 971 assi·
1044 937 1047 982 1

1073 595 1187 623 nunc,
1224 583 1285 615 etsi
1312 584 1412 618 multi
1439 586 1580 630 tyranni
1606 593 1638 620 et
1659 587 1718 619 alii
1744 584 1859 622 hostes
1878 588 2061 633 Evangelii

1072 631 1186 666 Deum
1211 641 1459 674 contemnunt,
1495 642 1610 669 tamen
1632 638 1681 680 pii
1700 639 1964 673 concionatores
1984 641 2059 674 Deo

1073 691 1169 726 grata
1188 684 1335 717 faciunt:
1365 692 1396 718 et
1421 686 1468 729 pii
1492 684 1687 720 scholastici
1709 689 1876 723 sedulitas
1895 690 2060 725 discentis

1071 783 1133 825 lis,
1167 785 1379 826 Alexandri,
1413 794 1473 820 aut
1500 787 1580 820 Iulii
1606 789 1741 823 labores
1765 790 1923 834 ingentes
1948 792 1983 824 in
2008 798 2059 826 tot

1070 835 1229 879 praeliis,
1264 836 1300 868 in
1322 843 1373 870 tot
1397 837 1538 871 urbium
1568 840 1730 878 excidiis,
1764 841 1801 873 in
1827 848 1877 876 tot
1902 842 2058 885 gentium

1071 886 1359 930 dissipationibus
1376 889 1586 932 consumpti.

1171 935 1266 970 llaec
1291 938 1431 971 collatio
1454 951 1554 982 saepe
1581 940 1764 983 cogitanda
1783 949 1851 984 est,
1878 949 1916 976 ut
1933 955 1996 976 nos
2015 944 2057 976 ad

29 988 98 1022 due
120 987 235 1021 Deum
255 989 468 1022 contumelia
492 989 653 1022 adficere:
689 990 749 1022 sed
779 989 931 1033 excerpit
954 989 1019 1021 ali-
1044 984 1047 1017 ἶ
1071 987 1184 1020 studia
1203 994 1235 1020 et
1253 988 1296 1020 ad
1317 985 1479 1021 honestas
1496 989 1648 1024 actiones
1674 989 1738 1025 hae
1758 994 1847 1026 duae
1866 1005 1986 1026 causae
2003 994 2059 1026 in-

29 1051 136 1084 quam
160 1045 313 1083 partem,
348 1052 437 1084 quae
461 1046 625 1083 agnoscat
649 1039 781 1083 ipsum,
808 1047 841 1073 et
865 1051 946 1072 vere
963 1051 1021 1072 ce-

29 1089 161 1131 lebret,
183 1096 215 1122 et
234 1090 263 1122 ei
283 1097 377 1133 grata
395 1090 507 1123 officia
525 1096 689 1133 praestet,
717 1090 880 1123 videlicet
896 1088 1018 1123 Eccle-

28 1151 128 1175 siam.

28 1252 102 1274 non
120 1247 170 1274 est
184 1239 290 1274 Deus.
330 1239 479 1273 Plurimi
497 1240 611 1284 palam
628 1247 711 1273 sunt
725 1238 909 1284 Epicurei,
935 1238 1021 1274 hor-

27 1291 126 1324 ribili
144 1291 294 1324 amentia
311 1291 570 1331 adseverantes,
598 1288 688 1323 nihil
706 1302 777 1324 esse
786 1290 912 1332 Deum,
937 1292 1019 1324 nul-

182 1141 226 1173 At
246 1141 282 1173 in
298 1141 433 1185 reliqua
450 1140 680 1173 multitudine
697 1140 817 1184 quales
835 1140 905 1174 sint
920 1141 1020 1174 suro·

27 1201 102 1228 res,
129 1190 262 1223 indicat
277 1189 424 1223 Psalm.:
459 1189 557 1223 Dixit
578 1189 748 1233 insipiens
770 1190 805 1222 in
823 1191 927 1223 corde
946 1201 1020 1231 suo,
1044 1189 1046 1220 ζ

1071 1038 1198 1070 vitent:
1234 1039 1327 1082 quod
1352 1039 1513 1073 videlicet
1543 1042 1712 1074 auxilium
1734 1041 1799 1075 Dei
1829 1044 2059 1087 promittitur.

1069 1086 1116 1121 Et
1139 1089 1231 1133 quod
1256 1088 1417 1122 adfirmat
1440 1088 1535 1123 Deus
1557 1092 1669 1125 officia
1689 1091 1864 1127 Ecclesiae
1880 1095 1944 1127 sibi
1963 1100 2057 1137 grata

1071 1150 1154 1172 esse.
1211 1138 1318 1180 Quod
1336 1151 1415 1172 cum
1431 1140 1476 1174 ita
1494 1141 1555 1181 sit,
1579 1149 1724 1186 propter
1741 1144 1796 1187 pia
1821 1145 1935 1178 studia
1952 1152 1983 1178 et
2001 1157 2060 1177 ve-

1070 1201 1144 1221 ram
1177 1188 1454 1230 invocationem,
1488 1203 1612 1234 magna
1645 1194 1796 1236 praemia
1829 1196 1889 1229 dat
1911 1195 2062 1238 singulis

1070 1240 1254 1283 privatim,
1280 1246 1312 1272 et
1339 1241 1420 1274 totis
1443 1242 1605 1284 gentibus
1623 1245 1870 1281 communiter.
1920 1245 2059 1288 Pacem,

1069 1290 1220 1330 xicuim,
1256 1292 1436 1325 moderata
1463 1292 1627 1336 imperia,
1668 1295 1909 1328 doctrinarum
1933 1296 2060 1336 lucem,

29 1341 99 1374 lam
123 1353 194 1375 esse
215 1341 495 1385 providentiam,
530 1341 650 1375 omnia
673 1352 753 1375 casu
770 1348 849 1375 nata
869 1353 958 1382 esse,
985 1350 1018 1376 et
1044 1376 1047 1388 Ι
1071 1340 1107 1372 in
1125 1341 1281 1373 consiliis
1306 1348 1338 1375 et
1363 1343 1510 1384 negotiis
1535 1345 1682 1386 privatis
1698 1352 1730 1378 et
1744 1347 1895 1388 publicis
1917 1346 2059 1379 foelices

30 1391 176 1425 interire
199 1403 300 1432 casu,
336 1389 427 1425 nihil
450 1399 580 1425 restare
602 1390 757 1425 hominis
783 1393 875 1436 quod
907 1393 1020 1435 xigcat
1044 1414 1047 1441 ς
1071 1403 1265 1429 successus»,
1299 1393 1358 1425 dat
1382 1392 1493 1425 Deus:
1529 1395 1609 1438 quia
1635 1393 1810 1429 Ecclesiae
1837 1397 1948 1430 officia
1975 1409 2058 1441 pro-

29 1449 62 1475 et
79 1443 190 1485 sapiat
215 1439 396 1485 posthanc
415 1443 531 1477 vitam.
584 1440 655 1475 Alii
680 1442 780 1475 multi
801 1443 935 1485 fingunt
952 1443 1018 1476 sibi
1070 1443 1140 1475 bat.
1200 1441 1296 1484 Quid
1321 1448 1368 1475 est
1394 1443 1549 1485 tristius,
1581 1457 1685 1489 quam
1718 1444 1898 1480 hominem
1933 1448 1978 1480 ita
2005 1448 2057 1479 xi-

28 1492 95 1536 ipsi
115 1493 281 1531 numina,
310 1500 342 1526 et
362 1493 424 1526 Dei
440 1491 610 1526 honorem
630 1493 793 1526 tribuunt
811 1494 945 1528 statuis.
1070 1504 1169 1531 vere,
1194 1499 1233 1525 ut
1258 1499 1394 1526 tantum
1418 1494 1529 1528 irritet
1554 1495 1641 1528 iram
1658 1495 1743 1536 Dei,
1770 1505 1803 1531 et
1819 1498 1972 1532 cumulet
1989 1498 2057 1530 sibi

131 1542 236 1576 Tales
270 1544 297 1575 si
331 1544 549 1583 consideres,
588 1544 689 1576 facile
716 1544 865 1586 intelligi
896 1551 1019 1588 potest,
1070 1549 1103 1575 et
1120 1543 1197 1575 aliis
1215 1544 1368 1586 poenas?
1419 1542 1450 1577 E
1473 1553 1594 1579 contra
1610 1547 1694 1591 quid
1712 1548 1837 1581 melius
1857 1556 1925 1588 est,
1952 1560 2057 1592 quam

29 1593 353 1627 curdicatl‘aulus:
384 1594 466 1627 ldeo
479 1592 668 1627 Ecclesiam
688 1594 824 1637 excerpi
840 1606 879 1627 ex
895 1606 1018 1636 genere
1070 1593 1116 1625 ita
1135 1593 1273 1633 vivere,
1300 1600 1338 1626 ut
1356 1593 1431 1626 Deo
1448 1607 1568 1628 cursus
1584 1603 1667 1629 tuus
1690 1597 1847 1640 placeat?
1882 1606 1914 1632 et
1938 1599 2001 1631 tibi
2025 1606 2056 1631 et

28 1642 204 1684 humano,
240 1650 272 1677 et
294 1644 428 1683 iuvari,
463 1651 502 1678 ut
527 1644 596 1676 sint
620 1644 730 1688 aliqui
755 1652 849 1686 grata
873 1643 948 1677 Deo
966 1644 1018 1676 sa-
1070 1643 1202 1686 patriae
1221 1650 1298 1676 tuae
1315 1644 1477 1677 salutaris
1492 1646 1560 1679 sit?

28 1695 169 1729 cientes.
223 1694 311 1727 Nam
330 1692 494 1737 Epicurei
513 1700 544 1726 et
560 1700 753 1727 statuarum
771 1694 921 1727 cultores
939 1701 1019 1727 tan-
1173 1692 1266 1726 Haec
1289 1694 1500 1736 cogitantes,
1533 1703 1566 1730 et
1589 1697 1654 1739 ipsi
1687 1698 1877 1732 excitemur
1900 1700 1942 1733 ad
1967 1707 2060 1733 recte

28 1744 73 1778 tis
96 1744 319 1778 contumeliis
344 1744 485 1778 irritant
508 1744 594 1776 iram
614 1744 679 1778 Dei
701 1745 866 1777 adversus
888 1745 1019 1788 seipsos
1070 1743 1288 1783 faciendum,
1322 1752 1355 1778 et
1379 1752 1534 1787 petamus
1561 1748 1730 1780 auxilium
1749 1748 1834 1789 Dei,
1860 1757 1898 1783 ut
1917 1749 1974 1783 hic
1994 1752 2060 1783 do·—

29 1802 61 1828 et
76 1796 243 1828 adversus
261 1801 369 1828 totam
384 1806 502 1827 rerum
517 1801 696 1832 naturam,
724 1802 763 1827 ut
784 1801 926 1838 propter
941 1807 1019 1827 exe·
1071 1792 1278 1826 cetPaulus:
1302 1793 1397 1827 Deus
1412 1797 1533 1835 efficit,
1558 1805 1595 1830 ut
1614 1799 1810 1840 perficiatis.
1864 1799 1920 1833 Tu
1942 1801 2061 1843 igitur,

29 1846 178 1878 crandos
210 1842 337 1877 borum
366 1845 503 1877 furores
534 1845 650 1878 subito
679 1844 906 1877 interiturum
932 1851 1020 1878 esset
1044 1832 1048 1865 l
1071 1851 1208 1876 aeterne
1230 1843 1344 1884 Deus,
1379 1853 1476 1888 pater
1504 1845 1650 1880 Domini
1675 1850 1785 1882 nostri
1810 1848 1887 1883 Iesu
1913 1849 2061 1889 Christi,

28 1895 233 1929 universum
267 1906 375 1937 genus
407 1892 620 1934 humanum,
651 1894 720 1927 nisi
743 1893 838 1927 Deus
861 1906 943 1928 suae
969 1894 1019 1927 illi
1043 1870 1048 1937 i
1071 1894 1235 1926 conditor
1262 1895 1421 1928 omnium
1454 1907 1571 1930 rerum
1604 1905 1637 1931 et
1658 1896 1833 1932 Ecclesiae
1857 1907 1954 1940 tuae,
1988 1914 2057 1935 una

29 1943 234 1979 haereditati
254 1951 427 1988 parceret,
448 1957 552 1990 quam
572 1944 746 1988 excerpit,
773 1951 903 1990 etquae
919 1957 1020 1978 veros
1043 1940 1047 1993 ξ
1071 1956 1148 1977 cum
1164 1944 1235 1976 filio
1254 1952 1314 1978 tuo
1339 1944 1496 1980 Domino
1517 1955 1638 1982 nostro
1658 1947 1735 1982 lesu
1753 1947 1894 1983 Christo
1921 1959 1953 1986 et
1977 1951 2061 1996 Spi-

27 1994 96 2030 Dei
120 1994 272 2029 honores
295 1995 385 2028 tueri
408 1996 539 2029 studet.
590 1994 687 2037 Quid
711 1995 812 2029 multi
839 1996 924 2028 alii?
958 1996 1019 2041 qui
1044 2031 1047 2035 ,
1071 1994 1142 2028 ritu
1165 2002 1284 2028 sancto
1309 2002 1388 2035 tuo,
1423 1997 1587 2031 miserere
1613 2000 1742 2041 nostri,
1769 2008 1911 2045 propter
1926 2003 2060 2035 media-

30 2045 105 2081 Deo
123 2053 345 2090 anteponunt
363 2046 550 2086 libidines,
589 2045 812 2090 tyrannides,
854 2046 1018 2080 iniustam
1043 2043 1047 2078 *s
1071 2052 1181 2078 torem
1201 2053 1359 2080 nostrum
1376 2046 1486 2080 lesum
1501 2046 1701 2090 Christum,
1729 2058 1761 2084 et
1777 2053 1926 2085 accende
1941 2060 2060 2096 pecto-

31 2097 244 2138 viudictam,
271 2096 436 2141 rapinas?
477 2095 542 2129 His
559 2096 747 2129 sceleribus
763 2103 934 2141 quantum
951 2097 1019 2130 ira-
1044 2088 1047 2119 ἶ
1071 2108 1106 2129 ra
1127 2102 1244 2129 nostra
1255 2096 1391 2140 Spiritu
1410 2105 1470 2131 tuo
1483 2106 1620 2140 sancto,
1649 2112 1713 2133 nus
1729 2113 1824 2145 rege,
1852 2109 1884 2136 et
1900 2103 1999 2143 iuva,
2021 2110 2060 2136 ut

30 2155 146 2181 scatur
165 2146 284 2190 Deus,
318 2147 471 2191 conspici
495 2147 530 2180 in
554 2159 743 2190 poenarum
767 2148 934 2191 exemplis
955 2160 1019 2192 po-
1070 2146 1185 2179 studia
1205 2154 1335 2181 nostra
1369 2155 1401 2182 et
1425 2155 1536 2182 toturn
1567 2158 1726 2184 nostrum
1754 2153 1970 2186 curriculum
1996 2154 2059 2187 tibi

29 2205 113 2239 test,
151 2210 232 2231 nam
264 2199 393 2231 multae
418 2209 564 2241 magnae
592 2205 710 2240 gentes
736 2197 818 2230 inde
843 2209 952 2242 usque
974 2199 1018 2232 ab
1043 2214 1047 2222 ·
1071 2204 1206 2240 gratum
1225 2198 1287 2238 sit,
1315 2205 1346 2231 et
1371 2200 1520 2234 celebret
1545 2201 1636 2234 veris
1652 2198 1866 2244 honoribus,
1892 2210 1923 2237 et
1940 2204 1982 2237 sit
2006 2216 2063 2236 sa-

28 2249 132 2282 initio
155 2249 291 2293 generis
315 2246 460 2281 humani
486 2254 629 2292 propter
661 2245 722 2280 has
745 2259 864 2281 causas
886 2249 1020 2282 deletae
1044 2260 1046 2294 ,¹
1070 2248 1182 2281 lutare
1199 2248 1302 2281 nobis
1319 2255 1351 2282 et
1368 2250 1551 2283 universae
1564 2249 1760 2293 Ecclesiae,
1783 2251 1911 2287 Amen.
1943 2253 2039 2288 Dixi.

0 2295 1 2299 ¹
30 2306 123 2334 sunt.
175 2298 248 2332 Has
273 2311 403 2343 poenas
433 2300 508 2332 vult
535 2299 638 2332 nobis
662 2297 758 2331 Deus
781 2300 1019 2333 commonefa-
1043 2295 1047 2313 ³

30 2350 163 2384 ctiones
178 2361 268 2389 esse,
297 2356 337 2383 ut
354 2350 396 2382 de
413 2349 657 2392 magnitudine
674 2349 744 2382 irae
765 2349 906 2382 divinae
925 2351 1018 2394 cogi—
1042 2377 1046 2393 ;

29 2407 155 2436 temus.
193 2399 315 2443 Legis,
341 2406 466 2432 matres
484 2400 519 2433 iu
538 2400 784 2433 obsidionibus
800 2406 915 2433 coctos
930 2401 1018 2434 filios
1042 2398 1046 2436 ἶ
1103 2432 1113 2436 ,

29 2462 151 2485 rursus
175 2451 267 2484 intra
293 2457 450 2483 materna
477 2450 606 2483 viscera
638 2450 848 2484 condidisse.
907 2450 1018 2494 Legis,
1043 2444 1045 2452 γ
1081 2431 1148 2465 λθ·
1165 2432 1225 2467 93·

1879 2451 1927 2472 an.
1955 2441 2044 2470 1546.

30 2502 68 2535 in
85 2502 172 2536 urbe
192 2499 430 2534 Xanthiorum
450 2501 659 2544 pendentem
683 2502 726 2534 de
752 2507 840 2534 tecto
859 2508 1017 2543 matrem,
1041 2537 1043 2547 γ
1303 2534 1312 2542 ,
1782 2536 1791 2544 ·
1860 2537 1870 2545 ⁶

0 2540 1 2599 f
30 2559 64 2585 et
88 2553 131 2585 de
167 2551 257 2585 collo
290 2551 414 2585 matris
439 2551 695 2594 strangulatum
720 2552 909 2584 infantem:
945 2552 1017 2586 imo
1041 2556 1044 2577 ¹
1152 2533 1227 2574 De
1259 2533 1403 2575 ‘hoto-⁴
1441 2533 1649 2576 Attende
1681 2536 1865 2577 ‘ceston‘
1896 2542 1976 2578 etc·

0 2629 1 2632 ,
29 2614 124 2636 nunc
141 2602 238 2635 vides
250 2602 398 2646 grassari
415 2602 450 2634 iu
465 2601 647 2634 Pannonia
661 2601 814 2643 Turcos,
843 2602 1016 2636 trucidare
1039 2622 1044 2659 ί
1137 2614 1166 2640 tn
1189 2614 1282 2639 select.
1304 2613 1381 2641 Dect.
1403 2616 1438 2640 Τ.
1457 2614 1504 2641 111.
1525 2623 1550 2645 ρ.
1565 2613 1646 2648 475.‚
1668 2615 1785 2641 Servest.
1801 2615 1848 2641 111.
1867 2625 1892 2650 p.
1910 2615 1988 2647 soz,
2014 2615 2065 2639 ni-

1172 2649 1266 2676 cbard,
1289 2648 1334 2675 ΙΙΙ.
1354 2657 1379 2681 p.
1402 2649 1462 2675 364.
1487 2653 1514 2673 et
1535 2648 1560 2673 in
1582 2648 1615 2673 Τ.
1635 2649 1681 2674 ΙΙΙ.
1706 2649 1812 2674 Erl'ord.
1833 2650 1870 2675 lit.
1885 2650 1911 2675 b.
1946 2648 2010 2673 hem
2036 2649 2063 2673 in

1170 2682 1257 2708 libro:
1283 2681 1393 2715 Georgii
1422 2681 1557 2716 Principis
1579 2682 1717 2709 Anbattiui
1745 2684 1892 2709 conciones
1918 2687 1943 2707 et
1963 2684 2063 2716 scripto

1168 2715 1294 2747 (Nviteh.
1312 2717 1386 2744 1570.
1409 2717 1472 2749 fol.)
1489 2724 1514 2749 p.
1531 2717 1611 2749 405..
1639 2717 1685 2742 ubi
1709 2717 1735 2742 in
1760 2717 1811 2742 fine
1832 2718 1941 2742 recitat!
1965 2717 2061 2742 dicitur

0 2644 1 2683 ss
30 2653 180 2686 infantes
196 2660 410 2697 aparentum
429 2653 611 2696 complexu
627 2651 783 2685 avulsos:
811 2653 939 2686 deinde
955 2666 1016 2698 pa-
1038 2661 1043 2706 l

0 2702 2 2734 ἑ
30 2710 145 2738 rentes
167 2703 202 2736 in
226 2704 449 2745 servitutem,
482 2710 595 2737 morte
619 2702 809 2736 tristiorem
832 2703 1013 2740 abducere.
