2338 2958
190 121 260 156 731

195 205 364 246 excelsos,
389 203 569 240 ardentes,
592 196 731 244 qualem
747 194 895 230 omnino
913 190 1061 229 Lutberi
1080 193 1186 228 fuisse

199 269 253 292 res
271 254 436 290 ostendit.

283 306 379 350 Quid
396 303 508 336 dicam
524 301 566 334 de
582 297 728 333 caeteris
744 297 819 331 eius
834 294 1049 330 virtutibus?
1077 293 1188 339 Saepe

196 360 269 403 ipse
292 353 486 389 interveni,
513 363 592 385 cum
618 347 841 394 lachrymans
864 347 1083 392 precationes
1107 357 1186 379 suas

196 422 258 455 pro
283 413 353 440 tota
377 402 534 437 Ecclesia
559 401 658 434 dixit.
711 399 881 433 Sumebat
902 398 996 431 enim
1021 396 1090 431 sibi
1114 396 1188 430 fere

195 456 353 505 quotidie
376 461 509 488 certum
534 459 672 496 tempus
697 450 742 484 ad
759 449 918 483 psalmos
941 448 1079 493 aliquos
1096 447 1187 480 reci—

195 509 340 547 tandos,
375 505 504 551 quibus
534 515 595 537 sua
619 508 699 536 vota
730 511 874 544 gemens
897 506 932 533 et
963 496 1188 543 lachrymans

194 558 377 593 miscebat:
410 567 449 589 ac
473 566 574 598 saepe
595 553 684 587 dixit
707 563 743 585 se
767 561 970 584 succensere
997 549 1090 587 istis,
1126 548 1188 593 qui

194 617 253 644 aut
277 614 421 653 propter
445 605 641 649 ignaviam,
682 609 742 636 aut
773 608 916 646 propter
941 599 1188 643 occupationes

194 661 317 695 dicunt
336 657 418 692 satis
435 668 506 690 esse
523 656 598 689 solo
616 653 747 698 gemitu
767 651 912 696 precari.
953 649 1037 683 Ideo
1055 650 1189 682 formae

195 711 297 745 nobis
315 708 436 743 divino
453 706 600 741 consilio
620 703 850 749 praescriptae
867 707 967 741 sunt,
994 700 1122 745 inquit,
1150 705 1190 732 ut

195 762 299 796 lectio
315 766 450 793 mentes
466 758 645 790 accendat:
674 754 745 787 imo
764 759 802 787 ut
818 764 885 785 vox
902 752 1006 785 etiam
1025 750 1188 795 profitea-

196 821 272 854 tur,
299 823 402 856 quem
421 807 535 842 Deum
553 807 768 839 invocemus.

299 862 420 906 ltaque
445 870 524 892 cum
550 856 683 890 multae
704 865 826 899 graves
850 852 1124 887 deliberationes
1145 851 1189 884 de

195 912 360 960 periculis
386 907 537 954 publicis
566 918 667 951 saepe
695 905 903 944 inciderint,
937 902 1190 936 animadverti-

194 976 273 998 mus
294 975 372 996 eum
404 958 538 1004 ingenti
567 957 678 991 animi
703 957 830 991 robore
853 954 1051 999 praeditum
1074 954 1190 993 fuisse,

194 1015 412 1058 minimeque
435 1006 628 1057 ψοφοδεῆ,
662 1019 727 1041 nec
751 1007 833 1041 ullis
855 1017 1013 1050 uuquam
1038 1005 1188 1038 fractum

196 1065 402 1101 terroribus.
455 1060 643 1096 Nitebatur
659 1058 754 1092 enim
769 1068 875 1097 sacra,
901 1062 941 1089 ut
958 1055 1101 1096 dicitur,
1125 1066 1191 1088 an-

197 1128 295 1154 cora,
331 1115 366 1147 id
391 1120 460 1154 est,
486 1110 618 1146 auxilio
642 1108 729 1150 Dei,
762 1120 826 1142 nec
851 1108 956 1141 fidem
983 1105 1097 1140 excuti
1120 1105 1189 1140 sibi

196 1167 408 1214 patiebatur.

297 1215 482 1251 Caeterum
509 1219 542 1246 et
566 1211 638 1245 acie
659 1209 788 1244 mentis
812 1215 946 1243 tantum
966 1207 1126 1249 valebat,
1150 1213 1191 1242 ut

196 1280 290 1305 unus
315 1268 349 1300 in
369 1264 526 1300 obscuris
549 1263 654 1297 rebus
681 1261 830 1294 maxime
846 1260 980 1294 videret
996 1259 1081 1305 quid
1105 1271 1190 1293 con-

196 1323 348 1355 duceret.
401 1316 473 1350 Nec
491 1321 582 1354 erat,
609 1320 647 1347 ut
663 1312 764 1346 multi
785 1318 928 1355 putant,
954 1311 1134 1354 negligens
1152 1309 1190 1342 in

196 1368 451 1406 consideranda
469 1364 609 1410 Repub.
624 1370 683 1397 aut
706 1361 936 1407 inspiciendis
956 1362 1108 1395 aliorum
1126 1373 1190 1394 vo-

197 1421 411 1459 luntatibus,
448 1417 508 1450 sed
542 1423 575 1450 ct
603 1413 781 1458 Rempub.
809 1419 933 1453 norat,
971 1420 1003 1446 et
1029 1412 1190 1445 omniurn

197 1485 276 1507 cum
299 1470 427 1517 quibus
447 1467 605 1507 vivebat,
631 1476 754 1500 sensus
771 1475 810 1497 ac
827 1464 1024 1497 voluntates
1041 1463 1190 1507 sagacis-

196 1525 282 1558 sime
303 1519 545 1566 perspiciebat.
585 1515 632 1551 Et
650 1526 853 1561 quanquam
872 1514 1005 1558 ingenii
1023 1514 1075 1547 vis
1093 1525 1191 1548 acer-

196 1576 285 1608 rima
303 1579 395 1606 erat:
422 1577 539 1604 tamen
558 1566 758 1601 avidissime
773 1565 906 1608 legebat
928 1566 1056 1609 scripta
1080 1565 1190 1598 eccle-

197 1624 334 1659 siastica
350 1629 465 1655 vetera
481 1627 514 1653 et
530 1618 694 1657 recentia,
721 1623 754 1650 et
770 1627 892 1649 omnes
908 1613 1080 1654 historias,
1103 1626 1190 1659 qua-

198 1689 275 1710 rum
302 1672 459 1716 exempla
490 1668 661 1712 singulari
689 1666 895 1700 dexteritate
922 1667 966 1699 ad
996 1665 1190 1710 praesentia

199 1725 340 1770 negocia
360 1721 600 1757 transferebat.

299 1772 531 1819 Eloquentiae
550 1782 632 1803 vero
651 1768 759 1813 ipsius
776 1774 941 1811 perpetua
960 1773 1190 1799 monumenta

198 1835 330 1861 extant:
360 1836 428 1870 qua
447 1835 508 1867 par
524 1821 590 1854 fuit
610 1818 703 1853 baud
724 1818 832 1851 dubie
851 1818 910 1859 iis,
936 1818 973 1850 in
991 1817 1121 1862 quibus
1138 1817 1191 1850 vis

197 1878 350 1914 oratoria
369 1886 502 1908 summa
523 1872 628 1905 fuisse
644 1869 830 1904 existimat.

299 1927 423 1961 'l'alem
450 1925 565 1957 virum
590 1933 726 1955 summa
751 1920 785 1952 vi
817 1917 950 1962 ingenii
978 1918 1190 1962 praeditum,

199 1983 408 2015 instructum
426 1974 595 2013 doctrina,
623 1973 728 2014 longo
748 1982 814 2004 usu
833 1969 1072 2010 exercitatum,
1098 1970 1190 2003 mul-

199 2033 242 2067 tis
259 2027 509 2063 excellentibus
527 2031 558 2058 et
577 2021 726 2057 heroicis
746 2021 933 2054 virtutibus
950 2027 1127 2061 ornatum,
1151 2032 1190 2054 ac

199 2097 217 2117 a
234 2082 307 2115 Deo
331 2080 371 2113 ad
398 2076 570 2112 Ecclesiae
597 2072 887 2107 instaurationem
908 2071 1102 2112 delectum,
1129 2072 1190 2105 de-

199 2134 306 2178 nique
332 2129 550 2173 complexum
580 2137 642 2158 nos
666 2134 788 2157 omnes
813 2129 958 2167 paterno
982 2122 1123 2163 animo,
1150 2134 1189 2155 ex

199 2183 263 2218 ltac
298 2189 414 2215 nostra
443 2175 696 2211 consuetudine
730 2180 911 2207 evocatum
943 2184 1034 2213 esse,
1071 2180 1189 2207 nostra

199 2248 298 2267 causa
319 2231 441 2264 merito
459 2229 629 2261 dolemus.
683 2225 813 2259 Sumus
829 2223 923 2255 enim
942 2223 1115 2256 simillimi
1132 2235 1190 2257 or-

200 2284 326 2330 phanis
347 2279 533 2326 praestanti
555 2285 585 2311 et
605 2276 698 2309 fideli
723 2282 820 2319 patre
837 2274 961 2307 orbati.
1021 2274 1090 2309 Sed
1108 2275 1188 2320 quia

202 2337 274 2370 ltu-«i
304 2334 543 2375 ulueutperare
572 2339 708 2360 neeesse
736 2333 803 2363 est,
840 2325 1043 2357 memoriam
1072 2333 1187 2359 tamen

201 2389 369 2419 sictut-uu
389 2390 418 2415 et
445 2380 695 2414 beneficiorum
722 2377 829 2421 ipsius
852 2377 944 2420 apud
966 2388 1028 2409 nus
1047 2377 1190 2409 interire

201 2450 271 2471 non
292 2437 456 2467 sinamus.
510 2433 557 2465 Ac
577 2429 639 2473 ipsi
656 2429 796 2474 quidem
811 2427 1028 2468 gratulemur
1053 2427 1119 2460 iam
1139 2428 1188 2460 sa-

202 2488 372 2523 mitian-tu
391 2492 420 2516 et
441 2482 676 2514 dulcissimam
695 2491 772 2512 cunt
791 2477 865 2511 Deo
884 2485 913 2510 et
936 2478 1006 2511 lilio
1023 2478 1097 2511 cius
1114 2478 1189 2512 Do-

794 107 954 147 DECL.
985 107 1042 144 IN
1076 104 1311 144 FUNERE
1343 105 1625 146 LUTHERI.

2157 113 2232 152 732

1235 204 1316 229 suos
1332 193 1482 235 labores,
1507 204 1596 240 quos
1611 192 1649 228 in
1664 195 1913 240 propagatione
1925 194 2111 243 Evangelii
2126 199 2231 234 susti-

1236 244 1328 285 nuit,
1354 244 1471 278 audit:
1498 245 1557 278 sed
1575 244 1680 280 etiam
1695 245 1769 290 ipse
1784 246 1854 280 iam
1871 250 2015 283 eductus
2030 262 2071 284 ex
2087 250 2230 285 mortali

1236 307 1385 341 corpore
1403 301 1570 340 tanquam
1591 307 1631 329 ex
1646 307 1803 335 carcere,
1827 304 1861 331 et
1878 298 2054 343 ingressus
2073 301 2110 334 in
2127 298 2231 335 scho-

1237 346 1306 380 lam
1324 345 1437 379 multo
1460 345 1708 388 eruditiorem,
1731 345 1799 381 Dei
1817 350 2021 392 essentiam,
2048 358 2082 386 et
2101 352 2139 385 in
2156 351 2231 386 filio

1237 397 1324 430 (luas
1341 403 1485 430 naturas
1503 397 1728 438 coniunctas,
1753 404 1788 431 et
1810 404 1924 432 totum
1941 402 2128 436 consilium
2145 414 2232 436 con-

1238 448 1330 481 ditae
1355 453 1388 480 et
1411 447 1612 491 redemptae
1628 445 1805 482 Ecclesiae
1829 460 1937 493 prope
1955 453 2230 497 contemplatur:

1237 510 1324 543 quas
1339 509 1393 531 res
1408 498 1595 539 maximas,
1621 498 1800 533 involutas
1827 506 1861 533 et
1888 500 2055 535 brevibus
2078 503 2231 538 oraculis

1239 549 1454 593 propositas,
1482 561 1561 582 cum
1579 549 1646 582 fide
1662 547 1718 583 hic
1735 549 1977 592 considerarit‚
2003 564 2098 586 nunc
2113 565 2231 587 coram

1239 600 1380 640 videus,
1410 599 1540 633 laetitia
1559 611 1696 633 summa
1719 600 1900 642 adficitur,
1933 608 1966 635 et
1987 601 2063 636 Deo
2085 603 2155 636 iam
2176 616 2232 638 ar-

1238 651 1325 684 dens
1343 656 1413 684 tota
1433 657 1549 684 mente
1567 650 1695 694 gratias
1714 651 1784 695 agit
1802 663 1866 695 pro
1884 658 1982 687 tanto
1999 653 2181 688 beneficio.

1340 700 1410 734 Hic
1426 701 1528 735 discit
1543 713 1606 735 cur
1625 701 1717 736 filius
1733 700 1799 735 Dei
1822 700 1930 750 λόγος
1953 701 2015 737 καὶ
2042 701 2152 739 εἰκών
2176 715 2234 738 ae-

1238 750 1330 786 terni
1346 751 1456 796 patris
1472 751 1623 786 dicatur:
1646 759 1679 786 et
1695 753 1874 798 quomodo
1891 753 2073 788 vinculum
2091 755 2135 790 sit
2151 754 2234 800 Spi-

1238 802 1328 837 ritus
1345 809 1485 836 sanctus
1500 803 1629 836 amoris
1646 804 1772 842 mutui,
1792 816 1865 837 non
1881 805 1996 838 solum
2014 806 2107 840 inter
2119 813 2234 840 aeter-

1238 865 1325 887 num
1342 859 1477 898 patrem
1495 859 1527 887 et
1543 853 1668 895 filium,
1694 855 1753 888 sed
1771 854 1875 888 etiam
1893 855 1986 889 inter
2004 856 2099 901 ipsos
2114 863 2147 891 et
2163 854 2233 891 Ec-

1240 905 1392 938 clesiam.

1239 952 1304 989 hac
1320 954 1460 988 mortali
1479 955 1550 988 vita
1567 955 1755 994 didicerat,
1780 962 1813 990 et
1832 968 1933 1000 saepe
1954 958 1997 991 de
2014 956 2070 992 his
2087 959 2235 992 summis

1239 1007 1361 1044 rebus,
1397 1007 1440 1039 de
1466 1006 1696 1039 discernenda
1720 1005 1944 1040 invocatione
1967 1021 2049 1042 vera
2073 1016 2107 1043 et
2136 1009 2235 1050 falsa,

1239 1058 1282 1091 de
1305 1068 1386 1090 vera
1409 1056 1590 1099 agnitione
1605 1055 1672 1090 Dei
1690 1057 1851 1091 intuente
1874 1059 2123 1102 patefactiones
2140 1059 2236 1093 divi-

1240 1119 1322 1149 nas,
1348 1114 1382 1141 et
1407 1108 1629 1141 discernente
1653 1119 1774 1141 verum
1798 1106 1912 1141 Deum
1938 1121 1957 1143 a
1981 1111 2234 1145 commentitiis

1239 1158 1448 1192 numinibus
1464 1157 1677 1201 gravissime,
1690 1158 2015 1205 sapientissimeque
2029 1161 2234 1197 disserebat.

1342 1207 1452 1242 Multi
1469 1208 1505 1241 in
1529 1205 1597 1242 hoc
1616 1215 1718 1242 coetu
1735 1210 1925 1243 audierunt
1941 1223 2022 1245 eum
2041 1212 2234 1257 aliquando

1240 1266 1463 1294 enarrantem
1495 1256 1562 1292 hoc
1586 1258 1737 1292 dictum:
1773 1258 1947 1294 Videbitis
1970 1262 2105 1295 coelum
2132 1275 2234 1308 aper-

1240 1318 1338 1352 tum,
1365 1317 1399 1344 et
1421 1310 1564 1353 angelos
1586 1307 1653 1343 Dei
1676 1310 1901 1344 ascendentes
1927 1318 1960 1345 et
1985 1313 2234 1347 descendentes

1240 1374 1344 1406 super
1359 1361 1471 1395 filium
1488 1359 1656 1394 hominis.
1693 1359 1760 1395 Ubi
1778 1361 1933 1405 primum
1948 1362 2126 1397 auditores
2143 1361 2235 1398 hanc

1241 1413 1492 1458 amplissimam
1519 1411 1797 1446 consolationem
1818 1412 1961 1456 infigere
1983 1413 2112 1448 animis
2136 1415 2236 1449 iube-

1241 1465 1319 1504 bat,
1345 1476 1436 1510 quae
1452 1463 1631 1502 adfirmat,
1657 1462 1792 1496 coelum
1813 1470 1972 1508 apertum
1998 1476 2088 1506 esse,
2116 1465 2151 1500 id
2171 1473 2235 1507 est,

1240 1514 1344 1548 nobis
1360 1515 1403 1548 ad
1421 1514 1534 1549 Deum
1551 1513 1759 1558 patefactum
1777 1525 1860 1556 esse,
1886 1514 1957 1548 irae
1975 1515 2116 1550 divinae
2133 1528 2235 1562 repa-

1242 1566 1334 1610 gula,
1361 1565 1647 1609 confugientibus
1665 1565 1707 1598 ad
1729 1564 1851 1606 filium,
1878 1573 1994 1600 amota
2011 1578 2094 1605 esse,
2119 1566 2234 1602 Deum

1241 1628 1350 1660 prope
1367 1616 1434 1648 iam
1450 1615 1635 1649 nobiscum
1655 1615 1803 1655 versari,
1830 1622 1862 1649 et
1881 1615 2086 1651 invocantes
2107 1618 2235 1664 ipsum,

1242 1667 1286 1700 ab
1303 1678 1341 1699 eo
1361 1666 1491 1710 recipi,
1517 1665 1589 1709 regi
1606 1672 1638 1698 et
1656 1665 1801 1700 servari,

1344 1716 1421 1750 lloc
1444 1717 1621 1750 decretum
1641 1714 1724 1757 Dei,
1756 1717 1850 1761 quod
1870 1714 2031 1752 homines
2048 1718 2154 1754 ἄθεοι
2181 1720 2234 1753 fa-

1243 1767 1408 1801 bulosum
1427 1777 1499 1800 esse
1516 1767 1771 1807 vociferantur,
1798 1769 1964 1802 monebat
1981 1772 2234 1814 opponendum

1243 1829 1315 1851 esse
1334 1816 1510 1851 humanae
1529 1817 1756 1858 dubitationi,
1783 1824 1815 1851 et
1834 1819 2024 1862 pavoribus
2041 1821 2101 1866 qui
2117 1821 2234 1855 deter-

1243 1876 1319 1902 rent
1336 1869 1509 1912 fugientes
1526 1869 1682 1908 aiiimos,
1710 1880 1779 1913 quo
1803 1869 1920 1903 minus
1938 1870 2100 1905 invocare
2119 1870 2234 1906 Deum

1242 1920 1377 1958 ausint,
1404 1931 1466 1953 uec
1483 1919 1705 1964 acquiescant
1724 1919 1759 1951 iu
1776 1917 1860 1953 Deo.

1345 1969 1483 2004 Deinde
1511 1970 1653 2013 angelos
1676 1970 1901 2004 ascendentes
1926 1977 1957 2004 et
1984 1971 2235 2008 descendentes

1244 2022 1281 2054 iu
1298 2018 1431 2055 Christi
1455 2033 1601 2065 corpore
1614 2048 1622 2061 ,
1646 2021 1827 2054 ministros
1844 2018 2028 2065 Evangelii
2049 2035 2121 2057 esse
2138 2025 2234 2059 dice-

1244 2073 1313 2113 bat,
1332 2072 1391 2117 qui
1411 2072 1565 2117 primum
1583 2072 1671 2105 duce
1684 2069 1826 2106 Christo
1843 2074 2037 2107 ascendunt
2053 2076 2094 2107 ad
2109 2073 2235 2116 Deum.

1243 2130 1276 2157 et
1297 2123 1342 2156 ab
1365 2135 1405 2157 eo
1424 2122 1608 2166 Evangelii
1629 2123 1740 2156 lucem
1758 2129 1790 2156 et
1809 2122 1981 2167 Spiritum
1999 2133 2158 2160 sanctum
2176 2139 2234 2161 ac-

1243 2174 1390 2218 cipiunt.
1445 2173 1569 2207 Postea
1593 2185 1676 2207 vero
1700 2174 1938 2215 descendunt,
1966 2175 2000 2208 id
2025 2184 2093 2217 est,
2124 2178 2233 2212 mini-

1242 2225 1347 2258 sterio
1365 2225 1515 2258 docendi
1534 2225 1626 2258 iuter
1641 2222 1803 2257 homines
1822 2225 2029 2267 funguntur.

1346 2276 1507 2310 Addebat
1526 2283 1641 2309 autem
1660 2273 1748 2308 lianc
1765 2275 2100 2319 interpretationem,
2127 2279 2232 2314 etiam

1244 2327 1322 2359 illos
1339 2328 1431 2371 ipsos
1448 2327 1591 2370 spiritus
1605 2326 1770 2360 coelestes
1782 2353 1790 2366 ,
1817 2339 1905 2372 quos
1927 2328 2052 2362 usitate
2069 2342 2233 2366 vocamus

1243 2378 1385 2421 angelos
1408 2379 1583 2411 intuentes
1608 2377 1642 2409 in
1662 2378 1793 2417 fitium,
1821 2378 1954 2411 erudiri
1978 2386 2010 2413 et
2031 2381 2150 2415 laetari
2168 2379 2232 2416 hac

1243 2429 1402 2462 miranda
1427 2429 1650 2472 copulatione
1669 2430 1819 2462 duarum
1845 2436 2067 2464 naturarum:
2096 2439 2129 2466 et
2152 2445 2231 2466 cum

1243 2477 1349 2512 buius
1368 2479 1502 2512 domiui
1527 2479 1657 2512 milites
1675 2479 1743 2513 sint
1771 2480 1805 2512 iu
1825 2480 2028 2515 defensione
2044 2480 2233 2525 Ecclesiae,

201 2539 296 2572 minu
324 2543 441 2569 umaro
470 2532 543 2565 lesu
567 2529 727 2567 ‹Itu-istu,
758 2526 944 2572 Prophetis
962 2536 990 2561 et
1012 2528 1189 2572 Apostotis
1213 2521 1217 2556 l
1242 2532 1340 2575 quasi
1361 2543 1465 2563 manu
1484 2530 1557 2562 eius
1577 2530 1765 2571 gubernari
1785 2542 1854 2564 eus.

200 2587 510 2623 cousuetudinem.
547 2595 650 2626 quain
679 2581 802 2612 fiducia
828 2580 888 2612 lilii
916 2579 978 2613 Dei
1003 2592 1138 2623 sempor
1156 2587 1187 2613 ρ(

201 2656 219 2685 3·
236 2641 318 2672 dixit
342 2646 370 2670 et
393 2635 599 2679 expectavit,
628 2632 685 2663 ubi
705 2645 774 2663 nun
793 2633 896 2662 modo
923 2631 1053 2663 indicio
1073 2630 1135 2664 Dei
1155 2637 1186 2664 et

198 2689 407 2725 1.-,1i·v...1.tis
437 2686 618 2719 uniuersae
650 2682 809 2716 cot-tvai:
840 2681 1012 2716 Ecclesiae
1046 2682 1185 2726 probari

1345 2581 1480 2614 llarum
1503 2582 1716 2625 optimarum
1737 2594 1852 2615 rerum
1871 2593 1964 2615 nunc
1983 2591 2156 2626 spectator
2172 2593 2233 2625 est»,

1241 2639 1270 2664 et
1294 2639 1329 2665 nt
1347 2640 1446 2665 antea
1467 2633 1557 2665 iuter
1575 2630 1757 2675 Evangelii
1780 2632 1958 2666 ministros
1973 2636 2180 2670 ascendebat
2198 2643 2231 2671 et

1241 2683 1472 2716 descendebat
1507 2685 1655 2717 ducente
1682 2681 1840 2716 Christo:
1886 2683 1930 2717 ita
1968 2697 2060 2719 :tunc
2089 2687 2231 2731 angelos

1448 903 1553 937 Initia
1579 901 1685 938 huius
1709 905 1889 940 doctrinae
1912 913 1945 940 et
1969 908 2170 942 rudimenta
2196 907 2234 941 in
2277 935 2293 942 ..
