2338 2958
63 124 136 163 125

61 211 153 256 Quis
174 222 249 245 non
275 209 377 243 malit
401 208 440 242 in
463 208 614 253 pistrino
640 208 792 248 molere,
827 221 932 254 quam
955 206 1046 242 hanc

60 270 132 298 tam
161 262 343 295 molestam
375 260 588 305 plenamque
620 257 792 294 stomachi
814 259 1046 304 pervicaciam

60 312 202 358 gerere?
254 311 324 346 Sed
348 311 402 345 fac
429 311 536 345 istum
552 312 695 345 tandem
713 311 865 355 coepisse
882 311 1046 352 scrihere,

59 363 255 409 plurimum
273 374 401 407 operae
417 361 456 394 in
475 362 722 396 emendatione
743 361 956 406 scriptorum
982 375 1047 407 po-

59 415 218 448 nendum
240 421 301 449 est.
353 411 417 447 Est
444 413 539 446 enim
563 414 748 447 sceleratus
764 419 968 457 praeceptor
985 413 1046 458 qui

57 463 124 499 hac
149 465 188 499 in
204 477 241 499 re
261 470 386 505 cessat,
411 464 440 498 si
463 463 612 498 Horatio
636 463 831 505 credimus,
857 463 918 509 qui
942 472 1046 507 negat

56 517 191 550 bonum
217 516 334 549 virum
367 527 455 557 esse,
493 515 555 561 qui
581 527 659 549 cum
687 526 812 548 censor
844 515 904 548 fiat
938 515 1045 548 alieni

57 567 201 612 scripti,
235 567 322 601 vitia
348 579 422 609 non
448 564 704 611 reprehendat;
743 572 796 600 est
819 565 915 600 enim
939 573 1045 601 notus

55 619 253 652 versiculus
264 630 271 651 ε

105 688 165 719 Vir
181 691 278 719 bonus
296 695 325 719 et
339 688 470 730 prudens
485 698 586 718 versus
601 687 797 728 reprehendet
811 689 930 720 inertes.

53 769 216 804 Primum
260 775 377 803 autem
410 769 449 801 in
483 768 700 812 corrigendis
741 767 914 802 sermonis
948 767 1044 802 vitiis

53 821 216 856 oculatus
233 826 437 865 praeceptor
452 831 527 853 non
539 819 734 864 simplicem
750 819 909 853 laborem
923 819 1043 860 sumit,

53 872 139 906 dum
170 871 395 915 grammatica
429 877 541 904 errata
564 877 693 911 mutat,
726 871 810 904 dum
837 871 985 904 obscure
1010 877 1041 904 et

52 923 216 966 ambigue
234 922 326 956 dicta
341 922 523 966 perspicue
545 921 708 966 explicat,
733 922 819 955 dum
846 921 1041 966 impropria

52 974 213 1018 corrigit,
247 973 333 1006 dum
359 969 515 1006 horridis
537 972 636 1006 addit
659 972 832 1013 nitorem,
867 979 900 1007 et
920 973 1040 1013 figuris

50 1024 252 1065 illuminat,
283 1030 319 1058 et
336 1024 490 1067 gratiora
506 1023 764 1068 blandioraque
781 1023 875 1057 facit.
927 1022 1040 1057 Porro

51 1076 206 1119 relegere
227 1075 347 1119 inepte
377 1075 505 1119 scripta
540 1086 732 1118 puerorum
766 1074 954 1108 molestum
991 1081 1040 1108 est

51 1126 213 1172 quamvis
229 1126 379 1170 patienti
396 1125 626 1170 praeceptori,
642 1131 774 1171 quanto
794 1125 904 1169 magis
920 1137 1040 1158 emen-

50 1177 146 1211 datio
176 1176 320 1220 fatiget?
361 1176 565 1221 praesertim
601 1188 680 1210 cum
715 1176 914 1221 plerunque
948 1176 1038 1209 ratio

48 1228 154 1262 etiam
173 1239 236 1261 cur
253 1227 436 1273 quippiam
452 1227 619 1268 mutarit,
645 1227 835 1260 indicanda
854 1227 908 1262 sit.
943 1226 1038 1260 Tum

48 1278 242 1322 castigandi
267 1278 382 1311 acrius
404 1278 466 1323 qui
484 1278 719 1322 negligentius
736 1278 924 1322 scripsere,
951 1275 1039 1311 hor-

47 1330 148 1364 tandi
170 1329 232 1363 alii
255 1335 295 1363 ut
317 1329 495 1374 inceptum
527 1340 669 1362 cursum
694 1336 852 1372 urgeant.
913 1327 1036 1373 Neque

48 1392 131 1413 vero
149 1386 287 1413 tantum
305 1379 476 1412 sermonis
492 1379 576 1412 vitia
598 1381 828 1412 monstranda
851 1385 949 1417 sunt,
975 1380 1035 1412 sed

48 1431 87 1464 in
119 1427 174 1464 his
209 1430 271 1476 qui
303 1430 374 1463 iam
404 1427 572 1463 nonnihil
605 1436 879 1474 promoverunt,
915 1441 1035 1462 rerum

47 1482 151 1516 etiam
193 1479 358 1514 habenda
390 1480 499 1520 ratio,
540 1487 572 1513 et
613 1480 812 1513 voluntates
852 1480 1034 1522 regendae.

47 1532 229 1576 Quosdam
245 1531 339 1564 enim
356 1531 510 1564 convitia
526 1530 717 1571 delectant,
744 1530 782 1562 in
806 1530 884 1563 aliis
909 1536 959 1563 est
985 1530 1035 1562 ri-

46 1584 164 1618 dicula
189 1582 325 1616 vanitas
353 1588 385 1615 et
409 1581 526 1614 inanis
556 1580 741 1621 iactantia,
767 1587 800 1614 et
820 1580 892 1614 fere
919 1592 1035 1613 mores

46 1635 157 1681 stylus
175 1633 300 1677 arguit.
341 1631 437 1665 Haec
452 1631 536 1666 vitia
555 1643 635 1665 cum
652 1631 744 1664 vires
760 1631 954 1676 accipiunt,
970 1643 1033 1664 nec

45 1698 64 1720 e
90 1685 220 1719 teneris
244 1683 372 1718 animis
399 1683 620 1723 evelluntur,
656 1680 804 1715 haerent
830 1682 867 1715 in
890 1682 1033 1716 senibus

45 1748 181 1770 summa
198 1747 276 1769 cum
296 1734 528 1779 turpitudine.
566 1732 764 1778 Expendite
778 1745 927 1779 quaeso,
948 1745 1034 1766 con-

46 1794 138 1822 stent
154 1784 240 1820 haec
256 1785 497 1819 mediocribus
515 1784 821 1830 praeceptoribus,
848 1785 902 1817 vel
920 1784 948 1817 si
967 1785 1030 1817 do-

45 1839 128 1873 ciles
144 1835 299 1871 habeant
314 1836 523 1880 discipulos,
551 1843 584 1870 et
599 1843 717 1869 tamen
738 1835 869 1869 nostris
885 1835 956 1868 sere
971 1841 1032 1869 aut

45 1889 186 1932 ingenia
203 1888 349 1926 desunt,
376 1893 436 1920 aut
453 1887 550 1920 deest
565 1886 730 1920 voluntas
745 1886 916 1921 discendi.
955 1885 1031 1920 Du-

43 1940 194 1984 plicatur
208 1945 324 1972 autem
348 1937 468 1979 labor,
493 1949 572 1971 cum
591 1948 725 1970 summa
748 1936 782 1970 vi
806 1938 847 1970 ad
876 1937 1028 1970 officium

44 1990 193 2035 cogendi
208 1995 300 2024 sunt,
339 1987 431 2021 Nam
447 1995 487 2022 ut
505 1988 543 2021 in
559 1987 631 2021 acie
649 1999 773 2032 parum
790 1987 895 2021 foelix
914 1986 1029 2032 Impe-

44 2048 162 2083 rator,
189 2041 217 2074 si
243 2039 373 2073 milites
394 2036 521 2073 habeat
543 2038 697 2084 primum
715 2038 877 2082 ignavos,
901 2039 1029 2072 deinde

46 2103 134 2138 quos
163 2103 236 2125 non
261 2091 392 2136 pudeat
412 2091 552 2134 fugere,
580 2096 758 2134 postremo
782 2090 843 2135 qui
866 2101 939 2123 non
963 2091 1028 2123 ob-

43 2149 261 2188 temperent,
300 2142 359 2175 sed
385 2147 542 2186 pugnent
567 2140 715 2181 iniussi,
748 2141 865 2174 locum
889 2141 1027 2184 capiant

43 2206 85 2228 ex
104 2204 167 2228 suo
197 2193 367 2233 arbitrio,
399 2204 473 2225 non
500 2199 639 2226 servent
666 2191 824 2226 ordines.
883 2189 1025 2226 Etenim

43 2245 137 2288 apud
156 2242 404 2289 Thucydidem
428 2243 585 2287 egregius
600 2243 743 2289 quidam
762 2241 957 2287 Imperator
972 2244 1027 2276 di-

41 2296 90 2330 cit
105 2296 149 2330 ad
168 2295 257 2329 bene
274 2295 505 2339 pugnandum
524 2294 677 2340 requiri,
704 2301 743 2327 ut
760 2294 871 2328 velint
886 2294 1026 2333 milites,

41 2353 83 2381 ut
97 2347 217 2391 fugere
235 2346 382 2391 pudeat,
410 2351 449 2378 ut
470 2346 715 2390 obtemperent
733 2344 1025 2389 Imperatoribus:

41 2397 90 2433 ita
117 2397 155 2431 in
184 2395 249 2431 hac
288 2394 494 2430 scholastica
529 2396 656 2430 militia
691 2395 900 2429 miserrimis
935 2397 1025 2429 curis

40 2455 248 2494 praeceptor
271 2447 475 2488 conficitur,
512 2459 592 2481 cum
620 2448 797 2481 docendos
825 2447 1026 2491 susceperit,

41 2500 104 2545 qui
118 2499 273 2545 primum
293 2510 365 2532 non
382 2498 531 2541 flagrant
554 2498 627 2532 ulla
644 2498 836 2543 cupiditate
855 2498 1026 2532 discendi.

40 2547 142 2584 Nihil
166 2550 262 2584 enim
287 2549 324 2583 in
357 2549 457 2583 omni
479 2549 549 2583 vita
573 2549 749 2593 egregium
779 2548 868 2582 effici
902 2555 1025 2593 potest,

40 2600 111 2635 nisi
130 2601 270 2635 animus
287 2600 404 2635 studio
428 2600 503 2634 eius
522 2600 572 2634 rei
591 2612 696 2646 quam
711 2599 868 2641 affectat,
895 2600 1025 2642 ardeat,

39 2658 76 2687 et
89 2652 134 2686 ad
152 2664 227 2686 eam
243 2663 370 2696 magno
387 2652 541 2697 quodam
557 2658 657 2685 motu
682 2657 786 2696 atque
809 2651 942 2695 impetu
967 2663 1025 2685 ra—

39 2703 168 2748 piatur.
227 2700 278 2737 At
298 2703 411 2738 nostri
435 2702 586 2748 turpiter
612 2702 742 2747 frigent
775 2701 813 2735 in
845 2701 1023 2744 discendo,

495 121 658 158 DECL.
709 120 784 157 DE
825 120 1096 158 MISERIIS
1133 121 1657 160 PAEDAGOGORUM.

2015 125 2087 162 126

1099 219 1162 242 nec
1185 209 1333 243 accendi
1354 210 1426 243 ulla
1444 210 1582 244 ratione
1598 217 1765 255 possunt,
1793 211 1901 255 magis
1925 211 2001 255 cogi
2023 224 2086 245 vo-

1097 261 1176 294 lunt
1192 266 1361 305 tanquam
1379 262 1541 304 pecudes.
1593 261 1731 296 Deinde
1750 274 1813 295 nec
1828 262 1942 296 laudis
1967 274 2085 296 amore

1097 323 1162 344 nec
1187 312 1322 355 pudore
1350 312 1614 347 extimulantur.
1668 313 1780 347 Porro
1797 325 1877 347 cum
1894 311 2083 347 homiuum

1097 368 1243 396 naturae
1269 362 1412 406 proprie
1436 364 1553 407 pudor
1576 363 1703 398 insitus
1721 364 1787 405 sit,
1812 364 1899 410 quid
1925 376 1997 398 esse
2018 376 2084 397 no-

1096 420 1187 447 stros
1211 424 1340 458 pueros
1364 413 1498 461 dicam,
1529 425 1615 458 quos
1639 415 1725 448 adeo
1749 427 1822 449 non
1847 416 1955 460 pudet
1977 415 2084 448 insci-

1096 464 1191 498 tiae?
1217 475 1279 507 ego
1297 464 1414 497 verius
1431 471 1588 498 monstra
1606 461 1792 499 hominum
1803 466 1963 507 dixerim,
1977 478 2083 512 quam

1096 515 1158 561 qui
1189 515 1326 549 mutilis
1361 516 1529 549 membris
1556 522 1616 549 aut
1641 517 1731 549 caeci
1757 524 1959 553 nascuntur.
2019 515 2084 551 Est

1096 566 1190 600 enim
1207 566 1320 599 levius
1337 566 1489 610 malum,
1516 567 1642 600 mutilo
1662 567 1750 611 pede
1773 579 1864 609 esse,
1891 581 1995 613 quam
2014 565 2082 601 hu-

1095 629 1199 651 mana
1216 624 1332 650 mente
1347 629 1478 651 carere:
1515 617 1573 651 isti
1597 618 1691 650 enim
1707 617 1912 662 simpliciter
1927 617 2081 652 humana

1095 669 1208 713 specie
1223 668 1385 701 beluinas
1408 675 1543 702 mentes
1561 675 1702 712 tegunt,
1735 681 1823 714 quos
1841 669 1878 702 in
1897 681 1933 702 re
1950 670 2081 714 turpis-

1094 720 1180 753 sima
1196 719 1539 765 flagitiosissimaque
1555 720 1609 753 sui
1626 717 1718 753 nihil
1737 721 1856 764 pudet.
1897 719 2080 754 Postremo

1095 782 1281 816 nunquam
1301 771 1486 816 quisquam
1506 778 1576 805 tam
1593 771 1698 804 foelix
1713 777 1917 815 praeceptor
1932 771 2009 811 fuit,
2026 772 2083 804 cui

1095 822 1143 856 ita
1166 822 1417 866 obtemperarit
1440 821 1650 866 discipulus,
1685 829 1723 855 ut
1748 822 1997 866 praescriptam
2027 822 2082 854 di-

1093 872 1213 906 scendi
1237 873 1409 906 rationem
1435 879 1573 907 secutus
1596 873 1658 913 sit,
1691 879 1729 906 ut
1764 874 1807 906 ad
1845 871 1909 906 hos
1942 880 2081 907 autores

1093 924 1308 957 evolvendos
1331 923 1468 966 alligari
1493 937 1527 957 se
1551 935 1670 968 passus
1695 924 1756 964 sit,
1785 925 1821 957 in
1846 924 1975 969 quibus
1996 936 2078 957 eum

1091 975 1175 1008 solis
1204 975 1335 1008 versari
1368 981 1473 1020 atque
1513 975 1723 1008 commorari
1763 982 1930 1020 tanquam
1980 975 2077 1008 domi

1091 1038 1174 1060 suae
1190 1032 1397 1070 praeceptor
1412 1026 1570 1067 volebat,
1597 1032 1637 1060 ut
1653 1027 1695 1059 ad
1714 1032 1851 1070 tempus
1869 1026 1997 1069 scripta
2014 1025 2077 1058 ab-

1092 1077 1253 1117 solverit,
1280 1083 1319 1110 ut
1342 1089 1380 1110 ea
1406 1089 1495 1122 quae
1519 1077 1662 1110 edidicit
1679 1077 1776 1110 statis
1794 1074 1890 1110 horis
1908 1076 2078 1109 memoria

1092 1127 1313 1172 repetiverit,
1335 1135 1375 1162 ut
1399 1139 1561 1161 sermone
1580 1127 1798 1171 castigatiore
1823 1128 1915 1172 apud
1943 1127 2079 1160 sodales

1090 1190 1174 1212 usus
1192 1178 1247 1213 sit.
1308 1178 1429 1212 Nostri
1453 1178 1596 1223 quidem
1621 1177 1712 1211 nihil
1739 1176 1864 1212 borum
1890 1184 2079 1223 praestant,

1091 1230 1128 1262 in
1151 1241 1324 1262 carcerem
1348 1241 1382 1262 50
1408 1229 1545 1263 includi
1568 1229 1671 1263 citius
1686 1230 1882 1273 patientur,
1906 1241 2010 1274 quam
2040 1229 2078 1261 in

1089 1293 1162 1314 uno
1181 1286 1304 1313 autore
1320 1280 1484 1314 detineri.
1537 1279 1698 1313 Varietas
1713 1287 1808 1324 grata
1825 1287 1876 1314 est
1891 1280 1945 1312 illi
1961 1279 2078 1315 aetati.

1090 1330 1212 1375 Itaque
1234 1331 1351 1371 varia,
1378 1331 1439 1364 sed
1464 1331 1660 1376 plerunque
1683 1331 1857 1364 deteriora
1881 1331 2020 1373 legunt,
2045 1330 2076 1364 si

1089 1387 1206 1414 tamen
1222 1381 1357 1426 aliquid
1381 1381 1511 1423 legunt.
1565 1380 1637 1414 Iam
1663 1381 1782 1414 fodere
1808 1381 1946 1415 malunt
1970 1393 2076 1426 quam

1088 1431 1294 1464 memoriam
1311 1438 1370 1464 aut
1395 1431 1552 1474 linguam
1571 1443 1740 1467 exercere.
1793 1431 1851 1465 Sic
1867 1439 1950 1465 sunt
1973 1432 2074 1476 pueri

1088 1481 1124 1513 in
1148 1492 1295 1524 genere,
1322 1481 1383 1514 alii
1410 1482 1538 1524 magis,
1573 1483 1631 1515 alii
1660 1482 1777 1515 minus
1802 1483 1931 1525 ignavi.
1984 1482 2073 1516 Nam

1087 1531 1223 1564 etiamsi
1242 1531 1319 1576 quis
1336 1531 1458 1564 indole
1479 1543 1645 1575 generosa
1663 1539 1732 1572 est,
1759 1539 1875 1566 tamen
1898 1545 1937 1566 ea
1963 1540 2073 1566 aetate

1087 1594 1210 1626 parum
1236 1582 1274 1615 in
1296 1582 1423 1615 animis
1440 1583 1580 1616 roboris
1597 1589 1657 1616 est.
1708 1581 1754 1616 Et
1773 1585 2073 1629 quemadmodum

1087 1634 1213 1677 longus
1235 1633 1336 1666 labor
1361 1641 1412 1667 est
1435 1633 1627 1668 infantium
1648 1646 1795 1677 corpora
1818 1635 1978 1675 firmare,
2013 1646 2072 1678 ge-

1085 1685 1229 1725 stando,
1264 1684 1413 1729 aliisque
1437 1685 1604 1719 mollibus
1628 1685 1820 1726 exercitiis,
1847 1686 1896 1719 sic
1924 1685 2071 1719 infantia

1086 1735 1310 1779 ingeniorum
1332 1747 1406 1768 non
1424 1735 1494 1768 nisi
1511 1748 1589 1770 sero
1606 1743 1765 1775 curatur,
1794 1743 1981 1782 postquam
2008 1737 2070 1769 diu

1084 1797 1220 1819 summa
1236 1786 1399 1820 comitate
1417 1787 1579 1821 docueris
1595 1793 1628 1820 ct
1646 1787 1896 1828 adsuefeceris,
1924 1800 1986 1821 nec
2003 1787 2070 1820 ali-

1083 1843 1137 1870 ter
1159 1837 1319 1871 tractaris
1344 1844 1448 1882 atque
1473 1850 1554 1871 suos
1585 1838 1750 1871 alumnos
1776 1839 1974 1872 nutriculae
1997 1845 2069 1872 tra-

1084 1895 1190 1922 ctant.
1248 1887 1290 1922 In
1323 1894 1421 1922 tanta
1454 1888 1580 1922 inertia
1611 1889 1779 1931 istorum,
1813 1890 1959 1933 cogitate
1983 1890 2068 1934 quid

1082 1938 1193 1972 animi
1209 1938 1425 1984 praeceptori
1439 1939 1500 1980 sit,
1527 1940 1697 1973 nimirum
1724 1940 1816 1974 idem
1840 1941 1935 1985 quod
1953 1939 2068 1984 Impe-

1084 1990 1211 2030 ratori,
1239 1990 1301 2036 qui
1323 1990 1456 2025 abiecta
1482 1991 1648 2024 victoriae
1674 2003 1750 2034 spe,
1778 1991 1944 2035 intelligit
1974 1988 2068 2025 hosti

1081 2041 1247 2081 salutem,
1272 2047 1348 2074 tum
1373 2053 1471 2075 suam
1496 2049 1570 2076 tum
1597 2042 1730 2086 patriae
1753 2042 1881 2076 scelere
1897 2042 2068 2077 exercitus

1081 2092 1135 2125 sui
1157 2092 1334 2136 proditam
1356 2104 1439 2128 esse.
1492 2091 1723 2127 Consumitur
1749 2093 1982 2127 acerbissimis
2006 2105 2067 2127 cu-

1080 2143 1145 2182 ris,
1174 2143 1298 2176 videns
1315 2150 1386 2176 tam
1402 2143 1493 2177 male
1510 2144 1616 2178 locari
1634 2143 1859 2188 gravissimos
1874 2144 2012 2178 labores
2028 2144 2066 2177 in

1081 2193 1264 2227 iuventute
1280 2194 1477 2228 formanda.

1181 2244 1264 2279 Dixi
1280 2242 1450 2279 hactenus
1466 2247 1510 2279 de
1525 2243 1720 2286 aerumnis,
1746 2256 1832 2290 quas
1851 2245 1888 2277 in
1905 2245 2064 2279 docendo

1078 2302 1214 2329 tantum
1232 2295 1458 2339 perferimus,
1481 2302 1586 2330 restat
1601 2295 1708 2329 altera
1725 2296 1830 2329 officii
1848 2297 1958 2330 nostri
1984 2308 2064 2341 pars

1078 2347 1181 2389 longe
1205 2346 1384 2380 difficilior
1404 2347 1596 2391 superiori,
1621 2359 1702 2379 cura
1727 2347 1961 2390 regendorum
1987 2359 2064 2381 mo—

1077 2410 1168 2431 rum.
1222 2396 1319 2440 Quid
1339 2397 1387 2430 ibi
1403 2398 1486 2430 mali
1504 2409 1576 2430 non
1593 2397 1688 2431 videt
1706 2398 1932 2441 praeceptor?
1984 2397 2064 2431 Pri-

1077 2460 1174 2482 mum
1200 2454 1292 2481 aetas
1319 2448 1377 2481 illa
1405 2455 1529 2482 natura
1553 2449 1595 2481 ad
1627 2449 1752 2482 vitium
1779 2449 1987 2493 propensior
2003 2456 2064 2485 est.

1075 2498 1123 2533 Et
1138 2498 1238 2532 Plato
1256 2499 1412 2543 scripsit,
1439 2500 1572 2533 nullam
1590 2499 1729 2533 beluam
1746 2499 2063 2534 intractabiliorem

1076 2561 1148 2583 esse
1166 2562 1287 2594 puero.
1343 2549 1464 2596 Itaque
1484 2558 1667 2594 tantopere
1693 2551 1835 2584 sudabit
1859 2558 2063 2595 praeceptor

1077 2601 1114 2634 in
1131 2601 1294 2644 regendis
1310 2598 1383 2642 his,
1399 2601 1459 2647 qui
1476 2602 1570 2635 domi
1587 2613 1722 2634 summa
1740 2601 1920 2645 diligentia
1937 2613 2063 2645 paren-

1075 2659 1148 2686 tum
1166 2653 1209 2685 ad
1225 2651 1430 2696 religionem
1441 2659 1474 2687 et
1486 2654 1654 2694 adbonos
1669 2664 1785 2685 mores
1802 2653 1953 2686 instituti
1969 2659 2060 2691 sunt,

1076 2710 1117 2738 ut
1134 2703 1272 2737 leonem
1291 2710 1352 2738 aut
1368 2715 1491 2738 ursum
1510 2703 1709 2748 experiatur
1723 2703 1860 2737 facilius
1874 2714 1973 2747 posse
1998 2714 2063 2746 gu-
