2338 2958
75 106 151 142 213

76 191 348 224 admitterentur
362 189 404 222 ad
421 189 618 233 superiores
635 190 858 236 disciplinas,
883 193 941 225 sed
963 192 1065 225 etiam

654 105 814 141 DECL.
866 104 940 141 DE
975 103 1201 141 ORDINE
1237 104 1530 143 DISCENDI.

2031 117 2107 152 214

1121 190 1208 223 mire
1237 191 1384 226 delectat
1418 192 1578 228 homines
1603 193 1748 231 historia
1779 210 1896 232 rerum
1922 208 2108 246 gestarum,

74 241 155 286 qnia
184 240 353 273 indicium
379 241 491 280 acuit,
526 248 559 275 et
586 254 740 286 praepar.
757 250 769 277 t
787 244 828 276 ad
847 255 901 276 res
918 243 1064 276 maiores
1118 253 1206 285 quae
1230 249 1261 274 et
1287 243 1358 285 ipsiu
1385 246 1552 283 traditur.
1587 260 1665 279 cum
1690 249 1827 282 dicendi
1847 253 2003 296 exempla
2023 266 2106 298 pro—

73 291 328 335 pereipiendaS.
400 290 510 325 Modo
540 301 655 326 autem
684 296 767 327 satis
798 302 844 327 est
871 294 996 327 afferre
1021 296 1061 326 ad

71 341 151 375 illas
180 342 386 386 disciplinas
419 343 658 385 graxissinms,
706 357 869 388 magnum
911 345 1063 389 pileum,

71 399 105 425 et
129 392 298 435 insignem
327 399 567 437 contemptum
594 394 708 428 omnis
734 395 914 429 doctrinae
938 393 1062 429 huua-

71 443 193 475 nioris.

172 492 272 527 Itane
298 495 528 528 temeritatem
558 495 626 528 nisi
653 495 743 537 leges
771 506 809 527 ac
834 494 1061 537 Magistratus

69 541 304 577 cohercebunt
316 572 325 586 ,
353 546 449 578 brevi
466 546 584 579 nullae
600 553 703 579 erunt
720 546 755 578 in
773 544 912 589 Repnb.
933 547 1060 587 literae,

67 595 166 627 nulla
187 596 346 629 doctrina
366 597 472 629 ullius
487 597 548 631 rei.
600 596 688 630 Nam
709 594 951 640 isti'l'heologi
965 625 972 636 ,
1001 597 1059 630 ln-

69 645 270 679 risconsnlti
299 659 337 680 ac
372 647 526 686 Medici,
566 648 684 681 subito
720 654 917 688 nascentes,
960 649 1057 681 nulla

67 697 216 740 praediti
242 697 378 731 liberali
405 698 582 736 doctrina,
618 711 693 731 non
717 698 830 731 solum
858 699 944 732 alias
968 706 1057 732 artes

67 745 212 780 interire
242 748 378 787 sinent,
413 749 470 782 sed
503 761 565 782 nec
597 760 676 782 suas
704 749 936 792 professiones
967 751 1054 783 tueri

65 804 244 841 poterunt.
300 798 373 833 Nec
400 797 491 832 nihil
515 800 691 844 pertinent
710 797 792 832 haec
815 812 895 833 cura
913 813 1055 833 conser-

64 849 261 881 vandarum
293 850 472 882 literarum
501 852 544 883 ad
569 850 811 894 Magistratus;
851 852 928 884 ideo
961 852 1054 885 enim

63 899 288 942 appellantur
310 899 370 933 Dii
396 914 413 933 a
435 901 570 945 Spiritu
594 909 731 942 saneto,
766 908 804 935 ut
823 902 943 935 divina
963 904 1054 935 dona

64 948 247 991 interris,
283 951 508 994 religionem,
543 952 682 985 civilem
714 959 841 985 statum
871 960 902 986 et
934 965 1055 985 omnes

63 996 229 1033 honestas
269 1008 359 1035 artes
392 1010 559 1037 tueantur
589 1015 627 1036 ac
660 1004 846 1038 retineant.
907 1003 1055 1048 Propter

62 1046 155 1083 hanc
181 1053 464 1095 procurationem
486 1053 688 1087 divinarum
713 1065 828 1086 rerum
846 1062 970 1096 gerunt
989 1067 1054 1088 au-

60 1108 202 1144 gustum
229 1103 390 1144 titulum,
423 1116 493 1149 quo
518 1105 657 1137 nullum
691 1102 796 1138 habet
826 1103 1054 1148 Magistratus

61 1160 309 1186 ornamentum
329 1154 441 1187 mains
460 1161 519 1188 aut
537 1155 783 1189 venerabilius,

165 1204 284 1245 Quare
298 1205 465 1238 convenit
481 1217 538 1238 eos
557 1207 770 1249 prospicere,
799 1217 842 1239 ne
868 1206 1053 1248 perturba-

60 1259 97 1287 to
123 1253 281 1287 discendi
304 1256 446 1296 ordine,
482 1254 648 1289 honestae
676 1256 882 1300 disciplinae
911 1256 1051 1288 interci-

59 1304 158 1339 (lant.
210 1304 310 1338 Plato
328 1306 460 1351 inquit,
482 1305 639 1350 Respnb.
657 1307 801 1347 mutari,
827 1307 854 1339 si
873 1307 1053 1350 contingat

60 1352 234 1388 Musicani
263 1357 404 1390 mutari.
473 1356 592 1401 Neque
626 1357 659 1390 id
687 1358 748 1390 abs
774 1369 809 1389 re
834 1357 964 1389 dictum
991 1365 1048 1391 est.

60 1402 129 1438 Sed
156 1402 222 1437 hoc
248 1407 359 1440 multo
385 1407 501 1440 verius
524 1415 592 1448 est,
629 1407 824 1441 mutatione
851 1408 1049 1440 studiorum

59 1456 188 1488 mutari
215 1455 372 1500 Respnb.
428 1455 564 1491 Omnes
594 1466 709 1490 autem
747 1458 955 1490 vinationes
979 1458 1051 1491 Pie—

58 1507 225 1550 rumpuh.
251 1510 292 1540 ad
319 1507 588 1550 magistratuum
617 1521 735 1541 curam
761 1508 948 1552 pertinent.
1004 1507 1046 1541 Et

58 1568 220 1600 perversa
243 1558 333 1591 ratio
363 1559 540 1598 discendi,
577 1560 807 1591 maximarum
833 1565 936 1603 atque
958 1559 1050 1601 opti—

58 1619 196 1640 marum
223 1620 339 1641 rernm
363 1609 502 1642 ruinam
527 1606 649 1645 trahit.
702 1608 870 1651 Inprimis
890 1609 996 1653 igitur
1012 1610 1048 1642 in

58 1654 124 1690 hac
141 1670 178 1691 re
194 1658 378 1702 vigilantes
395 1673 467 1694 esse
484 1660 711 1704 Magistratus
726 1666 877 1704 oportet.
929 1659 1048 1705 Neque

58 1709 183 1742 dubito
204 1711 289 1754 quin
314 1711 398 1743 olim
425 1712 467 1744 de
494 1709 548 1744 his
570 1712 674 1744 rebus
693 1722 801 1744 novas
818 1711 907 1754 leges
925 1712 1047 1744 condi-

57 1759 130 1793 turi
147 1760 215 1793 sint
227 1786 235 1798 ,
263 1774 340 1794 cum
366 1769 563 1806 praesentes
579 1763 702 1796 turbae
725 1768 828 1807 atque
845 1770 960 1795 motus
976 1761 1046 1796 Re-

56 1811 221 1854 rumpub.
248 1813 487 1847 consilescent.
548 1812 689 1856 Quibus
712 1813 846 1846 utinam
870 1812 1045 1856 contingat

57 1859 123 1894 Dei
141 1862 328 1903 beneflcio,
355 1864 468 1896 facilis
485 1870 518 1896 et
537 1864 655 1896 mollis
674 1860 926 1908 καταστροᾳή

163 1912 306 1945 lnterim
325 1920 440 1946 tamen
465 1922 636 1959 quantuni
661 1926 724 1946 nos
741 1914 944 1953 autoritate,
972 1922 1046 1947 stu-

56 1962 117 1995 dio
153 1975 191 1996 ac
230 1964 412 2007 diligentia
443 1965 608 2010 consequi
639 1976 844 2008 possumus,
886 1965 1047 1997 dabimus

55 2025 218 2057 operam,
250 2022 288 2048 nt
307 2016 431 2049 urdine
450 2017 558 2048 discat
577 2016 752 2048 inventus.

158 2064 226 2098 Sed
249 2063 314 2098 hoc
331 2078 454 2108 magna
472 2079 512 2100 ex
532 2073 629 2110 parte
650 2067 684 2099 in
706 2067 805 2099 vohis
823 2077 962 2111 qnoque
984 2078 1042 2110 po-

56 2115 161 2149 situm
178 2122 245 2156 est;
274 2128 337 2150 nos
354 2118 448 2150 enim
473 2125 504 2151 et
522 2118 711 2160 diligenter
727 2114 790 2149 hac
807 2118 849 2149 de
865 2129 901 2150 re
916 2114 1044 2149 adhor—

56 2173 172 2200 tamur
189 2179 268 2205 vos,
297 2175 327 2201 et
346 2168 513 2201 lectiones
537 2169 686 2212 optimas
708 2168 741 2200 in
761 2168 925 2201 omnibus
942 2167 1046 2200 disci-

56 2217 162 2261 plinis
182 2219 421 2261 proponimus.
475 2220 618 2253 Summa
647 2220 712 2251 fule
734 2220 921 2251 traduntur
943 2226 1046 2257 arn-s,

57 2280 144 2314 qnae
165 2269 345 2302 continent
371 2270 543 2303 rationem
572 2270 729 2302 dicendi:
765 2270 933 2302 elementa
960 2268 1046 2302 Phi-

56 2316 238 2363 losophiae
266 2326 296 2353 et
325 2318 582 2354 Mathematnm
610 2321 812 2364 planissime
839 2332 1046 2364 proponun-

56 2375 124 2403 tur.
178 2368 217 2403 In
236 2383 303 2415 qua
320 2368 439 2404 schola
455 2373 628 2404 secundus
647 2372 735 2404 liber
753 2370 860 2403 Plinii
880 2377 948 2403 tam
969 2383 1044 2413 per-

57 2420 174 2464 spicue
191 2429 372 2455 enarratus
388 2430 456 2461 est,
482 2428 520 2455 nt
537 2419 594 2454 hic
611 2422 818 2454 enarratur'.>
852 2420 1044 2466 Reliquum

57 2470 164 2514 igitur
186 2479 253 2511 est,
288 2484 331 2505 ne
356 2473 455 2505 vobis
482 2472 545 2516 ipsi
566 2473 681 2505 deesse
709 2472 842 2509 velitis,
871 2473 928 2504 sed
947 2484 1045 2516 prae-

57 2522 213 2555 sentibus
232 2524 424 2556 commodis
441 2523 618 2557 fruamini.

156 2572 260 2615 Quod
278 2574 420 2618 quidem
443 2582 482 2608 nt
496 2574 648 2612 faciatis,
677 2574 848 2605 adducere
864 2584 925 2605 vos
943 2573 1044 2605 debet

1118 300 1309 334 ponuntur.
1369 292 1415 326 Et
1450 293 1538 327 nihil
1567 298 1703 331 dulcius
1730 306 1799 340 est,
1840 314 1944 346 qnam
1974 303 2104 338 intueri

1115 342 1233 376 animo
1252 356 1306 376 eas
1324 356 1393 383 res,
1421 358 1509 389 quae
1526 348 1562 378 in
1586 346 1813 394 Philosophia
1832 352 1934 385 nobis
1956 356 2104 388 tradun-

1116 399 1191 433 tur,
1214 394 1257 426 de
1276 395 1517 437 magnitudine
1536 398 1737 432 coelestium
1764 413 1951 446 corporum
1976 417 2015 438 ac
2033 413 2101 440 ter-

1113 455 1192 483 rae,
1220 446 1262 477 de
1286 446 1390 478 variis
1414 448 1567 480 motibus
1589 449 1762 491 siderum,
1799 456 1977 497 quomodo
1995 456 2102 489 lumi-

1114 506 1157 526 na
1175 495 1334 528 coelestia
1353 496 1446 529 varie
1462 497 1569 531 mixta
1587 498 1678 532 iuter
1701 512 1736 533 se
1755 515 1792 534 ac
1810 510 2020 550 temp-erata,
2045 510 2101 542 di-

1112 556 1229 578 versos
1261 546 1403 580 effectus
1433 549 1575 591 pariunt
1611 550 1647 583 in
1683 547 1746 585 hac
1781 552 1937 588 inferiori
1965 565 2100 602 natura,

1111 594 1200 629 sicut
1217 596 1318 630 aliter
1339 604 1443 643 atque
1460 600 1562 632 aliter
1578 601 1704 634 mixtae
1726 615 1824 636 voces
1843 606 1997 642 diversas
2017 622 2100 643 can-

1111 645 1224 679 tiones
1247 648 1415 684 esficinnt.
1486 649 1584 684 Invat
1615 652 1718 685 etiam
1740 654 1857 688 videre
1880 670 1998 692 causas
2022 662 2098 694 offi-

1111 697 1244 730 ciorum
1274 699 1431 732 civilium
1463 701 1497 733 in
1529 711 1653 735 natura
1679 704 1848 738 divinitus
1868 708 2030 752 scriptas,
2067 721 2099 747 et

1109 748 1264 781 mirabili
1302 751 1488 802 prudentia
1521 765 1539 785 a
1566 753 1677 786 doctis
1702 751 1906 792 hominibus
1936 761 2096 796 animad-

1112 811 1239 835 versas,

1211 857 1284 891 Iam
1302 859 1437 894 utilitas
1456 862 1605 894 maxime
1623 864 1813 908 percipitur
1830 879 1868 900 ex
1884 865 1939 902 his
1955 872 2098 914 studiis;

1107 917 1186 942 sunt
1214 910 1328 948 enim,
1363 918 1401 944 ut
1429 912 1556 946 Graeci
1585 913 1724 954 dicunt,
1758 915 1829 960 πρὸ
1856 915 1948 953 ὁδοῦ
1974 922 2011 954 in
2038 935 2097 956 su-

1107 960 1306 1002 perioribus
1331 962 1486 1003 artibus,
1521 975 1610 1009 quae
1638 973 1728 998 certe
1752 967 1892 1001 dicendi
1917 971 2097 1007 scientiam

1107 1011 1306 1055 requirnnt.
1360 1012 1454 1055 Quid
1474 1015 1567 1047 enim
1585 1017 1800 1058 promoverit
1814 1019 1961 1064 aliquis,
1982 1023 2010 1055 si
2026 1036 2097 1057 ser-

1106 1061 1222 1094 monis
1246 1073 1355 1106 genns
1378 1075 1450 1097 non
1469 1073 1570 1110 queat
1595 1066 1775 1100 iudicare?
1826 1068 1872 1104 Et
1890 1072 1998 1106 multa
2017 1075 2096 1107 ubi—

1105 1123 1173 1155 que
1189 1119 1378 1145 sumuntur
1405 1127 1443 1147 ex
1464 1113 1693 1160 Philosophia
1721 1121 1873 1153 naturali
1891 1134 1930 1155 ac
1953 1126 2098 1168 morali,

1105 1174 1255 1205 quorum
1273 1164 1334 1209 qui
1358 1176 1429 1198 non
1448 1166 1569 1201 vident
1592 1168 1723 1210 sontes,
1751 1171 1902 1215 turpiter
1916 1173 2094 1210 interdum

1106 1209 1384 1249 hallucinantur.

1205 1270 1251 1306 Et
1280 1273 1447 1318 quoniam
1482 1273 1637 1319 Reipub.
1668 1276 1827 1319 interest,
1867 1282 1974 1317 bonas
2005 1293 2096 1322 artes

1104 1333 1329 1363 conservare,
1358 1336 1479 1357 omnes
1497 1328 1653 1360 sentiatis
1677 1325 1743 1360 hoc
1766 1343 1783 1362 a
1804 1332 1902 1366 vobis
1920 1333 2096 1380 Rempub.

1105 1379 1238 1415 petere,
1275 1381 1313 1406 ut
1341 1375 1431 1407 detis
1459 1387 1620 1419 operam,
1665 1390 1709 1411 ne
1738 1388 1848 1414 vestra
1883 1385 2094 1429 negligentia

1103 1430 1194 1456 artes
1230 1423 1450 1457 intercidant.
1511 1424 1599 1459 Cum
1626 1435 1738 1462 autem
1769 1433 1900 1467 maiora
1928 1435 2093 1474 beneficia

1102 1485 1224 1506 omnes
1238 1487 1254 1506 a
1273 1473 1414 1518 Repub.
1434 1488 1537 1519 quam
1555 1489 1571 1509 a
1591 1479 1734 1521 privatis
1750 1482 1849 1521 ullis,
1876 1485 1949 1519 sive
1966 1499 2094 1531 paren-

1101 1523 1218 1564 tibus,
1251 1524 1323 1557 sive
1355 1526 1474 1558 amicis
1499 1527 1729 1571 accipiamus,
1766 1545 1915 1577 aequum
1948 1545 1999 1572 est
2028 1552 2092 1574 nos

1102 1574 1253 1607 vicissim
1273 1572 1363 1608 hanc
1380 1576 1430 1608 illi
1449 1577 1595 1619 gratiam
1615 1581 1778 1623 reddere,
1806 1591 1837 1617 et
1855 1594 1974 1621 nostro
1995 1589 2091 1624 labo-

1101 1636 1137 1657 re
1156 1633 1246 1659 artes
1268 1627 1419 1659 retinere
1435 1640 1474 1660 ac
1493 1629 1692 1665 defendere.

1205 1682 1324 1726 Quare
1341 1696 1402 1717 vos
1417 1682 1606 1726 adhortor,
1627 1687 1896 1732 AdolescenteS,
1922 1702 1958 1729 ut
1975 1697 2021 1731 ita
2037 1699 2092 1732 in-

1101 1734 1235 1767 ducatis
1266 1736 1424 1768 animum
1436 1763 1445 1776 ,
1488 1737 1586 1779 prius
1622 1740 1722 1773 vobis
1756 1748 1995 1785 cognoscenda
2021 1761 2093 1784 esse

1100 1785 1270 1818 elementa
1286 1783 1555 1831 Philosophiae,
1583 1801 1688 1833 quam
1706 1792 1747 1823 ad
1765 1795 1961 1836 superiores
1984 1800 2093 1833 ‹lisci-

1101 1836 1214 1879 plinas
1232 1837 1421 1878 accedatis,
1448 1845 1480 1871 et
1500 1838 1536 1871 in
1557 1851 1595 1872 ea
1622 1841 1809 1884 diligenter
1825 1846 2001 1882 collocetis
2017 1859 2090 1885 stu—

1099 1887 1195 1919 dium
1213 1894 1317 1932 atque
1331 1900 1486 1932 operam.

1200 1953 1310 2000 ἇρχῂ,
1339 1956 1525 2002 inquiunt,
1553 1955 1667 2002 ἥμισυ
1690 1959 1838 2001 παντός.
1888 1963 2086 2004 Dimidium

1098 2005 1198 2046 facti,
1231 2007 1290 2051 qui
1316 2007 1404 2040 bene
1428 2007 1558 2051 coepit,
1593 2006 1708 2043 habet.
1778 2012 1949 2050 Faciliora
1982 2019 2089 2062 igitur

1098 2056 1216 2089 omnia
1234 2065 1336 2091 erunt
1353 2058 1427 2091 istis
1445 2059 1480 2091 in
1498 2058 1575 2092 aliis
1592 2060 1804 2104 disciplinis,
1825 2066 1886 2110 qui
1902 2075 1993 2102 recte
2009 2083 2088 2104 coe-

1098 2114 1244 2151 perunt,
1279 2108 1338 2153 qni
1357 2110 1396 2141 ad
1416 2110 1502 2142 alias
1520 2110 1671 2145 afferunt
1691 2123 1808 2146 earum
1829 2117 1957 2151 artium
1975 2121 2087 2154 scien-

1098 2159 1199 2198 tiam,
1229 2158 1302 2191 sine
1322 2160 1449 2204 quibus
1468 2161 1548 2192 illae
1567 2173 1680 2206 neque
1703 2165 1854 2209 percipi,
1883 2180 1995 2214 neque
2016 2179 2086 2206 tra-

1098 2209 1198 2248 stari,
1228 2221 1340 2254 neque
1357 2210 1505 2254 intelligi
1523 2220 1678 2254 possunt.

1199 2265 1243 2300 Et
1260 2266 1350 2300 hanc
1368 2270 1562 2302 orationem
1581 2270 1774 2305 existimate
1790 2286 1843 2307 me
1868 2277 2005 2319 publica
2023 2294 2086 2314 an-

1097 2319 1235 2351 toi-itate
1252 2316 1431 2359 habuisse,
1459 2332 1562 2365 quam
1580 2321 1606 2353 si
1623 2322 1701 2366 quis
1719 2327 1928 2366 contemnit,
1957 2330 1983 2362 is
2001 2333 2084 2366 sciat

1096 2368 1209 2403 Deum
1233 2369 1383 2403 ultorem
1405 2368 1508 2403 huius
1531 2373 1765 2407 contumeliae
1783 2376 1866 2410 sore.
1925 2378 1976 2413 Ac
1995 2380 2084 2416 Res-

1098 2421 1180 2464 pul».
1206 2421 1347 2453 ornavit
1372 2421 1473 2454 etiam
1500 2421 1691 2465 privilegiis
1717 2421 1800 2458 haec
1824 2435 1942 2462 nostra
1970 2435 2082 2466 studia

1097 2479 1128 2504 et
1152 2468 1362 2511 honoribus,
1403 2484 1490 2516 qnos
1522 2485 1615 2506 nunc
1647 2471 1700 2507 his
1722 2475 1908 2512 iuvenibus
1934 2481 2084 2517 libenter

1097 2523 1339 2561 decernemus,
1365 2523 1445 2566 quia
1465 2524 1676 2567 singularem
1696 2526 1833 2560 laudem
1848 2526 1911 2563 hoc
1930 2539 2083 2576 tempor.»

1098 2573 1132 2605 in
1151 2578 1245 2605 tanta
1264 2573 1487 2616 perversitate.
1504 2575 1715 2609 iudiciorum
1733 2587 1911 2613 merentur
1927 2582 1999 2623 isti,
2023 2586 2082 2627 qui

58 2632 135 2653 cum
155 2623 225 2666 ipsa
242 2625 452 2665 cognitionis
478 2625 647 2662 suavitas,
685 2632 756 2657 tnm
778 2625 880 2656 etiam
903 2623 1046 2656 utilitas.
1097 2621 1180 2655 haec
1213 2623 1411 2656 communia
1448 2623 1697 2670 Philosophiae
1733 2630 1847 2663 studia
1886 2633 2082 2675 attigerunt.

58 2670 146 2704 Nam
175 2673 416 2708 incredibilem
454 2675 669 2719 soluptatein
704 2676 792 2718 parit
828 2675 1045 2719 eloquentia3

1097 2673 1189 2707 Dixi.

1369 2722 1446 2758 14*
