2338 2958
125 133 222 170 1017

120 220 258 253 minum
282 226 441 253 nostrum
460 217 574 253 lesum
594 216 791 260 Christum,
816 218 1019 252 crucifixum
1043 229 1106 262 pro

119 270 224 303 nobis
240 276 274 303 et
290 269 534 304 resuscitatum
545 297 554 311 ‚
576 276 864 304 conservaturum
883 281 955 303 esse
969 295 979 310 ‚
1001 269 1105 302 etiam

119 320 158 353 in
180 317 244 353 hac
261 319 351 358 vita,
379 318 571 354 Ecclesiam
595 332 693 358 suam
716 332 828 366 usque
852 321 896 353 ad
921 319 1107 353 resuscita-

119 370 252 403 tionem
289 376 524 404 mortuorum:
564 377 598 405 et
627 371 771 416 quidem
804 371 854 404 ibi
886 376 1105 404 servaturum

119 431 208 461 esse,
240 420 303 453 ubi
325 427 428 454 erunt
449 422 565 455 studia
585 433 687 455 verae
708 421 902 457 doctrinae.
959 419 1030 454 Sed
1054 426 1107 453 ta-

117 481 199 503 men
225 470 369 503 dissidia
391 469 496 505 huius
514 472 684 516 temporis
706 484 780 505 non
804 472 913 512 levia,
948 477 981 504 et
1002 470 1106 510 bella,

115 532 281 564 magnum
302 519 391 554 mihi
409 523 568 555 dolorem
588 523 764 556 adferunt.
817 521 964 556 Accedit
987 527 1021 554 et
1040 521 1105 553 do-

116 571 280 605 mesticus
297 571 430 613 luctus,
456 573 580 606 amissa
599 571 846 607 honestissima
865 571 1024 615 coniuge.

218 645 432 691 Quanquam
466 647 573 690 igitur
602 644 762 682 hortator
793 658 907 686 eram,
946 652 985 680 ut
1015 645 1106 678 alius

115 695 211 730 hunc
230 696 388 730 laborem
407 698 614 742 susciperet:
642 704 758 730 tamen
782 695 819 730 111
838 696 908 729 11101
925 696 1104 730 auditores

116 747 302 792 petebant,
329 758 374 779 ne
392 747 547 791 ipsorum
563 745 693 781 honori
715 748 887 781 deessem:
922 754 955 781 et
971 746 1105 792 praeci-

722 128 883 170 DECL.
922 131 998 169 DE
1031 130 1239 168 LEGUM
1272 133 1548 171 IUSTITIA.

2047 141 2142 175 1018

1157 217 1354 253 illustrante
1374 227 1493 264 pectus
1516 232 1653 261 meum,
1686 221 1765 266 plus
1786 221 1900 266 cogito
1922 223 1965 256 de
1979 222 2076 265 Deo,
2109 232 2141 259 et

1158 270 1201 302 de
1219 271 1393 304 creatione
1414 268 1585 310 hominis,
1609 279 1643 305 et
1659 273 1701 305 de
1718 273 1879 307 instituto
1895 274 1986 307 vitae
2002 275 2140 308 ordine:

1159 332 1198 352 eo
1226 321 1336 363 magis
1362 322 1465 355 doleo
1489 328 1620 355 tantam
1650 334 1721 356 esse
1746 324 1928 367 caliginem
1954 325 1991 357 in
2018 333 2142 358 natura

1158 367 1364 410 hominum,
1398 378 1436 405 ut
1459 373 1544 405 adeo
1565 373 1781 417 negligenter
1805 374 2001 408 consideret
2027 374 2141 408 Deum

1158 427 1192 454 et
1210 421 1285 454 eius
1301 422 1529 457 voluntatem.

1259 493 1337 528 Hoc
1351 502 1466 529 autem
1482 497 1584 537 facio,
1612 499 1707 542 quod
1725 506 1775 533 est
1792 500 1902 533 nostri
1916 501 2032 533 officii.
2060 499 2142 533 Mo-

1158 556 1225 578 neo
1251 556 1330 586 vos,
1363 553 1403 579 ut
1427 548 1549 589 procul
1573 548 1714 590 fugiatis
1738 561 1860 582 omnes
1883 551 1983 592 illos,
2009 551 2068 595 qui
2093 551 2143 583 le-

1157 607 1238 638 gum
1262 604 1462 630 nostrarum
1485 598 1682 631 doctrinam
1712 606 1962 641 contemnunt,
1989 607 2022 634 et
2045 613 2143 633 rum-

1158 658 1239 690 pere
1257 658 1383 680 nervos
1401 647 1558 681 iusticiae
1573 655 1607 682 et
1625 649 1831 693 disciplinae
1848 658 2034 685 conantur.
2068 650 2142 684 llos

1156 702 1288 730 certum
1311 705 1361 731 est
1385 705 1417 731 et
1443 695 1559 732 hostes
1576 699 1639 733 Dei
1657 711 1746 740 esse,
1785 707 1818 734 et
1842 702 1915 735 suis
1939 702 2142 746 cupiditati-

1157 748 1223 780 bus
1257 748 1431 782 infiuitam
1467 749 1642 783 licentiam
1677 762 1863 795 quaerere,
1913 759 1945 785 et
1979 753 2142 796 praebere

115 809 186 842 pue
211 794 477 831 honestissimus
502 797 576 836 vir,
604 798 712 831 frater
735 798 802 831 mei
829 798 948 841 generi
973 795 1105 831 charis-
1128 811 1132 853 ,
1156 809 1311 831 caussam
1341 799 1631 844 dissipationibus
1661 808 1693 834 et
1723 803 1978 836 vastationibus
2008 803 2142 847 generis

116 848 210 888 simi,
238 845 541 882 AndreasZoech:
571 861 675 893 quem
691 849 739 882 ita
756 849 885 892 diligo,
913 856 945 883 et
962 854 1105 892 propter
1129 857 1131 873 ¹
1156 845 1316 883 humani.

114 899 301 938 virtutem,
327 906 359 932 et
375 906 518 942 propter
536 899 770 940 adfinitatem,
797 912 836 933 ac
851 899 881 932 si
899 900 989 932 filius
1009 909 1104 931 meus

115 956 212 982 esset.
265 947 312 981 Hi
328 949 497 988 orabant,
526 956 564 983 ut
580 951 624 982 ad
641 956 773 983 caetera
803 956 948 994 paterna
973 949 1103 981 benefi-

114 999 167 1033 cia
185 1000 349 1032 adderem
373 1006 406 1033 et
432 997 521 1032 hanc
545 997 731 1033 honorifici
754 1000 945 1034 testimonii
971 1011 1105 1032 renun-
1128 998 1131 1029 l

113 1050 315 1084 ciationem.
374 1048 465 1083 Cum
490 1050 599 1093 igitur
622 1062 681 1084 eos
707 1059 853 1095 paterno
875 1062 994 1083 amore.
1019 1049 1104 1081 dili—

112 1111 211 1143 gam,
237 1099 337 1133 nolui
357 1101 498 1134 tandem
514 1101 690 1144 refragari.
742 1100 857 1134 Pauca
879 1113 982 1141 vero,
1011 1106 1051 1132 ut
1065 1100 1103 1131 in

113 1148 180 1183 1130
202 1151 380 1184 moesticia
402 1162 478 1183 mea
501 1157 534 1183 et
557 1151 717 1194 publica,
753 1151 883 1184 dicam:
917 1158 957 1184 ut
986 1155 1105 1184 extent

113 1201 374 1234 admonitiones
399 1207 538 1233 nostrae
556 1201 593 1232 in
612 1199 674 1233 hac
693 1209 830 1234 senecta
855 1201 1021 1245 repetitae
1044 1212 1103 1234 co-

112 1263 187 1284 ram
205 1249 299 1292 Deo,
329 1258 362 1285 et
382 1262 499 1284 coram
524 1248 578 1283 his
601 1251 759 1285 coetibus
780 1250 1015 1292 scholasticis,
1040 1251 1102 1296 qui

113 1308 196 1335 sunt
211 1301 404 1346 praecipui.

214 1376 375 1411 Primum
393 1376 500 1420 igitur
516 1388 577 1410 vos
593 1376 750 1410 obtestor
764 1383 907 1421 propter
915 1375 1049 1418 Deum,
1069 1383 1102 1411 et

112 1441 229 1463 coram
246 1427 377 1462 iudicio
393 1426 472 1466 Dei,
499 1434 538 1461 ut
555 1428 759 1470 agnoscatis,
787 1428 890 1470 leges,
917 1428 1102 1469 iusticiam,

112 1479 336 1523 disciplinam
355 1478 535 1512 rectricem
554 1480 663 1516 vitae,
693 1485 725 1512 et
741 1479 924 1522 politicum
940 1479 1100 1511 ordinem

111 1542 184 1564 esse
207 1541 261 1563 res
283 1541 302 1562 a
319 1529 392 1563 Deo
416 1528 616 1569 ordinatas,
644 1535 677 1561 et
693 1529 796 1562 nobis
814 1535 1043 1569 monstratas,
1069 1536 1102 1563 et

110 1592 235 1624 magna
262 1580 427 1613 beneficia
445 1579 526 1613 Dei:
551 1586 583 1613 et
607 1579 783 1623 postulare
806 1579 933 1619 Deum,
960 1587 999 1613 ut
1018 1577 1102 1612 haec

111 1644 172 1665 sua
195 1633 288 1664 dona
315 1630 602 1673 magnifaciamus
630 1637 663 1663 et
692 1641 955 1663 conservemus:
979 1637 1011 1663 et
1040 1641 1101 1673 per

110 1694 148 1715 ea
173 1692 421 1725 agnoscamus,
453 1680 568 1726 qualis
591 1681 663 1723 ipse
686 1680 749 1721 sit,
776 1680 940 1714 videlicet
961 1681 1100 1724 sapiens

110 1740 144 1767 et
169 1733 295 1766 iustus:
334 1739 365 1765 et
389 1731 558 1771 sciamus,
593 1731 707 1775 ipsum
734 1731 823 1764 velle
840 1737 879 1765 ut
905 1738 1099 1774 congruant

110 1781 274 1816 homines
296 1794 374 1814 cum
403 1781 494 1824 ipso:
529 1788 561 1814 et
588 1793 668 1814 vere
695 1781 871 1814 vindicem
895 1793 984 1821 esse,
1020 1793 1098 1814 cum

109 1831 272 1867 homines
288 1831 542 1865 contumaciter
557 1831 692 1864 violant
708 1843 870 1864 normam
891 1843 973 1865 suae
999 1831 1100 1864 iusti-

96 1884 193 1918 0130.
246 1882 341 1916 Haec
366 1882 545 1915 verissima
571 1887 674 1918 sunt,
709 1888 743 1914 et
769 1892 870 1925 saepe
891 1881 1036 1926 repetita
1062 1882 1098 1914 in

109 1934 247 1979 scriptis
263 1930 522 1978 Prophetarum
539 1937 572 1966 et
589 1929 856 1975 Apostolorum.

210 2010 280 2046 Sed
297 2008 472 2046 iuniores,
500 2013 533 2040 et
549 2005 608 2039 alii
627 2002 788 2040 homines
806 2005 1029 2049 impatientes
1048 2007 1097 2041 le-

109 2075 192 2108 gum
209 2068 243 2095 et
260 2059 368 2098 freni,
397 2070 469 2092 non
485 2056 709 2091 considerant
726 2057 839 2102 qualis
854 2057 898 2091 sit
914 2056 1027 2097 Deus,
1055 2059 1095 2091 ad

108 2114 194 2160 quid
213 2109 414 2146 condiderit
433 2106 615 2148 homines,
643 2113 674 2141 et
697 2108 792 2153 quod
815 2109 1043 2142 transfuderit
1062 2109 1097 2142 in

107 2176 173 2199 nos
207 2162 323 2196 radios
354 2172 435 2194 suae
468 2158 658 2203 sapientiae
683 2165 716 2191 et
745 2158 921 2199 iusticiae,
955 2166 988 2192 et
1013 2160 1096 2193 velit

109 2227 173 2249 nos
192 2213 389 2248 conformes
411 2221 483 2244 esse
509 2221 591 2243 suae
613 2214 770 2244 naturae.
825 2208 907 2242 Ideo
933 2206 1095 2243 horribili

106 2265 251 2301 audacia
270 2262 454 2306 negligunt
469 2261 585 2303 legum
603 2266 635 2293 et
652 2259 810 2293 iusticiae
827 2260 1035 2300 doctrinam,
1063 2268 1097 2295 et

105 2322 303 2362 sequuntur
320 2323 398 2346 suas
417 2311 636 2355 cupiditates,
690 2308 784 2343 Hinc
803 2310 968 2343 oriuntur
982 2311 1019 2343 in
1037 2322 1095 2354 ge-

106 2379 190 2402 nere
217 2364 373 2399 bumano
396 2362 567 2401 iniuriae,
595 2361 811 2398 discordiae,
840 2361 952 2401 bella,
981 2370 1095 2395 vasta—

103 2420 218 2453 tiones
234 2415 404 2459 gentium,
432 2420 464 2446 et
481 2411 637 2445 infinitae
653 2411 878 2447 calamitates.
930 2409 977 2445 Et
995 2413 1095 2454 punit

104 2469 242 2514 sapiens
258 2473 290 2500 et
308 2465 419 2498 iustus
436 2462 532 2496 Deus
545 2463 681 2495 furores
700 2459 904 2501 homiuum,
930 2473 1094 2506 praesen·
1118 2482 1121 2492 a

103 2521 198 2555 tibus
216 2525 249 2551 et
268 2514 419 2550 aeternis
437 2513 571 2558 poenis.

205 2593 319 2627 Tanta
346 2597 397 2624 est
420 2589 626 2632 magnitudo
652 2585 776 2621 harum
804 2599 940 2628 rerum,
965 2595 1004 2621 111
1029 2600 1092 2622 1100

101 2645 331 2690 Angelorum,
358 2654 420 2674 nec
436 2638 619 2673 hominum
638 2638 838 2682 eloquentia
856 2635 938 2671 huic
955 2640 1091 2680 magni-

100 2696 218 2732 tudini
244 2705 307 2739 par
332 2693 387 2726 sit.
443 2691 512 2725 Sed
534 2702 603 2734 quo
629 2690 736 2732 magis
763 2700 924 2729 senesco,
959 2696 991 2722 et
1015 2687 1089 2723 Deo

1257 921 1359 955 Hanc
1375 923 1654 957 admonitionem
1678 926 1775 959 scitis
1795 938 1814 960 a
1839 939 1915 968 me,
1942 934 1974 961 et
1995 928 2039 961 ab
2065 927 2142 960 aliis

1155 979 1247 1006 recte
1266 973 1501 1007 sentientibus
1518 986 1618 1018 saepe
1639 977 1763 1019 repeti:
1788 974 1893 1022 quam
1917 978 2039 1011 scitote
2062 990 2142 1010 vere

1155 1034 1228 1056 esse
1243 1024 1615 1058 commonefactionem
1632 1038 1650 1058 a
1666 1025 1742 1060 Deo
1762 1029 1940 1062 traditam:
1965 1027 2012 1062 Et
2029 1027 2142 1061 Deum

1155 1085 1228 1106 esse
1256 1074 1449 1115 vindicem,
1491 1082 1524 1108 et
1549 1074 1736 1110 horrendis
1760 1079 1881 1122 poenis
1913 1079 2030 1113 delere
2056 1091 2141 1112 con-

1155 1129 1350 1158 temnentes
1364 1122 1455 1158 hanc
1471 1137 1570 1158 suam
1585 1127 1803 1170 sapientiam.

1255 1190 1323 1224 Hic
1351 1198 1468 1225 autem
1498 1193 1756 1237 deplorandum
1786 1203 1835 1230 est
1858 1208 2045 1231 commune
2067 1210 2140 1231 ma-

1155 1242 1239 1274 lum.
1291 1239 1504 1276 Errantibus
1526 1244 1779 1288 cupiditatibus
1801 1247 1911 1281 multa
1931 1248 2058 1281 iniusta
2082 1261 2140 1282 co-

1153 1299 1285 1326 nantur
1301 1299 1476 1336 potentes,
1504 1306 1593 1339 quae
1609 1302 1647 1329 ut
1663 1296 1800 1330 facilius
1818 1305 1940 1341 agant,
1967 1306 2141 1344 quaerunt

1153 1350 1351 1387 praetextus
1375 1344 1483 1385 iuris,
1525 1352 1559 1379 et
1587 1345 1773 1381 inveniunt
1808 1348 1936 1382 tinctos
1968 1350 2138 1388 doctriua,

1153 1394 1214 1438 qui
1230 1394 1331 1427 malis
1350 1395 1507 1428 consiliis
1527 1396 1625 1429 fucos
1647 1405 1831 1442 quaerunt.
1884 1398 1979 1433 Haec
2000 1407 2050 1434 est
2075 1402 2142 1433 du-

1153 1445 1231 1488 plex
1259 1445 1454 1486 iniusticia‚
1487 1453 1527 1479 ut
1551 1446 1651 1481 Plato
1677 1449 1782 1482 dixit:
1819 1449 1992 1484 Scelerate
2014 1451 2139 1490 facere,

1153 1501 1186 1528 et
1200 1496 1327 1528 scelera
1347 1497 1544 1540 adprobare
1562 1503 1727 1543 tanquam
1752 1500 1937 1534 iusticiam.
1989 1501 2066 1535 Hoc
2085 1503 2139 1536 in-

1152 1557 1237 1589 gens
1254 1546 1420 1579 delictum
1444 1555 1581 1581 accusat
1605 1561 1670 1582 vox
1695 1550 1835 1591 divina,
1862 1551 2040 1597 inquiens:
2067 1553 2139 1587 Vae

1152 1597 1253 1629 vobis
1276 1597 1338 1642 qui
1363 1597 1482 1631 dicitis
1502 1599 1633 1632 malum
1659 1612 1731 1634 esse
1755 1602 1908 1643 bonum,
1944 1609 1978 1636 et
2002 1604 2136 1637 honum

1151 1658 1223 1679 esse
1249 1647 1391 1682 malum.
1453 1647 1601 1693 Propter
1624 1647 1707 1690 hoc,
1743 1652 1834 1686 sicut
1861 1652 1951 1697 ignis
1973 1653 2138 1699 stipulam

1152 1698 1317 1738 devorat,
1341 1698 1390 1731 sic
1407 1699 1587 1742 peribitis,
1611 1701 1699 1735 sicut
1716 1702 1847 1737 favilla.

1252 1762 1368 1797 Huius
1397 1764 1519 1798 iudicii
1554 1767 1710 1811 exempla
1746 1776 1940 1803 cernuntur
1973 1773 2137 1805 omnibus

1151 1814 1321 1847 aetatibus
1339 1815 1500 1859 plurima.
1557 1815 1676 1850 ludaei
1694 1826 1871 1862 praetextu
1888 1821 2080 1867 religionis,
2104 1830 2136 1856 et

1151 1863 1322 1898 libertatis
1346 1866 1536 1909 promissae
1562 1867 1596 1900 in
1623 1868 1716 1911 lege,
1742 1881 1843 1915 saepe
1863 1871 2040 1906 violarunt
2063 1875 2137 1906 foe-

1151 1915 1233 1947 dera
1258 1927 1337 1948 cum
1363 1917 1503 1959 regibus
1526 1916 1753 1964 Babylonicis
1775 1921 1880 1954 facta:
1917 1930 2034 1966 postea
2060 1923 2135 1958 Ro-

1150 1977 1252 1998 mana
1275 1966 1413 2000 foedera
1441 1975 1576 2002 tantum
1595 1970 1746 2013 patriae,
1773 1978 1806 2004 et
1830 1972 1896 2005 sibi
1918 1973 2060 2007 exitium
2084 1983 2137 2009 at-

1150 2022 1344 2052 traxerunt.
1407 2017 1552 2052 Vidistis
1579 2019 1615 2052 in
1642 2019 1834 2055 Germania
1866 2023 2051 2069 aliquoties
2080 2023 2137 2059 his

1149 2067 1313 2110 speciosis
1331 2067 1443 2102 titulis
1460 2081 1555 2103 arma
1572 2070 1760 2105 infeliciter
1779 2080 1928 2118 sumpta.

1213 2138 1215 2140 ’
1250 2133 1299 2169 Ut
1313 2143 1426 2169 autem
1442 2144 1532 2170 recte
1548 2139 1729 2172 consulere
1745 2141 2040 2182 gubernatoribus
2055 2155 2136 2187 pos-

1148 2184 1243 2225 sitis,
1278 2186 1431 2229 primum
1457 2188 1638 2221 doctrinae
1661 2191 1773 2224 fontes
1798 2201 2069 2234 cognoscantur,
2102 2203 2135 2230 et

1148 2237 1323 2280 sequenda
1358 2244 1407 2270 est
1444 2250 1566 2271 norma
1601 2240 1637 2271 in
1667 2240 1742 2273 iure
1767 2242 1889 2276 divino
1917 2250 1949 2276 et
1977 2241 2132 2278 humano

1148 2286 1292 2329 scripta:
1322 2299 1393 2319 non
1412 2288 1593 2331 fingendae
1609 2298 1690 2323 sunt
1707 2292 1892 2335 opiniones
1911 2296 2052 2338 propria
2072 2309 2131 2340 pe-

1148 2336 1313 2375 tulantia,
1347 2341 1605 2373 accommodata
1631 2342 1672 2373 ad
1697 2342 1887 2375 factionum
1914 2346 2133 2388 cupiditates.

1149 2386 1282 2419 Deinde
1303 2387 1346 2420 sit
1365 2388 1467 2421 etiam
1490 2389 1648 2423 iustitiae
1666 2403 1782 2432 amor,
1809 2400 1841 2426 et
1861 2395 1928 2427 tale
1948 2397 2132 2430 3111111110-

1148 2438 1214 2470 bur
1230 2444 1263 2471 et
1281 2438 1445 2477 firmitas,
1471 2446 1508 2472 ut
1527 2447 1727 2474 constanter
1745 2455 1842 2476 veras
1866 2452 1898 2479 et
1924 2445 2029 2479 iustas
2052 2460 2131 2480 sen-

1145 2488 1271 2521 tentias
1294 2489 1443 2529 tuearis,
1467 2495 1529 2522 nec
1554 2491 1708 2525 inflectas
1733 2494 1773 2525 ad
1799 2502 1978 2537 potentum
2005 2499 2132 2531 volun—

1145 2545 1244 2573 tates,
1297 2537 1345 2571 lta
1366 2539 1401 2572 in
1421 2541 1586 2573 omnihus
1602 2542 1662 2586 qui
1680 2544 1721 2575 ad
1739 2546 1884 2577 consilia
1905 2544 2130 2589 adhibentur,

1145 2589 1356 2622 necessariae
1380 2597 1462 2623 sunt
1488 2588 1551 2623 hae
1575 2592 1738 2626 virtutes:
1767 2596 1919 2638 cognitio
1939 2598 2133 2640 doctrinae,

1144 2639 1299 2672 veritatis
1318 2651 1435 2680 amor,
1462 2641 1597 2675 iusticia
1621 2649 1655 2676 et
1678 2647 1891 2685 constantia,
1919 2648 2072 2682 veritatis
2097 2658 2130 2683 et

1142 2690 1298 2723 iusticiae
1317 2692 1566 2727 conservatrix.
