2338 2958
184 134 253 171 471

187 231 305 258 saeva,
332 224 364 252 et
378 210 606 249 inexorabilis
625 208 694 246 ira,
718 204 807 239 mibi
823 217 906 239 vero
923 202 1052 238 borum
1069 203 1171 237 tacita

186 273 296 318 pietas
310 266 492 312 supplicat.
545 259 710 294 Graviter
733 258 786 290 illi
810 258 846 290 in
865 268 920 289 me
937 255 1174 300 deliquerunt,

187 321 472 357 commeruerunt
496 322 664 357 poenam,
697 315 790 349 esto,
824 309 883 341 sed
910 306 988 341 Rex
1011 306 1114 339 debet
1132 316 1174 362 ‘se

187 373 288 408 talem
316 367 482 413 praebere
508 362 661 399 civibus,
689 360 828 405 qualem
851 358 918 391 sibi
935 356 1050 390 Deum
1074 356 1174 413 velit:

187 435 248 467 ego
276 426 391 453 autem
417 426 521 461 quam
550 423 671 456 saepe,
704 417 737 444 et
763 422 867 455 quam
897 409 1008 442 multo
1036 417 1176 451 gravius

188 478 309 507 contra
327 468 439 502 Deum
457 464 584 510 pecco?
619 463 675 496 cui
700 462 729 495 si
751 460 888 506 quoties
911 471 1012 492 causa
1037 464 1086 491 est
1111 468 1177 501 pu-

190 520 328 560 niendi,
356 517 459 551 toties
476 521 510 549 et
527 515 689 548 voluntas
708 519 811 551 esset,
838 522 927 556 quae
946 510 998 543 illi
1016 509 1179 547 fulmina,

190 584 278 619 quae
307 574 482 603 tormenta
510 566 705 598 inferorum
733 563 770 595 in
797 573 890 594 meas
918 561 1024 594 unius
1050 569 1180 603 poenas

191 618 411 657 sufficerent?
444 617 532 651 Nam
551 616 642 661 quod
661 612 881 647 conditiones
899 612 992 656 pacis
1012 610 1180 665 quasdam

193 673 316 708 durius
357 676 459 714 atque
502 665 748 699 inclementius
792 661 1015 706 interpretari
1056 660 1182 699 audio,

194 729 325 770 quanto
344 718 526 753 honestius
549 723 599 749 est
618 727 683 748 nos
700 714 822 747 audire
841 725 960 745 vocem
979 717 1181 745 nostrarum

194 776 329 817 legum,
356 781 444 816 quae
469 768 548 801 odia
574 766 800 808 restringere,
828 764 984 796 favorem
1003 774 1084 794 vero
1109 772 1182 817 arn-

194 825 305 870 pliare
323 819 470 854 iubent?
523 818 666 861 Quanto
685 815 830 860 aequius
852 812 1074 847 conditiones
1091 821 1185 855 pacis

195 876 332 909 flectere
356 872 398 904 ad
423 870 582 909 laudem,
609 879 682 901 non
699 867 742 899 ad
767 864 950 898 fraudem?
981 869 1184 909 quantoque

195 924 360 966 Principe
377 920 536 964 dignius,
565 918 674 961 magis
692 918 736 950 ad
753 915 975 950 clementiam
991 925 1094 959 quam
1111 924 1186 945 sae-

196 976 316 1010 vitiam
339 972 562 1015 ingeniosum
585 969 681 1002 esse?
714 967 803 1001 Cum
829 964 884 999 his
902 973 1005 1010 atque
1026 964 1104 997 aliis
1120 961 1186 996 hoc

197 1036 306 1070 genus
325 1022 547 1056 sermonibus
565 1031 623 1053 eos
645 1020 846 1056 refutasset,
873 1017 934 1062 qui
951 1016 1047 1049 illius
1063 1015 1188 1048 crude-

197 1078 240 1111 lis
270 1073 462 1108 sententiae
492 1078 630 1104 autores
656 1071 815 1109 fuerant,
855 1068 953 1101 iubet
979 1065 1188 1100 mulieribus

198 1124 371 1164 nunciari,
390 1124 523 1156 bonum
541 1121 698 1154 animum
715 1117 896 1159 haherent,
920 1125 983 1150 nec
999 1130 1016 1149 a
1033 1128 1067 1150 se
1084 1115 1188 1161 quid-

199 1188 305 1223 quam
329 1175 426 1208 triste
454 1173 666 1211 metuerent,
701 1171 865 1203 daturum
890 1180 925 1200 se
953 1178 1092 1223 operam
1107 1192 1130 1222 ‚·
1150 1171 1189 1197 ut

197 1225 394 1274 praemium
413 1223 550 1267 pietatis
568 1222 660 1265 apud
682 1232 716 1253 se
734 1219 886 1263 positum
907 1223 1093 1250 sentirent:
1121 1227 1188 1272 im-

199 1283 298 1324 perat
319 1275 446 1308 deinde
469 1273 511 1305 ad
537 1284 571 1305 se
594 1271 698 1304 acciri
723 1270 851 1308 victos,
884 1274 917 1300 et
943 1274 981 1301 ut
1006 1278 1059 1299 res
1084 1272 1188 1298 etiam

199 1339 278 1363 suas
295 1326 407 1359 salvas
424 1323 625 1361 retinerent,
653 1320 881 1365 pronunciat:
910 1317 1034 1363 Deque
1050 1317 1190 1372 foedere

199 1392 239 1414 ac
268 1389 351 1422 pace
377 1387 456 1408 cum
489 1374 538 1406 eis
565 1371 783 1416 aequissimis
815 1369 1080 1403 conditionibus
1112 1373 1191 1409 egit.

198 1428 346 1473 Etcepit
362 1425 580 1459 uberrimum
598 1424 748 1455 fructum
766 1421 862 1454 illius
878 1419 1192 1474 clementiae-suae,

201 1480 380 1515 neminem
405 1476 497 1509 enim
517 1474 645 1507 deinde
670 1473 863 1505 fideliorem
883 1477 941 1503 ant
959 1475 1191 1502 amantiorem

203 1532 256 1566 sui
272 1531 308 1564 in
326 1527 474 1572 imperio
491 1523 615 1558 habuit
630 1521 857 1560 Chnnradus,
885 1533 990 1566 quam
1010 1518 1192 1556 Guelsum,

204 1590 237 1617 et
260 1580 321 1627 qui
347 1590 425 1612 cum
451 1588 492 1609 eo
516 1575 626 1619 capti,
655 1575 761 1607 vitam
785 1585 823 1605 ac
844 1584 899 1604 res
920 1582 999 1604 suas
1024 1569 1192 1603 beneficio

204 1628 431 1677 Imperatoris
457 1627 686 1660 retinuerant.
738 1622 785 1656 Et
809 1623 935 1665 dignus
961 1628 1051 1660 erat,
1089 1631 1192 1675 quem

202 1693 324 1718 omnes
339 1677 506 1712 mortales
523 1674 764 1718 benignissimi
780 1685 818 1706 ac
836 1671 1011 1705 mitissimi
1038 1677 1194 1715 parentis

204 1736 282 1768 loco
311 1735 486 1768 amarent,
526 1726 694 1770 omnique
730 1735 854 1767 genere
881 1722 1123 1756 observantiae
1156 1732 1193 1752 ac

204 1782 343 1830 pietatis
367 1779 542 1818 colerent,
580 1776 640 1820 qui
666 1776 752 1808 iram
780 1775 884 1807 etius
905 1786 1006 1806 suum
1031 1773 1066 1805 in
1085 1771 1195 1804 victos

205 1833 359 1870 remisit,
396 1827 680 1872 condonavitque
705 1825 826 1858 virtuti
851 1836 888 1857 ac
920 1823 1058 1868 pietati,
1091 1833 1194 1867 quem

206 1898 279 1920 non
300 1882 453 1917 offensae
477 1879 632 1923 priores,
665 1888 736 1909 non
763 1887 925 1919 praesens
952 1874 1054 1906 dolor
1078 1879 1110 1906 et
1133 1872 1195 1908 ira,

206 1948 296 1983 quae
328 1930 552 1970 elementiae,
594 1927 779 1973 aequitati,
816 1924 1005 1958 moderatis
1040 1922 1196 1957 consiliis

208 1982 448 2023 inimicissima
473 1987 541 2021 est,
572 1990 681 2024 eaque
711 1977 914 2021 neutiquam
943 1975 1089 2015 iniusta,
1124 1985 1196 2005 non

209 2040 283 2083 ipsa
299 2032 465 2072 victoria,
489 2042 578 2076 quae
596 2036 720 2062 natura
736 2028 891 2060 insolens
909 2033 942 2059 et
959 2025 1109 2069 superba
1121 2035 1197 2081 ’esse

209 2089 316 2126 solet.
351 2095 424 2117 non
450 2080 693 2124 multipliciter
722 2079 1020 2111 circumsonantes
1053 2075 1198 2109 auribus

209 2137 366 2173 crudeles
392 2132 636 2176 instigantium
662 2142 761 2162 voces
782 2128 974 2173 perpellere
996 2132 1200 2171 potuerunt,

211 2202 284 2223 non
301 2185 476 2231 speciosus
492 2183 550 2216 ille
563 2181 808 2215 conditionum
827 2185 1022 2223 praetextus
1040 2177 1200 2215 invitare,

212 2248 249 2275 ut
266 2237 429 2273 saeviret,
458 2233 603 2267 retinuit
621 2245 718 2269 eum,
745 2243 816 2263 non
834 2236 872 2263 ut
890 2226 1083 2267 Achillem,
1108 2228 1198 2271 apud

214 2291 408 2325 Homerum
425 2285 557 2324 Pallas,
583 2285 641 2316 sed
663 2283 789 2326 pietas„
816 2281 858 2313 ad
879 2280 953 2312 eius
977 2286 1200 2322 conspectum

213 2341 331 2376 statim
366 2338 415 2370 ira
447 2334 650 2380 conquievit
679 2333 848 2376 cessitque
878 2330 985 2363 subiit
1019 2330 1054 2362 in
1088 2329 1201 2361 locum

216 2393 310 2426 illius
336 2388 430 2421 mitis
453 2399 491 2419 ac
524 2385 658 2429 placida
693 2383 801 2415 animi
825 2381 982 2419 affectio,
1018 2380 1202 2424 induitque

216 2454 293 2476 eum
316 2441 429 2483 ipsum
454 2435 632 2475 habitum,
659 2446 763 2479 quem
789 2434 824 2465 in
844 2432 943 2465 victis
969 2437 1202 2474 perspexerat:

217 2500 312 2528 tanta
331 2490 382 2521 vis
402 2496 448 2521 est
467 2487 623 2524 virtutis„
649 2492 687 2518 ut
705 2485 807 2518 etiam
827 2483 861 2516 in
882 2481 980 2516 hoste
1005 2480 1129 2515 babeat
1149 2481 1202 2513 in-

217 2550 336 2588 gentes
351 2539 511 2573 stimulos
528 2536 772 2570 admirationis
791 2542 824 2568 et
841 2534 982 2568 amoris.
1028 2532 1203 2588 Praestitit

218 2595 324 2639 igitur
341 2591 497 2624 animum
523 2589 624 2631 plane
642 2595 825 2631 paternum
852 2596 929 2627 erga
947 2582 1082 2619 hostes,
1109 2583 1203 2639 iudi-

217 2645 307 2679 cavit
331 2654 393 2687 pro
421 2646 560 2684 peceato
581 2651 705 2679 magno
730 2637 912 2680 paululum
937 2634 1101 2678 supplicii
1122 2640 1205 2667 satis

736 117 894 156 DECL.
927 114 1004 153 DE
1038 113 1317 153 GUELPHO
1351 114 1508 151 DUCE
1539 114 1666 154 BAV.

2141 117 2217 155 472

1222 201 1389 236 mentiam
1406 213 1489 235 vero
1504 201 1541 234 in
1558 208 1726 246 promptu
1741 213 1776 236 se
1791 201 1933 246 habere,
1960 206 2004 238 ad
2023 204 2216 238 vindictam

1223 266 1296 288 non
1320 251 1389 285 nisi
1406 259 1563 286 coactum
1575 279 1585 293 ,
1613 254 1655 286 ad
1673 253 1894 288 clementiam
1915 263 2039 300 sponte
2056 266 2215 296 currere;

1224 311 1258 338 et
1285 303 1477 336 declaravit
1503 315 1540 336 re
1572 302 1647 347 ipsa
1675 315 1798 337 verum
1832 316 1922 347 esse,
1955 307 2051 351 quod
2085 306 2217 340 dicitur

1226 354 1374 389 ἐσθλῶν
1397 352 1527 400 φρένες
1547 352 1798 388 εὐακὲσταται.

1226 417 1323 438 mum
1359 412 1604 447 argumentum
1641 412 1690 438 est
1723 406 1836 438 bonae
1867 407 1994 440 mentis
2021 419 2093 440 non
2125 419 2218 446 esse,

1226 468 1251 502 μ
1259 453 1477 500 νησικακὸν,
1506 467 1580 488 non
1598 461 1756 490 tenacem
1772 456 2006 496 offensarum,
2033 456 2115 492 haec
2133 470 2217 502 pro-

1228 507 1304 552 prie
1320 506 1440 539 divina
1457 505 1571 539 virtus
1589 513 1660 548 est,
1686 513 1718 540 et
1740 518 1807 551 qua
1830 504 1994 540 homines
2010 520 2113 552 quam
2137 521 2218 554 pro-

1228 558 1322 591 xime
1347 558 1390 589 ad
1416 557 1686 590 similitudinem
1705 556 1771 590 Dei
1789 558 1972 592 accedunt.

1851 354 1942 388 Nam
1972 356 2037 391 hoc
2060 357 2214 390 certissi-

2028 557 2067 591 ln
2084 561 2219 603 magnis

1230 609 1337 652 igitur
1355 614 1388 641 et
1410 605 1561 641 heroicis
1578 608 1706 641 animis
1724 620 1764 642 ea
1789 609 1974 653 praecipue
1991 609 2103 649 lucet,
2132 611 2221 644 sicut

1231 666 1352 692 contra
1374 659 1495 703 pusilli
1520 659 1630 692 animi
1651 666 1684 692 et
1706 658 1898 692 indomitae
1923 660 1996 693 irae
2019 660 2134 693 laxare
2151 661 2223 694 fre-

1233 721 1315 750 nOS,
1341 721 1448 753 eaque
1470 721 1533 753 pro
1552 710 1657 750 duce,
1684 721 1757 743 non
1779 722 1843 753 pro
1864 710 1977 744 milite
1998 710 2068 750 uti,
2095 718 2128 745 et
2144 711 2224 744 vin-

1233 760 1344 793 dictae
1360 759 1466 791 nimis
1482 760 1600 804 cupidi
1616 772 1706 800 esse,
1732 760 1921 799 muliebre,
1950 761 2154 806 neutiquam
2171 761 2225 794 vi-

1234 811 1316 850 rile,
1340 810 1452 843 multo
1471 811 1588 843 minus
1605 808 1787 844 heroicum
1805 818 1864 845 est.
1918 810 2034 845 Pallas
2051 813 2142 855 apud
2159 812 2226 846 So-

1237 859 1397 905 phoclem
1415 861 1570 894 ostendit
1585 860 1853 906 UlyssiAiacem
1870 861 2069 903 inimicum,
2097 863 2135 896 in
2153 875 2227 896 me-

1235 912 1293 944 dia
1320 919 1432 953 strage
1452 912 1643 955 pecudum,
1669 923 1754 956 quas
1777 924 1841 956 pro
1863 911 2090 956 Principibus
2113 912 2229 947 Grae-

1237 962 1309 996 ciae
1340 974 1402 1006 per
1431 961 1586 995 furorem
1620 969 1847 1003 mactaverat,
1884 964 2160 1004 discursantem,
2195 972 2229 998 et

1237 1014 1326 1046 duos
1343 1025 1360 1045 e
1376 1024 1479 1055 grege
1497 1013 1703 1056 grandiores
1719 1012 1855 1053 arietes,
1879 1025 1942 1047 cur
1957 1015 2104 1048 alterum
2122 1013 2228 1059 Ulys-

1238 1075 1330 1101 sem,
1355 1063 1504 1097 alterum
1524 1062 1826 1106 Agamemnonem
1851 1070 1990 1107 putaret
2013 1065 2132 1107 flagris
2151 1076 2229 1098 cae-

1239 1115 1400 1151 dentem,
1427 1120 1460 1146 et
1476 1113 1668 1156 interrogat
1694 1114 1826 1157 ipsum,
1854 1126 1999 1159 ecquam
2015 1115 2231 1160 voluptatem

1239 1164 1372 1207 capiat,
1398 1175 1477 1196 cum
1494 1163 1678 1197 inimicum
1696 1176 1797 1197 suum
1815 1164 1861 1197 ita
1877 1165 1914 1197 in
1931 1166 2085 1198 furorem
2101 1172 2231 1206 actum,

1240 1214 1477 1257 miserumque
1503 1225 1541 1246 ac
1565 1214 1806 1248 calamitosum
1827 1214 1954 1250 videat.
2005 1215 2071 1249 Cui
2090 1215 2232 1262 Ulysses

1241 1264 1447 1307 respondet,
1472 1263 1539 1297 sibi
1565 1264 1770 1308 neutiquam
1789 1265 1937 1306 laetum,
1961 1267 2021 1299 sed
2039 1267 2138 1300 triste
2156 1279 2232 1300 ma-

1242 1315 1291 1358 gis
1326 1314 1360 1346 id
1389 1315 1625 1357 spectaculum
1653 1315 1783 1347 videri:
1814 1315 1992 1357 Primum,
2027 1317 2122 1362 quod
2153 1329 2231 1351 cum

1242 1364 1547 1398 commiseratione
1567 1371 1698 1408 spectet
1722 1363 1827 1399 huius
1847 1366 1933 1407 viri,
1968 1374 1999 1400 et
2014 1367 2042 1400 si
2068 1367 2232 1403 inimicus

1242 1416 1296 1455 sit,
1320 1421 1437 1447 tamen
1456 1422 1550 1448 tanta
1569 1416 1697 1449 virtute
1715 1417 1876 1460 praediti,
1905 1417 2138 1451 miserandam
2156 1430 2234 1453 sor-

1244 1474 1328 1506 tem;
1364 1466 1492 1499 deinde
1526 1467 1621 1511 quod
1653 1478 1735 1500 suae
1762 1480 1903 1514 quoque
1929 1470 2145 1503 conditionis
2171 1468 2236 1504 hoc

1244 1516 1403 1560 exemplo
1420 1518 1661 1556 admoneatur,
1687 1524 1721 1551 et
1739 1518 1873 1559 videat,
1901 1526 2032 1564 quanta
2049 1521 2092 1553 sit
2110 1519 2235 1554 buma-

1245 1579 1371 1599 narum
1402 1579 1518 1600 rerum
1547 1567 1737 1611 fragilitas,
1770 1575 1802 1602 et
1827 1582 1932 1614 quam
1960 1567 2140 1614 homines,
2175 1573 2236 1617 qui

1246 1618 1376 1657 vivant,
1404 1615 1495 1649 nihil
1512 1618 1608 1650 aliud
1627 1619 1715 1658 sint,
1741 1631 1846 1663 quam
1866 1621 1962 1654 velut
1985 1621 2102 1654 inania
2125 1622 2237 1655 simu-

1247 1665 1365 1701 lachra
1393 1674 1426 1700 et
1453 1667 1538 1701 levis
1570 1668 1699 1703 fumus.
1760 1668 1896 1704 Laudat
1922 1668 2017 1704 hunc
2036 1683 2235 1705 sermonem

1248 1718 1429 1752 Minerva:
1456 1716 1501 1751 Et
1520 1725 1557 1752 tu
1577 1719 1604 1751 si
1621 1716 1705 1759 hoc,
1728 1719 1863 1764 inquit,
1886 1721 2004 1755 animo
2021 1723 2149 1761 fueris,
2177 1733 2237 1757 su-

1249 1769 1340 1811 peris
1366 1766 1493 1801 charus
1518 1769 1604 1809 eris,
1628 1777 1660 1803 et
1677 1770 1784 1803 vitain
1808 1771 1977 1805 foeliciter
2002 1773 2115 1815 exiges
2133 1780 2238 1809 tuam.

1248 1820 1336 1853 Nam
1365 1818 1460 1852 Deus
1493 1819 1682 1853 insolentes
1716 1828 1749 1854 et
1778 1821 1953 1855 vindictae
1981 1824 2126 1867 cupidos
2155 1825 2240 1865 odit,

1250 1871 1349 1903 mites
1370 1882 1464 1905 vero,
1493 1877 1524 1903 et
1540 1871 1718 1903 moderate
1738 1878 1889 1915 agentes,
1916 1873 2042 1917 diligit.
2096 1873 2162 1908 llis
2177 1887 2239 1907 vo-

1250 1921 1348 1953 cibus
1374 1919 1489 1965 Ulyssi
1517 1921 1738 1954 clementiam
1771 1923 2049 1969 modestiamque
2077 1923 2240 1959 Minerva

1251 1973 1484 2011 commendat,
1510 1983 1598 2016 quae
1615 1972 1726 2005 virtus
1741 1985 1813 2006 non
1830 1974 1874 2007 ab
1889 1986 1924 2007 re
1940 1981 2121 2019 tantopere
2139 1988 2239 2020 prae-

1252 2023 1407 2061 dicatur,
1434 2034 1538 2066 quam
1567 2022 1660 2055 enim
1683 2023 1802 2057 divina
1823 2036 1862 2057 ac
1887 2025 2161 2069 praeclarissima
2180 2034 2240 2066 est,

1253 2081 1321 2107 tam
1339 2084 1433 2112 rara,
1459 2080 1490 2106 et
1516 2072 1549 2105 id
1567 2074 1660 2118 quod
1677 2074 1806 2108 dicitur
1829 2087 1947 2108 revera
1973 2073 2111 2110 heroica
2129 2078 2241 2111 virtus

1253 2132 1319 2162 est,
1347 2130 1467 2167 utpote
1488 2135 1576 2168 quae
1596 2125 1714 2168 paucis
1741 2132 1775 2159 et
1792 2138 1863 2159 non
1881 2126 1946 2158 nisi
1966 2124 2133 2162 heroibus
2155 2140 2240 2162 con-

1253 2175 1368 2218 tingit.
1421 2173 1551 2217 Magna
1568 2175 1662 2207 enim
1682 2176 1734 2208 vis
1750 2183 1799 2210 est
1818 2177 1908 2215 irae,
1937 2177 2122 2222 imperiosa
2141 2179 2240 2223 cupi-

1253 2227 1342 2259 ditas
1365 2225 1557 2265 vindictae,
1582 2226 1783 2269 praesertim
1807 2228 1834 2261 si
1858 2240 1936 2261 cum
1956 2230 2105 2262 nocendi
2131 2230 2241 2263 facul·

1253 2285 1321 2311 tate
1337 2276 1522 2309 coniuncta
1541 2282 1602 2310 est.
1655 2275 1728 2309 Has
1747 2277 1854 2320 igitur
1877 2286 2004 2322 pestes,
2033 2277 2118 2315 haec
2139 2292 2241 2314 mon—

1253 2338 1322 2361 stra
1346 2327 1383 2361 in
1410 2326 1512 2359 nobis
1536 2326 1620 2371 ipsis
1645 2329 1836 2369 grassantia
1865 2330 2025 2370 vincere,
2057 2343 2178 2365 nonne
2204 2331 2239 2365 id

1256 2378 1469 2412 llerculeum
1493 2384 1543 2410 cst
1566 2379 1680 2421 opus?
1721 2379 1838 2421 Quam
1863 2380 2075 2425 impotenter
2104 2383 2152 2415 ira
2179 2392 2240 2415 sun

1255 2430 1365 2463 utitur
1389 2427 1502 2473 Sylla,
1530 2428 1590 2472 qui
1615 2435 1664 2462 tot
1693 2429 1882 2464 inermium
1907 2442 1945 2465 ac
1967 2432 2167 2465 deditorum
2191 2432 2240 2465 ci-

1255 2495 1267 2510 x
1280 2482 1351 2513 ium
1367 2479 1477 2511 millia
1493 2479 1683 2513 crudeliter
1701 2488 1775 2524 post
1795 2481 1976 2515 victoriam
1992 2483 2137 2522 occidit,
2164 2491 2241 2516 tan-

1255 2540 1329 2564 tum
1364 2530 1546 2571 sanguinis
1575 2530 1610 2562 in
1638 2531 1724 2564 urbe
1759 2532 1868 2573 fudit,
1907 2533 2001 2566 tuctu
2035 2544 2073 2565 ac
2109 2541 2241 2567 terrore

1255 2582 1373 2614 omnia
1392 2581 1605 2624 complevit?
1632 2580 1664 2614 ls
1681 2594 1759 2615 cum
1779 2583 1813 2616 in
1832 2583 1949 2616 vicino
1964 2583 2006 2615 ad
2024 2585 2144 2617 aedem
2162 2583 2243 2618 Bet-

1230 2650 1231 2655 =
1256 2634 1356 2665 lonae
1377 2632 1511 2670 sedens,
1538 2631 1706 2665 Senatum
1727 2631 1882 2671 baberet.
1899 2642 1928 2667 et
1947 2634 2158 2668 miserabilis
2173 2635 2243 2669 cla-

217 2708 307 2735 ευρ,
333 2691 485 2727 ostendit
513 2690 598 2722 iram
618 2695 647 2721 et
674 2688 891 2721 severitatem
918 2686 952 2718 in
971 2685 1110 2725 abdito,
1135 2684 1204 2717 cle-
1255 2696 1331 2716 mor
1354 2695 1391 2716 ac
1415 2683 1666 2727 comploratio,
1701 2689 1751 2717 tot
1777 2684 1929 2718 millium
1954 2685 2019 2717 sub
2048 2686 2164 2729 gladio
2186 2697 2244 2729 ge-
