2338 2958
115 156 183 190 901

642 154 800 191 DECL.
838 154 909 190 DE
941 149 1121 190 DICTO
1157 147 1503 186 SALOMONIS
1531 159 1612 185 ETC.

2074 159 2146 196 902

116 241 304 275 lectionem
330 241 501 283 invitent,
529 240 595 276 hoc
620 243 752 277 dictum
777 243 946 275 mandent
971 252 1105 273 memo-
1130 237 1133 268 l
1157 241 1191 268 et
1205 235 1401 269 defendunt
1418 235 1602 270 manifesta
1619 237 1811 273 mendacia.
1840 246 1965 283 putant
1981 243 2073 276 enim
2094 246 2143 278 la-

116 295 205 333 tiae,
232 299 266 325 et
283 298 321 326 ut
339 292 384 326 sit
406 294 550 326 obvium
573 294 683 327 oculis
711 294 832 328 menti.
886 292 1051 326 Scribant
1072 298 1105 324 et

115 343 153 376 in
169 342 362 387 parietibus
387 351 418 377 et
444 344 479 377 in
507 345 689 379 vestibulis
712 344 905 382 librorum,
936 350 968 376 et
992 343 1103 375 sciant

114 391 206 426 hanc
229 405 348 426 vocem
374 395 538 429 traditam
560 408 651 437 esse,
676 402 711 429 et
734 402 770 428 ut
796 396 839 429 sit
866 393 1034 428 hortatrix
1059 393 1101 425 ad

114 444 339 485 discendum,
383 453 415 479 et
446 453 484 479 ut
511 446 555 480 sit
583 447 796 493 consolatio,
839 453 877 479 ut
904 446 1041 478 labores
1070 451 1101 476 et

113 507 316 536 aerumnas,
345 509 433 541 quae
455 495 521 531 hoc
546 498 701 532 studium
724 498 955 535 comitantur,
977 494 1102 528 fortius

112 546 314 582 toleremus.

215 596 303 631 Cum
330 598 423 630 enim
448 606 581 633 certum
607 599 651 632 sit
677 598 751 632 Deo
778 598 914 642 placere
938 595 1005 630 hoc
1028 602 1101 630 stu-

113 647 211 680 dium
223 675 232 689 ,
258 655 291 682 et
307 647 420 681 Deum
437 652 555 683 adesse
572 650 806 690 discentibus,
834 656 866 682 et
881 650 922 681 ad
943 648 1101 681 coelestis

111 696 289 732 Ecclesiae
321 701 611 734 cousuetudinem
646 698 711 733 hac
745 700 904 733 doctrina
939 697 1101 732 homines

112 749 212 789 duci,
248 748 374 783 horum
403 751 598 795 ingentium
623 751 798 784 bonorum
825 751 989 795 cogitatio
1015 750 1102 783 lenit

113 800 273 842 dolores,
321 808 352 833 et
383 802 510 835 animis
547 803 582 835 in
614 799 681 835 hoc
711 815 814 836 cursu
849 804 960 835 robur
992 802 1100 836 addit.

113 850 212 894 Quos
229 853 372 897 quidem
391 861 428 886 ut
445 861 541 896 regat
558 861 589 887 et
608 854 793 887 confirmet
810 854 903 886 filius
915 852 1000 893 Dei,
1028 860 1099 886 toto

112 914 190 935 eum
210 910 348 947 pectore
363 916 438 938 oro.
492 904 586 940 Dixi.

120 1072 186 1107 ΝΟ.
206 1072 286 1108 114.
932 1088 978 1106 an.
998 1076 1088 1106 1550.

929 1121 1095 1135 Μ

296 1173 370 1214 De
402 1173 523 1213 dicto
551 1172 814 1214 Salomonis
839 1178 920 1214 etc.

179 1246 211 1270 In
226 1245 315 1270 select.
327 1244 488 1271 Declam.'l'.
500 1243 545 1270 ΙΙΙ,
566 1245 713 1277 p.567sqq.
723 1264 730 1275 ,
750 1245 869 1271 Servcst.
882 1245 927 1270 ΠΙ.
942 1255 966 1279 p.
977 1246 1033 1272 557.
1044 1267 1050 1278 ‚
1072 1248 1099 1272 in

214 1279 304 1305 Tomo
314 1279 360 1304 [tl.
378 1281 487 1305 Erford.
503 1279 628 1311 lit.t›h,5.
643 1285 668 1304 et
683 1280 755 1312 npud
766 1280 890 1306 Richard.
901 1281 933 1306 T.
947 1281 991 1306 ΙΙΙ.
1008 1284 1100 1315 ρ.221.

111 1361 235 1395 Oratio
260 1360 306 1395 de
330 1361 431 1395 dicto
454 1361 687 1395 Salomonis.-
731 1364 857 1395 Nescii
882 1360 1010 1403 homo,
1052 1373 1100 1396 cm

111 1423 235 1448 amore
260 1415 318 1447 vel
340 1413 420 1447 odio
440 1410 578 1457 dignus
596 1415 644 1445 sit
660 1417 750 1456 etc„
777 1412 910 1448 habita
925 1425 947 1447 a
965 1416 1099 1447 Geor-

107 1467 179 1510 91‘0
198 1467 389 1507 Veneto,
415 1467 497 1507 post
522 1464 660 1497 collata
688 1465 855 1512 insi9111'a
872 1467 1101 1500 Doctoralus

451 1518 498 1556 (d.
522 1520 552 1550 2.
569 1517 640 1551 001.
659 1518 765 1557 1550).

109 1586 415 1627 Honestissimum
433 1597 483 1623 est
508 1590 543 1622 in
568 1590 717 1634 publicis
734 1593 977 1634 congressibus
992 1602 1023 1628 et
1045 1596 1100 1628 in-

109 1643 329 1677 vocationem
346 1642 407 1676 Dei
426 1641 511 1680 fieri,
539 1648 572 1674 et
591 1641 727 1675 recitari
745 1646 1100 1680 commonefactiones

69 1725 72 1729 .
110 1696 186 1740 pias
202 1701 235 1728 et
252 1694 356 1727 utiles
374 1692 610 1726 audientibus.

212 1744 301 1779 Cum
326 1744 434 1787 igitur
456 1741 545 1776 mibi
572 1750 715 1787 propter
743 1741 986 1780 scholasticam
1015 1761 1099 1781 con-

109 1797 331 1831 suetudinem
350 1794 484 1838 aliquid
502 1795 691 1826 dicendum
707 1795 767 1834 sit,
795 1796 905 1839 delegi
925 1799 1098 1832 notissimi

110 1848 195 1882 dicti
224 1845 505 1884 enarrationem,
545 1846 639 1888 quod
673 1856 712 1876 ex
739 1845 929 1879 Salomone
957 1849 1098 1883 citatur:

109 1898 227 1933 Nescit
246 1895 374 1936 homo,
401 1908 443 1928 an
462 1907 580 1927 amore
604 1895 658 1928 vet
685 1896 767 1928 odio
795 1897 923 1940 dignus
946 1899 1009 1940 sit,
1039 1903 1096 1934 sed

111 1950 228 1984 omnia
247 1949 282 1980 in
300 1948 458 1981 futurum
477 1952 670 1979 servantur.

213 1998 290 2033 Etsi
307 2005 421 2031 autem
438 2005 468 2030 et
488 2003 629 2040 propter
645 2009 756 2029 meam
778 1999 1032 2034 consessionem
1057 2005 1099 2036 de

112 2051 167 2087 his
185 2051 299 2084 verbis
316 2049 516 2082 Salomonis
535 2048 649 2080 dicere
670 2048 822 2082 decrexi:
852 2057 966 2084 tamen
993 2061 1024 2088 et
1044 2055 1100 2087 iu-

111 2102 248 2137 ventuti
278 2101 442 2145 prodesse
464 2099 643 2137 existimo,
672 2100 828 2132 crebram
855 2103 1098 2140 repetitionem

112 2153 219 2188 huius
234 2152 337 2192 dicti,
364 2158 397 2184 et
416 2148 726 2194 reprehensionem
746 2151 851 2183 salsae
867 2159 899 2186 et
925 2156 1100 2197 pernicio-

112 2217 168 2240 sae
187 2202 496 2247 interpretationis.
540 2200 644 2234 Scitis
662 2202 753 2233 enim
772 2214 842 2235 nou
861 2205 974 2238 solum
990 2219 1006 2239 a
1024 2220 1100 2240 mo-

113 2253 254 2295 nachis,
282 2255 339 2287 sed
360 2260 440 2286 ante
456 2253 648 2285 triennium
674 2252 777 2284 etiam
805 2253 841 2286 iu
865 2258 1000 2300 synodo
1018 2258 1101 2291 Tri-

113 2307 257 2341 dentina
283 2305 464 2338 recitatum
491 2315 562 2336 esse
590 2304 625 2335 in
652 2304 725 2347 ipso
749 2304 904 2346 decreto,
928 2309 969 2348 ad
997 2310 1103 2343 adfir-

113 2359 281 2391 mandunt
299 2356 445 2399 impium
462 2366 628 2395 errorem,
653 2355 712 2399 qui
735 2354 828 2389 iubet
847 2368 982 2401 semper
998 2361 1102 2394 dubi-

113 2417 208 2449 tare,
235 2420 277 2439 au
290 2407 384 2440 Deus
405 2406 506 2438 nobis
522 2405 712 2446 remiserit,
741 2414 773 2440 et
792 2409 960 2451 receperit
976 2423 1052 2445 nos-

218 2457 265 2492 L‘t
297 2465 410 2491 autem
444 2458 636 2490 dolendum
672 2465 739 2497 est,
782 2465 894 2492 tantas
932 2463 1103 2505 superiori

116 2518 225 2545 aetate
249 2510 409 2543 tenebras
433 2509 559 2548 fuisse,
593 2514 630 2540 ut
656 2505 750 2541 hunc
776 2522 929 2544 errorem
961 2513 1102 2555 plurimi

115 2569 282 2607 tanquam
302 2562 426 2604 dogma
448 2560 545 2604 pium
566 2566 597 2591 et
625 2560 857 2593 necessarium
884 2561 919 2594 in
938 2561 1105 2600 Ecclesiis

116 2612 343 2648 tradiderint:
387 2613 432 2646 ita
461 2623 555 2644 nunc
579 2611 782 2643 detestanda
811 2619 861 2644 cst
887 2613 1104 2658 impudentia

118 2665 361 2709 episcoporum
397 2670 429 2696 et
458 2658 734 2700 monachorum,
766 2662 825 2706 qui
854 2672 1034 2710 postquam
1064 2670 1107 2702 it-

1156 286 1323 318 hesactari
1339 286 1561 320 autoritatem
1580 288 1798 321 consessione
1817 291 1957 326 erroris.

1259 336 1546 370 Manifestissima
1568 339 1740 372 sententia
1765 346 1815 374 est
1831 340 2050 385 Salomonis,
2078 344 2142 380 bo-

1155 386 1269 419 mines
1294 399 1332 420 ex
1356 389 1507 420 externis
1531 389 1731 430 eventibus,
1774 403 1813 424 ex
1846 393 1950 426 rebus
1979 399 2140 431 secundis

1155 437 1209 469 vcl
1233 438 1407 477 adversis,
1436 450 1507 470 non
1533 439 1660 471 debere
1684 440 1837 474 iudicare
1862 445 1904 477 de
1928 456 1982 487 sc,
2017 448 2071 480 vel
2098 450 2140 482 de

1155 487 1251 527 aliis,
1278 500 1321 520 an
1339 487 1413 520 Deo
1432 489 1607 531 placeant,
1635 498 1691 523 aut
1711 491 1929 534 displiceant.
1982 497 2092 531 Simei
2111 508 2142 534 et

1155 538 1214 570 alii
1239 538 1360 577 inulti,
1393 537 1530 571 Davide
1557 540 1656 583 pulso
1680 541 1715 573 in
1738 542 1900 584 exilium,
1942 548 2141 585 existimant

1155 601 1234 621 cum
1261 601 1279 621 a
1303 587 1378 622 Deo
1404 589 1578 623 abiectum
1602 602 1686 626 esse.
1752 592 1819 626 Sed
1845 595 1905 627 alii
1930 598 1978 640 pii
2003 610 2141 643 norant,

1155 652 1226 673 non
1247 652 1285 672 ex
1302 640 1370 673 illis
1389 641 1596 683 spectaculis
1612 642 1840 677 iudicandum
1858 657 1941 681 esse.
1995 648 2045 682 Ne
2067 652 2140 695 ipse

1154 691 1297 735 quidem
1308 690 1421 724 David
1443 689 1496 723 his
1512 693 1663 725 externis
1678 696 1855 728 aerumnis
1871 697 2055 741 frangitur,
2082 707 2139 736 sed

1154 742 1218 775 scit
1244 743 1287 774 de
1313 742 1494 775 voluntate
1519 742 1584 775 Dei
1609 755 1646 776 ex
1673 746 1780 777 verbo
1807 746 2035 783 iudicandum
2058 765 2139 789 esse.

1154 790 1198 825 Et
1225 793 1292 825 iam
1314 793 1470 826 audierat
1491 806 1609 826 vocem
1626 793 1839 839 Prophetae:
1869 800 2044 835 Dominus
2061 805 2140 839 abs—

1155 844 1233 876 tulit
1251 848 1438 887 'peccatum
1466 851 1576 878 tuum.
1641 844 1690 878 Ita
1717 847 1792 880 vult
1815 847 2000 893 Salomon,
2031 866 2094 888 nus
2122 870 2139 889 a

1155 894 1359 939 spectaculis
1376 896 1416 926 ad
1436 896 1582 928 verbum
1600 896 1782 932 deducere.

1255 943 1404 978 Etiamsi
1423 946 1559 989 imperii
1576 953 1610 979 et
1629 947 1855 982 victoriarum
1872 951 1982 994 gloria
2010 962 2041 988 et
2064 958 2142 1000 opi-

1157 998 1220 1028 bus
1239 997 1339 1029 floret
1359 994 1577 1037 Alexander,
1607 1003 1722 1030 tamen
1742 1011 1812 1032 nou
1838 1009 1935 1044 putet
1951 1016 1986 1036 se.
2006 1006 2141 1049 placere

1155 1047 1248 1083 Deo,
1277 1059 1354 1079 cum
1374 1047 1502 1080 iniuste
1524 1048 1687 1081 interficit
1706 1050 1834 1083 amicos
1848 1079 1856 1091 ‚
1883 1061 1921 1086 ut
1948 1066 2026 1088 eum
2044 1056 2142 1091 Ana-

1154 1095 1302 1130 xarchus
1328 1109 1445 1130 scurra
1473 1099 1607 1141 potiuS,
1635 1112 1741 1143 quam
1768 1099 2000 1148 philosophus
2018 1120 2143 1142 conso-

1154 1148 1267 1187 latur,
1296 1148 1355 1192 qui
1380 1148 1532 1183 dicebat:
1563 1148 1718 1183 Tantum
1746 1163 1860 1195 regem
1885 1155 2056 1191 'divinitus
2081 1172 2143 1203 gu-

1154 1199 1316 1239 bernari,
1346 1211 1408 1232 nec
1426 1211 1567 1242 peccare
1591 1212 1701 1243 posse.
1756 1201 1831 1236 Hac
1850 1206 2060 1242 confidentia
2082 1224 2143 1243 va-

1154 1250 1296 1282 nissima
1322 1250 1515 1285 cumulavit
1540 1257 1658 1294 postea
1679 1250 1879 1288 Alexander
1904 1268 1984 1290 suos
2007 1260 2143 1295 sorores

1154 1308 1186 1334 et
1206 1300 1346 1335 scelera.

1254 1350 1392 1384 Rursus
1402 1350 1515 1384 David
1534 1353 1655 1395 pulsus
1672 1353 1706 1386 in
1726 1355 1889 1397 exilium,
1917 1359 1977 1391 etsi
1998 1372 2068 1394 non
2087 1374 2141 1396 so-

1152 1402 1226 1435 lum
1250 1403 1515 1435 excruciabatur
1540 1405 1698 1447 corporis
1720 1408 1916 1449 aerumnis,
1947 1412 2005 1443 scd
2038 1413 2141 1446 etiam

1153 1464 1361 1496 magnorum
1387 1455 1555 1486 scelerum
1581 1456 1810 1490 conscientia:
1839 1465 1954 1493 tamen
1977 1471 2145 1499 sustentat

1152 1515 1187 1537 sc
1205 1504 1445 1537 consolatione
1464 1505 1499 1537 in
1517 1506 1625 1537 verbo
1643 1505 1708 1539 Dei
1729 1510 1917 1553 proposita.
1960 1511 2012 1546 Ac
2030 1515 2143 1548 scien-

1153 1556 1236 1588 dum
1255 1561 1318 1594 est,
1347 1556 1593 1588 universaliter
1607 1558 1804 1592 doctrinam
1815 1558 1992 1595 Ecclesiae
2010 1577 2143 1610 nequa-

1153 1618 1256 1650 quam
1273 1617 1346 1638 esse
1364 1606 1459 1639 illam
1478 1607 1710 1640 academicam
1727 1610 1780 1642 vel
1790 1609 2024 1656 Pyrrhoni-am
2037 1617 2142 1651 dubi-

1154 1663 1339 1691 tattonem.

1256 1707 1511 1740 Universaliter
1545 1709 1655 1742 sciant
1690 1723 1813 1743 omnes
1847 1721 1987 1756 agentes
2021 1729 2140 1751 contra

1153 1758 1424 1797 conscientiam,
1457 1770 1492 1790 se
1516 1761 1706 1792 certissime.
1730 1762 1916 1805 displicere
1941 1764 2025 1799 Deo.
2054 1769 2143 1804 sicut

1152 1808 1320 1852 scripturn
1347 1815 1413 1841 est:
1454 1807 1603 1852 Propter
1635 1808 1719 1844 baec
1753 1814 1847 1847 venit
1875 1815 1924 1847 ira
1950 1815 2013 1850 Dei
2038 1831 2143 1864 super

1155 1858 1407 1892 inobedientes.
1465 1858 1566 1893 ltetn:
1595 1860 1712 1894 Nolite
1728 1875 1862 1904 errare,
1890 1865 1984 1900 Deus
2001 1881 2070 1902 non
2088 1872 2138 1904 ir-

1153 1910 1298 1943 ridetur.
1341 1909 1516 1949 Adulteri,
1547 1908 1753 1953 homicidae,
1784 1915 1953 1951 idolatrae
1972 1931 2043 1953 non
2061 1934 2141 1965 pos-

1152 1960 1316 1993 sidebunt
1337 1972 1481 2003 regnum
1501 1962 1576 1994 Dei.

1235 2010 1373 2045 Rursus
1390 2012 1493 2044 etiam
1511 2013 1759 2047 universaliter
1775 2017 1883 2051 sciant
1900 2032 2020 2055 omnes
2035 2035 2141 2066 agen-

1155 2069 1204 2094 tes
1232 2062 1502 2106 poeniteutiam,
1537 2071 1630 2096 certo
1658 2077 1693 2097 se
1717 2067 1823 2111 recipi
1854 2082 1871 2102 a
1898 2069 1973 2104 Deo
2000 2082 2142 2118 propter

1153 2113 1287 2153 filium,
1314 2113 1438 2153 gratis,
1465 2114 1537 2146 sola
1558 2115 1640 2147 fide:
1670 2115 1704 2148 id
1724 2125 1792 2157 est,
1821 2131 1898 2152 cum
1923 2123 2138 2158 dubitationi

1153 2170 1370 2207 repugnant,
1405 2171 1437 2196 et
1470 2177 1508 2196 ex
1543 2177 1578 2198 ea
1608 2166 1822 2209 eluctantur,
1860 2178 1892 2204 et
1926 2176 2073 2209 credunt
2107 2189 2141 2208 se

1154 2221 1298 2258 propter
1313 2215 1540 2247 mediatorem
1560 2224 1653 2249 certo
1671 2220 1777 2260 gratis
1801 2222 1919 2265 recipi.
1973 2223 2066 2259 llaec
2092 2235 2139 2261 est

1155 2278 1221 2299 vox
1233 2263 1416 2307 Evangelii
1437 2266 1676 2309 propriissima
1694 2269 1736 2300 de
1753 2270 1921 2305 beneficio
1939 2274 2001 2308 filii
2018 2275 2093 2311 Dei.

1258 2315 1377 2358 Quare
1394 2320 1547 2360 synodus
1559 2317 1782 2359 Tridentina,
1809 2329 1840 2355 et
1861 2336 1981 2358 omnes
1999 2328 2058 2372 qui
2077 2331 2142 2361 du-

1157 2367 1362 2399 bitationem
1388 2367 1506 2407 illam,
1533 2369 1574 2399 de
1600 2381 1666 2412 qua
1691 2370 1903 2415 loquuntur,
1931 2378 2141 2420 adprobant,

1157 2424 1238 2451 sunt
1257 2415 1372 2450 hostes
1388 2415 1539 2457 Christi,
1565 2425 1595 2451 et
1613 2420 1727 2453 delent
1748 2420 1976 2466 Evangelium
1998 2427 2062 2461 Dei
2075 2458 2082 2467 ,
2111 2438 2141 2463 et

1157 2470 1313 2502 obruunt
1334 2468 1499 2501 immensa
1526 2470 1690 2502 beneficia
1713 2472 1775 2505 filii
1793 2472 1868 2507 Dei.
1921 2476 2080 2524 Cumque
2101 2483 2142 2511 de

1130 2535 1132 2560 3
1158 2532 1194 2553 re
1225 2519 1374 2551 maxima
1409 2519 1443 2551 in
1473 2531 1512 2551 eo
1544 2521 1637 2552 dicto
1667 2523 1710 2555 sit
1744 2529 1998 2566 controversia,
2045 2532 2142 2563 valde

1130 2571 1298 2614 {prodest
1346 2569 1500 2603 iuniores
1533 2583 1634 2615 saepe
1671 2579 1947 2614 commonelieri,

2001 2593 2041 2611 'lt'
2079 2594 2142 2613 VUX

1132 2620 1362 2663 *Evangeliss
1405 2633 1447 2652 ne
1478 2622 1604 2655 veritas
1633 2630 1791 2666 aeterna,
1832 2629 1940 2669 gloria
1974 2631 2033 2662 lilii
2070 2630 2147 2669 D.·i,

789 2713 796 2720 ι
1132 2657 1134 2700 i
1161 2673 1414 2711 obscurentur,
1443 2679 1473 2704 et
1494 2684 1536 2704 ue
1554 2670 1716 2708 homines
1742 2677 1775 2708 in
1800 2685 1979 2711 aeternum
2004 2682 2146 2715 exitium

120 2715 209 2750 luxit
228 2714 375 2755 veritas,
404 2722 521 2749 tamen
541 2719 661 2746 contra
681 2715 930 2748 conscientiam
954 2718 1107 2756 retinent
1132 2742 1136 2766 1
1163 2733 1196 2757 et
1220 2723 1256 2756 in
1283 2720 1454 2756 horribile
1480 2723 1599 2757 odium
1625 2723 1688 2758 Dei
1714 2736 1827 2763 ruant.

1548 2772 1596 2808 57
1613 2772 1633 2790 *ἰ
1886 2728 1961 2773 Ego
1991 2731 2096 2774 igitur
2119 2742 2147 2767 et
