2338 2958
118 127 191 163 941

117 213 264 246 brorum
290 211 441 257 positus,
468 211 697 253 substantias,
731 213 914 257 qualitates
941 219 973 247 et
997 212 1109 246 officia

119 263 220 304 scire,
235 275 274 297 ac
292 264 491 303 observare,
509 274 598 308 quae
615 263 744 307 quibus
758 263 944 297 foveamur
959 270 1018 296 aut
1039 263 1110 295 lae-

117 314 259 349 dantur.
311 312 408 346 Haec
437 313 761 358 quantulacumque
786 314 938 356 cognitio
967 314 1108 357 prodest

117 365 161 397 ad
178 364 342 398 vitandos
363 364 492 398 multos
508 365 669 404 morb08‚
696 375 797 407 saepe
818 364 920 397 etiam
950 361 1107 407 philoso-

115 412 218 458 phica
235 414 416 457 diligentia
434 414 562 458 depelli
581 421 729 458 possunt
745 426 867 447 recens
893 415 964 447 nati
991 413 1106 446 morbi

115 471 304 509 antequam
322 465 568 505 confirmatur,
594 465 723 510 quibus
741 472 860 508 postea
886 464 1012 497 medici
1031 465 1106 496 sru-

116 523 186 549 stra
204 513 414 548 adhiberent
430 515 593 548 remedia.
649 514 686 547 ld
705 515 777 547 fieri
797 527 868 548 non
886 521 1013 558 potest,
1037 514 1105 546 nisi

115 566 274 610 corporis
305 563 452 598 humani
483 552 821 609 aedificiunffaliquo
849 566 954 597 modo
980 571 1103 597 notum

113 616 171 651 sit.
224 616 335 660 Saepe
361 616 398 648 in
424 615 549 649 subitis
571 616 737 659 periculis
761 615 894 648 orificio
918 615 1103 647 ventriculi

114 666 280 700 accidunt
297 659 498 706 accidentia,
526 677 614 710 quae
630 666 667 698 in
686 673 842 709 tempore
859 666 1100 698 animadxersa

113 717 216 750 facile
247 716 358 750 arceri
388 722 552 761 possunt,
593 716 749 760 neglecta
779 728 862 749 vero
893 727 1011 749 necem
1041 717 1103 749 ad-

115 768 245 802 ferunt.

217 816 281 852 Est
313 825 428 852 autem
461 817 667 852 manifestus
700 818 817 859 furor,
865 831 937 852 non
969 818 1101 852 moveri

113 881 197 903 cura
217 870 366 902 tuendae
383 869 474 902 vitae
499 876 533 902 et
558 869 788 907 valetudinis,
817 882 920 914 quarn
945 877 977 903 et
1001 881 1101 913 prae-

113 920 199 964 cipit
223 918 318 953 Deus
341 926 375 953 et
403 919 557 954 adiuvat.
612 919 698 953 Vult
723 920 815 953 enim
840 928 873 953 et
897 933 968 953 esse
994 931 1102 963 genus

112 967 308 1003 humanum
327 976 361 1003 et
379 970 416 1002 in
434 967 499 1003 hac
517 971 657 1003 mortali
676 970 745 1003 vita
765 972 964 1014 praeparari
985 969 1101 1003 homi-

111 1032 174 1053 nes
191 1021 233 1054 ad
251 1027 426 1054 aeternam
445 1018 784 1053 coelestisEcclesiae
799 1022 1100 1056 consuetudinem.

110 1070 184 1104 Nec
205 1071 322 1104 subito
351 1071 427 1105 vult
452 1071 608 1113 extingui
634 1082 775 1110 omnes,
811 1073 869 1104 sed
898 1073 1101 1115 superstites

113 1133 186 1154 esse
202 1121 340 1166 aliquos
358 1128 500 1165 propter
519 1121 698 1153 iuniorum
717 1122 971 1162 educationem,
998 1122 1100 1155 insti-

112 1172 307 1211 tutionem,
335 1171 575 1204 defensionem
599 1177 630 1203 et
650 1171 954 1213 gubernationem.
1006 1171 1100 1204 Ilaec

109 1220 178 1256 Dei
194 1221 356 1255 voluntas
373 1233 473 1265 saepe
494 1221 747 1254 consideranda
772 1229 861 1262 erat,
889 1229 921 1255 et
947 1229 985 1255 ut
1009 1223 1099 1255 vitae

110 1284 218 1306 onera
236 1278 269 1306 et
285 1269 350 1305 hos
367 1283 569 1305 communes
586 1271 723 1303 labores
737 1272 854 1304 miuus
870 1273 1014 1305 moleste
1030 1274 1099 1305 fer-

110 1334 248 1362 remus,
291 1329 325 1355 et
350 1329 390 1355 ut
414 1319 499 1354 haec
524 1321 661 1364 fragilia
688 1333 833 1365 corpora
862 1323 994 1355 maiore
1018 1323 1099 1355 dili-

109 1373 227 1416 gentia
245 1379 386 1416 propter
403 1372 620 1405 voluntatem
636 1370 703 1405 Dei
726 1380 759 1406 et
777 1372 925 1406 aliorum
947 1374 1097 1407 necessi-

109 1429 215 1456 tatem
235 1423 446 1456 foveremus.

211 1471 302 1507 Cum
325 1480 441 1506 autem
460 1479 541 1506 nota
560 1474 604 1506 sit
623 1470 707 1506 haec
728 1474 840 1518 prima
858 1473 992 1507 utilitas
1011 1485 1096 1506 con-

109 1523 334 1556 siderationis
366 1521 514 1556 humani
546 1524 719 1567 corporis,
760 1526 884 1557 accedo
920 1525 961 1556 ad
999 1524 1097 1556 alias.

108 1573 238 1608 Nutrix
256 1581 305 1608 est
325 1574 515 1607 multarum
541 1574 713 1607 virtutum
739 1572 824 1608 haec
846 1575 919 1618 ipsa
944 1574 1096 1617 aspectio

107 1625 259 1658 aedificii
289 1625 481 1658 multarum
513 1625 550 1657 in
580 1624 684 1657 nobis
716 1626 881 1668 partium.
941 1622 987 1657 Et
1013 1624 1094 1668 quia

107 1675 221 1720 prima
238 1675 349 1708 virtus
369 1682 436 1715 est,
463 1674 596 1717 agnitio
615 1673 681 1707 Dei
705 1675 857 1718 opificis,
886 1675 987 1707 valde
1010 1687 1095 1707 con-

107 1726 267 1759 firmatur
293 1725 453 1758 adsensio
477 1726 520 1758 de
545 1725 783 1769 providentia,
811 1738 889 1759 cum
915 1725 1094 1758 admiran-

107 1777 188 1810 dam
203 1782 312 1808 artem
331 1776 366 1808 in
387 1782 454 1809 tota
472 1775 702 1808 fabricatione
721 1773 876 1808 hominis
892 1776 1094 1808 considera-

106 1837 205 1865 muS‚
237 1826 280 1858 de
305 1838 370 1870 qua
398 1837 470 1857 non
495 1832 623 1858 temere
645 1826 778 1858 dictum
805 1833 872 1863 est,
913 1823 1093 1858 hominem

107 1888 180 1909 esse
198 1887 343 1919 parvum
366 1876 556 1914 mundum,
583 1875 665 1919 quia
688 1887 786 1907 inens
809 1876 923 1918 imago
942 1874 1006 1908 Dei
1032 1882 1094 1913 est,

105 1926 282 1970 fastigium
298 1923 453 1958 hominis
470 1925 663 1962 cerebrum,
689 1925 786 1957 nervi
805 1933 837 1958 et
854 1926 1009 1969 spiritus,
1033 1925 1093 1969 qui

105 1978 302 2021 gubernant
318 1987 439 2008 omnes
455 1975 630 2011 actiones.
656 1975 837 2008 coelestem
858 1984 1017 2009 naturam
1037 1988 1092 2008 re-

105 2029 240 2061 ferunt:
269 2026 385 2060 culina
401 2026 546 2069 gignens
561 2025 766 2058 alimentum
777 2052 786 2066 ‚
808 2033 919 2059 terrae
935 2034 967 2060 et
983 2037 1092 2071 aquae

107 2078 259 2112 similior
282 2084 344 2112 est.
411 2075 482 2110 Cor
506 2083 621 2109 autem
646 2077 740 2120 quod
768 2076 847 2109 sons
873 2083 922 2110 est
946 2078 1035 2110 vitae
1060 2083 1093 2109 et

104 2128 235 2161 vivifici
260 2127 386 2161 caloris
411 2127 486 2161 Soli
511 2127 701 2159 rectissime
730 2127 883 2160 conferri
916 2127 1076 2160 existimo

104 2178 178 2213 Iam
195 2178 352 2221 singulae
370 2185 484 2221 partes
501 2177 547 2211 ita
565 2183 644 2221 apte
660 2176 868 2211 distributae
892 2184 972 2211 sunt
996 2177 1091 2218 locis,

103 2237 138 2264 et
153 2228 339 2263 distinctae
355 2228 516 2269 materia,
543 2228 678 2271 figuris,
705 2228 950 2271 qualitatibus,
977 2235 1016 2262 ut
1032 2240 1091 2261 or—

103 2281 187 2314 dine
207 2291 245 2312 ac
273 2285 346 2312 arte
371 2278 642 2319 convincamur,
670 2275 759 2311 hanc
786 2290 902 2312 rerum
929 2287 1088 2313 naturam

103 2341 326 2375 nequaquam
345 2340 424 2362 casu
450 2329 622 2369 extitisse,
648 2329 706 2360 sed
734 2340 805 2362 esse
826 2337 977 2363 mentem
1006 2341 1090 2362 con-

102 2380 283 2420 ditricem,
312 2391 400 2425 quae
416 2380 459 2412 de
478 2391 550 2413 sese
564 2379 804 2413 testimonium
825 2387 940 2413 extare
966 2381 1000 2412 in
1024 2377 1090 2412 ho-

102 2432 238 2465 minum
259 2437 401 2471 natura,
430 2429 537 2475 idque
556 2442 573 2462 a
591 2429 694 2462 nobis
718 2431 855 2471 agnosci
883 2438 915 2464 et
941 2430 1090 2472 intelligi

101 2483 196 2516 velit.
225 2480 356 2514 Verum
373 2487 423 2513 est
439 2478 531 2513 hanc
549 2487 654 2513 totam
672 2478 944 2523 pulcherrimam
965 2481 1089 2515 mundi

101 2530 321 2572 machinam,
348 2531 518 2574 templum
538 2529 603 2564 Dei
620 2541 709 2570 esse,
737 2538 769 2564 et
793 2531 958 2575 impressa
983 2531 1088 2565 vesti·

101 2583 156 2627 gia
174 2579 353 2616 architecti
374 2581 494 2615 multis
509 2581 683 2625 partibu5‚
711 2583 767 2614 sed
791 2594 831 2614 eo
855 2583 963 2625 magis
980 2580 1086 2615 homo

100 2633 270 2677 templum
288 2631 353 2666 Dei
375 2639 444 2672 est,
478 2633 559 2677 quia
586 2638 717 2665 caetera
741 2644 887 2676 corpora
913 2645 990 2666 cum
1015 2632 1087 2666 siut

101 2685 175 2718 sine
206 2689 342 2724 mente,
386 2695 458 2717 non
486 2689 678 2727 agnoscunt
707 2689 816 2716 artem
849 2690 881 2717 et
914 2684 1111 2728 opificem.¹

675 124 832 162 DECL.
869 125 942 162 DE
977 124 1288 163 DOCTRINA
1323 125 1586 165 ANATOM.

2070 134 2144 170 942

1160 210 1323 244 Humana
1343 224 1439 245 mens
1454 213 1607 255 agnoscit
1626 220 1734 247 artem
1753 221 1785 249 et
1801 215 1960 259 opificem
1973 244 1981 257 ,
2002 224 2034 250 et
2050 219 2143 253 videt

1160 262 1196 293 in
1207 263 1318 305 seipsa
1337 264 1632 306 expressissimum
1652 266 1693 297 de
1705 265 1781 298 Deo
1799 267 2036 300 testimonium
2049 270 2141 302 noti-

1159 311 1227 344 cias
1245 324 1471 346 numerorum
1489 321 1519 347 et
1537 315 1688 355 ordinis,
1713 316 1898 349 discrimen
1915 314 2139 351 honestarum

1158 368 1190 394 et
1221 363 1376 406 turpium
1412 365 1607 405 actionum,
1649 378 1736 410 quae
1768 367 1802 399 in
1835 375 1950 401 mente
1983 366 2136 402 humana

1157 412 1254 455 quasi
1273 420 1412 446 aeterno
1428 422 1525 457 septo
1543 415 1725 449 distinctae
1742 424 1833 452 sunt.
1886 416 1957 452 Res
1983 419 2066 452 tales
2091 419 2136 452 ita

1156 473 1235 494 casu
1252 474 1291 494 ex
1309 464 1432 497 atomis
1450 465 1550 496 conss
1545 472 1614 498 itas
1633 478 1703 498 esse
1721 467 1936 509 impossibile.
1954 476 2014 504 est.
2067 470 2138 502 Ita-

1156 524 1224 556 que
1260 524 1358 556 saepe
1389 515 1486 558 quasi
1516 515 1654 547 intuens
1680 514 1880 555 hominem,
1915 526 1948 551 et
1974 520 2009 552 in
2035 521 2137 554 nohis

1155 562 1240 606 ipsis
1262 560 1345 596 haec
1370 565 1511 606 vestigia
1537 566 1606 598 Dei
1631 566 1797 606 Ιυ5ῑιίιι5,
1832 566 2036 602 cohorresco
2063 577 2134 603 toto

1155 625 1322 657 corpore,
1350 626 1388 647 ac
1405 615 1505 647 doleo
1525 622 1655 649 tantam
1674 616 1740 648 Dii
1759 618 2010 659 neglectionem
2034 621 2136 653 nobis

1154 663 1339 707 obrepere,
1379 677 1456 697 cum
1495 672 1564 698 tam
1598 666 1778 710 perspicua
1815 675 1846 700 et
1876 681 1945 700 non
1980 670 2136 704 fallentia

1153 715 1353 748 testimonia
1373 716 1416 747 de
1439 727 1510 748 sese
1527 717 1629 749 nobis
1649 717 1877 760 impresserit,
1903 720 1961 752 sed
1985 721 2136 754 assensio

1152 766 1195 797 de
1227 766 1449 808 providentia
1478 767 1611 799 firmior
1639 775 1744 807 esset,
1780 775 1811 800 et
1836 771 2028 803 reverentia
2057 783 2135 814 erga

1151 814 1266 848 Deum
1293 817 1424 857 maior,
1458 817 1485 849 si
1510 829 1609 861 saepe
1640 825 1671 850 et
1695 825 1822 851 attente
1847 816 1912 851 hoc
1940 822 2136 854 aedificium

1152 866 1392 910 aspiceremus.
1456 866 1526 899 lam
1554 875 1684 912 quanto
1713 865 1779 901 hoc
1808 870 2052 904 admirabilius
2075 879 2136 912 est,

1151 918 1245 962 quod
1264 929 1316 950 res
1343 918 1596 951 diversissimas
1622 919 1657 950 in
1683 916 1844 960 homine,
1873 921 1970 965 quasi
1998 922 2033 953 in
2057 935 2136 966 par-

1152 980 1233 1000 vum
1265 969 1436 1001 mundum
1469 969 1610 1002 inclusit
1639 967 1865 1009 architectus,
1915 972 2066 1005 culinam
2105 980 2138 1006 et

1151 1025 1314 1055 mentem.
1701 1013 1708 1018 ¹

1250 1069 1338 1103 Cum
1357 1068 1463 1103 homo
1481 1071 1643 1104 conditus
1659 1072 1701 1104 sit
1720 1073 1761 1104 ad
1783 1073 1970 1116 imaginem
1988 1081 2021 1108 et
2047 1075 2135 1107 cele-

1150 1120 1347 1153 brationem
1366 1120 1450 1159 Dei,
1479 1129 1511 1155 et
1530 1129 1567 1154 ut
1584 1123 1722 1155 fruatur
1738 1123 1811 1156 eius
1835 1125 2004 1167 sapientia
2023 1131 2054 1157 et
2073 1125 2137 1157 bo-

1150 1171 1257 1203 nitate
1279 1172 1315 1203 in
1340 1172 1437 1204 omni
1463 1173 1682 1211 aeternitate,
1723 1174 1806 1217 quid
1832 1186 1919 1217 opus
1943 1182 1990 1208 est
2008 1176 2136 1216 culina,

1150 1232 1238 1265 quae
1257 1221 1322 1254 erit
1342 1222 1456 1254 ociosa
1477 1222 1513 1253 in
1532 1223 1590 1255 illa
1613 1230 1773 1256 aeternae
1790 1223 1966 1258 Ecclesiae
1988 1237 2135 1258 consue-

1150 1271 1284 1306 tudine.
1345 1271 1413 1305 Sed
1440 1270 1534 1305 haud
1561 1273 1667 1306 dubie
1691 1274 1779 1307 sacta
1802 1282 1852 1307 est
1880 1273 2003 1308 harum
2027 1276 2135 1309 dissi-

1149 1322 1377 1355 millimarum
1405 1334 1522 1355 rerum
1547 1324 1742 1367 copulatio,
1781 1325 1917 1358 culinae
1941 1334 1971 1360 et
1997 1327 2137 1368 mentis,

1150 1370 1238 1405 hanc
1255 1372 1365 1416 ipsam
1382 1373 1427 1406 ob
1444 1385 1599 1413 causam,
1627 1374 1708 1418 quia
1726 1373 1820 1407 Deus
1843 1376 1879 1408 in
1906 1374 1968 1410 hac
1998 1377 2066 1409 vita
2093 1378 2135 1409 il-

1150 1423 1217 1455 lius
1240 1429 1403 1457 aeternae
1427 1424 1532 1464 lucis,
1574 1431 1606 1457 et
1630 1425 1720 1457 vitae
1742 1425 1841 1458 initia
1878 1428 1951 1460 vult
1982 1428 2136 1462 accendi.

1150 1473 1235 1505 Vult
1252 1485 1346 1506 nunc
1363 1486 1503 1519 quoque
1521 1486 1585 1507 nos
1600 1486 1672 1507 esse
1689 1487 1748 1508 sua
1766 1477 1915 1520 templa,
1939 1490 2043 1522 quare
2060 1485 2134 1511 stu-

1148 1523 1204 1555 dia
1221 1523 1289 1556 sint
1308 1525 1526 1563 ardentiora,
1552 1537 1638 1569 quae
1658 1526 1748 1558 viam
1766 1527 1809 1559 ad
1826 1527 1900 1560 eius
1919 1528 2133 1570 agnitionem

1147 1575 1356 1615 ostendunt,
1384 1582 1417 1607 et
1442 1575 1487 1608 sit
1509 1587 1590 1608 cura
1612 1576 1724 1608 maior
1750 1578 1890 1620 regendi
1915 1590 2049 1616 mores,
2084 1579 2131 1612 ita

1147 1631 1184 1656 ut
1210 1621 1294 1657 haec
1320 1625 1392 1668 ipsa
1410 1624 1476 1657 Dei
1499 1637 1565 1658 vox
1592 1637 1720 1658 sonans
1744 1627 1779 1659 iu
1802 1629 1930 1660 nostris
1955 1629 2132 1662 mentibus

1147 1675 1326 1717 praecipit.
1377 1674 1447 1708 'Nec
1463 1682 1598 1708 tantum
1614 1677 1790 1709 convincit
1808 1689 1873 1710 nos
1887 1676 1942 1711 hic
1959 1680 2046 1712 ordo
2058 1707 2066 1720 ,
2094 1688 2132 1714 ut

1146 1736 1218 1757 esse
1242 1724 1353 1757 Deum
1385 1726 1483 1758 fateri
1515 1738 1696 1768 cogamur,
1734 1729 1790 1760 sed
1817 1728 1918 1761 etiam
1941 1730 2053 1774 qualis
2078 1731 2133 1772 sit,

1147 1782 1286 1813 monet,
1314 1782 1345 1807 et
1362 1775 1549 1818 imaginem
1569 1777 1834 1818 gubernationis
1853 1780 1992 1812 divinae
2010 1781 2045 1812 in
2065 1794 2131 1813 no-

1147 1825 1199 1857 bis
1227 1825 1516 1859 circumserimus.
1583 1826 1673 1861 Tota
1705 1829 1898 1886 antiquitas
1929 1828 1993 1863 hoc
2025 1833 2129 1863 modo

1145 1875 1326 1908 distiibuit
1348 1873 1502 1909 hominis
1524 1876 1633 1914 sires,
1676 1878 1764 1912 dixit
1791 1879 1825 1911 in
1852 1881 1954 1913 nobis
1987 1893 2057 1914 esse
2088 1880 2128 1915 τὸ

1148 1923 1388 1971 ἱγειιονικὸν,
1436 1924 1477 1959 τὸ
1517 1926 1700 1970 Summi),
1751 1928 1813 1963 καὶ
1842 1928 1884 1963 τὸ
1916 1930 2131 1974 θρεπτικὸι.

1116 1973 1364 2023 ’ἡγεμονικὸν
1380 1977 1538 2010 continet
1557 1978 1705 2011 noticias
1722 1981 1881 2013 imectiices
1899 1982 1957 2013 xit
1952 1994 2000 2014 ie.

1247 2025 1322 2059 Hae
1341 2039 1418 2059 cum
1435 2028 1633 2061 discernant
1651 2026 1796 2063 honesta
1814 2038 1845 2064 et
1866 2032 1991 2075 turpia,
2012 2039 2129 2065 osten-

1143 2077 1232 2109 dunt
1264 2077 1376 2122 qualis
1409 2078 1452 2110 sit
1477 2076 1590 2118 Deus,
1630 2080 1792 2114 videlicet
1817 2083 1973 2125 sapiens,
2016 2095 2128 2123 verax,

1144 2128 1275 2168 bonus,
1300 2128 1492 2169 beneficus,
1519 2129 1642 2169 iustus,
1669 2138 1792 2170 castus,
1819 2132 1997 2165 liberrime
2014 2145 2129 2175 agens,

1144 2177 1271 2210 vindex
1303 2179 1492 2219 scelerum,
1527 2179 1630 2212 talem
1665 2180 1896 2225 intelligimus
1929 2195 2000 2216 esse
2030 2184 2126 2216 illam

1142 2228 1309 2272 optimam
1335 2235 1485 2262 mentem
1517 2226 1833 2275 architectaricem,
1869 2246 1957 2279 quae
1983 2233 2127 2278 quidem

1142 2286 1173 2312 et
1189 2290 1253 2311 nos
1267 2279 1343 2312 vult
1360 2291 1437 2311 cum
1456 2276 1598 2324 archety
1603 2291 1644 2323 po
1663 2293 1865 2325 congruere.

1242 2326 1287 2362 Et
1309 2336 1347 2362 ut
1365 2329 1552 2362 discrimen
1577 2327 1643 2363 hoc
1668 2328 1892 2365 honistarum
1915 2341 1946 2367 et
1969 2335 2127 2379 turpium

1141 2379 1318 2412 actionum
1344 2379 1478 2413 firmius
1499 2386 1604 2419 esset,
1631 2382 1766 2415 addidit
1785 2382 1948 2427 θυμικὸν
1967 2385 2001 2417 in
2022 2388 2127 2418 corde

1141 2437 1282 2463 aeterno
1300 2437 1331 2462 et
1349 2429 1559 2463 immutabili
1580 2431 1724 2471 ordine,
1751 2434 1890 2467 dolores
1911 2435 2065 2469 exitiales
2090 2436 2126 2468 in

1140 2481 1243 2513 corde
1275 2480 1503 2513 violationem
1536 2480 1750 2516 discriminis
1776 2484 1872 2518 illius
1901 2486 2126 2526 comitantur,

1139 2537 1175 2563 nt
1200 2537 1345 2564 naturae
1365 2531 1531 2565 extinctio
1556 2531 1726 2565 iudicium
1748 2532 1928 2568 architecti
1955 2537 2125 2570 ostendat.

1141 2580 1246 2613 Vides
1266 2582 1358 2614 enim
1379 2581 1415 2614 in
1434 2578 1578 2614 homine
1601 2583 1727 2626 pictam
1754 2597 1826 2618 esse
1849 2586 1996 2618 sormam
2022 2585 2125 2618 iusti-

1137 2632 1229 2670 ctae,
1257 2631 1433 2675 praelucet
1451 2633 1486 2665 in
1506 2629 1713 2680 ’ἡγεμονικῷ
1730 2642 1820 2668 recta
1841 2635 1988 2673 noticia,
2015 2642 2047 2668 et
2067 2649 2126 2667 co-

1136 2694 1208 2715 mes
1231 2690 1280 2716 est
1307 2683 1431 2716 »index
1455 2683 1681 2725 iustissimus,
1708 2693 1737 2718 et
1763 2685 1995 2730 implacabilis
2019 2686 2126 2719 dolor
