2338 2958
206 113 276 151 1³1

870 103 1028 142 DECL.
1059 103 1135 141 DE
1167 104 1358 142 CAPTA
1388 104 1573 142 ROMA.

2168 111 2242 148 132

208 211 304 240 nere,
327 209 434 244 quam
448 196 510 242 qui
526 206 624 229 veras
640 204 759 227 causas
775 192 975 226 tractandas
990 192 1198 237 suscipiunt,
1216 197 1224 228 l
1247 192 1344 225 nime
1361 192 1565 227 delectatur.
1613 191 1736 238 Neque
1750 193 1843 226 enim
1862 193 2052 228 obscurum
2069 201 2132 236 est,
2157 207 2238 230 eum

210 258 327 286 tamen
343 261 418 287 me,
445 259 518 280 non
536 245 661 279 fiducia
681 243 828 287 ingenii,
854 243 948 289 quod
962 243 1076 278 sentio
1092 255 1197 289 quam

210 302 257 336 sit
280 301 462 344 exiguum,
487 297 547 330 sed
574 295 780 339 magnitudo
802 295 936 328 doloris
960 295 1135 339 perpulit,
1161 301 1200 327 ut

210 350 308 387 hunc
330 351 499 384 inlocum
517 359 589 380 non
613 347 732 380 fictum
758 352 1003 390 argumentum
1028 357 1068 378 ex
1090 344 1199 378 veteri

211 404 328 448 aliqua
359 398 553 443 tragoedia,
595 398 655 431 sed
683 395 866 430 historiam
894 397 1066 429 adferrem
1093 395 1200 428 nimis

212 466 316 500 quam
335 463 464 485 veram.
509 448 596 482 Sum
612 449 707 482 enim
723 448 882 481 dicturus
898 448 939 480 de
958 446 1199 480 crudelissima

210 504 309 539 urbis
324 501 459 536 Romae
480 499 688 543 direptione,
714 506 747 533 et
765 499 1010 543 deploraturus
1025 497 1201 541 indignis-

211 555 338 589 simum
355 563 472 586 casum
491 550 654 590 civitatis,
681 550 840 583 omnium
858 549 999 592 reginae
1014 555 1117 593 atque
1136 549 1201 580 do·-

211 605 339 639 minae.
389 601 533 636 Etenim
552 614 630 635 cum
649 613 754 634 nemo
771 607 841 633 tam
862 600 957 633 ferus
974 599 1036 638 sit,
1059 606 1201 644 tamque

211 666 356 701 prorsus
377 655 421 688 ab
447 651 600 686 hominis
624 663 726 686 sensu
745 651 902 692 alienus,
928 651 988 695 qui
1011 662 1083 683 non
1107 661 1202 683 acer-

211 707 352 741 bissime
367 706 451 738 ferat
471 704 652 746 indignam
670 701 821 746 patriae,
850 714 939 747 quae
955 702 1078 745 genuit
1095 712 1202 746 qnae-

213 770 280 804 qne
304 756 482 795 educavit,
510 756 707 792 fortunam,
735 765 804 798 quo
830 753 969 786 tandem
993 753 1111 785 animo
1138 763 1202 784 nos

212 809 368 853 accipere
395 806 493 840 urbis
518 804 654 839 Romae
686 804 866 838 interitum
897 810 1000 849 atque
1027 803 1201 836 excidium

212 861 328 899 decet,
354 869 431 891 cum
459 868 498 889 ea
523 856 608 889 urbs
634 867 705 888 una
731 855 769 887 in
787 855 892 888 terris
915 855 1024 888 fucrit
1042 854 1201 887 omnium

213 910 370 955 gentium
387 907 584 941 communis
607 906 740 951 patria?
775 905 850 949 Ego
866 906 1021 950 profecto
1040 917 1113 938 non
1137 904 1204 937 mi-

213 973 281 995 nus
297 959 394 993 illius
410 958 605 991 calamitate
622 969 856 997 commoveor,
883 968 987 1001 quam
1004 957 1078 989 eius
1094 955 1204 1000 ipsius

212 1011 355 1057 oppidi,
382 1009 477 1055 quod
496 1021 549 1042 me
571 1008 729 1052 primum
746 1015 947 1041 nascentem
966 1007 1117 1051 excepit,
1143 1007 1204 1039 ad-

214 1063 322 1097 versis
338 1062 442 1094 rebus
459 1061 696 1104 perturbarer.
748 1058 837 1093 Cum
859 1058 966 1101 igitur
982 1065 1068 1091 essct
1086 1056 1152 1091 hoc
1169 1057 1203 1089 in

215 1116 291 1148 loco
315 1110 402 1144 mihi
427 1123 490 1155 pro
516 1123 613 1144 more
637 1110 847 1149 dicendum,
878 1122 950 1143 non
975 1109 1094 1154 potui,
1125 1121 1204 1141 cum

214 1171 301 1199 esset
324 1163 465 1196 animus
486 1162 608 1195 dolore
631 1168 839 1205 occupatus,
867 1161 933 1193 alia
953 1161 995 1193 de
1019 1172 1056 1193 re
1075 1159 1206 1193 oratio—

214 1228 295 1250 nem
313 1214 508 1249 instituere.
561 1212 633 1247 Ubi
650 1213 756 1253 dolet,
782 1212 968 1257 inquiunt,
995 1211 1045 1244 ibi
1062 1222 1204 1244 manum

214 1266 335 1301 habet:
373 1264 494 1307 Quare
518 1276 598 1297 cum
624 1263 764 1296 assiduo
796 1270 992 1296 versaretur
1016 1263 1062 1295 ob
1086 1262 1206 1295 oculos

214 1319 289 1352 eius
313 1316 413 1349 urbis
435 1315 586 1359 direptio
608 1322 711 1359 atque
735 1314 959 1355 incendium,
993 1325 1081 1358 quae
1103 1312 1206 1345 nobis

215 1370 316 1411 leges,
345 1377 433 1411 quae
450 1366 649 1408 religiones,
676 1376 765 1410 quae
782 1376 904 1397 omnes
921 1362 1084 1398 honestas
1101 1363 1205 1395 ‹lisci-

214 1420 329 1465 plinas
359 1417 523 1457 tradidit,
563 1416 715 1460 denique
745 1427 763 1448 a
799 1427 866 1460 qua
899 1415 999 1459 plura
1029 1413 1207 1453 beneficia,

214 1482 319 1517 quam
343 1469 386 1501 ab
411 1468 483 1511 ipsa
509 1467 640 1512 patria,
668 1467 704 1498 in
732 1478 799 1511 qua
817 1467 966 1510 quisque
991 1465 1128 1507 genitus
1148 1471 1207 1503 est,

214 1531 338 1555 omnes
360 1519 574 1562 accepimus,
607 1517 720 1560 coegit
745 1529 799 1549 me
826 1516 1032 1559 magnitudo
1058 1515 1208 1555 doloris,

215 1574 258 1607 de
297 1572 440 1604 fortuna
474 1569 574 1601 urbis
608 1569 722 1613 deque
758 1567 963 1600 miserrimis
991 1566 1208 1609 temporibus

217 1622 335 1669 queri,
376 1620 582 1665 praesertim
608 1619 645 1651 in
674 1616 739 1651 hoc
767 1625 886 1659 coetu,
925 1619 1018 1662 apud
1046 1615 1208 1649 homines

215 1673 454 1711 doctissimos,
490 1671 550 1715 qui
584 1669 786 1712 intelligunt
811 1676 982 1714 quantum
1009 1666 1090 1701 huic
1115 1668 1209 1708 urbi,

215 1738 255 1759 ex
283 1736 350 1769 qua
380 1723 520 1761 literae,
546 1728 579 1754 et
608 1718 810 1753 humanitas
839 1718 906 1752 huc
930 1720 1116 1763 importata
1142 1725 1210 1759 est,

216 1787 338 1809 omnes
354 1780 472 1818 gentes
488 1774 647 1805 ‹ln-beant.
675 1770 778 1814 Quod
797 1778 910 1804 autem
930 1773 972 1803 de
989 1777 1085 1814 capta
1100 1769 1207 1803 Troia

219 1826 388 1870 Virgilius
412 1825 604 1869 praefatur:

322 1904 398 1941 Quis
417 1904 528 1932 cladem
544 1905 624 1931 illins
641 1904 736 1931 noctis
748 1926 754 1938 ‚
783 1903 849 1941 quis
865 1903 967 1929 funcra
982 1901 1072 1929 {tando

321 1955 477 1995 Explicet,
505 1961 553 1983 aut
574 1956 666 1993 possit
683 1954 843 1992 lachrymis
861 1964 985 1993 aequare
1002 1951 1141 1981 labores?

219 2042 280 2073 ego
304 2028 415 2061 multo
441 2026 566 2060 iustius
590 2037 771 2069 usurpem:
806 2025 902 2057 nulla
922 2032 970 2057 est
995 2025 1087 2057 enim
1114 2031 1207 2057 tanta

220 2079 438 2125 eloquentia,
461 2090 550 2123 quae
568 2077 784 2110 atrocitatem
804 2073 909 2108 huius
930 2075 978 2108 rei
1000 2088 1061 2119 pro
1084 2076 1208 2108 merito

220 2142 392 2174 exponere
409 2130 534 2173 possit,
559 2140 691 2173 quaeve
707 2126 878 2171 explicare
895 2133 1016 2172 queat,
1044 2133 1209 2171 quantam

220 2183 359 2215 ruinam
385 2181 542 2213 omnium
568 2179 781 2223 optimarum
807 2190 943 2217 rerum,
976 2175 1081 2210 liuius
1105 2177 1211 2210 unius

220 2233 318 2266 urbis
341 2231 474 2264 eversio
495 2243 609 2264 secum
628 2226 753 2263 trabat.
807 2229 903 2271 Quid
925 2229 997 2261 ullo
1021 2229 1137 2261 seculo
1155 2241 1210 2261 ac-

221 2284 305 2317 cidit
336 2282 536 2322 indignius,
576 2293 680 2325 quam
708 2280 801 2325 quod
836 2280 895 2312 ille
927 2279 999 2323 ipse
1031 2280 1212 2317 exercitus,

221 2335 281 2380 qui
299 2347 315 2366 a
332 2333 479 2366 Caesare
509 2333 542 2365 in
565 2331 662 2364 ltalia
688 2332 730 2363 ad
755 2331 901 2363 salutem
919 2331 1078 2363 omnium
1098 2331 1210 2363 liono-

223 2398 322 2426 rum,
364 2385 404 2417 ad
436 2383 700 2417 custodit-udam
732 2382 874 2422 urbem,
920 2381 1059 2426 imperii
1086 2394 1211 2420 arcem,

222 2437 412 2469 collocatus
430 2443 519 2472 crat,
548 2434 598 2466 illi
622 2433 685 2477 ipsi
712 2433 791 2465 urlii
819 2433 986 2465 nefariam
1010 2433 1099 2472 vim,
1127 2445 1209 2465 con-

223 2496 273 2521 tra
306 2487 428 2530 optimi
462 2485 636 2528 Principis
663 2483 781 2516 Caroli
814 2484 1050 2523 xoluutatcm,
1090 2491 1210 2517 contra

1249 250 1374 277 natura
1399 243 1443 276 ad
1474 242 1696 277 clementiam
1725 244 2076 291 moderationemque
2105 246 2186 280 duci
2208 253 2243 280 et

1250 306 1269 327 a
1284 294 1492 328 crudelitate
1510 292 1712 328 abhorrere.
1749 293 1798 329 Et
1814 307 1893 329 cum
1908 295 2060 330 maiores
2077 308 2158 331 suos
2175 309 2242 331 no—

1251 357 1333 378 men
1347 356 1386 378 ac
1402 344 1543 379 titulum
1560 345 1700 389 imperii
1717 345 1754 378 in
1770 343 1861 380 hanc
1874 346 2056 380 nationem
2071 359 2090 380 a
2106 355 2243 382 servata

1251 397 1339 429 urhe
1363 394 1479 430 Roma
1500 396 1660 430 intulisse
1684 396 1820 438 videat,
1846 397 2004 431 dub‘itari
2028 410 2101 431 non
2128 399 2244 440 debet,

1253 447 1340 492 quin
1354 447 1391 479 in
1407 446 1550 480 illorum
1567 447 1710 481 intuens
1728 448 1903 492 exempla,
1932 448 2103 491 intelligat
2119 461 2243 484 omnes

1253 497 1393 541 imperii
1416 509 1499 541 opes
1520 509 1559 531 ac
1583 498 1675 531 vires
1696 499 1739 530 ad
1763 495 1870 532 huius
1890 500 1990 533 urbis
2013 500 2161 533 salutem
2180 501 2242 534 de-

1252 549 1518 594 fensionemque
1534 549 1683 582 maxime
1696 550 1950 583 convertendas
1965 562 2048 589 esse,
2076 558 2108 584 et
2121 551 2166 585 ab
2181 551 2244 584 illa

1254 600 1324 632 vim
1341 607 1446 644 atque
1458 599 1654 633 vastitatem
1673 600 1929 644 depellendam.
1982 600 2100 644 Quam
2116 602 2246 636 multos

1254 662 1440 683 numerare
1465 657 1594 694 potest,
1620 663 1700 684 cum
1721 651 1892 695 imagines
1905 651 2016 685 avitas
2037 652 2247 696 aspexerint,

1255 701 1316 746 qui
1333 701 1647 735 turbulentissimis
1668 702 1934 745 tempestatibus
1949 703 2072 736 urbem
2091 702 2246 737 Romam

1254 752 1415 785 maximis
1449 753 1643 786 terroribus
1673 753 1920 792 liberaverint,
1955 753 2016 798 qui
2042 765 2246 800 quanquam

1255 803 1561 846 periculosissimis
1578 803 1680 836 bellis
1696 804 1791 836 domi
1813 803 1996 848 impliciti,
2016 811 2133 838 tamen
2151 805 2249 839 velut

1256 855 1299 886 ad
1322 854 1470 897 patriam
1494 855 1752 887 defendendam
1778 852 1848 888 huc
1875 866 2010 888 summa
2035 855 2166 889 virtute
2189 867 2248 890 ac-

1257 905 1443 945 currerint,
1461 905 1542 949 quia
1560 904 1597 937 in
1616 902 1722 938 buius
1737 905 1844 939 unius
1862 906 1962 939 urbis
1976 906 2134 951 periculo
2155 906 2250 951 peri-

1256 955 1371 989 clitari
1409 955 1571 988 omnium
1607 955 1764 999 gentium
1802 956 1949 990 salutem
1989 957 2250 993 existimabant.

1257 1006 1338 1040 Huc
1361 1007 1471 1047 adde,
1507 1007 1600 1051 quod
1624 1006 1759 1040 nullius
1780 1006 1895 1049 regiae
1917 1007 2085 1046 familiae,
2117 1007 2148 1042 si
2168 1008 2249 1053 quis

1257 1069 1378 1091 omnes
1395 1064 1574 1096 numeret,
1601 1057 1704 1101 plura
1725 1057 1915 1090 clementer
1931 1064 1991 1091 aut
2017 1058 2072 1101 pie
2090 1059 2177 1091 facta
2192 1069 2249 1091 re-

1257 1108 1390 1142 censeri
1416 1115 1581 1153 possunt,
1609 1120 1715 1153 quam
1734 1106 1950 1142 Austriacae.
2004 1106 2051 1142 Et
2073 1109 2248 1143 maiorum

1257 1171 1402 1193 suorum
1419 1160 1506 1192 adeo
1531 1171 1604 1192 non
1620 1159 1802 1192 dissimilis
1823 1165 1874 1192 est
1889 1157 2055 1199 Carolus,
2081 1167 2120 1193 ut
2136 1171 2251 1205 quan·

1257 1217 1332 1244 tum
1348 1222 1470 1243 omnes
1485 1210 1624 1254 imperii
1639 1209 1883 1253 magnitudine
1896 1210 2088 1250 antecedit,
2112 1217 2249 1244 tantum

1258 1262 1361 1295 ctiam
1379 1261 1496 1295 vincat
1511 1261 1707 1295 clementia.
1762 1259 1869 1303 Quod
1886 1261 1980 1293 enim
1998 1261 2036 1295 in
2052 1261 2123 1294 ulla
2138 1258 2250 1295 histo-

1258 1313 1308 1345 ria
1326 1313 1457 1347 factum
1474 1313 1682 1346 clementius
1706 1311 1852 1354 legitur,
1880 1323 1984 1357 quam
2010 1313 2105 1357 quod
2129 1312 2252 1345 inimi-

1258 1363 1436 1396 cissimum
1449 1361 1593 1405 Regem,
1608 1375 1626 1395 a
1643 1375 1712 1407 quo
1731 1362 1863 1395 bellurn
1880 1369 2001 1396 contra
2018 1363 2073 1396 ius
2090 1363 2249 1406 gentium

1259 1420 1391 1446 motum
1418 1421 1508 1454 erat,
1542 1420 1684 1457 captum
1706 1413 1743 1445 in
1769 1413 1858 1453 acie,
1891 1424 1965 1445 non
1990 1414 2096 1446 modo
2117 1414 2252 1447 dimisit

1261 1464 1493 1504 incolumem,
1534 1465 1593 1496 secl
1625 1464 1730 1497 etiam
1751 1463 1955 1496 devinctum
1985 1464 2173 1503 affinitate,
2213 1465 2251 1498 in

1262 1526 1405 1558 regnum
1424 1514 1599 1548 restituit?
1634 1514 1786 1547 Tantam
1808 1514 2029 1547 clementiam
2055 1527 2095 1549 ac
2111 1515 2251 1549 bonita-

1261 1573 1328 1599 tem
1355 1565 1452 1598 nulla
1486 1563 1640 1598 humana
1664 1577 1731 1598 vox
1763 1576 1826 1608 pro
1855 1564 2025 1608 dignitate
2050 1566 2252 1610 praedicare

1260 1623 1363 1662 atque
1379 1628 1505 1649 ornare
1522 1621 1646 1660 potest.

1361 1666 1481 1709 Longe
1499 1666 1605 1710 igitur
1618 1666 1764 1706 fallitur,
1791 1666 1818 1699 si
1836 1666 1916 1711 quis
1933 1666 1969 1699 in
1985 1667 2052 1700 tale
2070 1667 2252 1711 ingenium

1262 1725 1394 1752 tantam
1437 1717 1655 1751 iracundiam
1693 1718 1816 1750 cadere
1858 1717 2048 1757 existimat,
2090 1725 2130 1752 ut
2163 1719 2254 1752 ullas

1261 1768 1420 1813 quamvis
1435 1780 1578 1812 magnas
1595 1767 1743 1801 iniurias
1760 1766 1825 1801 hoc
1840 1769 1947 1801 modo
1964 1769 2083 1802 ulcisci
2101 1769 2253 1803 voluisse

1262 1820 1430 1853 videatur.
1485 1819 1548 1852 llle
1571 1831 1654 1851 vero
1680 1819 1856 1862 privatum
1882 1819 2061 1860 dolorem,
2090 1820 2144 1853 vel
2171 1820 2252 1853 urbi

1263 1871 1347 1915 ipsi,
1372 1882 1391 1902 a
1409 1883 1477 1915 qua
1496 1870 1636 1913 imperii
1661 1881 1790 1902 nomen
1810 1867 1934 1910 habet,
1961 1870 2016 1902 vel
2039 1877 2090 1904 tot
2107 1871 2255 1904 sanctis-

1261 1922 1358 1954 simis
1380 1922 1466 1961 aris,
1500 1921 1555 1954 vel
1573 1921 1721 1953 aliarum
1746 1921 1922 1963 gentium,
1956 1933 2045 1966 quae
2067 1932 2146 1955 suas
2162 1920 2254 1956 Res-

1263 1973 1344 2016 pub.
1361 1972 1435 2005 sine
1460 1970 1566 2005 liuius
1584 1971 1683 2005 urbis
1706 1972 1854 2004 consilio
1871 1978 1988 2005 tenere
2007 1983 2077 2004 non
2097 1979 2254 2016 possunt,

1263 2024 1403 2056 utilitati
1429 2025 1681 2063 condonasset,
1708 2022 1869 2067 quamvis
1894 2022 2018 2062 iratus,
2045 2022 2073 2055 si
2099 2023 2254 2058 licuisset

1262 2075 1290 2107 ei
1317 2075 1511 2118 praesenti,
1539 2086 1612 2107 rem
1629 2073 1780 2106 subitam
1803 2072 2020 2118 minimeque
2041 2081 2254 2117 expectatam

1263 2137 1380 2169 regere
1405 2138 1442 2159 ae
1467 2125 1674 2168 gubernare.
1727 2123 1845 2166 Quare
1869 2122 1998 2157 Caesar
2025 2125 2125 2157 nullo
2147 2125 2252 2158 modo

1264 2177 1297 2208 in
1328 2175 1391 2209 bac
1413 2177 1573 2210 oratioue
1590 2175 1805 2209 accusandus
1823 2181 1892 2214 cst,
1921 2175 1981 2220 qui
2007 2175 2195 2209 exercitum
2217 2175 2253 2209 in

1265 2227 1360 2261 ltalia
1378 2229 1420 2261 ad
1441 2227 1634 2261 custodiam
1658 2225 1924 2270 tranquillitatis
1940 2226 2101 2270 publicae
2120 2223 2256 2268 habuit,

1264 2292 1333 2311 uon
1351 2280 1392 2312 ad
1419 2277 1642 2313 latrocinium
1664 2278 1917 2317 exercciulum,
1943 2289 2014 2309 non
2032 2278 2074 2310 ad
2095 2285 2255 2311 everten-

1263 2331 1342 2362 ‹lam
1367 2330 1490 2363 urbem
1516 2328 1652 2372 imperii
1677 2339 1811 2365 arcem,
1840 2340 1911 2360 non
1935 2328 1976 2360 ad
1998 2325 2255 2372 prophananda

1263 2383 1410 2425 templa,
1437 2393 1508 2414 non
1525 2381 1566 2413 ad
1588 2378 1806 2423 diripiendas
1826 2376 2078 2418 bibliothecas,
2112 2390 2184 2412 uon
2210 2380 2254 2413 ad

1234 2423 1492 2474 {aruciaandos
1514 2431 1725 2466 sacerdotes.
1763 2441 1834 2462 non
1859 2430 1901 2462 ad
1920 2429 2073 2473 virgines
2089 2437 2120 2464 et
2145 2427 2255 2463 lione-

224 2538 429 2580 ‹lisciplinae
446 2537 608 2569 militaris
628 2536 734 2577 leges,
759 2541 878 2567 contra
897 2535 1062 2579 auspicia,
1090 2542 1210 2567 contra
1236 2530 1237 2538 ¹

223 2590 396 2622 maiorum
421 2588 593 2630 exempla,
626 2586 756 2619 intulit.

811 2583 868 2618 Est
890 2586 983 2618 euim
1009 2587 1211 2619 litu-raudus
1235 2597 1237 2605 ⁴

223 2641 323 2683 culpa
339 2639 484 2676 Caesar,
514 2639 572 2683 qui
594 2637 726 2669 etiamsi
747 2637 844 2669 iustis
861 2638 903 2668 ‹le
922 2637 1034 2669 causis
1048 2636 1210 2671 Romano
1236 2635 1237 2639 ¹

224 2690 383 2723 Pontifici
406 2689 589 2729 irascitur,
618 2695 731 2720 tamn-n
753 2685 817 2719 boc
843 2688 934 2720 exitu
954 2688 1120 2721 victoriae
1145 2687 1210 2720 mi-

1235 2719 1237 2723 ,
1264 2688 1345 2720 ricia
1360 2715 1368 2726 ,

1235 2510 1237 2520 ,
1263 2490 1330 2515 stas
1356 2491 1534 2517 matronas
1560 2481 1753 2525 rapiendas.

1814 2480 1908 2514 Haec
1937 2492 2016 2514 eum
2043 2480 2160 2514 omnia
2186 2481 2257 2524 tegi

1263 2535 1332 2566 suis
1349 2535 1455 2567 armis
1473 2545 1607 2579 suoque
1630 2532 1782 2565 exercitu
1801 2530 1995 2576 imperator
2009 2531 2130 2569 vellet,
2158 2543 2256 2565 exer-

1262 2586 1368 2624 citus,
1403 2592 1439 2619 ut
1466 2597 1566 2628 saepe
1595 2584 1680 2616 alias
1710 2582 1854 2622 accidit,
1888 2590 2009 2617 contra
2031 2582 2254 2626 disciplinam

1263 2637 1472 2675 militarem,
1499 2643 1619 2669 contra
1648 2635 1748 2667 sutem
1776 2632 1980 2677 imperatori
2008 2633 2144 2673 datam,
2171 2645 2252 2667 ava-

1417 2688 1458 2720 ad
1497 2687 1732 2731 diripiendam
1772 2685 1895 2717 urbem
1932 2683 2255 2729 opulentissimam,
