2338 2958
197 127 271 169 575

303 215 441 256 Rursus
460 220 508 248 est
526 213 562 246 in
581 212 679 245 luctu
697 207 926 251 Ambrosius,
950 210 1104 245 extincto
1119 207 1192 243 Im-

204 275 381 314 peratore,
421 266 516 298 videt
540 273 662 296 rursus
692 262 896 305 impendere
923 261 1035 294 maius
1061 261 1191 295 bellum

205 319 316 353 cix-ile,
370 316 507 350 Rursus
540 313 673 353 exulat,
709 318 742 345 et
771 312 808 344 in
839 310 1020 345 Etruriam
1045 311 1192 345 secedit:

205 382 268 403 nec
291 376 406 401 tamen
433 364 607 407 frangitur
631 362 771 401 animo,
798 364 857 395 sed
875 360 1119 396 Theodosium
1136 374 1195 395 ac-

208 419 326 457 cersit,
354 423 387 450 et
408 413 676 448 commonefacit
699 413 822 453 officii,
855 420 892 446 ut
915 413 1067 457 depellat
1093 410 1154 446 has
1178 423 1197 444 a

209 469 347 512 Repub.
365 467 474 499 furias
487 492 496 506 ‚
517 476 606 510 quae
624 471 657 498 et
673 464 788 508 ipsum
806 463 1005 507 opprimere
1032 471 1066 497 et
1082 463 1198 496 delere

207 517 340 553 Christi
364 528 495 550 nomen
522 522 704 549 conentur.
759 513 904 547 Interim
928 522 962 548 et
979 514 1093 548 Deum
1120 525 1200 557 pre-

211 577 321 609 catur,
340 575 379 601 ut
396 564 637 600 Theodosium
655 566 809 598 adiuvet.
846 564 940 598 Vicit
959 565 1066 608 igitur
1078 562 1201 596 Theo·

211 620 330 654 dosius
363 617 497 661 ingenti
526 616 658 661 praelio
690 616 890 655 seditiosos,
933 627 1085 660 quorum
1114 614 1202 647 alter

211 671 428 712 Arbogastus
464 668 631 700 inclinata
659 666 749 704 acie,
786 667 821 698 in
850 666 929 707 fuga
958 667 1024 698 sibi
1054 671 1202 697 mortem

213 720 394 760 conscivit,
421 719 516 752 velut
532 718 636 756 Saul,
663 717 750 749 alter
769 714 951 759 Eugenius
971 722 1101 760 captus,
1129 715 1203 747 ius-

214 784 273 806 sus
291 778 339 805 est
358 769 507 803 interfici
526 774 558 801 et
576 767 711 809 legibus
726 778 857 810 poenas
873 767 967 799 dare.

316 821 401 854 Post
418 818 507 852 hanc
524 818 705 851 victoriam
727 817 822 850 ltalia
838 816 1028 861 tranquilla
1045 815 1122 856 fuit,
1141 816 1206 848 do-

217 885 280 907 nec
297 869 519 905 Theodosius
539 868 645 909 vixit,
669 867 730 913 qui
756 868 899 912 quidem
921 874 1039 911 postea
1062 866 1099 899 in
1124 878 1206 910 pace

216 924 327 959 multa
345 921 479 954 utiliter
496 919 695 959 constituit,
717 926 753 952 ut
772 930 826 951 res
842 915 1062 952 Christianas
1078 917 1208 949 confir-

218 979 347 1013 maret,
375 983 448 1004 non
471 970 584 1003 solum
609 969 725 1002 claudi
752 969 880 1012 templa
906 969 1024 1008 iussit,
1059 975 1099 1002 ut
1121 968 1206 1000 olim

218 1022 484 1062 Constantinus,
508 1021 567 1053 sed
584 1031 725 1063 prorsus
741 1020 916 1054 demoliri.
951 1018 1098 1052 Yiderat
1113 1018 1207 1052 enim

220 1076 285 1110 sub
302 1073 453 1110 Iuliano,
477 1072 558 1116 quia
577 1071 703 1114 templa
721 1076 935 1110 manserant,
961 1069 1120 1103 restituta
1137 1080 1209 1101 esse

221 1124 360 1161 ethnica
399 1122 576 1157 sacrificia.
636 1122 756 1164 Quare
792 1121 864 1165 ipse
905 1120 1066 1154 funditus
1101 1118 1210 1152 deleri

219 1176 349 1220 templa
368 1173 513 1207 curavit.

321 1225 427 1258 Hunc
451 1222 563 1266 coepit
589 1222 680 1254 vitae
704 1227 737 1253 et
763 1222 924 1253 laborum
952 1220 1104 1253 fructum
1123 1217 1212 1253 Am-

222 1276 379 1315 brosius,
406 1274 501 1319 quod
525 1271 613 1305 vidit
635 1272 775 1305 tandem
801 1271 986 1303 florentem
1011 1270 1121 1314 gloria
1147 1270 1211 1302 bo-

223 1339 326 1367 num,
358 1325 457 1370 pium
486 1330 518 1357 et
541 1322 731 1366 sapientem
751 1321 972 1365 Principem,
1009 1322 1104 1366 quod
1124 1320 1212 1354 vidit

223 1379 344 1413 orbem
361 1383 533 1410 terrarum
550 1380 723 1417 pacatum,
745 1383 926 1416 oppressas
941 1369 1111 1411 haereses,
1128 1383 1212 1403 con-

223 1427 357 1463 firmari
379 1424 612 1460 Christianos.
664 1422 771 1457 Nulla
798 1431 914 1456 tamen
941 1429 989 1456 est
1013 1431 1084 1456 tam
1106 1422 1212 1454 foelix

226 1479 324 1519 aula,
356 1477 394 1510 in
420 1488 488 1521 qua
512 1487 584 1508 non
615 1474 774 1508 accidant
805 1473 959 1516 insignes
988 1472 1212 1506 offensione&

225 1529 382 1564 Multum
395 1528 548 1560 rixarum
564 1525 631 1559 suit
640 1524 829 1558 Ambrosio
844 1524 948 1557 etiam
964 1535 1044 1557 cum
1058 1521 1124 1556 hoc
1138 1523 1212 1566 ipso

223 1579 388 1623 Principe
401 1605 410 1619 ,
436 1576 597 1623 quamvis
616 1577 711 1609 bono
739 1582 771 1608 et
787 1574 953 1619 sapiente.
993 1574 1062 1607 Sed
1080 1574 1154 1616 ipse
1169 1573 1212 1605 ad

225 1643 307 1665 eum
327 1628 464 1663 scribit:
499 1624 597 1660 Nihil
615 1637 687 1659 esse
705 1625 909 1669 popularius
926 1630 959 1657 et
973 1624 1159 1657 amabilius
1178 1623 1212 1655 in

226 1680 409 1724 Principe,
444 1689 549 1723 quam
586 1676 781 1710 libertatem
816 1676 985 1708 dicendae
1020 1674 1214 1708 sententiae

226 1743 359 1766 amare:
387 1727 479 1762 nihil
500 1729 537 1761 in
561 1729 740 1760 sacerdote
759 1726 915 1770 turpius,
940 1737 1045 1770 quam
1064 1737 1136 1757 nou
1153 1737 1215 1757 au-

227 1784 310 1817 dere
336 1781 431 1827 quod
451 1779 577 1813 sentiat
598 1777 724 1812 dicere.
777 1776 829 1810 Ac
852 1777 997 1818 longum
1017 1783 1104 1809 esset
1127 1775 1215 1808 reci-

227 1841 319 1871 tare,
348 1833 390 1865 de
413 1830 541 1876 quibus
557 1829 662 1862 rebus
680 1839 758 1861 cum
779 1826 992 1871 Imperatore
1009 1826 1214 1869 expostulet.

320 1882 440 1917 Mores
457 1881 560 1915 etiam
579 1879 715 1913 Ducum
733 1877 869 1912 Rusfini
885 1884 916 1910 et
933 1876 1129 1911 Stilliconis
1143 1888 1215 1909 non

228 1933 410 1980 probavit,
434 1944 494 1976 per
515 1942 602 1976 quos
620 1929 709 1962 vidit
732 1929 809 1962 acui
830 1927 1054 1972 Imperatoris
1073 1927 1209 1959 iracun-

229 1986 335 2020 diam.
389 1981 434 2017 Et
456 1981 641 2016 Ruffinum
673 1980 778 2012 fuisse
809 1991 932 2023 parum
964 1979 1073 2011 fidum
1104 1977 1216 2010 exitus

228 2035 391 2070 ostendit.
443 2031 495 2066 De
513 2031 697 2066 Stillicone
713 2028 802 2063 nihil
822 2030 988 2068 adfirmo,
1015 2028 1114 2062 cuius
1130 2027 1217 2060 scri-

227 2089 307 2120 bam
326 2091 467 2130 propter
483 2083 558 2116 salsi
578 2082 709 2115 crimen
721 2108 729 2121 ,
756 2080 966 2114 Ambrosius
981 2091 1103 2122 magna
1121 2090 1217 2111 seve-

229 2138 330 2171 ritate
353 2132 684 2169 excommunicavit:
719 2143 757 2165 ac
777 2144 820 2164 ne
846 2130 973 2175 putetis
997 2128 1063 2163 hoc
1082 2129 1215 2163 sulmeu

230 2189 265 2220 in
285 2199 365 2220 vera
383 2184 537 2218 Ecclesia
564 2183 667 2216 inane
691 2182 1013 2215 terriculamentum
1040 2192 1128 2217 csse,
1156 2180 1214 2212 sed

230 2251 266 2271 re
284 2238 356 2281 ipsa
375 2236 547 2269 cruciatus
565 2242 595 2267 et
614 2232 789 2278 Eriunyes
804 2232 900 2276 sequi
921 2231 1050 2271 sciatis,
1070 2239 1106 2264 ut
1125 2230 1216 2264 Pau-

231 2290 284 2321 lus
302 2288 360 2327 ait,
389 2286 598 2320 tradendum
615 2297 686 2317 esse
704 2285 875 2316 incestum
892 2284 1057 2321 Satanae,
1086 2289 1124 2315 ut
1139 2293 1215 2314 cor-

229 2352 292 2384 pus
311 2338 543 2375 excrucietur,
571 2343 601 2369 et
620 2335 763 2378 spiritus
779 2334 895 2367 salvus
912 2334 985 2366 fiat:
1016 2333 1107 2365 idem
1125 2331 1215 2364 arci—

229 2390 278 2423 dit
298 2387 377 2421 liuic
393 2388 545 2425 scribae,
573 2386 688 2419 statim
711 2392 787 2429 post
805 2384 983 2417 Ambrosii
1003 2396 1134 2421 vocem,
1161 2382 1214 2415 su-

230 2453 304 2473 rere
330 2439 417 2482 cepit
446 2438 633 2478 exagitatus
657 2449 674 2468 a
701 2436 861 2473 diabolo,
900 2436 956 2467 sed
982 2442 1055 2478 post
1082 2434 1216 2478 aliquot

229 2492 303 2524 dies
332 2501 451 2522 rursus
476 2501 553 2521 vum
577 2487 737 2519 lilieraxit
759 2485 985 2525 Ambrosius,
1023 2493 1055 2519 et
1072 2486 1112 2517 ad
1133 2496 1215 2528 poe-

230 2541 412 2575 nitentiam
450 2538 634 2571 revocaxit.
695 2537 961 2581 Qualiscumque
997 2543 1112 2569 autem
1149 2534 1214 2567 fuit

228 2592 385 2628 Stillico.
413 2597 528 2622 tamen
548 2590 590 2620 di·
608 2587 794 2620 Ambrosio
820 2599 898 2619 vere
924 2594 972 2620 est
995 2587 1215 2622 vaticinatus.

228 2657 267 2676 eo
291 2643 368 2675 siro
393 2640 564 2677 extincto,
604 2637 736 2670 ltaliam
769 2639 923 2671 suturam
958 2649 1030 2669 esse
1060 2635 1215 2669 miserri—

226 2705 335 2726 mam:
363 2690 529 2725 inilicaxit
552 2689 679 2732 opinor
696 2687 808 2721 Deum
833 2688 1023 2732 reprimere
1046 2688 1215 2721 barbaro-

900 122 1060 160 DECL.
1101 121 1174 159 DE
1207 121 1238 158 A
1251 120 1533 159 MBROSIO.

2162 127 2237 164 576

1245 221 1324 242 rum
1349 208 1500 253 impetus
1523 215 1667 253 propter
1692 205 1788 243 bunc
1809 211 1938 248 virum.
1990 210 2035 246 Et
2052 213 2140 247 vidit
2165 214 2236 247 labi

1246 259 1427 292 civitatum
1450 259 1695 303 disciplinam,
1729 263 1907 306 corrumpi
1932 276 2066 303 mores,
2094 265 2238 297 fractam

1248 321 1320 342 esse
1345 309 1498 342 militum
1525 310 1711 350 virtutem,
1744 311 1896 355 denique
1922 313 2125 358 impendere
2151 315 2240 348 fata-

1248 361 1316 393 lem
1333 359 1583 400 mutationem,
1609 367 1647 393 ut
1669 372 1763 394 nunc
1780 361 1939 395 divinare
1956 376 2158 406 possumus,
2181 377 2240 398 ex-

1249 411 1368 445 tinctis
1383 411 1449 454 piis
1460 437 1469 451 ,
1494 422 1585 454 quae
1601 410 1813 445 calamitates
1827 419 2008 446 secuturae
2026 415 2107 451 sint.

1355 460 1491 494 Multae
1515 460 1660 494 fuerunt
1684 468 1799 495 autem
1824 462 1863 495 in
1887 460 2109 504 Theodosio,
2142 473 2182 500 ut
2203 466 2241 499 in

1251 512 1326 545 viro
1346 509 1509 552 heroico,
1536 522 1682 554 magnae
1700 512 1868 554 virtutes,
1895 513 1988 547 inter
2003 527 2100 559 quas,
2123 523 2162 550 ut
2181 518 2243 550 de-

1253 564 1322 602 bet,
1348 562 1527 596 eminebat
1542 562 1700 600 bonitas,
1729 574 1790 597 seu
1806 563 2000 600 clementia.
2038 563 2107 599 Sed
2126 572 2243 601 tamen

1254 614 1431 647 interdum
1449 610 1540 646 hanc
1556 613 1742 647 antevertit
1760 614 1828 647 ira:
1858 621 1891 648 et
1907 621 2053 648 naturae
2073 628 2245 660 pugnaces

1254 670 1336 697 sunt
1353 664 1534 697 interdum
1551 663 1713 698 acriores.
1748 662 1835 699 Erat
1852 664 1959 708 igitur
1980 662 2164 711 ὀξύχολος,
2186 679 2247 701 seu

1255 721 1294 748 ut
1312 713 1480 747 Horatius
1498 713 1634 759 inquit,
1662 713 1768 748 Irasci
1786 715 1916 748 facilis:
1943 716 1992 749 sic
2010 723 2048 750 ut
2066 717 2247 761 placabilis

1257 771 1355 799 esset.
1407 763 1455 797 Et
1479 765 1666 809 aliquoties
1692 762 1746 799 his
1780 766 1954 799 incendiis
1982 767 2108 802 subitis
2138 769 2248 801 animi

1257 813 1426 859 peccavit.
1479 813 1570 848 Cum
1588 815 1626 848 in
1643 816 1731 849 urbe
1750 814 2002 851 Thessalonica
2018 819 2172 863 quodam
2189 831 2249 853 su·-

1259 866 1333 899 bito
1369 876 1562 909 paucorum
1595 866 1769 907 tumultu,
1805 867 1978 901 interfecti
2006 876 2120 903 essent
2147 869 2249 914 pauci

1259 916 1408 956 milites,
1444 914 1637 959 Imperator
1670 916 1796 957 iratus,
1824 919 1987 952 mandata
2017 920 2131 961 dedit,
2166 932 2250 964 pro-

1261 967 1391 999 miscue
1415 966 1680 999 multitudinem
1704 968 1922 1002 trucidandi:
1950 976 1983 1003 et
2006 971 2173 1005 dicuntur
2194 971 2250 1004 in-

1261 1018 1401 1052 terfecta
1430 1023 1560 1061 septem
1590 1017 1702 1051 millia
1725 1015 1923 1054 hominum.
1975 1019 2083 1054 Fama
2106 1022 2251 1055 atrocis-

1261 1068 1341 1101 simi
1357 1067 1439 1101 facti
1456 1079 1529 1101 non
1543 1068 1657 1101 solum
1678 1066 1885 1109 Ambrosio,
1909 1071 1967 1103 sed
1987 1071 2089 1104 etiam
2107 1072 2253 1105 caeteris

1262 1117 1446 1162 Episcopis
1468 1129 1636 1161 magnum
1662 1119 1821 1152 dolorem
1846 1121 1982 1162 attulit,
2020 1122 2080 1167 qui
2106 1121 2252 1168 Synodo

1263 1175 1451 1202 convocata
1469 1165 1657 1202 hortantur
1674 1169 1914 1211 Ambrosium,
1941 1183 1985 1204 ne
2002 1171 2252 1216 Imperatorem

1262 1220 1338 1252 sine
1357 1219 1573 1262 poenitentia
1591 1219 1636 1251 ad
1653 1220 1938 1253 communionem
1957 1223 2129 1257 admittat.
2174 1222 2253 1257 Pri-

1264 1280 1361 1302 mum
1386 1268 1494 1311 igitur
1509 1267 1719 1302 Ambrosius
1738 1270 1910 1313 privatam
1929 1271 2125 1316 Epistulam
2145 1274 2254 1308 mittit

1264 1320 1305 1353 ad
1324 1319 1576 1363 Imperatorem
1589 1327 1790 1354 reverenter
1806 1321 1989 1365 scriptam,
2014 1323 2051 1356 in
2069 1335 2136 1368 qua
2153 1324 2254 1358 dolo-

1264 1382 1337 1403 rem
1354 1381 1456 1403 suum
1475 1369 1635 1414 exponit,
1660 1382 1809 1416 eumque
1833 1372 1880 1407 ad
1894 1373 2144 1416 poenitentiam
2170 1372 2254 1408 hor·

1264 1428 1369 1454 tatur.
1421 1419 1491 1453 Sed
1505 1427 1667 1454 extenuat
1683 1433 1756 1454 rem
1774 1422 1930 1456 fortassis
1945 1424 2056 1457 aulica
2075 1425 2195 1466 turba,
2221 1432 2254 1459 et

1267 1471 1460 1515 Imperator
1487 1483 1560 1503 non
1592 1472 1735 1515 praebet
1765 1473 2000 1516 poenitentiae
2029 1475 2255 1519 significatio-

1265 1534 1357 1557 nem.
1409 1518 1499 1554 Cum
1524 1522 1632 1565 igitur
1656 1522 1814 1556 rediisset
1837 1523 2100 1567 Mediolanum,
2135 1534 2168 1561 et
2191 1538 2255 1560 suo

1266 1584 1363 1604 more
1380 1572 1415 1604 in
1433 1573 1603 1616 templum
1622 1580 1791 1607 venturus
1808 1581 1906 1613 esset,
1933 1575 2104 1618 significat
2120 1584 2154 1611 et
2168 1576 2256 1611 Am-

1266 1622 1404 1654 brosius
1420 1634 1463 1654 ne
1479 1623 1616 1662 veniat,
1642 1624 1709 1656 nisi
1730 1635 1832 1657 snum
1846 1625 2006 1658 dolorem
2023 1635 2055 1661 et
2071 1628 2256 1672 poeniten-

1266 1673 1348 1706 tiam
1385 1673 1544 1705 ostendat
1577 1681 1720 1717 propter
1755 1675 2019 1710 multitudinem
2058 1679 2256 1721 promiscue

1267 1723 1493 1756 trucidatam:
1532 1730 1564 1757 et
1596 1725 1801 1767 praescribit
1833 1732 1979 1770 tempus.
2037 1726 2113 1761 Etsi
2139 1735 2256 1762 autem

1267 1771 1350 1806 haec
1368 1780 1486 1806 nostra
1504 1781 1614 1814 aetas,
1641 1775 1782 1808 inimica
1800 1776 2006 1820 disciplinae.
2029 1777 2257 1823 reprehendit

1268 1824 1516 1862 Ambrosium,
1544 1833 1581 1858 ut
1603 1825 1727 1859 dicunt
1751 1827 1916 1860 nonnulli
1939 1840 2017 1862 cum
2043 1828 2256 1874 Imperatore

1266 1874 1373 1907 fuisse
1390 1875 1530 1907 civilius
1551 1877 1743 1918 agendum,
1770 1877 1875 1910 fuisse
1892 1890 1973 1912 mox
1997 1879 2255 1914 admittendum

1268 1925 1310 1958 ad
1336 1925 1506 1970 synaxin,
1531 1938 1608 1959 cum
1630 1935 1830 1969 agnosceret
1854 1936 2021 1966 erratum.
2074 1929 2209 1964 Tamen
2227 1932 2255 1965 si

1268 1976 1358 2019 legas
1375 1974 1581 2019 Epistulam,
1606 1976 1641 2009 in
1660 1990 1726 2021 qua
1747 1979 1899 2021 primum
1917 1992 2041 2013 arcana
2059 1982 2255 2015 admonitio

1268 2027 1477 2069 praescripta
1494 2033 1556 2067 cst,
1577 2027 1712 2061 videbis
1728 2028 1955 2063 Ambrosium
1972 2028 2062 2064 nihil
2079 2031 2256 2071 iracunde,

1267 2084 1326 2110 aut
1349 2078 1580 2111 irreverenter
1604 2079 1721 2121 egisse.
1782 2078 1948 2114 Testatur
1970 2093 2006 2114 se
2030 2090 2063 2116 ct
2087 2083 2174 2115 alios
2201 2083 2256 2116 in-

1267 2128 1360 2169 genti
1381 2127 1502 2161 dolore
1519 2129 1637 2169 adlici,
1666 2137 1809 2173 propter
1827 2128 1914 2164 lianc
1934 2139 2052 2165 notam
2071 2133 2159 2167 tanti
2175 2134 2256 2168 viri.

1267 2177 1356 2211 Orat
1379 2180 1594 2218 verecunde,
1622 2186 1659 2213 ut
1677 2180 1842 2213 delictum
1865 2190 2048 2224 agnoscat,
2073 2190 2110 2217 ut
2129 2184 2255 2218 eximat

1268 2227 1472 2261 homiuibus
1490 2230 1713 2273 opinionem,
1742 2231 1801 2275 qui
1825 2231 1891 2264 iam
1912 2245 1983 2266 non
2007 2234 2078 2272 sui,
2105 2235 2162 2268 sed
2182 2247 2255 2268 ma-

1269 2280 1382 2313 lorum
1403 2274 1605 2324 Principuiii
1624 2281 1772 2313 similem
1793 2282 1865 2314 sore
1883 2284 2110 2321 arbitrentur.

1369 2330 1462 2363 llaec
1478 2329 1635 2374 Epistola
1654 2344 1730 2364 cum
1752 2330 1840 2365 nihil
1868 2335 2086 2377 profecisset.
2115 2336 2254 2378 gravio-

1268 2393 1338 2413 rem
1362 2379 1484 2414 habuit
1507 2394 1644 2414 causam
1668 2382 1895 2423 Ambrosius,
1925 2393 1961 2419 ut
1981 2386 2120 2429 publice
2139 2387 2254 2420 deela-

1268 2439 1358 2465 raret
1377 2444 1478 2465 suum
1499 2432 1684 2465 iudiciuin:
1707 2432 1854 2467 facinus
1872 2448 1942 2468 non
1960 2443 2031 2469 erat
2049 2437 2253 2470 excusabile.

1267 2484 1385 2525 Quare
1429 2495 1508 2515 cum
1552 2484 1686 2516 nullam
1721 2485 1928 2519 ostendisset
1964 2486 2254 2529 significationem

1267 2533 1514 2577 poenitentiae,
1539 2534 1602 2566 suit
1623 2532 1685 2567 hac
1704 2537 1874 2568 utendum
1890 2537 2082 2572 severitate.
2112 2537 2253 2571 [tinam

1266 2596 1361 2617 nunc
1384 2584 1444 2628 qui
1472 2592 1637 2629 praesunt
1658 2583 1839 2624 Ecclesiis,
1866 2593 2054 2632 utrumque
2076 2586 2253 2622 ¹merosii

1266 2635 1413 2679 exempli
1433 2633 1666 2671 imitarentur.
1703 2635 1860 2669 Primum
1879 2637 2108 2678 diligentiam,
2124 2647 2157 2673 et
2171 2651 2253 2673 can-

1267 2687 1387 2717 dorem
1408 2686 1442 2717 in
1464 2686 1595 2729 privata
1614 2687 1867 2725 admonitione,
1892 2688 2019 2721 ‹lt-iude
2036 2690 2254 2724 severitatem
