2338 2958
4 0 18 87 l

8 121 14 158 i
56 120 133 158 509

55 206 155 242 Nihil
179 208 290 241 maius
312 212 364 240 est
385 218 489 252 quam
513 207 605 241 vitae
633 209 803 242 auxilium
833 211 877 244 ab
902 208 1046 244 homine

54 266 186 303 petere:
213 269 319 302 quare
340 257 437 292 decet
462 270 527 292 nos
546 266 578 293 et
596 260 699 294 fidem
720 259 901 306 {summam
930 268 964 296 et
989 262 1046 295 in-

55 309 224 343 dustriam
240 315 408 353 quantam
430 310 598 355 consequi
615 312 786 345 acerrimo
805 312 922 346 studio
939 325 977 347 ac
993 313 1045 346 la-

52 361 138 393 bore
152 369 355 402 possumus,
381 361 425 393 ad
444 362 671 396 exercendam
687 370 798 397 artem
819 363 959 407 plenam
977 361 1045 398 hu-

51 409 230 445 manitatis
246 409 379 444 afferre.
433 410 526 445 Dixi.

2 618 11 662 ⁴.—

874 638 922 659 an.
945 628 1042 660 1540.

880 683 1032 694 m

47 621 114 658 No.
127 622 187 660 65.

2 678 10 694 4
46 679 175 692 Μ

218 736 293 777 De
325 736 600 790 imperatore
632 733 798 777 ottone
828 735 866 778 I.

116 815 147 841 In
169 816 318 842 Declamat.
335 814 415 840 Τ.11.
436 813 548 846 p.483.‚
568 814 596 840 in
616 814 730 842 Servest.
745 814 779 842 ll.
799 825 822 850 p.
838 817 897 844 475.
923 822 948 844 et
969 819 1039 852 apud

147 850 264 877 Richard
288 849 320 875 ll.
346 859 370 882 p.
395 849 455 874 803.
473 862 509 868 —
561 849 709 883 Epistol-arn
738 850 932 878 dedicatoriam
958 854 1039 878 etiam

149 884 193 911 hic
215 883 351 913 dedimus,
371 882 432 916 quia
454 882 537 907 dubio
558 888 639 910 caret.
657 883 865 911 Melanthonem
889 897 947 912 eam
968 897 1039 913 con-

148 919 258 952 cepisse.
295 918 330 942 Ex
343 917 470 951 Epistolis
491 917 552 942 satis
573 917 750 950 intelligitur,
778 919 924 947 Henricum
947 921 1039 947 Lune-

147 954 306 986 burgensem
321 960 383 977 cum
403 951 596 981 Melanthone‚
613 961 664 977 suo
681 959 875 989 praeceptore,
894 955 1038 982 familiari-

146 992 186 1012 ter
203 987 381 1012 coniunctum
400 985 492 1011 fuisse.

43 1075 172 1108 Oratio
196 1073 241 1107 de
260 1075 495 1117 Imperatore
512 1074 645 1107 ottone
669 1076 813 1117 primo,
842 1075 888 1110 ab
915 1080 1038 1112 Hen-

41 1127 138 1159 rico
182 1123 513 1159 Smedenstedt
557 1120 862 1169 Lunaeburyensi
902 1125 1036 1170 facta,

40 1179 76 1210 et
101 1176 355 1220 pronunciata
383 1183 511 1206 ‘mense
539 1174 644 1216 Sept.
670 1184 767 1207 αηηο
796 1173 915 1218 1540,
951 1188 1036 1211 cum

41 1226 252 1261 decerneret
281 1226 443 1270 insignia
480 1226 747 1270 magistrorum
773 1224 1035 1271 Philosophiae

41 1276 207 1312 honestis
241 1280 278 1310 et
306 1274 468 1309 eruditis
499 1276 631 1320 viyinti
667 1273 808 1309 dnobus
834 1276 1035 1313 scholasti-

219 1329 272 1361 cis
300 1328 337 1360 in
364 1324 572 1359 Academia
603 1324 862 1372 Γὶΐεῦρνῃεηεὶ.

40 1401 283 1435 Illustrissimo
312 1400 468 1443 principi
501 1399 653 1433 Domino
674 1396 878 1434 Francisco
902 1399 1036 1437 Ottom'

39 1452 353 1486 Brunsvicensium
372 1458 405 1484 et
424 1450 776 1492 Lunaeburgensium
801 1453 900 1494 duci,
927 1465 1031 1496 geue-

37 1503 208 1537 rosissimi
233 1501 409 1546 Principis
432 1499 573 1535 Ernesti
597 1502 687 1540 filio,
721 1501 906 1537 Henricus
929 1502 1031 1538 Sme-

283 1549 445 1586 densledt
463 1552 784 1595 Lunaeburgensis.

36 1624 296 1667 satisfacturus
315 1626 435 1661 amicis
452 1625 608 1671 aliquot,
635 1625 828 1659 editionem
857 1627 1028 1661 orationis

35 1683 78 1715 de
107 1680 321 1724 Imperatore
346 1675 480 1711 Ottone
511 1676 624 1720 primo
651 1677 752 1710 valde
775 1677 1028 1721 flagitantibus,

36 1729 231 1766 existimavi
257 1739 351 1762 meas
373 1738 497 1772 operas
523 1727 605 1768 tibi,
639 1728 830 1762 clarissime
846 1727 1027 1773 Princeps,

35 1782 257 1828 potissimum
288 1778 544 1822 nuncupandas
574 1789 658 1813 esse.
716 1776 794 1811 Etsi
827 1779 922 1811 enim
953 1792 1024 1812 non

35 1834 245 1877 ignorarem,
267 1830 360 1874 quod
379 1841 398 1862 a
411 1828 556 1862 Graecis
571 1828 641 1861 dici
657 1829 754 1869 solet,
776 1826 868 1861 nihil
886 1830 1026 1870 referre,

34 1884 80 1917 sis
105 1895 149 1916 ne
174 1882 276 1926 plane
303 1879 486 1919 inimicus,
522 1890 567 1911 au
595 1878 796 1922 importune
822 1879 1025 1921 benevolus,

34 1935 72 1969 in
102 1932 277 1966 neminem
303 1930 450 1975 perinde
481 1936 585 1973 atque
609 1928 645 1960 in
674 1941 728 1962 me
752 1941 934 1974 nunquam
959 1931 1023 1964 tibi

33 1984 212 2029 cognitum
240 1993 338 2027 posse
361 1981 451 2021 dici,
481 1987 594 2013 tamen
615 1991 686 2012 non
706 1980 894 2013 defuerunt
913 1981 1023 2014 maio-

33 2048 88 2071 res
113 2046 254 2071 causae,
283 2044 372 2077 quae
393 2044 436 2064 ne
463 2027 529 2063 hoc
556 2030 885 2074 praetermitterem,
909 2032 1022 2075 pluri-

32 2099 130 2121 mum
154 2083 398 2118 hortabantur.
465 2080 552 2114 Nam
580 2093 657 2114 cum
690 2082 732 2113 ad
760 2078 849 2114 hanc
873 2082 1020 2126 primam

32 2138 100 2172 mei
118 2136 282 2170 noticiam
303 2135 456 2167 viderem
484 2144 555 2165 uon
581 2132 772 2164 admodum
798 2133 1020 2176 profuturum

33 2185 136 2226 mihi,
164 2187 257 2232 quod
275 2197 346 2218 non
363 2184 471 2228 magis
486 2191 517 2217 te
531 2182 757 2227 suspexerim,
780 2195 884 2228 quarn
903 2191 1019 2218 uttam

32 2239 102 2272 vile
124 2235 190 2270 hoc
211 2235 460 2269 munusculum
479 2234 543 2268 tibi
569 2234 623 2266 vel
649 2233 760 2266 invito
785 2234 1020 2276 obtruderem,

31 2287 265 2335 persuadebar
287 2299 359 2320 non
376 2285 494 2319 minus
511 2285 734 2329 proditurum
754 2284 792 2317 in
811 2285 935 2329 vulgus
951 2283 1019 2320 Ot-

32 2347 149 2375 tonem
177 2350 195 2371 a
226 2349 281 2370 me
313 2337 377 2370 tibi
401 2341 475 2369 iure
499 2335 672 2371 dedicari,
708 2336 802 2380 quod
829 2342 861 2369 et
886 2337 1019 2369 nemini

32 2403 111 2425 eum
140 2388 309 2423 destinari
340 2387 468 2421 rectius
500 2387 712 2430 putaverim,
746 2398 850 2431 quam
875 2388 1019 2431 posteris

32 2441 104 2475 suis
119 2441 161 2474 ad
180 2441 330 2474 eundem
354 2437 560 2482 sanguinem
589 2437 867 2481 pertinentibus,
903 2445 935 2471 et
954 2435 1019 2472 hoc

0 2524 2 2573 l
34 2542 70 2575 in
91 2542 218 2587 quibus
236 2553 300 2575 nos
316 2551 515 2578 versamur,
543 2538 718 2579 studioso,
745 2539 938 2583 plurimum
964 2553 1018 2574 me

0 2624 1 2628 ,
32 2593 221 2626 arbitratus
244 2592 309 2625 sim
335 2603 407 2625 esse
432 2590 646 2624 devinctum.
714 2588 889 2629 Accessit,
923 2592 1017 2636 quod

0 2659 2 2671 ·
33 2642 300 2677 existimaverim
332 2643 370 2675 in
399 2641 604 2686 accipiendo
638 2640 742 2674 etiam
772 2641 1017 2674 liberalitatem

0 2694 1 2697 ’
32 2694 207 2738 quandam
224 2693 352 2734 inesse,
378 2705 442 2727 nec
457 2694 575 2726 minus
594 2691 728 2736 regium
743 2688 884 2733 haberi,
911 2704 1017 2736 parva

560 119 719 158 DECL.
752 122 826 159 DE
861 122 1257 161 IMPERATORE
1289 123 1538 166 OTTONE
1570 131 1598 168 Ι.

33 2492 146 2525 officio
178 2491 262 2531 tibi,
295 2496 334 2524 ut
365 2487 581 2533 magistratui
612 2500 709 2529 meo,
741 2488 871 2521 eisdem
899 2489 1044 2530 literis„

2017 141 2091 176 510

1098 209 1241 244 interim
1266 212 1311 245 ab
1337 213 1459 249 amicis
1482 218 1702 254 tenuioribus
1722 218 1827 255 hilari
1845 222 1983 265 animm
2010 238 2088 259 cum

1098 260 1316 302 offeruntur,
1351 265 1523 310 accipere,
1556 282 1662 315 quam
1682 272 1737 306 vel
1755 273 1905 307 maxima
1924 275 2088 309 beneficia

1097 311 1134 344 in
1158 309 1321 346 homines
1344 314 1522 351 inferioris
1545 320 1707 356 fortunae
1736 324 1918 361 collocare.
1981 326 2085 369 Quod

1096 373 1159 406 ego
1185 369 1224 396 ut
1251 370 1284 397 et
1305 371 1338 398 te
1359 365 1532 401 facturum
1559 383 1654 405 nunc
1680 386 1835 418 sperem,
1869 383 1926 410 tua
1957 375 2086 410 isthaec

1096 424 1231 447 summa
1247 415 1410 449 voluntas
1427 417 1523 460 facit,
1542 432 1609 465 qua
1626 422 1941 465 pulcherrimarum
1957 428 2084 461 artium

1094 465 1296 498 communia
1330 467 1514 502 nobiscum
1547 473 1663 506 studia
1701 476 1938 519 amplecteris,
1981 485 2085 523 atque

1094 514 1238 549 effecisti
1265 516 1385 558 etiam,
1418 526 1457 553 ut
1488 532 1711 567 nequaquam
1737 526 1886 560 videaris
1911 529 2084 567 fefellisse,

1094 577 1198 610 quam
1222 568 1315 610 apud
1340 579 1405 601 nos
1432 570 1494 603 diu
1519 569 1692 616 habuisti,
1722 575 1857 610 suturae
1875 580 2084 614 eruditionis

1094 622 1173 649 tuae
1195 617 1411 660 opinionem.

1194 666 1396 702 Probarunt
1418 669 1512 703 enim
1538 672 1573 705 id
1597 672 1685 707 mihi
1710 688 1782 710 non
1808 677 1957 712 aliorum
1981 681 2022 713 de
2050 687 2082 713 te

1093 713 1331 751 honestissimi
1347 732 1526 754 sermones
1542 724 1675 766 solum,
1705 739 1846 769 verum,
1874 741 1976 773 quam
1995 729 2081 763 mihi

1091 779 1204 813 nuper
1221 769 1365 814 quidam
1388 772 1538 814 amicus,
1564 788 1582 807 a
1609 783 1641 809 te
1657 778 1824 822 scriptam
1841 779 1883 812 ad
1903 791 1954 820 se,
1980 793 2080 824 prae-

1091 820 1167 853 buit
1192 819 1393 862 legendam,
1423 823 1567 866 epistola
1585 826 1688 860 etiam
1708 828 1817 862 latina
1838 836 1871 863 et
1887 831 2082 874 splendida,

1090 882 1157 914 qua
1175 871 1276 903 facile
1301 872 1415 915 potuit
1434 876 1638 916 persuaderi
1663 876 1771 920 mihi,
1797 879 1920 913 utilem
1938 893 2080 925 operam

1089 921 1153 954 toti
1180 919 1394 956 Germaniae
1419 932 1632 959 navaturum
1658 934 1708 970 te,
1735 931 1830 974 quod
1849 942 1986 964 summo
2005 939 2079 966 stu-

1089 972 1147 1004 dio
1179 972 1273 1005 visus
1304 973 1350 1005 sis
1372 975 1502 1006 versari
1533 976 1570 1009 in
1595 977 1920 1014 liberalissimarum
1950 983 2079 1015 artium

1088 1022 1230 1063 studiis,
1265 1023 1308 1055 ad
1333 1024 1553 1059 retinendam
1581 1029 1758 1071 publicam
1786 1042 1906 1074 pacem
1931 1031 2080 1065 Germa-

1089 1073 1183 1113 niae,
1211 1080 1244 1106 et
1268 1077 1529 1118 propagandam
1553 1075 1737 1123 Evangelii
1757 1081 1952 1115 doctrinam
1972 1083 2079 1126 perti-

1088 1124 1263 1154 nentibus.
1319 1124 1424 1165 Quod
1444 1126 1471 1157 si
1492 1129 1640 1169 probare
1658 1137 1817 1173 possent,
1844 1139 1883 1165 ut
1901 1130 1995 1166 haud
2012 1135 2078 1167 du—

1089 1171 1144 1204 bie
1161 1183 1234 1204 non
1251 1172 1325 1205 sine
1345 1173 1498 1216 pernicie
1522 1188 1582 1209 sua
1603 1175 1709 1212 hodie
1727 1182 1956 1224 experiuntur
1972 1184 2078 1227 pleri-

1086 1234 1152 1266 que
1169 1224 1410 1265 magistratus,
1444 1222 1652 1261 haberemus
1669 1231 1824 1273 profecto
1848 1231 2077 1267 Germaniam

1087 1274 1317 1316 pacatiorem,
1345 1281 1448 1319 atque
1460 1274 1651 1311 Ecclesiam
1671 1281 1770 1314 nullo
1789 1284 1894 1315 modo
1917 1291 1968 1317 tot
1985 1285 2076 1318 cala—

1084 1323 1265 1357 mitatibus
1282 1337 1495 1368 oppressam.
1549 1327 1668 1371 Quare
1684 1331 1821 1364 laudari
1838 1333 1920 1366 satis
1936 1334 2076 1369 institu-

1086 1381 1156 1406 tum
1176 1382 1328 1407 vestrum
1353 1387 1425 1408 non
1443 1384 1572 1420 potest,
1599 1382 1693 1424 quod
1711 1382 1904 1417 instructus
1921 1391 1953 1418 et
1969 1397 2075 1419 orna—

1085 1432 1137 1457 tus
1156 1424 1293 1458 liberali
1312 1426 1490 1466 doctrina,
1520 1427 1612 1462 nihil
1630 1431 1666 1463 in
1684 1432 1989 1468 administratione
2007 1437 2075 1469 rei-

1085 1476 1245 1518 publicae
1263 1483 1396 1510 vestrae
1413 1485 1516 1523 atque
1543 1480 1707 1516 iuvandis
1730 1481 1916 1525 Ecclesiis,
1955 1487 2074 1530 cupias

1083 1527 1193 1558 facere
1229 1533 1348 1560 contra
1388 1531 1680 1564 consuetudinem
1718 1533 1890 1568 maiorum
1920 1542 2073 1571 tuorum.

1081 1576 1194 1609 Patris
1225 1578 1276 1611 tui
1312 1577 1561 1620 sapientissimi
1600 1583 1769 1627 principis
1797 1583 2071 1628 pulcherrimam

1080 1638 1238 1670 operam,
1267 1640 1370 1672 quam
1389 1635 1469 1662 ante
1486 1630 1621 1675 aliquot
1636 1644 1748 1666 annos
1767 1634 1870 1668 bonis
1884 1637 2018 1670 artibus
2035 1638 2071 1670 in

1081 1677 1208 1710 Galliis
1226 1679 1340 1719 dedit,
1368 1691 1590 1725 nequaquam
1606 1695 1694 1728 opus
1711 1691 1761 1718 est
1784 1684 1849 1718 tibi
1866 1687 1909 1719 ad
1929 1687 2071 1722 imitan-

1079 1729 1163 1761 dum
1177 1741 1195 1761 a
1212 1742 1267 1762 me
1286 1730 1448 1773 proponi.

1181 1778 1233 1812 De
1250 1777 1384 1813 Ottone
1403 1779 1618 1825 Imperatore
1636 1784 1762 1818 dicam.
1816 1785 1922 1820 Hunc
1938 1788 2069 1832 accipio

1080 1836 1173 1863 tanta
1187 1830 1221 1862 vi
1235 1830 1366 1873 ingenii
1382 1837 1485 1876 atque
1500 1834 1726 1868 contentione
1744 1836 1780 1868 in
1798 1837 1973 1871 discendis
1990 1839 2069 1873 lite—

1079 1880 1125 1912 ris
1143 1880 1357 1921 elaborasse,
1384 1889 1421 1915 ut
1440 1894 1623 1928 nunquam
1640 1892 1721 1919 ante
1741 1888 1890 1930 cognitis
1916 1889 2068 1922 elemen-

1078 1937 1195 1964 torum
1211 1932 1341 1975 figuri5‚
1364 1944 1442 1965 cum
1456 1933 1616 1977 priorum
1631 1936 1801 1971 amisisset
1815 1951 1958 1973 uxorem
1969 1952 2067 1973 suam

1075 1980 1232 2015 Edittam
1245 2009 1255 2021 ‚
1284 1983 1402 2026 paucis
1420 1984 1600 2018 mensibus
1617 1986 1746 2020 bonam
1770 1988 1899 2022 latinae
1917 1990 2067 2034 linguae,

1075 2033 1204 2066 artium
1232 2033 1433 2067 liberalium
1462 2041 1497 2068 et
1521 2047 1698 2070 sacrarum
1726 2038 1905 2073 literarum
1930 2053 2066 2074 assecu-

1077 2091 1129 2116 tus
1152 2084 1195 2116 sit
1226 2084 1482 2126 coguiti0ue1n3
1518 2093 1635 2129 postea
1662 2089 1822 2122 doctrina
1858 2091 1961 2124 etiam
1993 2104 2065 2124 non

1074 2145 1239 2178 aequasse
1261 2135 1397 2176 solum,
1426 2148 1545 2168 verum
1561 2148 1740 2181 superasse
1762 2141 1879 2181 facile,
1906 2142 1965 2185 qui
1991 2149 2063 2175 tum

1073 2192 1170 2217 eraut
1189 2184 1365 2229 principes
1382 2192 1415 2219 et
1433 2186 1557 2229 vulgus
1572 2185 1840 2233 Episcoporum.
1893 2191 1969 2225 Hoc
1996 2191 2064 2225 lm-

1074 2235 1244 2278 peratoris
1267 2233 1413 2269 Ottonis
1439 2237 1616 2281 exemplo,
1644 2245 1682 2272 ut
1697 2241 1840 2273 debebis
1861 2242 2065 2285 plurimum,

1072 2288 1118 2319 ita
1134 2286 1263 2330 poteris
1281 2286 1407 2319 acriter
1422 2287 1557 2331 impelli
1574 2288 1677 2321 etiam
1694 2291 1736 2323 ad
1755 2291 1927 2325 bonarum
1945 2293 2064 2327 litera-

1072 2349 1149 2370 rum
1167 2337 1421 2379 coguitionem,
1448 2339 1542 2382 quod
1561 2341 1727 2373 memoria
1744 2353 1863 2375 earum
1882 2343 2063 2384 virtutum,

1072 2388 1200 2433 quibus
1217 2386 1408 2425 Hem-teos,
1433 2387 1602 2430 ottones,
1628 2392 1670 2423 ad
1690 2404 1778 2437 quos
1801 2401 1911 2427 vestra
1932 2402 2062 2438 spectat

1071 2439 1188 2482 origo,
1223 2438 1424 2471 excelluisse
1458 2439 1548 2472 fama
1576 2447 1644 2481 est,
1679 2454 1818 2476 necesse
1853 2444 1897 2477 sit
1922 2444 2059 2477 incitari

1070 2502 1131 2522 xus
1156 2489 1348 2533 plurimum
1375 2496 1408 2523 et
1434 2490 1589 2526 accendi.
1643 2490 1829 2535 Originem
1851 2501 1997 2528 vestram
2017 2497 2059 2527 ad

1069 2542 1239 2574 ottonem
1263 2540 1416 2583 primum
1448 2541 1526 2573 dico
1558 2549 1739 2587 propterea
1765 2552 1938 2588 spectare,
1972 2559 2058 2590 quo-

1068 2592 1163 2624 niam
1190 2602 1274 2623 avus
1296 2597 1407 2624 vester
1423 2589 1598 2626 lleuricus
1622 2606 1735 2638 nuper
1753 2602 1911 2629 mortuus
1927 2604 2057 2640 patrem

1068 2640 1192 2675 habuit
1226 2640 1414 2682 Ottonem,
1451 2643 1560 2675 filium
1599 2643 1796 2685 Frederici,
1833 2646 1930 2679 cuius
1963 2653 2059 2689 pater

1067 2690 1296 2726 Bernhardus
1320 2692 1385 2726 suit
1400 2719 1408 2733 ‚
1441 2693 1534 2726 filius
1551 2693 1673 2738 Magni
1701 2696 1868 2740 principis
1885 2695 2058 2728 Bruusvi-
