2338 2958
216 161 288 197 319

264 249 354 281 Nulla
371 247 488 278 adi-ersa
504 244 563 284 pati
576 266 583 280 ,
609 250 762 281 nimquam
780 248 900 279 peceare
912 235 1049 268 Deorum
1066 244 1120 268 est.

314 300 410 331 Nemo
428 298 585 327 homiuum
602 293 655 321 sati
671 294 733 321 vim
749 301 887 331 superare
905 296 1014 330 potest.

215 350 326 384 Porro
354 346 438 380 haec
464 343 578 376 clades
602 341 644 373 ad
670 339 859 384 Nicopolin
885 345 1044 381 accepta,
1078 334 1204 369 accidit

217 400 355 438 nostris,
383 395 519 429 circiter
535 404 667 426 annum
685 397 763 436 post
776 388 909 424 Christi
931 389 1096 429 natalem,
1122 386 1205 419 mil-

215 451 375 485 lesimum
388 474 396 486 ,
420 443 715 483 trecentesimum,
740 441 1009 484 nonagesimum
1026 439 1204 484 quintum.

315 497 363 533 Ut
392 504 506 530 autem
532 494 703 528 secundae
731 504 784 526 res
817 491 1041 525 autoritatem
1070 489 1205 522 addunt

215 551 392 587 Ducibus,
419 548 465 580 ita
491 547 656 579 adversae
680 544 866 582 minuunt,
893 542 1072 575 interdum
1100 540 1203 573 etiarn

216 602 295 636 odia
314 599 521 633 accendunt.
556 595 675 638 Quare
691 607 769 628 cum
787 593 931 626 redisset
949 593 984 625 in
1004 590 1207 633 ngariam,

217 651 351 687 amissis
383 650 503 682 multis
533 645 733 680 fortissimis
755 644 910 684 civibus,
941 652 1101 687 proceres
1126 640 1207 686 qni-

217 706 297 738 dam
320 708 440 735 contra
461 711 538 733 cum
557 697 872 740 conspiraverunt,
898 705 1050 739 quorum
1071 692 1208 725 animos

217 754 440 801 quorundam
459 748 639 794 suppliciis
656 748 691 779 in
707 746 872 791 auspiciis
888 745 986 788 regni
1003 743 1208 777 offenderat.

217 806 349 849 Captus
376 803 482 845 igitur
513 812 530 832 a
558 798 768 838 coniuratis,
803 797 840 829 in
865 797 1016 841 quadam
1043 805 1121 827 arce
1147 793 1208 826 diu

219 855 414 890 custoditus
434 858 497 892 est,
521 851 613 883 unde
632 849 772 882 tandem
791 847 947 886 domina,
973 845 1135 879 miserata
1151 844 1209 876 in-

219 908 361 949 dignam
377 905 555 937 fortunam
572 899 658 933 boni
678 899 864 942 Principis,
892 898 980 930 clam
1005 908 1084 930 eum
1104 894 1210 928 dimi-

219 958 275 991 sit.
315 954 465 999 Elapsus
483 951 587 985 rediit
602 951 639 983 in
658 962 823 994 regnum,
851 949 1041 982 instructus
1059 947 1211 980 Germa-

219 1008 307 1042 nicis
325 1005 476 1042 auxiliis,
500 1010 532 1036 et
547 1001 689 1045 triginta
706 1000 862 1044 Regulos
881 999 1020 1043 capitali
1037 996 1211 1042 supplicio

219 1058 345 1093 affecit.
398 1055 493 1089 Ilaec
517 1053 683 1087 severitas
711 1051 741 1084 ei
767 1051 898 1095 profuit
915 1050 957 1083 ad
982 1056 1135 1083 caeteros
1153 1059 1211 1080 co-

220 1108 434 1147 hercendos‚
467 1112 501 1139 et
528 1103 803 1147 recuperandam
831 1101 1016 1146 pristinam
1042 1099 1212 1133 autorita-

221 1169 300 1195 tem.
354 1157 431 1191 Etsi
450 1156 544 1189 enim
569 1165 744 1199 nusquam
766 1152 967 1186 discedebat
984 1163 1002 1183 a
1020 1150 1157 1184 iusticia
1175 1149 1210 1181 in

221 1210 376 1254 negociis
394 1205 651 1244 diiudicandis,
678 1212 795 1238 tamen
815 1215 953 1247 semper
971 1202 1056 1234 alias
1074 1201 1110 1233 in
1130 1212 1213 1244 poe-

221 1263 276 1296 nis
294 1259 464 1294 iusticiam
482 1256 665 1290 clementia
685 1262 718 1288 et
735 1254 878 1288 lenitate
903 1260 1097 1296 temperare
1123 1251 1212 1284 sole-

222 1315 291 1347 bat.
345 1310 385 1344 In
410 1307 475 1342 hoc
498 1319 569 1341 uno
595 1307 685 1340 facto
710 1306 895 1338 necessitas
919 1303 1033 1345 coe'git
1055 1315 1134 1335 eum
1159 1313 1213 1333 se-

222 1359 369 1396 veritate
395 1361 528 1392 maiore
553 1357 615 1390 uti.
671 1355 903 1388 Verissimum
929 1354 1023 1386 enim
1049 1359 1097 1386 est
1125 1352 1213 1385 illud

222 1415 354 1448 dictum
374 1408 571 1448 Aeschinis,
600 1407 693 1452 quod
711 1403 970 1441 Demosthenes
987 1404 1085 1438 citat:
1113 1400 1214 1436 Nihil

222 1465 313 1498 valet
340 1461 547 1506 imperium,
574 1459 668 1504 quod
689 1470 759 1490 non
778 1455 885 1490 habet
902 1466 1030 1488 nervos
1048 1455 1215 1487 adversus

222 1516 348 1549 scelera
366 1520 415 1546 tot
437 1519 470 1545 et
489 1509 711 1543 insanabiles.
765 1507 960 1541 Laudanda
978 1512 1028 1539 est
1052 1505 1159 1548 igitur
1177 1504 1215 1536 in

223 1565 288 1600 lioc
306 1577 385 1599 casu
403 1563 511 1608 ipsius
528 1561 680 1603 gravitas
697 1570 735 1591 ac
754 1557 931 1592 severitas.
1163 1605 1170 1612 .

324 1615 413 1649 Cum
431 1620 545 1646 autem
564 1611 631 1643 iam
648 1610 684 1641 in
702 1616 796 1642 tanta
815 1608 978 1641 fortunae
1000 1613 1030 1640 et
1051 1617 1215 1648 negocio-

223 1680 301 1702 rum
322 1665 488 1698 varietate
507 1667 684 1706 perspecta
703 1666 790 1693 esset
812 1659 885 1691 eius
904 1658 1036 1697 virtus,
1064 1663 1096 1690 et
1113 1656 1215 1689 dissi-

223 1720 280 1752 dia
307 1716 424 1751 Italica
452 1713 651 1757 flagitarent
678 1709 927 1754 Imperatorem
960 1720 1033 1741 non
1063 1719 1216 1751 segnem,

224 1780 338 1814 neque
357 1767 539 1810 ignavum,
567 1763 624 1795 sed
645 1761 704 1807 qui
728 1760 875 1794 consilio
902 1766 934 1792 et
952 1759 1140 1792 autoritate
1159 1769 1216 1790 ex-

226 1870 497 1914 lmperatorem,
530 1877 624 1897 anuo
652 1862 842 1896 millesimo
869 1859 1216 1907 quadringentesimo

226 1929 258 1956 et
274 1919 493 1956 duodecimo.
546 1914 618 1948 Nec
635 1913 758 1947 fefellit
777 1925 834 1946 eos
858 1911 1028 1945 iudiciuin
1047 1912 1089 1944 dc
1109 1909 1218 1954 ipsius

226 1973 408 2005 voluntate
427 1981 464 2001 ac
483 1968 560 2001 lide.

227 2074 361 2107 siastica
387 2069 531 2104 dissidia
556 2068 697 2105 tollere,
732 2067 885 2110 primum
910 2064 1070 2097 omnium
1096 2073 1218 2096 ciii-are

229 2125 354 2168 coepit,
379 2129 418 2155 ut
436 2121 601 2166 Synodus
619 2118 842 2151 indiceretur.
887 2114 995 2148 Vetus
1010 2115 1141 2147 dictum
1158 2119 1219 2153 est,

229 2175 344 2208 nescio
363 2173 460 2205 cuius
480 2170 674 2203 pontificis:
704 2167 828 2201 Plures
845 2166 1009 2210 consequi
1031 2164 1219 2198 Pontifica-
1244 2183 1246 2187 .

946 2217 1103 2249 Fuerunt
1126 2215 1219 2247 enim
1246 2246 1247 2249 ,

229 2235 301 2260 tuni
325 2236 421 2257 inore
445 2221 610 2260 Romuli,
646 2231 749 2264 quani
777 2217 883 2251 Petri.

230 2290 328 2320 saepe
353 2273 504 2316 ingentia
534 2271 722 2304 certamina
750 2270 784 2302 in
809 2268 979 2301 electione
997 2266 1220 2304 Pontificum,

230 2341 317 2373 quae
336 2326 476 2371 quidem
495 2330 574 2355 ante
592 2321 859 2363 Sigisiuundum
881 2319 925 2351 ita
944 2324 1154 2354 exarserant.
1183 2323 1218 2349 ut
1246 2312 1248 2323 ¹

231 2390 342 2411 annos
368 2375 517 2418 amplius
537 2374 677 2415 triginta
696 2384 766 2404 non
787 2370 976 2403 convenire
995 2368 1145 2412 potuerit
1166 2367 1218 2399 in—

231 2426 496 2462 i‹:r‹1;ii·‹tin;it·=s
517 2425 558 2456 de
577 2423 760 2455 electione:
793 2420 863 2454 Alii
883 2421 926 2454 ab
948 2420 1025 2453 aliis
1043 2419 1219 2462 eligeban-

232 2488 306 2516 tur,
342 2485 370 2510 et
402 2477 548 2508 edi-liant
582 2482 719 2507 mutuas
745 2471 1059 2505 condemnationes
1087 2476 1119 2503 et
1144 2481 1221 2502 exe-

233 2530 415 2564 crationes,
437 2538 630 2569 magnoque
650 2536 837 2563 novorum,
864 2530 898 2556 nt
918 2522 1030 2567 inquit
1050 2521 1222 2557 Lucanus,

309 2582 456 2612 ''rori-utu
475 2583 615 2608 sci-lerunt
628 2600 635 2613 ,
664 2585 808 2619 qiiiieriint
827 2584 890 2606 uio-r
906 2579 1028 2616 imperet
1049 2577 1121 2604 orbi.

234 2631 417 2664 llam-liant
446 2629 531 2659 alia·-
562 2627 727 2658 sactiones
758 2626 908 2658 aliorum
935 2625 1072 2665 Pii-gum
1095 2622 1220 2656 studia.

236 2683 330 2715 ltalia
355 2679 611 2711 diltcei-..tmini-
637 2677 810 2708 intestinis
837 2677 955 2714 bellis,
992 2687 1078 2720 quac
1100 2685 1222 2707 accen-

233 2734 358 2764 debant
383 2729 575 2761 :livor-liae
600 2727 819 2762 l'ouiit‘icum.

717 146 879 185 DECL.
930 143 1005 183 DE
1039 144 1418 184 SIGISMUNDO
1453 145 1734 187 IMPERAT.

614 1964 704 1998 Cum
721 1965 814 1997 enim
841 1963 1013 1997 iudicaret
1036 1959 1128 1994 nihil
1147 1972 1218 1993 esse
1243 1974 1245 1998 ς

227 2023 368 2058 dionius
393 2020 606 2063 Iumentum
650 2027 754 2061 quam
779 2013 944 2048 leoffimis
971 2012 1086 2045 modis
1109 2011 1217 2045 eccle—
1243 2002 1245 2027 ξ
1272 2006 1350 2036 gere.
1375 2005 1497 2026 omnes
1531 1994 1566 2025 in
1592 1994 1775 2031 ordinem;
1811 1994 1938 2026 deinde.
1964 1995 2266 2030 consentientibus

266 2051 283 2067 ο
512 2042 517 2051 ·
602 2044 624 2056 ‘5
813 2041 831 2057 ὓ
872 2056 879 2065 ,
1244 2049 1245 2053 =

2172 153 2246 190 320

1356 232 1519 278 Cumque
1535 232 1783 278 Sigismundus
1800 236 1988 270 accersitus
2013 245 2099 272 esset
2117 238 2159 271 ad
2181 238 2248 272 im-

1255 284 1410 330 perium,
1444 291 1544 318 erant
1574 292 1644 319 tres
1672 284 1828 320 Romani
1855 287 2062 329 Pontifices,
2101 288 2249 323 loannes

1258 336 1458 374 Bononiae,
1502 334 1696 379 Gregorius
1741 335 1916 378 Arimini,
1958 339 2171 373 Benedictus
2210 340 2249 373 iu

1257 386 1439 431 Hispania.
1484 385 1561 420 Hoc
1578 387 1762 420 dissidium
1781 400 1853 421 non
1871 389 1995 429 armis,
2023 403 2094 423 non
2111 391 2250 424 violen-

1258 439 1302 471 tis
1335 437 1450 470 modis
1485 438 1607 471 tollere
1635 437 1884 481 Sigismuudus
1912 440 2084 482 decrevit3
2131 448 2250 476 extant

1259 488 1353 522 enim
1376 488 1518 521 divinae
1536 489 1637 531 leges,
1666 502 1754 534 qnae
1771 491 1908 529 docent,
1936 502 2006 534 qno
2023 491 2148 525 ordine
2165 504 2251 525 cou-

1260 540 1448 574 troversiae
1479 540 1731 574 ecclesiasticae
1757 542 2018 583 cognoscendae
2045 541 2125 575 sint.
2178 542 2252 576 Has

1261 590 1528 634 Sigismundus,
1563 598 1735 635 quantum
1761 591 1797 624 in
1824 592 1898 635 ipso
1926 592 2010 632 suit,
2042 604 2115 625 non
2139 592 2254 626 voluit

1262 642 1462 686 praeterire.
1497 639 1543 675 Et
1561 642 1643 687 quia
1665 643 1740 675 sine
1757 653 1929 675 consensu
1947 649 2162 675 caeterorum
2180 642 2255 678 Re-

1262 704 1343 735 gum
1360 693 1487 725 frustra
1505 692 1691 738 Synodum
1716 693 1914 726 indicturus
1933 701 2022 734 erat,
2050 694 2122 737 ipse
2144 686 2254 727 totam

1263 742 1442 787 Europam
1466 750 1673 787 pervagatus
1694 751 1759 777 est:
1789 745 1873 776 adiit
1896 742 2050 776 Galliam
2078 752 2109 778 et
2128 742 2256 789 Hispa-

1263 794 1376 833 niam,
1403 793 1471 836 egit
1496 801 1530 827 et
1553 807 1631 827 cum
1656 794 1751 837 Rege
1769 793 1936 837 Anglico,
1964 795 2116 828 ostendit
2141 807 2257 840 quan-

1264 851 1337 878 tum
1359 844 1495 877 intersit
1518 844 1670 889 Reipnb.
1689 844 1932 886 Christi-inae,
1959 853 1998 880 nt
2015 845 2180 891 Synodns
2199 845 2256 878 in-

1264 896 1412 930 dicatur.
1466 894 1583 937 Rogat
1608 903 1645 928 nt
1670 897 1923 936 assentiantur,
1957 904 1988 930 et
2016 897 2113 941 pium
2139 896 2256 930 consi-

1266 946 1352 978 lium
1378 958 1415 978 ac
1439 947 1672 979 necessarium
1690 945 1843 990 Reipub.
1867 947 2052 989 adiuvent,
2087 954 2123 980 ut
2141 947 2258 991 Reges
2301 971 2304 974 Δ

1265 997 1394 1042 quibus
1418 997 1602 1041 praecipue
1620 996 1798 1030 Ecclesiae
1820 998 1977 1031 custodia
2001 997 2183 1032 commissa
2203 998 2259 1038 sit,

1266 1050 1373 1082 decet.
1405 1046 1596 1081 persuadet
1612 1049 1764 1089 tandem,
1782 1055 1820 1082 nt
1834 1048 2020 1081 consilium
2038 1048 2259 1092 Sigismundi

1266 1099 1480 1142 approbent,
1508 1111 1547 1131 ac
1571 1099 1779 1142 promittant
1805 1111 1840 1132 se
1859 1111 1931 1132 non
1955 1100 2138 1132 defuturos
2162 1111 2259 1133 com-

1266 1149 1365 1181 muni
1397 1149 1512 1184 saluti.
1573 1148 1696 1182 Postea
1728 1150 1823 1182 venit
1855 1150 1890 1181 in
1927 1149 2082 1191 ltaliam,
2115 1157 2148 1184 et
2179 1161 2260 1184 cum

1269 1199 1400 1233 loanne
1426 1199 1659 1244 colloquitur,
1695 1212 1739 1233 ne
1763 1201 2023 1234 desideraretur
2051 1201 2086 1233 in
2111 1199 2259 1246 Synodo

1267 1262 1396 1283 nornen
1433 1249 1671 1286 pontificium.
1725 1250 1830 1283 Hunc
1868 1263 2008 1296 quoque
2043 1251 2186 1285 adducit
2222 1251 2261 1284 in

1267 1313 1364 1333 suam
1383 1301 1604 1339 sententiam,
1629 1309 1661 1335 et
1679 1303 1880 1346 persuadet,
1906 1309 1944 1335 ut
1964 1310 2152 1336 venturum
2170 1314 2207 1335 se
2223 1303 2261 1335 in

1269 1351 1497 1384 Germaniam
1518 1352 1736 1395 polliceatur.
1795 1352 1962 1397 Synodus
1980 1353 2150 1386 indicitur
2165 1352 2258 1387 Con—

1268 1409 1428 1435 stantiae.

1364 1468 1435 1502 Nec
1451 1469 1569 1502 minus
1585 1468 1720 1512 negocii
1738 1469 1801 1503 suit
1822 1477 1950 1514 postea,
1975 1470 2152 1504 durabant
2166 1470 2262 1503 enim

1270 1520 1459 1553 certamina
1489 1521 1579 1553 inter
1603 1526 1690 1560 tres,
1719 1533 1780 1553 nec
1809 1521 1994 1567 quisquam
2012 1532 2123 1566 aequo
2142 1521 2262 1554 animo

1269 1582 1427 1603 cessurus
1445 1577 1519 1604 erat
1535 1571 1636 1609 alteri
1655 1571 1696 1604 de
1722 1572 1865 1605 nomine
1882 1571 2079 1605 Pontificio.
2134 1571 2263 1605 Memi-

1270 1621 1370 1655 nistis
1389 1622 1522 1654 dietum
1544 1622 1577 1653 in
1597 1620 1811 1664 Tragoedia:

1422 1682 1456 1712 Si
1479 1682 1652 1711 violandum
1672 1690 1712 1712 est
1732 1685 1776 1711 ius
1789 1706 1796 1718 ,
1824 1683 1965 1722 regnandi
1984 1686 2076 1722 gratia

1423 1733 1610 1763 Violanduin
1630 1741 1690 1769 est,
1718 1736 1747 1762 in
1767 1737 1832 1763 aliis
1851 1737 1989 1774 pietatem
2006 1737 2099 1765 colas·

225 1820 362 1854 teneret
402 1813 604 1849 Germani&
618 1812 800 1856 principes
812 1810 1078 1855 Sigismnndum
1100 1814 1217 1842 creant
1242 1810 1244 1839 ξ
1274 1789 1309 1824 ld
1329 1790 1462 1823 dictum
1481 1790 1574 1824 valet
1591 1791 1683 1833 apud
1706 1789 1892 1823 Pontifices
1909 1803 1980 1823 non
2000 1791 2134 1831 minus,
2158 1804 2264 1836 qnam

368 1845 376 1858 θ

1242 1853 1245 1860 ·
1272 1843 1362 1884 apud
1390 1840 1597 1873 Geometras
1624 1841 1703 1872 illae
1728 1843 1939 1878 sententiae.
1967 1854 2055 1886 quae
2074 1843 2127 1875 vel
2143 1841 2264 1877 κοιναὶ

1242 1903 1244 1911 ¹
1272 1890 1428 1932 ii‘roi'm,
1467 1892 1519 1924 vel
1549 1887 1739 1935 ἀξιιόιιιττια
1763 1899 1944 1927 vocantur.

2000 1891 2120 1938 ltaque
2146 1893 2266 1937 singu-

1272 1944 1354 1976 laris
1379 1943 1569 1985 sapientiae
1599 1949 1629 1974 et
1653 1942 1856 1983 diligentiae
1883 1943 1962 1975 suit:
2000 1944 2153 1987 primum
2172 1945 2266 1978 redi-

1273 2045 1448 2086 suffragiis
1473 2056 1584 2077 unum
1613 2056 1815 2086 surrogari-3
1852 2052 2026 2087 postremo
2053 2057 2194 2085 cavere.
2221 2058 2265 2080 ne

1275 2096 1357 2128 tales
1373 2095 1569 2128 discordiae
1586 2095 1853 2138 repullularent.
1900 2094 1974 2127 llae
1992 2095 2266 2130 deliberationes

1275 2147 1310 2178 in
1337 2146 1614 2191 quadriennium
1638 2157 1747 2190 usque
1769 2152 1940 2179 extractae
1964 2153 2064 2185 sunt,
2091 2159 2160 2192 qno
2178 2155 2266 2181 tem-

1274 2210 1358 2241 pore
1378 2198 1448 2241 ipse
1466 2197 1659 2240 plurimum
1677 2196 1842 2229 sustinuit
1862 2197 2011 2237 laboris,
2038 2198 2122 2231 dnm
2139 2199 2266 2233 retinet

1274 2256 1306 2281 et
1327 2249 1508 2281 coufirmat
1528 2247 1663 2290 lieguni
1684 2247 1894 2282 voluntates.

1378 2316 1523 2360 Synodo
1549 2314 1735 2359 aliquoties
1760 2315 1831 2357 ipse
1854 2315 2031 2354 interfuit,
2058 2328 2096 2349 ac
2114 2315 2266 2360 primum

1276 2380 1353 2400 cum
1385 2380 1424 2398 eo
1453 2366 1546 2399 venit
1579 2366 1614 2397 in
1651 2372 1750 2397 nocte
1777 2365 1910 2399 Natalis
1943 2366 2105 2405 Domini,
2141 2369 2268 2402 cecinit

1277 2418 1461 2450 lectionem
1496 2415 1681 2458 Evangelii
1717 2416 1751 2448 iii
1795 2417 1951 2459 liturgia:
1995 2418 2079 2452 exiit
2112 2419 2266 2453 edictum

1277 2482 1293 2501 a
1317 2468 1461 2502 Caesare.
1485 2465 1662 2509 Augusto.
1696 2474 1732 2500 ut
1760 2474 1852 2500 totus
1882 2468 1978 2501 orbis
1999 2468 2267 2509 describeretur,

1277 2521 1370 2564 quod
1389 2531 1466 2552 cum
1487 2519 1610 2558 legeret
1634 2519 1715 2561 ipse,
1744 2519 1837 2551 visus
1853 2526 1901 2551 est
1923 2531 1994 2552 non
2013 2519 2126 2552 sotum
2145 2521 2189 2553 de
2203 2533 2267 2555 suo

1277 2571 1391 2603 ostii-io
1413 2568 1478 2602 lioc
1496 2569 1689 2611 siguificare
1707 2582 1824 2602 riu-am
1843 2568 2019 2603 Ecclesiae
2036 2571 2133 2603 orbis
2157 2579 2268 2606 terra-

1279 2635 1354 2654 rum
1385 2621 1590 2665 imperatori
1613 2621 1832 2652 commissam
1857 2632 1946 2656 esse,
1969 2623 2026 2653 sed
2054 2622 2157 2655 etiarn
2182 2623 2268 2656 alios

1278 2675 1484 2708 admonere,
1513 2679 1547 2703 ui
1570 2671 1773 2714 imperatori
1791 2671 1945 2714 cupienti
1965 2673 2147 2706 consulere
2163 2674 2267 2708 saluti

1248 2729 1251 2760 Ι
1278 2724 1436 2756 omnium
1457 2723 1630 2764 gentiunt,
1659 2733 1769 2766 aequo
1793 2723 1910 2754 aiiinio
1929 2730 2101 2766 parerent.
