2338 2958
60 159 66 163 .
115 115 183 151 181
599 111 759 148 DECL.
795 112 867 149 DE
894 112 1128 149 STUDIlS
1162 110 1660 150 ADOLESCENTUM.

101 212 212 246 prope
228 199 330 233 etiam
345 199 556 244 probrosum
574 198 618 232 sit
632 200 724 243 apud
744 199 829 234 istos
844 199 1007 233 lurcones
1024 198 1095 232 dici
1117 204 1121 240 Ι
1146 196 1254 230 trium
1279 203 1313 231 et
1337 206 1576 241 pervetustum
1603 198 1873 235 Academiarum
1896 215 2048 248 morem,
2075 221 2137 243 nec

104 251 262 285 sobrium
281 257 314 284 et
328 250 467 283 siccum.
513 248 583 283 Sed
598 262 660 283 vos
677 251 796 284 audite
813 262 931 283 vocem
950 257 1094 283 naturae
1117 245 1119 285 J
1146 247 1222 280 sine
1248 249 1453 291 gravissimo
1480 250 1626 283 consilio
1656 263 1675 284 a
1705 252 1898 287 maioribus
1928 255 2139 301 institutum,

103 301 255 346 optimae
275 301 442 345 parentis,
470 313 574 345 quam
593 301 649 334 isti
668 303 855 344 degeneres
869 300 934 334 filii
951 301 1094 344 adsper-
1145 304 1348 331 revocatum
1366 311 1403 332 ac
1420 307 1594 333 retentum
1612 310 1789 346 cuperent.
1826 303 2136 346 Quemadmodum

101 358 251 393 nantur,
278 363 316 384 ea
332 363 394 385 vos
411 352 453 384 ad
472 351 694 385 sobrietatem
713 358 830 392 vocat,
852 358 953 385 vocat
969 352 1092 385 eodem
1142 349 1238 382 enim
1271 349 1394 392 primis
1424 350 1496 383 illis
1527 349 1726 386 scholarum
1751 356 1955 398 parentibus
1980 371 2137 393 necessa-

99 409 133 436 et
150 403 296 436 verbum
312 401 396 444 Dei,
423 402 577 436 invitant
599 402 759 435 omnium
785 403 962 435 bonorum
981 414 1020 435 ac
1037 413 1092 435 sa—
1140 400 1233 433 rium
1254 400 1367 432 visum
1391 407 1457 441 est,
1493 398 1577 434 haec
1607 404 1764 438 examina
1790 412 1822 438 et
1856 407 2014 441 discendi
2039 412 2136 444 ordi-

98 465 227 486 norum
258 450 444 488 hominum
471 453 587 486 fidelia
610 459 714 498 atque
730 453 934 496 gravissima
957 453 1091 487 monita
1113 461 1116 503 1
1140 462 1221 483 nem
1245 451 1447 491 instituere,
1483 452 1529 484 ita
1556 454 1667 485 nostri
1700 463 1938 500 praeceptores
1966 457 2027 493 has
2054 473 2134 495 suas

99 511 134 538 et
157 510 352 549 praecepta.
413 503 450 538 Si
485 515 567 548 ergo
592 504 692 537 vobis
726 503 826 536 cordi
850 509 901 536 est
925 504 1089 537 valetudo
1140 513 1212 534 esse
1236 508 1351 545 partes
1376 502 1641 544 iudicaverunt,
1677 516 1817 548 operam
1837 508 1938 549 dare,
1974 523 2018 544 ne
2036 515 2130 557 quod

96 561 210 588 vestra
228 562 261 589 et
278 555 389 596 salus,
416 567 520 599 quam
543 567 645 588 nemo
668 566 771 588 sanae
793 553 921 587 mentis
948 565 1089 598 compos
1138 552 1206 586 tale
1231 553 1384 585 exercitii
1413 564 1522 596 genus
1548 553 1584 586 in
1605 551 1722 587 schola
1746 556 2018 602 desideraretur,
2047 570 2078 596 et
2101 564 2130 596 si

2073 124 2142 158 182

96 617 256 651 unquam
286 606 543 650 proiiciendam
574 605 728 646 censuit,
765 605 794 638 si
825 605 940 638 studia
962 611 1088 646 vestra,

96 668 186 702 quae
203 668 285 690 sane
304 658 434 691 debent
449 667 521 689 csse
537 656 726 696 carissima,
754 656 782 688 si
801 656 912 689 virtus
929 663 961 689 et
976 654 1089 689 hone-

94 713 182 748 stas,
206 708 234 740 si
257 708 409 753 denique
431 707 539 750 pietas
565 718 604 740 ac
629 706 721 740 salus
738 707 936 740 animarum
953 714 1087 740 vestra-

93 770 195 798 rum,
223 759 420 802 cogitabitis
446 755 500 791 his
523 757 689 791 omnibus
714 755 805 791 nibil
829 769 901 790 esse
926 757 1087 792 infestius

94 809 275 843 ebrietate.
326 809 365 844 Si
387 821 470 842 vero
493 808 648 853 aliquem
673 806 757 842 haec
782 816 832 842 tot
851 816 921 843 tam
940 809 1085 842 sanctis-

93 860 180 893 sima
204 860 349 893 nomina
373 857 464 892 nihil
489 866 651 898 movent,
679 859 708 892 is
731 860 774 892 ad
798 872 919 893 eorum
948 871 1084 903 gregem

93 911 258 956 pertinet,
285 912 328 944 de
345 911 473 956 quibus
491 922 508 943 a
526 922 581 943 me
598 910 667 943 iam
682 910 815 944 dictum
833 917 902 951 est,
929 923 993 943 nec
1009 923 1084 944 mea

92 962 252 995 oratione
270 962 390 996 mitior
408 962 477 996 fiet.
513 960 668 994 Gravius
688 961 782 993 enim
807 959 873 994 hoc
890 961 1006 995 morbi
1025 973 1085 1004 ge-

91 1024 160 1047 nus
178 1019 246 1053 est,
277 1025 382 1057 quam
397 1019 437 1046 ut
453 1012 574 1045 multis
589 1012 757 1057 anticyris
774 1009 950 1045 exhaustis
968 1013 1083 1045 sanari

91 1063 212 1108 possit.
265 1061 427 1097 Christus
451 1069 584 1095 mentes
611 1069 747 1095 nostras
771 1075 835 1107 pro
860 1074 920 1096 sua
945 1063 1082 1097 infinita

91 1114 251 1147 bonitate
274 1115 462 1157 gubernet,
488 1119 520 1146 et
545 1113 588 1145 ab
610 1110 675 1146 hac
692 1113 878 1146 execrabili
894 1120 998 1158 atque
1015 1115 1084 1147 im-

91 1164 147 1208 pia
177 1161 346 1197 heluandi
375 1163 648 1201 consuetudine,
687 1164 730 1196 ad
758 1164 1004 1206 sobrietatem,
1039 1166 1081 1198 ad

89 1215 343 1259 poenitentiam
375 1227 414 1248 ac
445 1215 607 1258 pietatem
641 1214 757 1248 flectat
784 1222 887 1260 atque
915 1216 1082 1250 traducat.

89 1265 184 1301 Dixi.

102 1427 169 1462 No.
189 1428 248 1461 22.
870 1428 1082 1468 (an.1529.?)

903 1474 1073 1487 *qo—N

261 1509 336 1550 De
365 1511 530 1551 studiis
553 1512 907 1552 adolescentum.

157 1588 238 1623 Apud
254 1589 329 1614 Crat.
342 1588 413 1622 Rlyl.
432 1599 456 1623 p.
469 1589 520 1615 487
533 1599 608 1624 sqq.‚
628 1590 653 1616 in
670 1589 821 1615 Declamas.
836 1588 902 1613 T.1.
920 1597 945 1621 p.
959 1587 1036 1619 486.,
1054 1588 1080 1613 in

189 1623 312 1649 Servest.
328 1623 360 1650 T.
376 1624 396 1648 l.
412 1633 436 1658 p.
446 1624 507 1652 422.
522 1630 547 1650 et
561 1635 603 1659 ap.
618 1624 746 1650 Richard.
762 1623 793 1649 T.
807 1624 825 1650 l.
849 1633 873 1658 p.
888 1624 944 1648 207.

89 1694 214 1728 Oratio
249 1692 296 1727 de
326 1692 466 1728 studiis
495 1693 795 1734 adolescentum,
831 1692 964 1727 habita
998 1704 1081 1727 cum

87 1745 223 1779 titulus
253 1746 601 1779 Baccalmereorum
633 1745 903 1780 decerneretur
936 1743 1082 1789 quibus-

165 1795 275 1838 dam,
303 1800 341 1830 et
365 1798 508 1840 scripta
535 1808 557 1830 α
585 1799 686 1831 Vito
715 1794 1006 1831 Winshemio.
1047 1805 1051 1809 ’

90 1863 292 1904 BIirabitur
307 1870 454 1903 fortasse
472 1870 620 1914 aliquis,
648 1871 733 1915 quid
753 1869 856 1902 nobis
874 1869 910 1901 in
929 1875 1080 1902 mentem

89 1920 242 1960 venerit,
268 1927 307 1953 ut
324 1917 420 1953 hunc
437 1932 569 1952 morem
590 1921 728 1964 publice
746 1920 957 1953 decernendi
974 1920 1078 1953 istum

88 1971 243 2016 primum
271 1968 517 2003 scholasticum
544 1972 710 2015 gradum,
738 1978 790 2005 tot
814 1971 881 2004 iam
905 1983 1079 2004 annorum

89 2022 205 2066 spacio
238 2021 474 2055 intermissum
505 2034 543 2054 ac
568 2023 665 2055 velut
693 2022 886 2060 exoletum,
926 2019 992 2055 hoc
1017 2034 1080 2065 po-

88 2073 261 2107 tissimum
287 2079 443 2116 tempore
472 2073 507 2105 in
540 2070 695 2106 scholam
723 2084 979 2106 revocaremus,
1035 2071 1080 2106 Et

87 2124 177 2157 forte
196 2135 268 2156 non
281 2124 429 2157 deerunt
446 2123 506 2167 qui
525 2124 711 2156 consilium
733 2121 796 2157 hac
813 2125 849 2156 in
868 2136 904 2156 re
920 2130 1078 2157 nostrum

87 2182 126 2208 ut
145 2175 296 2207 ociosam
314 2173 546 2221 περιεργίαν,
576 2175 629 2207 vel
650 2175 791 2207 inanem
811 2175 1078 2208 ostentationem

90 2225 310 2265 irridebunt,
338 2226 466 2270 quibus
494 2226 530 2258 in
554 2225 752 2270 praesentia
771 2223 861 2258 nihil
880 2225 1003 2260 attinet
1024 2238 1080 2258 re—

90 2277 280 2321 spondere,
308 2288 386 2309 cum
406 2277 491 2309 viris
518 2274 673 2309 honestis
696 2289 735 2309 ac
758 2275 1079 2320 prudentibus2h0c

89 2334 248 2361 nostrum
270 2327 470 2360 institutum
490 2328 634 2371 probari
654 2340 727 2361 non
744 2328 957 2361 dubitemus.
1011 2328 1079 2361 Sed

89 2385 206 2412 tamen
219 2385 257 2411 ut
271 2378 507 2411 adolescentes
521 2386 553 2412 et
567 2379 609 2411 de
623 2380 733 2422 gradu
751 2379 825 2422 ipso
845 2376 1080 2411 bonorificen-

89 2429 160 2463 tius
177 2429 350 2467 sentiant,
376 2435 409 2462 et
426 2425 509 2462 haec
526 2430 640 2463 studia
663 2430 772 2473 magis
788 2436 917 2469 ament,
945 2441 982 2462 ac
1001 2430 1080 2473 plu-

91 2480 140 2513 ris
169 2480 328 2513 facienda
358 2480 506 2521 ducant,
542 2481 761 2513 decrevimus
789 2488 937 2524 utraque
965 2480 1007 2513 de
1033 2492 1081 2519 re,

92 2542 217 2574 nempe
235 2531 277 2563 de
295 2528 362 2563 hoc
378 2532 488 2573 gradu
515 2537 546 2563 et
564 2531 714 2564 utilit-:te
731 2531 929 2564 examinum
942 2557 951 2571 ,
979 2537 1081 2576 atque

91 2581 135 2614 de
152 2578 206 2613 his
223 2581 344 2624 primis
360 2581 494 2614 artibus
513 2582 630 2625 paucis
647 2582 682 2614 in
699 2580 765 2615 hoc
777 2593 940 2614 consessu
957 2582 1082 2615 dicere.

91 2631 172 2665 Non
195 2631 288 2664 enim
316 2632 407 2664 leves
431 2639 490 2665 aut
521 2633 749 2675 negligendae
779 2634 923 2666 fuerunt
952 2624 1106 2673 causae,4

93 2694 181 2726 quae
199 2682 293 2715 viros
308 2683 420 2716 honos
435 2696 473 2716 ac
492 2685 612 2717 doctos
628 2691 825 2724 moverunt,
853 2691 891 2717 ut
909 2681 1003 2717 hunc
1020 2697 1082 2728 pa-

1138 603 1223 648 quid
1241 615 1281 636 ex
1300 601 1355 636 his
1371 604 1414 636 ad
1440 610 1573 648 tempus
1591 605 1794 649 prolapsum
1810 615 1868 641 aut
1889 610 2127 646 intermissum

1135 654 1244 694 foret,
1278 661 1318 687 ut
1344 654 1379 687 id
1411 666 1550 687 rursum
1581 656 1852 699 instauraretur,
1893 667 1924 693 et
1956 670 2126 707 quantum

1136 705 1211 738 eius
1227 705 1302 737 fieri
1319 712 1451 749 posset,
1474 713 1751 743 conservaretur.
1805 709 1966 752 Quorum
1984 726 2046 747 nos
2062 727 2126 749 au-

1135 756 1313 789 toritatem
1335 756 1463 797 secuti,
1490 768 1562 790 non
1587 758 1787 792 curiositate
1813 762 1983 804 quadam,
2011 776 2125 810 neque

1135 806 1229 840 enim
1246 807 1294 840 ita
1313 807 1389 840 ocio
1408 807 1650 849 abundamus,
1676 821 1740 842 nec
1758 818 1902 855 propter
1919 818 2125 849 ostentatio-

1134 869 1215 890 nem
1240 864 1299 891 ant
1322 858 1572 899 ambitionem,
1599 871 1678 892 cum
1704 868 1822 894 nostra
1845 863 1996 897 tenuitas
2022 867 2125 900 nobis

1133 920 1207 941 non
1230 909 1277 942 sit
1297 908 1434 951 ignota,
1459 910 1519 942 sed
1543 917 1582 944 ut
1603 911 1746 944 utilitati
1771 909 1909 947 scholae
1933 922 1964 954 et
1986 917 2124 950 discen-

1133 959 1222 993 tium
1246 959 1441 992 commodis
1464 972 1527 1004 pro
1554 967 1672 994 nostra
1693 962 1786 994 virili
1810 971 1906 1007 parte
1924 968 2124 1001 consulere-

1133 1021 1226 1048 mus,
1252 1007 1319 1043 hoc
1343 1010 1496 1043 officium
1519 1012 1659 1055 publice
1681 1016 1913 1055 promovendi
1934 1017 2125 1052 Baccalau—

1131 1072 1208 1094 reos
1222 1061 1423 1094 liberalium
1443 1062 1570 1096 artium
1587 1063 1810 1106 suscepimus.
1841 1065 2013 1108 Quamvis
2029 1070 2123 1102 enim

1133 1109 1189 1144 hic
1218 1112 1352 1156 primus
1381 1113 1508 1154 gradus
1531 1114 1647 1146 verius
1673 1115 1818 1157 puerilis
1839 1117 1982 1161 quidam
2008 1119 2123 1161 ludus,

1132 1174 1236 1207 quam
1260 1174 1314 1195 res
1339 1163 1428 1195 seria
1454 1163 1566 1196 videri
1589 1165 1715 1208 possit,
1741 1178 1807 1199 usu
1828 1173 1944 1201 tamen
1964 1181 2122 1214 comper-

1132 1220 1206 1246 tum
1232 1220 1302 1256 est,
1330 1220 1462 1247 tantam
1485 1215 1560 1247 eius
1583 1215 1770 1248 utilitatem
1792 1229 1883 1259 esse,
1910 1227 2038 1253 utnon
2063 1234 2123 1266 pa-

1130 1276 1208 1296 rum
1225 1265 1268 1297 ad
1286 1264 1439 1297 officium
1456 1271 1488 1298 et
1505 1266 1608 1298 fidem
1625 1278 1746 1299 eorum
1766 1268 1826 1312 qui
1843 1278 2020 1312 praesunt,
2044 1284 2123 1315 per-

1132 1315 1242 1347 tinere
1267 1315 1445 1356 videatur,
1480 1328 1621 1359 operam
1648 1317 1748 1358 dare,
1782 1326 1821 1352 ut
1846 1320 1883 1351 in
1906 1318 2024 1354 schola
2049 1336 2122 1356 non

1130 1365 1322 1398 retineatur
1345 1366 1472 1404 ῐηοόο,
1508 1367 1567 1398 sed
1593 1373 1626 1399 et
1649 1379 1754 1411 quam
1779 1370 1928 1403 maxime
1952 1372 2065 1415 vigeat
2083 1386 2122 1407 ac

1130 1416 1384 1459 frequentetur.
1436 1415 1525 1448 Nam
1544 1417 1697 1460 primum
1722 1418 1751 1450 si
1771 1421 2004 1463 spectabimus
2023 1424 2122 1457 utili-

1129 1472 1254 1505 tatem,
1282 1478 1386 1510 quam
1412 1466 1512 1499 affert
1535 1469 1751 1501 consuetudo
1778 1472 1996 1514 examinum,
2020 1487 2121 1518 prae-

1129 1516 1248 1549 sertim
1273 1513 1356 1549 huic
1379 1516 1500 1556 aetati,
1529 1517 1565 1549 in
1590 1518 1689 1551 cuius
1707 1521 1891 1564 praecipue
1916 1524 2063 1566 gratiam
2082 1526 2121 1559 hi

1128 1566 1232 1611 primi
1250 1567 1377 1609 gradus
1393 1566 1545 1600 instituti
1565 1576 1663 1609 sunt,
1685 1575 1816 1603 tantam
1834 1583 1907 1604 eam
1927 1577 2122 1619 comperie—

1129 1629 1223 1658 mus,
1249 1623 1290 1650 ut
1315 1617 1413 1650 nulla
1431 1618 1583 1662 amplior
1606 1631 1669 1652 nec
1691 1620 1834 1655 uberior
1852 1623 1889 1655 in
1906 1622 2023 1659 schola
2042 1639 2123 1671 pos-

1129 1668 1172 1701 sit
1197 1679 1279 1702 esse.

1230 1718 1364 1761 Quanti
1391 1719 1485 1752 enini
1510 1721 1632 1761 refert,
1661 1723 1753 1766 quod
1781 1725 1938 1758 examina
1963 1727 2121 1761 discendi

1130 1781 1248 1802 curam
1284 1777 1432 1811 acuunt,
1466 1771 1642 1810 studium,
1677 1774 1895 1816 vigilantiam
1927 1789 1965 1809 ac
1988 1779 2121 1812 sollici-

1128 1820 1289 1853 tudinem
1308 1828 1452 1864 augent,
1479 1828 1512 1855 et
1529 1823 1572 1855 ad
1591 1823 1710 1856 omnia
1729 1837 1816 1869 quae
1833 1827 2023 1861 traduntur
2039 1830 2120 1863 dili-

1129 1871 1265 1914 gentius
1295 1872 1514 1905 observanda
1544 1885 1582 1905 ac
1613 1875 1841 1917 perdiscenda
1873 1878 2058 1913 alacriores
2089 1889 2122 1914 et

1129 1922 1347 1955 excitatiores
1365 1923 1530 1956 reddunt.
1564 1923 1695 1958 Metuit
1713 1926 1806 1959 enim
1826 1940 1887 1971 pro
1909 1940 1942 1961 se
1960 1931 2121 1975 quisque,

1129 1985 1173 2005 ne
1191 1973 1274 2017 quid
1294 1985 1329 2006 se
1344 1974 1471 2016 fugiat,
1499 1975 1592 2019 quod
1611 1982 1729 2009 tenere
1746 1985 1914 2021 oporteat.
1971 1981 2064 2014 'sum
2083 1990 2120 2016 ut

1129 2024 1324 2057 accuratius
1346 2025 1603 2070 perfectiusque
1628 2027 1745 2060 omnia
1771 2029 1920 2063 excutiat
1936 2043 1974 2064 ac
1999 2045 2121 2076 perve-

1129 2074 1248 2117 stiget,
1275 2076 1395 2108 eadem
1416 2072 1498 2108 haec
1518 2076 1719 2110 sollicitudo
1735 2079 1911 2120 stimulat,
1939 2094 2016 2115 cum
2036 2085 2121 2118 sciat

1129 2125 1197 2158 sibi
1220 2126 1337 2158 omnia
1363 2127 1490 2159 dictata
1523 2127 1701 2161 reddenda
1728 2128 1764 2161 iu
1790 2131 1946 2164 examine
1980 2141 2013 2167 et
2043 2147 2122 2178 per-

1130 2177 1248 2220 spicue
1268 2177 1471 2221 explicanda
1492 2189 1574 2210 esse.
1627 2177 1694 2211 llic
1716 2188 1829 2214 metus
1855 2183 2044 2218 acerrimus
2072 2194 2121 2219 est

1130 2224 1373 2274 ἑργοδιώκῖης
1400 2229 1443 2260 ad
1467 2222 1623 2261 discendi
1641 2229 1817 2270 laborem,
1845 2245 1883 2265 ac
1902 2234 2120 2276 vigilantiam

1130 2278 1266 2311 animos
1292 2279 1485 2311 accendens
1509 2290 1725 2325 urgensque,
1753 2282 1811 2326 qui
1835 2283 1862 2315 si
1889 2285 1996 2325 absit,
2024 2288 2122 2319 vide-

1131 2340 1208 2361 mus
1228 2341 1331 2373 quam
1362 2329 1488 2371 frigide
1512 2341 1550 2363 ac
1576 2331 1808 2365 somniculose.
1833 2335 1947 2367 studia
1971 2344 2121 2371 tracten-

1130 2386 1204 2419 tur3
1248 2392 1370 2412 verum
1402 2380 1599 2413 examinum
1627 2394 1708 2415 cura
1738 2390 1770 2416 et
1801 2385 2002 2419 sollicitudo
2029 2391 2120 2431 apud

1130 2431 1282 2474 aliquem
1308 2431 1500 2471 excubans,
1535 2443 1606 2464 non
1630 2433 1715 2466 sinit
1741 2446 1820 2466 eum
1853 2436 2122 2478 obdormiscere,

1130 2482 1188 2514 sed
1215 2481 1462 2524 expergefacit,
1489 2493 1528 2514 ac
1545 2482 1642 2516 velut
1658 2484 1800 2517 sedulus
1825 2492 1857 2518 et
1874 2498 1952 2520 acer
1974 2491 2122 2533 paterfa-

1131 2532 1245 2564 milias
1262 2532 1367 2564 instat
1386 2538 1418 2564 et
1437 2539 1554 2575 urget,
1581 2540 1619 2566 ut
1637 2546 1738 2567 suum
1758 2537 1954 2570 studiorum
1976 2553 2120 2583 pensum

1132 2583 1317 2626 persolvat.
1372 2582 1599 2627 Quapropter
1623 2581 1706 2616 hacc
1732 2598 1769 2618 ex
1787 2587 1906 2620 multis
1925 2591 2035 2621 causis
2053 2603 2119 2622 nna

1131 2634 1198 2667 fuit
1226 2633 1400 2666 veteribus
1427 2634 1634 2667 instituendi
1662 2637 1818 2669 examina
1847 2645 1877 2669 et
1908 2642 2049 2679 gradus,
2086 2648 2119 2671 ut

1133 2683 1188 2717 bis
1210 2684 1303 2717 velut
1331 2684 1526 2717 calcaribus
1561 2686 1747 2719 incitarent
1777 2688 1955 2721 discentes.
2016 2690 2123 2724 lit-rte

1413 2732 1490 2770 12*
