2338 2958
167 140 240 174 579

272 223 434 266 Longum
463 220 521 254 hic
547 225 634 251 esset
657 227 855 254 recensere,
891 228 996 261 quam
1024 215 1163 258 copiose

172 275 284 309 nostri
301 274 434 307 fabulas
459 271 659 315 po'e'matum
683 268 724 300 de
748 267 954 307 connubiis,
982 265 1164 299 adulteriis

175 333 208 360 et
224 324 408 358 discordiis
425 323 570 353 deornm
587 316 879 361 reprehenderint
896 324 927 350 et
945 316 1165 359 exagitarint.

176 376 244 410 Sed
274 373 334 407 bas
360 384 402 404 ne
435 371 507 414 ipse
534 370 675 414 quidem
700 366 950 414 Symmachus,
983 367 1105 400 Cicero
1134 373 1168 399 et

176 426 305 460 similes
329 423 536 466 probabant.
589 418 661 453 Aut
684 419 805 452 ludere
829 425 968 462 poetas,
1002 425 1060 451 aut
1083 417 1168 450 alle-

177 476 290 519 gorias
307 474 443 506 tradere
462 471 736 504 arbitrabantur.
792 468 937 502 Interim
955 476 1073 502 tamen
1090 468 1169 500 sons

179 535 337 559 errorum
365 524 408 555 ab
435 522 504 555 illis
528 521 686 565 patronis
702 520 893 560 retinetur,
921 521 1046 552 volunt
1061 519 1171 552 usita-

178 583 230 609 tas
250 574 439 617 religiones
461 571 678 611 conservari,
714 571 871 603 invocari
900 569 1036 607 lovem,
1071 568 1172 602 Mar-

179 633 267 665 tem,
297 623 522 667 Apollinem,
556 621 797 660 Mercurium,
836 620 1026 663 lunonem,
1054 618 1172 651 Palla-

180 678 276 709 dem:
313 673 380 707 boc
401 674 485 718 qnid
513 679 564 705 est
586 672 681 704 aliud
699 682 803 715 quam
820 672 931 704 multa
949 677 1088 703 aeterna
1105 680 1174 701 nu-

180 726 276 758 mina
294 724 532 763 comminisci,
559 729 593 755 et
608 729 645 754 nt
662 722 698 754 in
715 721 856 753 civitate
871 721 1007 753 diversa
1026 730 1174 752 munera

183 776 331 819 singulis
349 773 563 807 attribuere?

287 833 358 866 lam
383 844 462 865 cum
485 836 618 865 constet
642 827 726 862 haec
752 828 876 861 deliria
905 839 979 861 non
1004 838 1077 860 esse
1103 826 1176 870 pri—

184 896 277 917 mam
303 883 530 924 religionem,
559 881 757 925 quaerenda
783 885 833 911 est
851 878 919 911 alia
946 878 1118 911 vetustior
1143 883 1177 910 et

184 935 323 979 purior:
351 931 408 965 hic
424 932 634 965 conferenda
654 936 704 963 est
721 929 923 974 antiquitaS.
978 928 1092 962 Series
1110 928 1177 960 iin-

187 985 364 1029 periorum
389 990 536 1016 testatur
551 993 606 1014 res
624 980 776 1014 Graecas
799 987 831 1013 et
850 979 1032 1014 Romanos
1057 990 1178 1012 recen-

185 1036 294 1069 tiores
311 1046 381 1067 esse
396 1031 657 1066 Chaldaeorum
676 1038 708 1064 et
725 1029 943 1064 Phoenicum
960 1027 1127 1063 historiis.

289 1092 426 1126 Deinde
445 1092 481 1123 in
504 1090 649 1123 Graecis
666 1096 726 1122 aut
741 1088 916 1123 Romanis
939 1088 1179 1121 monumentis

189 1156 263 1178 non
290 1142 506 1180 ostenditur,
541 1142 635 1174 unde
666 1140 853 1182 religiones
879 1150 997 1172 earum
1024 1139 1179 1182 gentium

189 1195 356 1234 traditae,
394 1200 452 1225 aut
480 1192 659 1236 quomodo
693 1197 900 1233 propagatae
925 1190 1012 1229 sint,
1051 1189 1180 1222 multae

190 1245 314 1279 subitis
332 1243 469 1275 casibus
492 1248 588 1274 ortae
608 1247 708 1279 sunt,
734 1251 884 1284 quarum
903 1239 1041 1283 aliquae
1061 1245 1092 1271 et
1109 1239 1181 1270 dis-

191 1295 345 1329 sentiunt
367 1294 458 1325 inter
479 1303 570 1331 sese,
606 1297 637 1323 et
658 1302 737 1322 cum
763 1296 887 1322 natura
910 1295 1088 1332 pugnant,
1114 1288 1182 1321 fuit

189 1346 282 1378 enim
305 1344 471 1377 usitatum
496 1342 567 1373 sere
585 1341 751 1373 omnibus
770 1340 931 1382 gentibus
952 1339 1082 1381 ignaris
1105 1338 1183 1379 Dei,

191 1402 342 1428 mactare
366 1391 538 1426 humanas
559 1389 708 1430 hostias,
735 1391 888 1434 denique
917 1401 1057 1432 prorsus
1084 1390 1182 1422 nulla

191 1452 273 1479 sunt
290 1449 520 1477 monumenta
537 1442 754 1475 Graecorum
773 1447 831 1473 aut
848 1440 1071 1481 Latinorum,
1095 1452 1183 1485 quae

191 1497 379 1530 ostendant
395 1494 547 1536 origines
565 1504 708 1525 suorum
727 1503 918 1525 sacrorum.

293 1553 412 1588 Unum
430 1559 545 1585 antem
564 1557 655 1584 extat
672 1548 970 1593 scriptumMoisi,
999 1551 1092 1594 quod
1111 1549 1184 1594 pri-

192 1617 289 1638 mum
308 1603 474 1647 temporis
491 1608 642 1634 vetustas
661 1600 761 1632 nobis
785 1601 1028 1637 commendat,
1057 1601 1184 1632 deinde

194 1655 374 1688 doctrinae
392 1653 507 1686 series.
561 1651 707 1684 Nullum
727 1657 777 1683 est
797 1650 890 1682 enim
909 1651 1074 1693 scriptum
1093 1650 1185 1683 anti-

194 1706 322 1751 quins?
371 1702 526 1741 Deinde,
560 1701 698 1733 nullum
725 1701 866 1733 exordia
891 1701 1014 1732 mnndi
1040 1707 1072 1733 et
1098 1708 1185 1733 tem-

195 1768 278 1800 pora
303 1762 396 1787 certo
426 1753 589 1785 distincta
625 1763 772 1783 numero
802 1762 997 1790 annornm,
1034 1751 1186 1794 origines

195 1807 370 1849 gentium,
398 1811 431 1837 et
449 1803 694 1845 migrationes,
724 1801 822 1833 initia
847 1801 1056 1842 religionum
1076 1809 1106 1834 et
1125 1802 1186 1832 de-

197 1857 418 1900 pravationes
442 1861 532 1886 certa
560 1853 665 1885 series
688 1851 870 1891 describit,
905 1858 939 1883 nt
969 1849 1052 1884 haec
1079 1851 1185 1884 Moisi

196 1907 352 1940 historia.
404 1904 494 1938 Cnin
522 1904 627 1945 igitur
651 1901 784 1935 Graeca
815 1909 1042 1935 monumenta
1067 1914 1185 1935 recen-

196 1958 283 1991 tiora
302 1957 391 1995 sint,
418 1968 496 1988 cuin
517 1953 606 1986 nibil
625 1956 666 1985 de.
686 1961 764 1986 ortu
783 1960 840 1986 ant
865 1953 1114 1996 propagatione
1132 1965 1187 1985 re-

199 2008 368 2048 ligionum
386 2006 468 2039 certi
489 2005 616 2043 dii-ant,
643 2003 794 2047 deniqne
811 2016 888 2036 cum
906 2004 1093 2036 absurdam
1110 2003 1186 2046 opi-

199 2059 339 2090 nionem
367 2059 409 2089 de
436 2055 662 2101 inu-ltitinline.
689 2055 834 2086 deorum
861 2054 1081 2094 contineant,
1126 2067 1186 2086 ne-

198 2120 289 2141 cesse
306 2115 354 2140 est
370 2107 534 2139 anteferri
557 2105 708 2138 Muisen.

848 128 1006 165 DECL.
1060 127 1132 164 DE
1167 126 1498 164 AMBROSIO.

2123 129 2199 165 580

1319 212 1399 246 Non
1419 213 1526 256 igitur
1540 209 1625 245 haec
1642 213 1802 247 doctrina
1820 216 1945 258 poe'ma
1963 222 2013 249 est
2029 222 2208 259 acceptum

1220 265 1263 297 ab
1285 263 1443 296 obscuris
1465 269 1525 296 aut
1549 263 1679 306 ignotis
1706 265 1898 301 autoribus,
1959 265 2092 299 Omnia
2118 272 2211 309 gesta

1221 321 1302 347 sunt
1328 314 1364 346 in
1389 314 1484 354 luce,
1511 320 1544 346 et
1565 314 1802 357 spectantibus
1827 315 1951 349 vicinis
1970 316 2126 359 Regibus
2141 315 2212 349 Ba-

1222 365 1414 409 bylonicis,
1448 362 1620 409 Assyriis,
1655 364 1854 409 Aegyptiis,
1882 372 1914 398 et
1939 367 2066 400 deinde
2090 366 2212 399 Mace-

1223 417 1356 448 donum
1382 417 1542 458 posteris.
1597 414 1648 448 Ac
1671 415 1775 448 multi
1800 414 1913 458 Reges
1937 417 2063 449 summi
2086 429 2125 450 ex
2147 415 2214 457 his,

1223 478 1302 498 cum
1322 463 1427 498 huius
1452 465 1564 507 gentis
1580 465 1776 498 doctrinam
1795 467 2056 508 cognovissent,
2083 467 2214 500 divinis

1223 516 1310 549 moti
1332 516 1543 549 testimoniis
1566 515 1707 550 adsensi
1722 522 1803 549 sunt
1821 523 1854 549 et
1871 517 1957 561 ipsi,
1986 530 2024 550 ac
2042 517 2215 551 idoloma-

1225 567 1302 600 nias
1319 567 1532 599 abiecerunt.

1328 617 1460 657 David,
1489 607 1651 657 Salonb,
1685 616 1819 650 vicinos
1842 615 1956 660 Reges
1982 623 2150 651 vocarunt
2173 617 2217 650 ad

1227 679 1344 700 veram
1363 668 1537 711 pietatem.
1581 666 1808 701 Audiverunt
1826 668 1958 712 Assyrii
1982 667 2118 711 lonam,
2144 666 2218 700 Da-

1228 718 1356 754 nielem
1391 717 1674 761 Nabugdonosor
1709 718 1837 758 victor,
1873 725 1907 751 et
1937 719 2067 751 deinde
2094 718 2217 763 Cyrus.

1228 767 1397 805 Esdram,
1435 767 1641 801 Nehemiam
1670 766 1889 801 Artaxerxes.
1944 768 1991 802 Ili
2015 780 2093 801 cum
2119 769 2218 801 vide-

1230 819 1301 851 rint
1330 818 1448 851 dixina
1484 819 1640 861 exempla
1680 826 1712 851 et
1744 820 1927 853 doctrinae
1966 819 2106 852 adsensi
2135 819 2218 859 sint,

1231 875 1321 902 certe
1338 875 1508 902 testantur
1526 869 1635 901 libros
1655 881 1728 902 non
1745 881 1817 902 esse
1833 870 2107 903 commenticios.

1333 925 1471 959 Deinde
1492 926 1623 959 multae
1648 927 1866 960 narrationes
1889 928 2037 961 aliarum
2060 927 2220 970 gentium

1232 977 1469 1020 suffragantur
1490 974 1648 1010 historiis
1675 976 1799 1010 Moisi:
1834 977 1969 1011 Mansit
1993 977 2120 1011 diluvii
2145 989 2220 1009 me-

1232 1029 1344 1061 moria
1369 1029 1460 1071 apud
1489 1026 1662 1068 Graecos,
1699 1035 1904 1061 manserunt
1933 1029 2077 1061 nomina
2102 1026 2223 1071 Iapeti,

1235 1079 1350 1119 Ionis,
1377 1076 1530 1119 cithim,
1557 1076 1659 1111 Elam
1678 1085 1709 1111 et
1724 1078 1790 1111 alia
1808 1080 1992 1123 quaedam.
2046 1078 2115 1112 Sed
2133 1089 2223 1122 quo-

1233 1130 1340 1162 modo
1364 1135 1539 1162 servatum
1563 1129 1608 1162 sit
1631 1139 1742 1170 genus
1766 1126 1979 1169 humanum,
2008 1129 2102 1162 unde
2126 1135 2224 1161 ortus

1234 1181 1276 1213 sit
1302 1179 1458 1222 lapetus,
1493 1179 1572 1224 quis
1594 1180 1698 1212 fuerit
1724 1177 1786 1211 lon
1806 1178 1960 1212 Graecae
1984 1179 2096 1221 gentis
2114 1185 2225 1223 pater,

1235 1231 1312 1275 quis
1322 1227 1467 1269 Cithim,
1493 1230 1587 1261 unde
1607 1228 1776 1262 Macedon
1793 1236 1853 1267 est,
1879 1230 1958 1274 quis
1973 1228 2088 1267 Elam,
2116 1241 2134 1261 a
2153 1240 2224 1273 quo

1236 1279 1418 1324 propagati
1442 1285 1526 1312 sunt
1541 1277 1686 1320 Persae,
1713 1291 1816 1312 nemo
1841 1280 1974 1323 integra
1989 1287 2127 1320 narrat,
2154 1278 2224 1312 nisi

1237 1330 1381 1364 Moises.

1334 1379 1657 1413 Celebratissimum
1674 1385 1724 1412 est
1740 1391 1869 1413 nomen
1881 1378 2104 1420 Hammonis,
2121 1390 2228 1424 quem

1238 1430 1372 1464 Arabes
1389 1437 1421 1463 et
1441 1429 1604 1475 Aegyptii
1619 1442 1738 1463 errore
1754 1431 1950 1465 coluerunt.
1999 1429 2046 1464 At
2062 1442 2102 1463 ex
2118 1429 2228 1463 Moisi

1237 1481 1338 1513 libris
1362 1481 1464 1513 facile
1492 1481 1640 1513 iudicari
1671 1488 1800 1525 potest,
1836 1493 1891 1514 eas
1917 1487 2035 1523 gentes
2066 1487 2159 1514 ortas
2182 1481 2228 1514 ab

1238 1531 1352 1564 Hamo
1369 1531 1440 1564 filio
1457 1528 1588 1571 Nohae,
1611 1531 1798 1565 retinuisse
1816 1531 1972 1565 nominis
1986 1531 2204 1566 memoriam.

1341 1587 1538 1623 Manethon
1555 1590 1721 1624 describit
1736 1590 1988 1634 prosectionem
2007 1589 2228 1624 Ebraeorum

1239 1652 1279 1673 ex
1295 1638 1473 1685 Aegy-pm,
1500 1647 1533 1673 et
1551 1647 1688 1673 secutus
1708 1641 1837 1684 priscas
1855 1641 2074 1674 narrationes
2088 1640 2230 1681 Strabo,

1239 1691 1287 1724 ait
1306 1690 1445 1723 Moisen
1464 1691 1587 1723 ducem
1605 1691 1729 1729 fuisse,
1757 1691 1818 1735 qui
1843 1702 1988 1734 magnae
2007 1691 2228 1724 multitudini

1240 1741 1466 1785 persuaserit,
1492 1753 1564 1773 non
1581 1748 1671 1774 recte
1687 1742 1754 1774 coli
1770 1742 1887 1774 Deum
1906 1742 1949 1774 ab
1965 1741 2164 1787 Aegyptiis,
2190 1753 2229 1774 ae

1240 1789 1452 1824 simulachra
1486 1797 1662 1824 execratus
1697 1792 1758 1832 sit,
1796 1799 1828 1825 ct
1856 1792 2016 1825 docuerit
2050 1793 2229 1836 quomodo

1240 1841 1335 1875 Deus
1355 1842 1572 1874 invocandus
1588 1842 1644 1874 sit.
1681 1841 1776 1875 Ilaec
1792 1842 1933 1883 Strabo,
1951 1843 2011 1887 qui
2029 1841 2230 1887 Aegyptum

1241 1892 1484 1936 perlustravit,
1512 1904 1550 1924 ex
1572 1892 1646 1924 eins
1665 1893 1776 1935 gentis
1791 1893 2029 1926 monumentis
2050 1890 2142 1926 haud
2163 1893 2230 1926 du-

1242 1944 1297 1975 bie
1325 1943 1473 1986 accepit,
1504 1954 1592 1987 qnae
1619 1950 1791 1976 testantur
1817 1941 2037 1977 Ebraeorum
2066 1941 2231 1977 historias

1242 1994 1446 2027 x·‹*tustiores
1460 2004 1531 2025 esse
1551 1992 1706 2026 Graccis-

1344 2051 1414 2085 Nec
1439 2052 1512 2083 leve
1536 2052 1775 2084 testimoninm
1801 2059 1849 2085 est
1868 2052 2106 2097 antiquitatiS.
2134 2053 2227 2097 quod

1242 2103 1378 2142 literae,
1414 2110 1450 2135 nt
1475 2103 1602 2135 fatetur
1626 2101 1848 2141 llerodotuS,
1881 2114 1899 2135 a
1927 2101 2164 2136 Phoenicibus
2193 2103 2229 2136 in

301 2167 366 2199 Sed
387 2166 466 2205 fingi
487 2163 569 2197 haee
591 2164 743 2207 putuisse.
757 2163 853 2207 iinpii
873 2163 1012 2201 dicunt,
1047 2171 1083 2197 nt
1104 2167 1187 2208 pne-
1212 2161 1215 2203 i
1242 2153 1425 2186 (¹¹'ffl'siffl''
1447 2165 1598 2197 l‘¹'¹¹¹¹¹¹¹¹¹
1618 2153 1741 2186 ἉΗᾸΙῙἎΘ
1758 2160 1847 2185 sum·

200 2225 331 2249 matum
356 2217 508 2249 fabulas:
548 2216 616 2247 iinu
639 2221 728 2247 certa
754 2214 939 2247 autoritate
966 2212 1000 2246 bi
1029 2215 1108 2247 libri
1134 2226 1187 2247 as-
1212 2213 1215 2260 l

199 2268 324 2300 serrati
351 2274 450 2303 sunt,
480 2267 512 2297 in
542 2272 641 2306 gente
668 2278 738 2297 nnn
765 2265 929 2303 obscura,
963 2277 1066 2309 quani
1094 2264 1188 2298 Dens

202 2319 277 2349 idea»
305 2326 351 2349 tot
381 2317 478 2349 miris
503 2317 686 2348 eventibus
709 2316 867 2351 ornavit,
891 2323 927 2348 nt
947 2316 1185 2349 testiinonium

201 2370 241 2400 de
262 2369 359 2399 libris
380 2376 406 2397 et
438 2367 596 2399 doctrina
619 2367 759 2399 ‹tici-ret.
814 2365 942 2398 Eduxit
972 2380 1009 2398 e(
1030 2366 1186 2411 Aegypto
1212 2382 1214 2390 ν

1212 2303 1215 2361 ἶ

200 2419 266 2458 sic,
295 2427 327 2451 nt
347 2421 525 2461 adpareret
547 2431 616 2449 rein
644 2416 737 2458 geri,
767 2430 836 2449 nnn
859 2415 1020 2449 humanis
1041 2419 1186 2450 xiribns.
1212 2396 1214 2483 i

306 2485 352 2518 lta
373 2486 468 2517 min-ij
487 2485 670 2527 exemplis.
702 2484 734 2515 in
754 2497 790 2515 ea
809 2485 888 2516 sede
904 2484 938 2515 in
958 2498 1060 2528 quarn
1078 2485 1185 2517 sollu·
1212 2486 1214 2496 '

201 2544 313 2575 rarat,
355 2550 411 2567 ens
447 2536 618 2572 defendit,
668 2546 780 2567 annus
810 2535 947 2567 circiter
982 2543 1187 2577 nungentos,

201 2589 310 2619 illinet*
332 2586 546 2630 liviliylonein
564 2586 666 2617 alnlxn
681 2586 702 2617 ti
723 2591 814 2620 sunl.
872 2585 955 2618 lnde
975 2587 1106 2618 reduxit
1120 2614 1127 2624 ,
1155 2593 1184 2617 t't

200 2638 348 2670 sei-vnxit
370 2650 426 2668 ens
449 2648 556 2680 nsque
573 2637 613 2666 ad
639 2636 841 2679 Apostolus,
869 2649 979 2669 annos
996 2638 1065 2669 sere
1082 2637 1186 2682 qnin-
1211 2634 1214 2669 Ι

200 2696 328 2731 gentos,
1211 2690 1214 2712 ι

1342 2209 1386 2244 Et
1403 2223 1603 2255 quanquam
1624 2210 1825 2243 llerodotns
1844 2209 1954 2252 Reges
1973 2210 2160 2256 Aegyptios
2178 2224 2231 2245 re-

1242 2269 1375 2301 censet,
1409 2269 1523 2294 tamen
1561 2262 1709 2303 ingenue
1746 2261 1872 2293 fatetur
1906 2263 2111 2295 vetustiores
2146 2276 2163 2295 a
2196 2274 2231 2296 se

1242 2313 1445 2356 praeteritos
1462 2324 1541 2344 esse.
1590 2311 1754 2344 Nominat
1775 2312 1908 2355 eosqui
1932 2313 2114 2356 paululum
2132 2320 2230 2346 ante—

1241 2370 1415 2396 cesserunt
1437 2362 1606 2395 l‘ersirain
1629 2359 1886 2400 Monarchiani,
1914 2375 2062 2407 quorum
2086 2363 2229 2396 numina

1241 2422 1356 2447 extant
1375 2422 1404 2447 et
1426 2414 1460 2446 in
1478 2410 1663 2456 Prophetis
1682 2413 1945 2446 recentioribus.

1346 2473 1506 2505 lert-inias
1533 2472 1574 2503 ait
1605 2471 1734 2512 lii-genn
1754 2470 2008 2516 lhdulunienm
2034 2472 2231 2505 conflixisse

1241 2538 1318 2556 cuin
1339 2523 1440 2556 Nero.
1494 2521 1694 2555 llerndntns
1721 2523 1934 2556 incutiunt-ni
1959 2523 2037 2555 facit
2063 2523 2143 2555 belli
2165 2524 2230 2569 Sy-

1241 2576 1342 2612 riaci,
1369 2575 1461 2619 quud
1478 2574 1576 2615 gessit
1599 2574 1719 2606 Sectis.

1346 2633 1482 2664 Deinde
1511 2631 1672 2664 lei-eunias
1704 2631 1913 2664 vaticinatur
1941 2632 1983 2663 de
2012 2629 2135 2674 Xprie,
2170 2631 2228 2675 qni

1242 2684 1397 2723 regnavit
1430 2689 1505 2726 pust
1530 2683 1678 2716 deletam
1703 2695 1720 2715 a
1749 2679 1934 2715 Chaldaeis
1969 2681 2228 2727 lerosolymam.
