2338 2958
196 140 269 176 667

200 221 402 261 missiones,
426 225 459 251 et
473 215 604 250 Filium
620 209 742 257 ἱκέτην
756 210 947 245 constituit.
999 207 1047 244 Et
1069 215 1188 243 osten-

204 275 256 308 dit
271 271 374 307 nobis
391 265 585 303 tristissima
607 262 765 307 exempla
785 261 856 294 irae
878 272 978 301 snae,
1005 271 1094 305 quae
1112 259 1194 293 vutt

206 317 558 358 commonefactiones
584 325 676 355 esse,
708 319 749 346 ut
776 318 935 357 petamus
965 310 1194 354 gubernatio·

208 385 287 407 nem
305 378 335 404 et
352 365 600 401 defensionem.

309 444 381 478 Tot
407 441 535 476 summi
559 439 641 480 viri,
667 437 728 484 qui
757 437 889 471 virtute
915 435 1195 469 antecelluerunt

210 496 375 533 omnibus
389 491 605 531 hominibus,
619 487 837 522 horribiliter
853 486 1050 532 perierunt,·
1062 492 1094 519 et
1107 496 1197 529 quo-

212 547 298 583 tidie
314 549 472 589 pereunt.
524 539 615 574 Tam
633 539 762 572 multae
780 539 882 571 urbes
901 543 933 570 et
950 544 1087 579 gentes,
1113 535 1195 566 inde

214 608 324 641 usque
350 607 368 627 a
391 591 516 626 mundi
539 591 640 623 initio
666 589 797 622 deletae
821 595 913 622 sunt.
966 584 1038 619 Nec
1059 591 1197 617 tantum

215 645 353 681 moenia
372 654 487 677 eversa
506 647 598 681 sunt,
624 646 684 672 aut
700 644 816 681 gentes
834 638 1030 680 dissipatae,
1055 635 1114 667 scd
1134 634 1198 666 do-

217 697 350 731 ctrinae
367 695 426 727 lux
445 693 547 725 etiam
566 690 714 723 extincta
731 694 798 725 est,
826 700 869 719 ne
886 688 927 720 ad
948 692 1103 729 posteros
1120 695 1200 727 per—

219 747 370 785 veniret,
397 750 430 776 et
456 748 579 775 natura
599 738 800 780 languidior
822 737 910 770 sacta
936 742 1002 785 est,
1028 747 1071 767 ne
1090 734 1201 767 virtus

220 800 490 842 propagaretur,
523 798 555 823 ct
587 788 750 822 exercitia
785 787 924 820 virtutis
950 785 1080 819 abolita
1107 789 1200 817 sunt.

222 847 269 882 Ut
293 857 386 879 nunc
414 844 451 875 in
476 840 559 874 Asia
585 846 616 872 et
642 837 789 871 Graecia
815 837 912 870 nulla
942 841 1023 870 sunt
1048 841 1202 868 vetustae

221 896 418 933 doctrinae,
444 897 503 925 aut
524 888 664 922 virtutis
680 887 841 930 vestigia,
867 886 1002 932 quoties
1026 883 1092 918 hoc
1112 883 1202 917 acci—

222 947 294 987 dit,
326 951 365 979 ut
389 943 426 975 in
454 939 697 975 obsidionibus
714 935 874 970 homines
897 937 971 970 ausi
989 936 1059 969 sint
1079 932 1204 967 huma-

222 1009 304 1030 nam
323 1004 461 1028 carnem
478 989 642 1024 dentibus
657 989 817 1027 lacerare,
843 994 875 1020 et
892 987 1024 1020 viscera
1039 991 1205 1018 natorum

223 1048 295 1080 suis
319 1042 508 1078 visceribus
532 1039 705 1073 condere?
738 1045 776 1071 ut
799 1037 1082 1082 Hierosolymae,
1108 1033 1205 1067 Poti-

224 1098 326 1134 deae,
352 1093 473 1127 Uicae
490 1098 522 1124 et
539 1089 636 1123 alibi.
688 1088 759 1121 Tot
781 1085 1004 1120 horribilium
1028 1084 1206 1128 exemplo-

225 1159 303 1180 rum
321 1141 551 1178 consideratio
569 1141 753 1172 admoneat
770 1150 833 1170 nos
848 1139 891 1171 de
908 1138 960 1170 ira
977 1136 1053 1176 Dei,
1081 1141 1114 1168 et
1129 1146 1206 1177 per-

225 1201 376 1233 moveat,
403 1198 442 1226 ut
458 1203 537 1224 vera
554 1189 767 1233 poenitentia
784 1195 817 1221 et
832 1187 968 1220 ardenti
985 1185 1207 1218 invocatione

223 1246 337 1280 Deum
361 1244 551 1275 flectamus.
608 1238 730 1271 Bonus
753 1245 802 1270 est
828 1238 920 1269 enim
945 1243 977 1269 et
1001 1234 1208 1273 misericors,

227 1304 259 1330 et
287 1307 359 1328 non
389 1293 580 1325 delectatur
611 1288 807 1331 perditione
835 1287 957 1321 nostri.
1011 1284 1080 1318 Nec
1110 1284 1209 1316 irrita

226 1353 303 1380 sunt
326 1350 403 1376 vota
428 1347 565 1380 nostra,
591 1351 654 1371 nec
680 1338 806 1371 surdus
830 1343 879 1370 est
901 1335 1007 1369 Deus.
1061 1333 1129 1368 Sed
1154 1346 1209 1366 re-

227 1408 308 1430 vera
325 1392 523 1438 petentibus
537 1401 638 1433 opem
655 1389 721 1421 sert
737 1388 772 1420 in
789 1387 954 1420 omnibus
972 1385 1146 1430 periculiS‚
1170 1390 1209 1416 ut

228 1445 343 1491 iuquit
365 1442 540 1477 Psalmus:
566 1438 681 1482 Prope
701 1444 749 1471 est
768 1436 942 1471 Dominus
968 1435 1133 1469 omnibus
1154 1434 1209 1466 in-

228 1495 434 1529 vocantibus
451 1503 528 1525 eum
548 1491 584 1522 in
600 1489 754 1522 veritate.
807 1487 878 1520 Nec
893 1487 982 1519 fallit
999 1485 1065 1519 Dei
1085 1484 1209 1521 Filius,

228 1545 409 1591 inquiens:
448 1541 625 1585 Quicquid
646 1538 814 1582 petieritis
836 1537 974 1571 Patrem
1005 1537 1040 1569 iu
1065 1535 1211 1568 nornine

228 1609 323 1633 meo,
357 1593 454 1627 dabit
476 1591 586 1624 vobis.
637 1589 758 1622 Servat
777 1587 870 1621 Deus
889 1585 1064 1620 Ecclesiae
1090 1583 1210 1628 hospi—

229 1647 296 1685 tia,
325 1643 474 1676 familias
492 1648 524 1673 et
546 1647 634 1673 totas
656 1638 796 1681 respub.
811 1639 869 1670 dat
888 1637 1000 1669 lucem
1020 1635 1211 1673 doctrinae,

230 1695 395 1728 honestae
419 1691 623 1734 disciplinae
655 1688 944 1731 gubernationem
973 1693 1007 1719 et
1038 1684 1211 1718 defensio-

230 1758 321 1784 nem‚
348 1744 526 1776 moderata
542 1746 572 1772 et
591 1738 779 1782 tranquilla
797 1737 952 1781 imperia,
976 1742 1119 1780 propter
1136 1734 1211 1777 pio-

231 1807 308 1829 rum
325 1804 452 1838 preces.
506 1789 589 1823 Ideo
607 1786 767 1821 Christus
788 1787 913 1832 inquit,
940 1798 1020 1819 suos
1037 1785 1212 1818 auditores

230 1846 333 1879 etiam
354 1843 486 1875 maiora
501 1839 668 1873 miracula
685 1839 836 1871 facturos
857 1848 946 1877 esse,
971 1848 1074 1881 quam
1095 1834 1213 1879 qualia

232 1897 390 1927 xiderant
425 1893 459 1924 in
495 1889 660 1923 sanandis
695 1887 859 1931 aegrotis,
898 1893 929 1920 et
964 1885 1212 1919 resuscitandis

229 1945 377 1978 mortuis
392 1942 476 1975 fieri.
526 1939 641 1973 Maius
657 1945 707 1971 est
726 1938 817 1971 enim
835 1937 902 1981 piis
919 1936 1080 1981 precibus
1098 1946 1213 1968 arcere

229 1998 365 2029 furores
382 1992 539 2036 publicos
555 1997 587 2023 ct
603 1989 734 2022 excidia
754 1988 906 2021 urbium.

328 2068 373 2102 Et
397 2079 440 2100 ne
464 2073 624 2110 putemus
641 2070 720 2097 vota
744 2069 862 2096 nostra
886 2061 984 2094 irrita
1011 2072 1100 2099 esse,
1127 2059 1213 2093 scia-

231 2132 308 2153 mus
345 2131 407 2151 nos
441 2129 513 2149 nou
542 2115 633 2147 solos
666 2113 811 2158 precari.
868 2112 937 2145 Sed
965 2111 1102 2144 assidue
1128 2116 1214 2143 astat

231 2180 371 2203 aeterno
390 2167 482 2202 Patri
501 2173 619 2198 noster
643 2164 813 2198 Sacerdos
827 2161 1001 2196 Dominus
1026 2168 1144 2194 noster
1162 2159 1213 2193 le-

233 2232 288 2253 sus
306 2218 484 2253 Christus.
516 2228 578 2259 pro
604 2215 705 2247 nobis
722 2214 903 2246 crucifixus
927 2219 958 2246 ct
981 2211 1214 2249 resuscitatus,

231 2272 289 2315 qui
319 2282 396 2301 vere
421 2267 570 2300 afficitur
592 2265 718 2298 nostris
743 2264 938 2303 aerumnis,
973 2270 1006 2295 et
1031 2262 1213 2295 nobiscum

234 2328 410 2364 pra-satur,
444 2329 486 2349 ne
523 2318 741 2354 deseramur,
781 2326 868 2346 neve
901 2313 1121 2346 abiiciamur.
1175 2311 1213 2344 ln

233 2369 325 2403 hunc
343 2380 478 2411 semper
502 2367 704 2399 intueantur
724 2364 852 2403 animi,
886 2364 929 2396 ab
949 2361 1014 2396 hoc
1035 2374 1212 2407 nunquam

231 2421 367 2452 deiicite
390 2419 528 2459 oculos,
557 2417 615 2449 sed
642 2416 779 2448 statuite
801 2422 943 2458 propter
969 2414 1081 2457 ipsum
1108 2413 1213 2456 recipi

232 2478 354 2503 nostra
369 2476 456 2501 vota.
488 2467 559 2499 lmo
580 2465 672 2499 liunc
691 2466 804 2509 aspice
823 2471 1034 2508 prostratum
1051 2465 1092 2496 ad
1113 2464 1214 2506 pedes

231 2520 360 2553 aeterni
374 2518 484 2551 Patris
502 2518 535 2549 in
555 2518 615 2549 illu
634 2529 695 2549 suu
714 2523 887 2559 postremo
901 2527 1021 2557 agone,
1043 2526 1121 2547 cum
1137 2525 1212 2546 sus-

231 2572 345 2603 nur-ns
379 2570 463 2600 iram
493 2567 551 2599 Ovi
588 2574 728 2610 propter
761 2579 854 2606 mea,
890 2573 967 2605 tua,
1001 2572 1032 2597 et
1057 2564 1214 2597 omnium

229 2627 386 2664 peccata,
413 2620 497 2650 adeo
519 2617 723 2654 luctaretur,
750 2629 827 2649 cum
852 2615 998 2648 summis
1024 2615 1215 2648 terroribus

229 2680 257 2702 et
285 2670 485 2707 «inlinitum,
519 2674 554 2700 ut
583 2679 685 2699 cruor
713 2675 783 2700 toto
811 2667 884 2700 eius
911 2678 1056 2710 corpore
1084 2665 1217 2702 flueret.

783 124 942 162 DECL.
976 121 1051 160 DE
1083 121 1182 160 DEI
1216 120 1645 159 INVOCATIONE.

2149 122 2224 158 668

1243 207 1364 253 pulsus
1389 207 1524 251 ingenti
1546 207 1661 241 cordis
1683 213 1781 241 motu
1803 215 1836 243 et
1857 207 2059 243 certamine.
2111 205 2229 241 Huius

1243 258 1415 302 gemitus,
1454 255 1670 303 lachryma5‚
1713 269 1891 300 cruorem,
1923 271 1996 292 non
2021 263 2230 303 aspernatur

1245 315 1405 342 aeternus
1435 306 1554 348 Pater,
1595 319 1676 340 vere
1708 305 1950 355 φιλόστοργος
1980 320 2058 352 erga
2083 307 2230 347 Filium,

1246 359 1303 392 sed
1322 364 1356 391 et
1381 357 1495 401 ipsum
1526 358 1687 398 exaudit,
1713 365 1747 391 et
1768 358 1872 391 nohis
1894 366 2035 402 propter
2056 370 2135 392 eum
2153 357 2232 402 opi-

1246 409 1390 442 tulatur.
1442 406 1539 440 Haec
1561 408 1698 441 assidue
1717 408 1903 451 cogitanda
1919 415 2019 450 sunt,
2043 415 2082 442 ut
2105 409 2149 442 ad
2176 408 2232 440 in-

1247 458 1466 492 vocationem
1491 458 1597 491 corda
1622 459 1868 493 accendantur.

1351 529 1396 566 Et
1419 531 1500 577 quia
1524 529 1615 565 hanc
1639 531 2012 565 commonefactionem
2037 531 2104 564 iam
2131 532 2233 565 audi-

1250 583 1366 623 vistis,
1399 583 1435 615 in
1458 580 1522 615 hac
1549 582 1620 625 ipsa
1645 583 1912 625 congregatione
1936 588 2016 615 vota
2045 581 2234 625 coniunga-

1250 645 1343 666 mus:
1373 633 1496 677 probat
1518 633 1611 664 enim
1627 630 1723 665 Deus
1748 643 1969 666 communem
1991 631 2236 676 precationem,

1252 691 1285 717 et
1309 683 1475 727 peculiari
1494 683 1726 726 promissione
1744 695 1820 716 eam
1843 682 2001 722 ornavit,
2026 688 2066 715 ut
2082 679 2237 714 Ecclesia

1253 734 1297 766 sit
1321 733 1561 773 coniunctior,
1593 739 1627 766 et
1654 733 1821 766 libentius
1845 732 2047 770 conveniat,
2083 737 2122 765 ut
2143 729 2238 764 Deus

1254 783 1394 828 publica
1409 783 1626 816 consessione
1655 783 1849 816 celebretur
1876 789 1909 816 et
1932 781 2091 815 doctrina
2109 792 2239 825 propa-

1254 840 1365 877 getur,
1413 832 1593 866 Intuentes
1605 832 1713 875 igitur
1728 845 1851 866 verum
1864 832 1990 872 Deum,
2014 831 2139 865 fiducia
2155 829 2240 865 Filii

1252 884 1329 917 eius
1344 882 1489 916 Domini
1508 882 1619 915 nostri
1640 882 1716 915 Iesu
1734 881 1878 923 Christi,
1905 894 2040 915 mecum
2059 888 2092 915 et
2109 880 2240 924 linguis

1256 941 1289 967 et
1306 940 1487 978 pectorum
1505 933 1632 977 pietate
1649 930 1734 966 baec
1751 933 1857 966 verba
1878 932 2120 977 pronunciate.

1359 1006 1500 1042 Gratias
1515 1007 1650 1050 agimus
1667 1006 1732 1041 tibi
1747 1007 1969 1052 omnipotens
1979 1006 2086 1047 Deus,
2101 1013 2241 1040 aeterne

1257 1065 1291 1092 et
1312 1059 1414 1092 unice
1437 1057 1538 1091 Pater
1555 1057 1698 1092 Domini
1724 1058 1837 1091 nostri
1857 1057 1934 1090 Iesu
1948 1054 2100 1097 Christi,
2126 1068 2192 1101 que
2208 1062 2243 1089 te

1257 1108 1447 1153 patefecisti
1474 1108 1644 1141 immensa
1661 1108 1838 1148 bonitate,
1865 1114 1899 1141 et
1920 1106 2074 1141 clamasti
2090 1108 2133 1140 de
2150 1106 2243 1140 Filio

1258 1167 1319 1193 tuo
1346 1157 1501 1192 Domino
1525 1165 1645 1191 nostro
1674 1156 1751 1191 Iesu
1779 1156 1938 1191 Christo:
1980 1156 2085 1190 Hunc
2112 1157 2243 1191 audite.

1258 1209 1431 1243 Conditor
1448 1214 1480 1241 et
1498 1215 1722 1242 conservator
1737 1208 1895 1241 omnium
1915 1219 2048 1248 rerum,
2073 1215 2106 1241 et
2126 1207 2243 1251 opitu-

1260 1259 1350 1292 lator
1367 1270 1406 1290 ac
1421 1258 1584 1291 conditor
1600 1255 1775 1291 Ecclesiae
1795 1265 1884 1298 tuae,
1899 1270 1967 1291 una
1987 1269 2064 1291 cum
2077 1257 2167 1291 Filio
2184 1263 2244 1290 tuo

1261 1315 1445 1342 coaeterno
1471 1307 1615 1344 domino
1639 1315 1760 1341 nostro
1790 1307 1868 1341 Iesu
1894 1305 2052 1348 Christo,
2078 1313 2244 1350 regnante

1261 1366 1394 1396 tecum,
1435 1364 1468 1391 et
1502 1358 1674 1402 patefacto
1703 1358 1740 1390 in
1770 1357 2007 1398 Hierusalem,
2050 1364 2083 1390 et
2109 1356 2246 1401 Spiritu

1261 1415 1381 1443 sancto
1399 1409 1573 1452 paracleto
1590 1408 1700 1442 effuso
1715 1409 1751 1440 in
1770 1407 1975 1452 Apostolos,
1998 1407 2154 1451 sapiens,
2180 1407 2245 1440 bo-

1261 1471 1323 1498 ne,
1351 1470 1465 1500 verax,
1487 1458 1698 1498 misericors,
1725 1459 1840 1498 iudex,
1868 1465 1900 1491 et
1918 1458 2114 1498 liberrime,
2147 1457 2245 1502 quod

1263 1509 1421 1543 revelasti
1446 1516 1480 1542 te
1503 1509 1621 1549 nobis,
1643 1515 1675 1542 et
1695 1509 1818 1542 misisti
1838 1508 1966 1542 Filium
1987 1515 2097 1548 tuum,
2125 1514 2158 1541 et
2173 1507 2246 1540 col-

1262 1560 1339 1602 ligis
1359 1560 1422 1592 tibi
1440 1558 1631 1592 Ecclesiam
1651 1559 1742 1592 inter
1757 1571 1820 1592 nos
1838 1570 1995 1604 quoque,
2021 1558 2175 1591 ostendis
2191 1557 2246 1590 lu-

1263 1622 1334 1642 cem
1351 1609 1530 1642 doctrinae
1557 1616 1634 1642 tuae
1663 1617 1695 1642 et
1718 1610 1918 1648 literarum,
1945 1615 1975 1642 et
1996 1620 2112 1641 servas
2127 1605 2248 1652 hospi-

1263 1660 1310 1692 tia
1337 1658 1525 1691 mediocria
1543 1657 1731 1693 Ecclesiae.
1783 1657 1906 1703 Teque
1930 1659 2135 1691 ardentibus
2158 1657 2248 1691 votis

1263 1720 1404 1741 oramus
1429 1715 1570 1752 propter
1593 1708 1724 1741 Filium
1751 1715 1849 1741 tuum
1870 1706 2062 1741 Dominum
2089 1715 2248 1741 nostrum

1265 1758 1379 1791 lesum
1397 1756 1598 1798 Christum,
1624 1759 1826 1791 crucifixum
1843 1771 1905 1801 pro
1922 1758 2024 1790 nobis
2047 1765 2080 1791 et
2100 1758 2248 1791 resusci-

1264 1815 1392 1848 tatum,
1419 1807 1530 1855 λόγον
1555 1806 1613 1841 καὶ
1641 1806 1762 1842 εἰκόνα
1791 1806 1912 1841 ἀΐδιον
1938 1819 2025 1851 σου,
2059 1820 2161 1852 quem
2186 1821 2248 1840 vo-

1265 1859 1360 1891 luisti
1388 1871 1452 1902 pro
1480 1858 1582 1891 nobis
1609 1870 1681 1891 esse
1709 1858 1905 1893 victimam,
1932 1857 1990 1891 καὶ
2015 1856 2166 1902 μεσίτην
2187 1856 2249 1892 καὶ

1265 1907 1385 1953 ἱκέτην
1409 1909 1570 1941 mirando
1596 1909 1762 1948 consilio,
1787 1909 1979 1948 sanctifica,
2006 1920 2103 1952 rege,
2131 1915 2163 1942 et
2185 1909 2249 1942 do-

1265 1971 1321 1998 ce,
1353 1960 1500 1992 accende
1523 1965 1554 1992 et
1574 1958 1654 1992 iuva
1678 1971 1741 1991 nos
1761 1958 1897 2003 Spiritu
1925 1965 2044 1992 sancto
2064 1966 2144 1997 tuo,
2176 1958 2249 1992 col-

1267 2010 1333 2052 lige
1367 2009 1431 2042 tibi
1464 2010 1555 2042 inter
1589 2021 1652 2041 nos
1682 2007 1872 2042 Ecclesiam
1902 2015 1934 2041 te
1968 2016 2133 2053 perpetuo
2160 2008 2249 2042 cele-

1266 2060 1463 2099 braturam,
1498 2071 1561 2092 nec
1590 2060 1683 2092 sinas
1711 2059 1864 2101 extingui
1901 2059 1955 2101 pia
1983 2059 2096 2092 studia
2125 2066 2157 2092 et
2179 2060 2249 2092 'do-

1266 2110 1398 2143 ctrinae
1427 2110 1551 2142 lucem.
1610 2109 1716 2143 Serva
1741 2109 1842 2142 etiam
1874 2106 1935 2141 has
1962 2109 2119 2152 politias,
2162 2121 2250 2154 quae

1266 2167 1344 2193 sunt
1370 2157 1520 2204 hospitia
1546 2157 1738 2199 Ecclesiae,
1764 2166 1796 2192 et
1819 2165 1915 2192 tuere
1939 2157 2120 2193 honestam
2143 2159 2251 2193 disci-

1266 2211 1398 2254 plinam
1410 2237 1418 2251 ,
1443 2217 1475 2243 et
1492 2222 1572 2253 rege
1590 2222 1628 2243 ac
1645 2210 1792 2243 defende
1808 2209 2002 2253 principem
2023 2217 2194 2249 nostrum,
2218 2215 2251 2243 et

1266 2272 1386 2294 omnes
1417 2261 1584 2294 salutares
1608 2260 1869 2301 gubernatores.
1931 2259 2025 2293 llaec
2054 2260 2181 2302 facito,
2212 2266 2251 2294 ut

1267 2317 1323 2345 tua
1342 2311 1451 2354 gloria
1470 2323 1549 2344 vere
1567 2311 1774 2349 celebretur,
1796 2312 1883 2344 sicut
1902 2309 2091 2354 promisisti
2111 2311 2147 2343 in
2165 2322 2250 2344 con-

1267 2362 1366 2395 cione
1382 2359 1598 2405 prophetica:
1629 2360 1776 2403 l‘ruptcr
1793 2373 1860 2399 me,
1885 2368 2028 2405 propter
2044 2373 2097 2393 me
2114 2360 2251 2400 faciam,

1267 2418 1302 2444 ut
1322 2424 1392 2444 non
1411 2409 1643 2455 blasphemer.
1678 2410 1733 2443 'l'u
1751 2410 1844 2444 Deus
1861 2418 1999 2445 aeterne
2015 2417 2249 2444 senescentem

1267 2460 1458 2495 Ecclesiam
1479 2461 1568 2495 inter
1586 2468 1655 2494 tam
1682 2461 1790 2495 multa
1810 2468 1895 2495 tetra
1913 2469 1945 2495 et
1968 2459 2141 2494 horrenda
2159 2461 2251 2494 dcli-

1268 2513 1317 2545 ria
1340 2512 1482 2551 mundi,
1510 2511 1618 2555 tegito
1644 2518 1672 2544 ct
1695 2518 1845 2554 gestato,
1873 2519 1902 2545 ct
1921 2512 1956 2544 in
1976 2509 2030 2544 his
2047 2511 2251 2554 regionibus

1268 2563 1330 2595 tibi
1355 2563 1538 2608 reliquias,
1574 2574 1662 2607 quae
1685 2570 1717 2596 te
1741 2575 1819 2595 vere
1845 2562 2037 2601 celebrent,
2072 2562 2195 2606 collige
2218 2569 2251 2596 et

1269 2624 1384 2653 serva,
1420 2613 1543 2647 Amen.
1598 2611 1690 2647 Dixi.
