<?xml version="1.0" encoding="UTF-8"?>
<!DOCTYPE html PUBLIC "-//W3C//DTD XHTML 1.0 Transitional//EN"
    "http://www.w3.org/TR/xhtml1/DTD/xhtml1-transitional.dtd">
<html xmlns="http://www.w3.org/1999/xhtml" xml:lang="en" lang="en">
 <head>
  <title>
</title>
<meta http-equiv="Content-Type" content="text/html;charset=utf-8" />
  <meta name='ocr-system' content='tesseract 3.04.00' />
  <meta name='ocr-capabilities' content='ocr_page ocr_carea ocr_par ocr_line ocrx_word'/>
</head>
<body>
  <div class='ocr_page' id='page_1' title='image "./operaquaesupersu11melauoft/operaquaesupersu11melauoft_0469.png"; bbox 0 0 2338 2958; ppageno 0'>
   <div class='ocr_carea' id='block_1_1' title="bbox 0 2295 6 2958">
    <p class='ocr_par' dir='ltr' id='par_1_1' title="bbox 0 2295 6 2958">
     <span class='ocr_line' id='line_1_1' title="bbox 0 2295 6 2958; baseline 0 0"><span class='ocrx_word' id='word_1_1' title='bbox 0 2295 6 2958; x_wconf 95' lang='lat' dir='ltr'><strong> </strong></span> 
     </span>
    </p>
   </div>
   <div class='ocr_carea' id='block_1_2' title="bbox 126 153 204 189">
    <p class='ocr_par' dir='ltr' id='par_1_2' title="bbox 126 153 204 189">
     <span class='ocr_line' id='line_1_2' title="bbox 126 153 204 189; baseline -0.026 0"><span class='ocrx_word' id='word_1_2' title='bbox 126 153 204 189; x_wconf 78' lang='lat'><strong>921</strong></span> 
     </span>
    </p>
   </div>
   <div class='ocr_carea' id='block_1_3' title="bbox 125 235 1116 334">
    <p class='ocr_par' dir='ltr' id='par_1_3' title="bbox 125 235 1116 334">
     <span class='ocr_line' id='line_1_3' title="bbox 125 235 575 272; baseline -0.002 -1"><span class='ocrx_word' id='word_1_3' title='bbox 125 236 193 272; x_wconf 89' lang='lat' dir='ltr'><strong>hoc</strong></span> <span class='ocrx_word' id='word_1_4' title='bbox 216 248 349 271; x_wconf 89' lang='lat' dir='ltr'><strong>novum</strong></span> <span class='ocrx_word' id='word_1_5' title='bbox 376 235 575 270; x_wconf 85' lang='lat' dir='ltr'><strong>consilium.</strong></span> 
     </span>
     <span class='ocr_line' id='line_1_4' title="bbox 125 284 1116 334; baseline -0.005 -12"><span class='ocrx_word' id='word_1_6' title='bbox 125 288 278 334; x_wconf 88' lang='lat' dir='ltr'><strong>speciosa</strong></span> <span class='ocrx_word' id='word_1_7' title='bbox 294 287 466 321; x_wconf 89' lang='lat' dir='ltr'><strong>sententia</strong></span> <span class='ocrx_word' id='word_1_8' title='bbox 487 287 624 328; x_wconf 89' lang='lat' dir='ltr'><strong>audita,</strong></span> <span class='ocrx_word' id='word_1_9' title='bbox 650 294 682 321; x_wconf 88' lang='lat' dir='ltr'><strong>et</strong></span> <span class='ocrx_word' id='word_1_10' title='bbox 698 287 735 320; x_wconf 90' lang='lat' dir='ltr'><strong>fit</strong></span> <span class='ocrx_word' id='word_1_11' title='bbox 752 288 930 320; x_wconf 87' lang='lat' dir='ltr'><strong>decretum</strong></span> <span class='ocrx_word' id='word_1_12' title='bbox 946 298 964 319; x_wconf 91' lang='lat' dir='ltr'><strong>a</strong></span> <span class='ocrx_word' id='word_1_13' title='bbox 983 284 1116 320; x_wconf 88' lang='lat' dir='ltr'><strong>Senatu</strong></span> 
     </span>
    </p>
   </div>
   <div class='ocr_carea' id='block_1_4' title="bbox 116 335 1115 1588">
    <p class='ocr_par' dir='ltr' id='par_1_4' title="bbox 116 335 1115 1588">
     <span class='ocr_line' id='line_1_5' title="bbox 125 335 1115 383; baseline -0.003 -11"><span class='ocrx_word' id='word_1_14' title='bbox 125 346 158 373; x_wconf 91' lang='lat' dir='ltr'><strong>et</strong></span> <span class='ocrx_word' id='word_1_15' title='bbox 176 339 307 383; x_wconf 90' lang='lat' dir='ltr'><strong>populo</strong></span> <span class='ocrx_word' id='word_1_16' title='bbox 332 337 532 378; x_wconf 87' lang='lat' dir='ltr'><strong>simiarum,</strong></span> <span class='ocrx_word' id='word_1_17' title='bbox 559 345 598 371; x_wconf 89' lang='lat' dir='ltr'><strong>ut</strong></span> <span class='ocrx_word' id='word_1_18' title='bbox 616 338 739 371; x_wconf 81' lang='lat' dir='ltr'><strong>urbem</strong></span> <span class='ocrx_word' id='word_1_19' title='bbox 759 338 910 371; x_wconf 90' lang='lat' dir='ltr'><strong>condere</strong></span> <span class='ocrx_word' id='word_1_20' title='bbox 933 335 1115 380; x_wconf 80' lang='lat' dir='ltr'>incipiant.</span> 
     </span>
     <span class='ocr_line' id='line_1_6' title="bbox 125 386 1114 431; baseline -0.003 -9"><span class='ocrx_word' id='word_1_21' title='bbox 125 389 195 424; x_wconf 89' lang='lat' dir='ltr'><strong>Sed</strong></span> <span class='ocrx_word' id='word_1_22' title='bbox 210 389 375 422; x_wconf 82' lang='lat' dir='ltr'>dimissae</span> <span class='ocrx_word' id='word_1_23' title='bbox 390 390 433 422; x_wconf 84' lang='lat' dir='ltr'><strong>ad</strong></span> <span class='ocrx_word' id='word_1_24' title='bbox 453 386 680 422; x_wconf 89' lang='lat' dir='ltr'><strong>convehenda</strong></span> <span class='ocrx_word' id='word_1_25' title='bbox 699 389 792 431; x_wconf 89' lang='lat' dir='ltr'><strong>ligna</strong></span> <span class='ocrx_word' id='word_1_26' title='bbox 811 395 843 421; x_wconf 91' lang='lat' dir='ltr'><strong>et</strong></span> <span class='ocrx_word' id='word_1_27' title='bbox 860 387 1006 431; x_wconf 90' lang='lat' dir='ltr'><strong>lapides,</strong></span> <span class='ocrx_word' id='word_1_28' title='bbox 1033 397 1114 419; x_wconf 90' lang='lat' dir='ltr'><strong>cum</strong></span> 
     </span>
     <span class='ocr_line' id='line_1_7' title="bbox 123 436 1113 480; baseline -0.005 -7"><span class='ocrx_word' id='word_1_29' title='bbox 123 441 284 473; x_wconf 86' lang='lat' dir='ltr'><strong>deessent</strong></span> <span class='ocrx_word' id='word_1_30' title='bbox 311 439 563 480; x_wconf 86' lang='lat' dir='ltr'><strong>instrumenta,</strong></span> <span class='ocrx_word' id='word_1_31' title='bbox 597 446 630 474; x_wconf 90' lang='lat' dir='ltr'><strong>et</strong></span> <span class='ocrx_word' id='word_1_32' title='bbox 659 439 756 472; x_wconf 81' lang='lat' dir='ltr'><strong>nulla</strong></span> <span class='ocrx_word' id='word_1_33' title='bbox 784 438 872 471; x_wconf 88' lang='lat' dir='ltr'><strong>ratio</strong></span> <span class='ocrx_word' id='word_1_34' title='bbox 899 444 988 471; x_wconf 87' lang='lat' dir='ltr'><strong>esset</strong></span> <span class='ocrx_word' id='word_1_35' title='bbox 1017 436 1113 480; x_wconf 90' lang='lat' dir='ltr'><strong>ligna</strong></span> 
     </span>
     <span class='ocr_line' id='line_1_8' title="bbox 124 486 1113 534; baseline -0.004 -11"><span class='ocrx_word' id='word_1_36' title='bbox 124 490 290 524; x_wconf 88' lang='lat' dir='ltr'><strong>caedendi</strong></span> <span class='ocrx_word' id='word_1_37' title='bbox 302 515 310 528; x_wconf 94' lang='lat'><strong>‚</strong></span> <span class='ocrx_word' id='word_1_38' title='bbox 337 496 371 523; x_wconf 89' lang='lat' dir='ltr'><strong>et</strong></span> <span class='ocrx_word' id='word_1_39' title='bbox 389 490 522 534; x_wconf 87' lang='lat' dir='ltr'><strong>lapides</strong></span> <span class='ocrx_word' id='word_1_40' title='bbox 539 490 758 534; x_wconf 90' lang='lat' dir='ltr'><strong>expoliendi,</strong></span> <span class='ocrx_word' id='word_1_41' title='bbox 785 495 817 522; x_wconf 91' lang='lat' dir='ltr'><strong>et</strong></span> <span class='ocrx_word' id='word_1_42' title='bbox 833 486 1113 532; x_wconf 87' lang='lat' dir='ltr'><strong>coagmentandi,</strong></span> 
     </span>
     <span class='ocr_line' id='line_1_9' title="bbox 123 537 1112 585; baseline -0.004 -11"><span class='ocrx_word' id='word_1_43' title='bbox 123 541 339 585; x_wconf 86' lang='lat' dir='ltr'><strong>experiundo</strong></span> <span class='ocrx_word' id='word_1_44' title='bbox 364 540 433 574; x_wconf 90' lang='lat' dir='ltr'><strong>iam</strong></span> <span class='ocrx_word' id='word_1_45' title='bbox 459 548 652 584; x_wconf 86' lang='lat' dir='ltr'><strong>agnoscunt</strong></span> <span class='ocrx_word' id='word_1_46' title='bbox 678 552 712 573; x_wconf 89' lang='lat' dir='ltr'><strong>se</strong></span> <span class='ocrx_word' id='word_1_47' title='bbox 731 540 836 574; x_wconf 88' lang='lat' dir='ltr'><strong>stulte</strong></span> <span class='ocrx_word' id='word_1_48' title='bbox 853 551 926 572; x_wconf 91' lang='lat' dir='ltr'><strong>rem</strong></span> <span class='ocrx_word' id='word_1_49' title='bbox 949 537 1112 581; x_wconf 89' lang='lat' dir='ltr'><strong>impossi-</strong></span> 
     </span>
     <span class='ocr_line' id='line_1_10' title="bbox 122 587 1113 626; baseline -0.005 -1"><span class='ocrx_word' id='word_1_50' title='bbox 122 591 231 625; x_wconf 90' lang='lat' dir='ltr'><strong>bilem</strong></span> <span class='ocrx_word' id='word_1_51' title='bbox 244 599 279 626; x_wconf 90' lang='lat' dir='ltr'><strong>et</strong></span> <span class='ocrx_word' id='word_1_52' title='bbox 296 591 446 624; x_wconf 87' lang='lat' dir='ltr'><strong>alienam</strong></span> <span class='ocrx_word' id='word_1_53' title='bbox 465 603 482 624; x_wconf 88' lang='lat' dir='ltr'><strong>a</strong></span> <span class='ocrx_word' id='word_1_54' title='bbox 498 603 558 626; x_wconf 88' lang='lat' dir='ltr'><strong>sua</strong></span> <span class='ocrx_word' id='word_1_55' title='bbox 576 599 700 625; x_wconf 88' lang='lat' dir='ltr'><strong>natura</strong></span> <span class='ocrx_word' id='word_1_56' title='bbox 722 590 861 624; x_wconf 87' lang='lat' dir='ltr'><strong>molitos</strong></span> <span class='ocrx_word' id='word_1_57' title='bbox 880 600 963 625; x_wconf 82' lang='lat' dir='ltr'><strong>esse.</strong></span> <span class='ocrx_word' id='word_1_58' title='bbox 1007 587 1113 621; x_wconf 91' lang='lat' dir='ltr'><strong>Tales</strong></span> 
     </span>
     <span class='ocr_line' id='line_1_11' title="bbox 123 639 1112 677; baseline -0.003 -2"><span class='ocrx_word' id='word_1_59' title='bbox 123 642 270 675; x_wconf 91' lang='lat' dir='ltr'><strong>omnino</strong></span> <span class='ocrx_word' id='word_1_60' title='bbox 300 649 382 676; x_wconf 87' lang='lat' dir='ltr'><strong>sunt</strong></span> <span class='ocrx_word' id='word_1_61' title='bbox 411 642 467 675; x_wconf 92' lang='lat' dir='ltr'><strong>isti</strong></span> <span class='ocrx_word' id='word_1_62' title='bbox 494 654 666 676; x_wconf 72' lang='lat' dir='ltr'><strong>novarum</strong></span> <span class='ocrx_word' id='word_1_63' title='bbox 694 641 873 674; x_wconf 85' lang='lat' dir='ltr'><strong>civitatum</strong></span> <span class='ocrx_word' id='word_1_64' title='bbox 901 639 1112 677; x_wconf 87' lang='lat' dir='ltr'><strong>conditores,</strong></span> 
     </span>
     <span class='ocr_line' id='line_1_12' title="bbox 122 691 1112 738; baseline -0.003 -12"><span class='ocrx_word' id='word_1_65' title='bbox 122 693 183 738; x_wconf 92' lang='lat' dir='ltr'><strong>qui</strong></span> <span class='ocrx_word' id='word_1_66' title='bbox 201 693 377 726; x_wconf 90' lang='lat' dir='ltr'><strong>somniant</strong></span> <span class='ocrx_word' id='word_1_67' title='bbox 397 705 486 725; x_wconf 80' lang='lat' dir='ltr'><strong>nova</strong></span> <span class='ocrx_word' id='word_1_68' title='bbox 509 693 598 727; x_wconf 83' lang='lat' dir='ltr'><strong>iura.</strong></span> <span class='ocrx_word' id='word_1_69' title='bbox 650 691 697 725; x_wconf 91' lang='lat' dir='ltr'><strong>Et</strong></span> <span class='ocrx_word' id='word_1_70' title='bbox 713 692 818 725; x_wconf 84' lang='lat' dir='ltr'><strong>fuisse</strong></span> <span class='ocrx_word' id='word_1_71' title='bbox 835 691 1001 724; x_wconf 89' lang='lat' dir='ltr'><strong>omnibus</strong></span> <span class='ocrx_word' id='word_1_72' title='bbox 1018 696 1112 723; x_wconf 91' lang='lat' dir='ltr'><strong>aeta-</strong></span> 
     </span>
     <span class='ocr_line' id='line_1_13' title="bbox 121 741 1112 783; baseline -0.006 -5"><span class='ocrx_word' id='word_1_73' title='bbox 121 744 218 778; x_wconf 79' lang='lat' dir='ltr'><strong>tibus</strong></span> <span class='ocrx_word' id='word_1_74' title='bbox 231 743 359 778; x_wconf 91' lang='lat' dir='ltr'><strong>multas</strong></span> <span class='ocrx_word' id='word_1_75' title='bbox 375 744 462 777; x_wconf 87' lang='lat' dir='ltr'><strong>tales</strong></span> <span class='ocrx_word' id='word_1_76' title='bbox 478 743 616 783; x_wconf 88' lang='lat' dir='ltr'><strong>simias,</strong></span> <span class='ocrx_word' id='word_1_77' title='bbox 642 742 811 776; x_wconf 83' lang='lat' dir='ltr'><strong>credibile</strong></span> <span class='ocrx_word' id='word_1_78' title='bbox 829 749 891 776; x_wconf 84' lang='lat' dir='ltr'><strong>est.</strong></span> <span class='ocrx_word' id='word_1_79' title='bbox 946 741 1014 776; x_wconf 92' lang='lat' dir='ltr'><strong>Sed</strong></span> <span class='ocrx_word' id='word_1_80' title='bbox 1044 752 1112 773; x_wconf 88' lang='lat' dir='ltr'><strong>no-</strong></span> 
     </span>
     <span class='ocr_line' id='line_1_14' title="bbox 121 791 1112 839; baseline -0.004 -11"><span class='ocrx_word' id='word_1_81' title='bbox 121 801 192 828; x_wconf 86' lang='lat' dir='ltr'><strong>stra</strong></span> <span class='ocrx_word' id='word_1_82' title='bbox 221 801 333 835; x_wconf 89' lang='lat' dir='ltr'><strong>aetas,</strong></span> <span class='ocrx_word' id='word_1_83' title='bbox 356 792 446 839; x_wconf 89' lang='lat' dir='ltr'><strong>proh</strong></span> <span class='ocrx_word' id='word_1_84' title='bbox 470 793 595 834; x_wconf 93' lang='lat' dir='ltr'><strong>dolor,</strong></span> <span class='ocrx_word' id='word_1_85' title='bbox 621 793 711 828; x_wconf 72' lang='lat' dir='ltr'><strong>vidit</strong></span> <span class='ocrx_word' id='word_1_86' title='bbox 731 792 919 837; x_wconf 87' lang='lat' dir='ltr'><strong>plurimas,</strong></span> <span class='ocrx_word' id='word_1_87' title='bbox 943 804 962 826; x_wconf 91' lang='lat' dir='ltr'><strong>a</strong></span> <span class='ocrx_word' id='word_1_88' title='bbox 983 791 1112 837; x_wconf 90' lang='lat' dir='ltr'><strong>quibus</strong></span> 
     </span>
     <span class='ocr_line' id='line_1_15' title="bbox 122 841 1111 888; baseline -0.003 -10"><span class='ocrx_word' id='word_1_89' title='bbox 122 852 198 879; x_wconf 87' lang='lat' dir='ltr'><strong>orta</strong></span> <span class='ocrx_word' id='word_1_90' title='bbox 213 851 264 879; x_wconf 90' lang='lat' dir='ltr'><strong>est</strong></span> <span class='ocrx_word' id='word_1_91' title='bbox 280 843 365 878; x_wconf 88' lang='lat' dir='ltr'><strong>haec</strong></span> <span class='ocrx_word' id='word_1_92' title='bbox 381 845 504 888; x_wconf 87' lang='lat' dir='ltr'><strong>ingens</strong></span> <span class='ocrx_word' id='word_1_93' title='bbox 520 844 716 885; x_wconf 83' lang='lat' dir='ltr'><strong>calamitas,</strong></span> <span class='ocrx_word' id='word_1_94' title='bbox 741 854 830 888; x_wconf 87' lang='lat' dir='ltr'><strong>quae</strong></span> <span class='ocrx_word' id='word_1_95' title='bbox 851 855 945 876; x_wconf 89' lang='lat' dir='ltr'><strong>nunc</strong></span> <span class='ocrx_word' id='word_1_96' title='bbox 962 841 1111 875; x_wconf 89' lang='lat' dir='ltr'><strong>Germa-</strong></span> 
     </span>
     <span class='ocr_line' id='line_1_16' title="bbox 121 893 1111 940; baseline -0.004 -11"><span class='ocrx_word' id='word_1_97' title='bbox 121 896 216 929; x_wconf 88' lang='lat' dir='ltr'><strong>niam</strong></span> <span class='ocrx_word' id='word_1_98' title='bbox 234 895 415 940; x_wconf 83' lang='lat' dir='ltr'><strong>oppressit.</strong></span> <span class='ocrx_word' id='word_1_99' title='bbox 469 894 608 938; x_wconf 80' lang='lat' dir='ltr'><strong>Quaeso</strong></span> <span class='ocrx_word' id='word_1_100' title='bbox 628 895 734 939; x_wconf 85' lang='lat' dir='ltr'><strong>igitur</strong></span> <span class='ocrx_word' id='word_1_101' title='bbox 748 906 809 927; x_wconf 79' lang='lat' dir='ltr'><strong>vos</strong></span> <span class='ocrx_word' id='word_1_102' title='bbox 827 894 952 937; x_wconf 90' lang='lat' dir='ltr'><strong>optimi</strong></span> <span class='ocrx_word' id='word_1_103' title='bbox 970 893 1111 926; x_wconf 89' lang='lat' dir='ltr'><strong>audito-</strong></span> 
     </span>
     <span class='ocr_line' id='line_1_17' title="bbox 120 942 1110 990; baseline -0.003 -11"><span class='ocrx_word' id='word_1_104' title='bbox 120 957 194 987; x_wconf 85' lang='lat' dir='ltr'><strong>res,</strong></span> <span class='ocrx_word' id='word_1_105' title='bbox 221 953 259 979; x_wconf 90' lang='lat' dir='ltr'><strong>ut</strong></span> <span class='ocrx_word' id='word_1_106' title='bbox 274 945 480 990; x_wconf 79' lang='lat' dir='ltr'><strong>sapientiam</strong></span> <span class='ocrx_word' id='word_1_107' title='bbox 504 957 576 979; x_wconf 90' lang='lat' dir='ltr'><strong>esse</strong></span> <span class='ocrx_word' id='word_1_108' title='bbox 599 953 630 979; x_wconf 90' lang='lat' dir='ltr'><strong>et</strong></span> <span class='ocrx_word' id='word_1_109' title='bbox 645 946 810 980; x_wconf 74' lang='lat' dir='ltr'><strong>virtutem</strong></span> <span class='ocrx_word' id='word_1_110' title='bbox 832 945 1008 984; x_wconf 87' lang='lat' dir='ltr'><strong>statuatis,</strong></span> <span class='ocrx_word' id='word_1_111' title='bbox 1034 942 1110 977; x_wconf 92' lang='lat' dir='ltr'><strong>Deo</strong></span> 
     </span>
     <span class='ocr_line' id='line_1_18' title="bbox 119 995 1111 1041; baseline -0.003 -11"><span class='ocrx_word' id='word_1_112' title='bbox 119 1003 253 1040; x_wconf 84' lang='lat' dir='ltr'><strong>gratam</strong></span> <span class='ocrx_word' id='word_1_113' title='bbox 270 1003 304 1030; x_wconf 89' lang='lat' dir='ltr'><strong>et</strong></span> <span class='ocrx_word' id='word_1_114' title='bbox 319 997 546 1030; x_wconf 85' lang='lat' dir='ltr'><strong>necessariam</strong></span> <span class='ocrx_word' id='word_1_115' title='bbox 561 997 741 1030; x_wconf 88' lang='lat' dir='ltr'><strong>communi</strong></span> <span class='ocrx_word' id='word_1_116' title='bbox 759 995 1029 1041; x_wconf 78' lang='lat' dir='ltr'><strong>tranquillitate,</strong></span> <span class='ocrx_word' id='word_1_117' title='bbox 1055 1006 1111 1027; x_wconf 90' lang='lat' dir='ltr'><strong>re-</strong></span> 
     </span>
     <span class='ocr_line' id='line_1_19' title="bbox 120 1047 1110 1090; baseline -0.003 -10"><span class='ocrx_word' id='word_1_118' title='bbox 120 1053 282 1080; x_wconf 78' lang='lat' dir='ltr'><strong>verenter</strong></span> <span class='ocrx_word' id='word_1_119' title='bbox 296 1047 425 1081; x_wconf 91' lang='lat' dir='ltr'><strong>sentire</strong></span> <span class='ocrx_word' id='word_1_120' title='bbox 442 1048 487 1081; x_wconf 91' lang='lat' dir='ltr'><strong>de</strong></span> <span class='ocrx_word' id='word_1_121' title='bbox 503 1048 632 1081; x_wconf 91' lang='lat' dir='ltr'><strong>usitato</strong></span> <span class='ocrx_word' id='word_1_122' title='bbox 653 1047 738 1088; x_wconf 88' lang='lat' dir='ltr'><strong>iure,</strong></span> <span class='ocrx_word' id='word_1_123' title='bbox 765 1054 797 1080; x_wconf 86' lang='lat' dir='ltr'><strong>et</strong></span> <span class='ocrx_word' id='word_1_124' title='bbox 813 1058 929 1079; x_wconf 86' lang='lat' dir='ltr'><strong>amare</strong></span> <span class='ocrx_word' id='word_1_125' title='bbox 947 1057 1110 1090; x_wconf 87' lang='lat' dir='ltr'><strong>praesen-</strong></span> 
     </span>
     <span class='ocr_line' id='line_1_20' title="bbox 119 1096 1110 1141; baseline -0.003 -10"><span class='ocrx_word' id='word_1_126' title='bbox 119 1104 170 1131; x_wconf 90' lang='lat' dir='ltr'><strong>tes</strong></span> <span class='ocrx_word' id='word_1_127' title='bbox 185 1098 294 1141; x_wconf 87' lang='lat' dir='ltr'><strong>leges,</strong></span> <span class='ocrx_word' id='word_1_128' title='bbox 322 1104 356 1132; x_wconf 88' lang='lat' dir='ltr'><strong>et</strong></span> <span class='ocrx_word' id='word_1_129' title='bbox 380 1110 435 1131; x_wconf 88' lang='lat' dir='ltr'><strong>eas</strong></span> <span class='ocrx_word' id='word_1_130' title='bbox 458 1104 656 1132; x_wconf 74' lang='lat' dir='ltr'><strong>constanter</strong></span> <span class='ocrx_word' id='word_1_131' title='bbox 679 1097 783 1131; x_wconf 85' lang='lat' dir='ltr'><strong>tueri.</strong></span> <span class='ocrx_word' id='word_1_132' title='bbox 835 1096 868 1129; x_wconf 89' lang='lat' dir='ltr'>E</span> <span class='ocrx_word' id='word_1_133' title='bbox 889 1103 1010 1129; x_wconf 92' lang='lat' dir='ltr'><strong>contra</strong></span> <span class='ocrx_word' id='word_1_134' title='bbox 1027 1108 1110 1128; x_wconf 80' lang='lat' dir='ltr'><strong>vero</strong></span> 
     </span>
     <span class='ocr_line' id='line_1_21' title="bbox 120 1142 1110 1190; baseline -0.002 -9"><span class='ocrx_word' id='word_1_135' title='bbox 120 1148 295 1183; x_wconf 83' lang='lat' dir='ltr'><strong>levitatem</strong></span> <span class='ocrx_word' id='word_1_136' title='bbox 313 1142 405 1189; x_wconf 80' lang='lat' dir='ltr'><strong>esse,</strong></span> <span class='ocrx_word' id='word_1_137' title='bbox 432 1148 680 1189; x_wconf 71' lang='lat' dir='ltr'><strong>curiositatem,</strong></span> <span class='ocrx_word' id='word_1_138' title='bbox 709 1147 922 1187; x_wconf 84' lang='lat' dir='ltr'><strong>sutilitatem,</strong></span> <span class='ocrx_word' id='word_1_139' title='bbox 949 1147 1110 1190; x_wconf 89' lang='lat' dir='ltr'><strong>petulan-</strong></span> 
     </span>
     <span class='ocr_line' id='line_1_22' title="bbox 118 1198 1110 1241; baseline -0.003 -9"><span class='ocrx_word' id='word_1_140' title='bbox 118 1199 204 1232; x_wconf 83' lang='lat' dir='ltr'><strong>tiam</strong></span> <span class='ocrx_word' id='word_1_141' title='bbox 229 1206 262 1232; x_wconf 90' lang='lat' dir='ltr'><strong>et</strong></span> <span class='ocrx_word' id='word_1_142' title='bbox 278 1198 465 1232; x_wconf 79' lang='lat' dir='ltr'><strong>amentiam</strong></span> <span class='ocrx_word' id='word_1_143' title='bbox 489 1198 718 1239; x_wconf 79' lang='lat' dir='ltr'><strong>diabolicam,</strong></span> <span class='ocrx_word' id='word_1_144' title='bbox 746 1205 779 1231; x_wconf 89' lang='lat' dir='ltr'><strong>et</strong></span> <span class='ocrx_word' id='word_1_145' title='bbox 804 1198 1034 1241; x_wconf 87' lang='lat' dir='ltr'><strong>perniciosam</strong></span> <span class='ocrx_word' id='word_1_146' title='bbox 1052 1208 1110 1240; x_wconf 87' lang='lat' dir='ltr'><strong>ge-</strong></span> 
     </span>
     <span class='ocr_line' id='line_1_23' title="bbox 118 1247 1110 1293; baseline -0.003 -10"><span class='ocrx_word' id='word_1_147' title='bbox 118 1249 194 1283; x_wconf 87' lang='lat' dir='ltr'><strong>neri</strong></span> <span class='ocrx_word' id='word_1_148' title='bbox 219 1247 394 1289; x_wconf 86' lang='lat' dir='ltr'><strong>humano,</strong></span> <span class='ocrx_word' id='word_1_149' title='bbox 421 1250 577 1283; x_wconf 85' lang='lat' dir='ltr'><strong>cavillari</strong></span> <span class='ocrx_word' id='word_1_150' title='bbox 602 1255 800 1293; x_wconf 79' lang='lat' dir='ltr'><strong>praesentes</strong></span> <span class='ocrx_word' id='word_1_151' title='bbox 821 1248 930 1291; x_wconf 82' lang='lat' dir='ltr'><strong>leges,</strong></span> <span class='ocrx_word' id='word_1_152' title='bbox 960 1255 993 1281; x_wconf 91' lang='lat' dir='ltr'><strong>et</strong></span> <span class='ocrx_word' id='word_1_153' title='bbox 1009 1247 1110 1293; x_wconf 90' lang='lat' dir='ltr'><strong>quasi</strong></span> 
     </span>
     <span class='ocr_line' id='line_1_24' title="bbox 120 1298 1110 1344; baseline -0.003 -11"><span class='ocrx_word' id='word_1_154' title='bbox 120 1300 303 1333; x_wconf 88' lang='lat' dir='ltr'><strong>columnas</strong></span> <span class='ocrx_word' id='word_1_155' title='bbox 327 1300 363 1333; x_wconf 94' lang='lat' dir='ltr'><strong>in</strong></span> <span class='ocrx_word' id='word_1_156' title='bbox 383 1300 540 1333; x_wconf 85' lang='lat' dir='ltr'><strong>aedificio</strong></span> <span class='ocrx_word' id='word_1_157' title='bbox 564 1300 732 1344; x_wconf 89' lang='lat' dir='ltr'><strong>paulatim</strong></span> <span class='ocrx_word' id='word_1_158' title='bbox 756 1299 954 1342; x_wconf 88' lang='lat' dir='ltr'><strong>impellere,</strong></span> <span class='ocrx_word' id='word_1_159' title='bbox 981 1298 1110 1344; x_wconf 90' lang='lat' dir='ltr'><strong>quibus</strong></span> 
     </span>
     <span class='ocr_line' id='line_1_25' title="bbox 120 1349 1111 1384; baseline -0.002 -1"><span class='ocrx_word' id='word_1_160' title='bbox 120 1349 248 1384; x_wconf 77' lang='lat' dir='ltr'><strong>eversis</strong></span> <span class='ocrx_word' id='word_1_161' title='bbox 270 1357 378 1383; x_wconf 91' lang='lat' dir='ltr'><strong>totam</strong></span> <span class='ocrx_word' id='word_1_162' title='bbox 399 1351 542 1384; x_wconf 89' lang='lat' dir='ltr'><strong>domum</strong></span> <span class='ocrx_word' id='word_1_163' title='bbox 559 1351 687 1384; x_wconf 89' lang='lat' dir='ltr'><strong>collabi</strong></span> <span class='ocrx_word' id='word_1_164' title='bbox 714 1361 852 1383; x_wconf 89' lang='lat' dir='ltr'><strong>necesse</strong></span> <span class='ocrx_word' id='word_1_165' title='bbox 868 1357 929 1383; x_wconf 91' lang='lat' dir='ltr'><strong>est.</strong></span> <span class='ocrx_word' id='word_1_166' title='bbox 983 1349 1029 1383; x_wconf 92' lang='lat' dir='ltr'><strong>Ut</strong></span> <span class='ocrx_word' id='word_1_167' title='bbox 1049 1361 1111 1382; x_wconf 91' lang='lat' dir='ltr'><strong>au-</strong></span> 
     </span>
     <span class='ocr_line' id='line_1_26' title="bbox 119 1398 1111 1440; baseline -0.001 -7"><span class='ocrx_word' id='word_1_168' title='bbox 119 1407 187 1434; x_wconf 92' lang='lat' dir='ltr'><strong>tem</strong></span> <span class='ocrx_word' id='word_1_169' title='bbox 209 1398 274 1434; x_wconf 90' lang='lat' dir='ltr'><strong>hac</strong></span> <span class='ocrx_word' id='word_1_170' title='bbox 295 1401 467 1434; x_wconf 89' lang='lat' dir='ltr'><strong>sententia</strong></span> <span class='ocrx_word' id='word_1_171' title='bbox 484 1402 737 1435; x_wconf 87' lang='lat' dir='ltr'><strong>confirmentur</strong></span> <span class='ocrx_word' id='word_1_172' title='bbox 754 1401 886 1440; x_wconf 86' lang='lat' dir='ltr'><strong>animi,</strong></span> <span class='ocrx_word' id='word_1_173' title='bbox 913 1411 1011 1432; x_wconf 73' lang='lat' dir='ltr'><strong>veras</strong></span> <span class='ocrx_word' id='word_1_174' title='bbox 1028 1411 1111 1433; x_wconf 92' lang='lat' dir='ltr'><strong>cau-</strong></span> 
     </span>
     <span class='ocr_line' id='line_1_27' title="bbox 119 1449 1109 1497; baseline -0.001 -13"><span class='ocrx_word' id='word_1_175' title='bbox 119 1462 173 1484; x_wconf 88' lang='lat' dir='ltr'><strong>sas</strong></span> <span class='ocrx_word' id='word_1_176' title='bbox 187 1451 274 1485; x_wconf 88' lang='lat' dir='ltr'><strong>scire</strong></span> <span class='ocrx_word' id='word_1_177' title='bbox 291 1458 444 1496; x_wconf 87' lang='lat' dir='ltr'><strong>oportet:</strong></span> <span class='ocrx_word' id='word_1_178' title='bbox 466 1450 524 1485; x_wconf 86' lang='lat' dir='ltr'><strong>An</strong></span> <span class='ocrx_word' id='word_1_179' title='bbox 535 1459 566 1485; x_wconf 92' lang='lat' dir='ltr'><strong>et</strong></span> <span class='ocrx_word' id='word_1_180' title='bbox 577 1464 683 1497; x_wconf 76' lang='lat' dir='ltr'><strong>quare</strong></span> <span class='ocrx_word' id='word_1_181' title='bbox 700 1449 764 1485; x_wconf 90' lang='lat' dir='ltr'><strong>hae</strong></span> <span class='ocrx_word' id='word_1_182' title='bbox 781 1457 920 1484; x_wconf 86' lang='lat' dir='ltr'><strong>nostrae</strong></span> <span class='ocrx_word' id='word_1_183' title='bbox 935 1451 1025 1494; x_wconf 88' lang='lat' dir='ltr'><strong>leges</strong></span> <span class='ocrx_word' id='word_1_184' title='bbox 1034 1449 1109 1484; x_wconf 86' lang='lat' dir='ltr'><strong>Deo</strong></span> 
     </span>
     <span class='ocr_line' id='line_1_28' title="bbox 117 1498 1110 1546; baseline 0 -11"><span class='ocrx_word' id='word_1_185' title='bbox 117 1502 287 1546; x_wconf 85' lang='lat' dir='ltr'><strong>placeant.</strong></span> <span class='ocrx_word' id='word_1_186' title='bbox 346 1501 546 1536; x_wconf 89' lang='lat' dir='ltr'><strong>Sumendae</strong></span> <span class='ocrx_word' id='word_1_187' title='bbox 576 1510 659 1537; x_wconf 87' lang='lat' dir='ltr'><strong>sunt</strong></span> <span class='ocrx_word' id='word_1_188' title='bbox 689 1510 805 1537; x_wconf 89' lang='lat' dir='ltr'><strong>autem</strong></span> <span class='ocrx_word' id='word_1_189' title='bbox 836 1498 902 1535; x_wconf 89' lang='lat' dir='ltr'><strong>hae</strong></span> <span class='ocrx_word' id='word_1_190' title='bbox 923 1513 1046 1535; x_wconf 91' lang='lat' dir='ltr'><strong>causae</strong></span> <span class='ocrx_word' id='word_1_191' title='bbox 1071 1513 1110 1534; x_wconf 86' lang='lat' dir='ltr'><strong>ex</strong></span> 
     </span>
     <span class='ocr_line' id='line_1_29' title="bbox 116 1550 365 1588; baseline 0.008 -3"><span class='ocrx_word' id='word_1_192' title='bbox 116 1550 173 1586; x_wconf 84' lang='lat' dir='ltr'><strong>his</strong></span> <span class='ocrx_word' id='word_1_193' title='bbox 194 1553 365 1588; x_wconf 83' lang='lat' dir='ltr'><strong>fontibus.</strong></span> 
     </span>
    </p>
   </div>
   <div class='ocr_carea' id='block_1_5' title="bbox 112 1651 1110 2762">
    <p class='ocr_par' dir='ltr' id='par_1_5' title="bbox 112 1651 1110 2762">
     <span class='ocr_line' id='line_1_30' title="bbox 221 1651 1109 1696; baseline -0.001 -10"><span class='ocrx_word' id='word_1_194' title='bbox 221 1651 348 1696; x_wconf 88' lang='lat' dir='ltr'><strong>Ingens</strong></span> <span class='ocrx_word' id='word_1_195' title='bbox 366 1653 556 1686; x_wconf 88' lang='lat' dir='ltr'><strong>discrimen</strong></span> <span class='ocrx_word' id='word_1_196' title='bbox 574 1659 625 1687; x_wconf 91' lang='lat' dir='ltr'><strong>est</strong></span> <span class='ocrx_word' id='word_1_197' title='bbox 639 1653 733 1686; x_wconf 88' lang='lat' dir='ltr'><strong>inter</strong></span> <span class='ocrx_word' id='word_1_198' title='bbox 745 1651 979 1695; x_wconf 88' lang='lat' dir='ltr'><strong>Evangelium</strong></span> <span class='ocrx_word' id='word_1_199' title='bbox 995 1659 1109 1696; x_wconf 78' lang='lat' dir='ltr'><strong>etpo-</strong></span> 
     </span>
     <span class='ocr_line' id='line_1_31' title="bbox 118 1701 1109 1747; baseline 0 -11"><span class='ocrx_word' id='word_1_200' title='bbox 118 1703 248 1737; x_wconf 86' lang='lat' dir='ltr'><strong>liticam</strong></span> <span class='ocrx_word' id='word_1_201' title='bbox 265 1703 568 1747; x_wconf 86' lang='lat' dir='ltr'><strong>gubernationem.</strong></span> <span class='ocrx_word' id='word_1_202' title='bbox 603 1702 666 1738; x_wconf 88' lang='lat' dir='ltr'><strong>Est</strong></span> <span class='ocrx_word' id='word_1_203' title='bbox 683 1704 776 1737; x_wconf 90' lang='lat' dir='ltr'><strong>enim</strong></span> <span class='ocrx_word' id='word_1_204' title='bbox 794 1701 1027 1747; x_wconf 89' lang='lat' dir='ltr'><strong>Evangelium</strong></span> <span class='ocrx_word' id='word_1_205' title='bbox 1041 1715 1109 1737; x_wconf 75' lang='lat' dir='ltr'><strong>,vox</strong></span> 
     </span>
     <span class='ocr_line' id='line_1_32' title="bbox 117 1754 1108 1799; baseline -0.001 -12"><span class='ocrx_word' id='word_1_206' title='bbox 117 1754 256 1794; x_wconf 78' lang='lat' dir='ltr'><strong>divina,</strong></span> <span class='ocrx_word' id='word_1_207' title='bbox 282 1761 426 1799; x_wconf 90' lang='lat' dir='ltr'><strong>propter</strong></span> <span class='ocrx_word' id='word_1_208' title='bbox 451 1755 563 1788; x_wconf 86' lang='lat' dir='ltr'><strong>filium</strong></span> <span class='ocrx_word' id='word_1_209' title='bbox 590 1754 657 1788; x_wconf 89' lang='lat' dir='ltr'><strong>Dei</strong></span> <span class='ocrx_word' id='word_1_210' title='bbox 680 1755 841 1787; x_wconf 91' lang='lat' dir='ltr'><strong>adferens</strong></span> <span class='ocrx_word' id='word_1_211' title='bbox 866 1754 1108 1787; x_wconf 89' lang='lat' dir='ltr'><strong>remissionem</strong></span> 
     </span>
     <span class='ocr_line' id='line_1_33' title="bbox 116 1802 1110 1848; baseline -0.002 -10"><span class='ocrx_word' id='word_1_212' title='bbox 116 1811 350 1848; x_wconf 84' lang='lat' dir='ltr'><strong>peccatorum,</strong></span> <span class='ocrx_word' id='word_1_213' title='bbox 368 1811 401 1838; x_wconf 90' lang='lat' dir='ltr'><strong>et</strong></span> <span class='ocrx_word' id='word_1_214' title='bbox 416 1805 529 1838; x_wconf 89' lang='lat' dir='ltr'><strong>lucem</strong></span> <span class='ocrx_word' id='word_1_215' title='bbox 547 1817 586 1837; x_wconf 88' lang='lat' dir='ltr'><strong>ac</strong></span> <span class='ocrx_word' id='word_1_216' title='bbox 600 1805 769 1838; x_wconf 89' lang='lat' dir='ltr'><strong>iustitiam</strong></span> <span class='ocrx_word' id='word_1_217' title='bbox 787 1805 914 1844; x_wconf 85' lang='lat' dir='ltr'><strong>cordis,</strong></span> <span class='ocrx_word' id='word_1_218' title='bbox 934 1815 972 1837; x_wconf 91' lang='lat' dir='ltr'><strong>ac</strong></span> <span class='ocrx_word' id='word_1_219' title='bbox 989 1802 1110 1837; x_wconf 86' lang='lat' dir='ltr'><strong>haere-</strong></span> 
     </span>
     <span class='ocr_line' id='line_1_34' title="bbox 116 1854 1108 1898; baseline -0.002 -10"><span class='ocrx_word' id='word_1_220' title='bbox 116 1855 262 1889; x_wconf 88' lang='lat' dir='ltr'><strong>ditatem</strong></span> <span class='ocrx_word' id='word_1_221' title='bbox 280 1854 371 1887; x_wconf 89' lang='lat' dir='ltr'><strong>vitae</strong></span> <span class='ocrx_word' id='word_1_222' title='bbox 396 1862 574 1895; x_wconf 86' lang='lat' dir='ltr'><strong>aeternae,</strong></span> <span class='ocrx_word' id='word_1_223' title='bbox 601 1855 816 1898; x_wconf 87' lang='lat' dir='ltr'><strong>ubicumque</strong></span> <span class='ocrx_word' id='word_1_224' title='bbox 842 1861 923 1887; x_wconf 90' lang='lat' dir='ltr'><strong>sunt</strong></span> <span class='ocrx_word' id='word_1_225' title='bbox 945 1855 1048 1887; x_wconf 87' lang='lat' dir='ltr'><strong>etiam</strong></span> <span class='ocrx_word' id='word_1_226' title='bbox 1071 1854 1108 1886; x_wconf 93' lang='lat' dir='ltr'><strong>in</strong></span> 
     </span>
     <span class='ocr_line' id='line_1_35' title="bbox 117 1904 1109 1949; baseline -0.001 -11"><span class='ocrx_word' id='word_1_227' title='bbox 117 1905 265 1939; x_wconf 73' lang='lat' dir='ltr'><strong>diversis</strong></span> <span class='ocrx_word' id='word_1_228' title='bbox 279 1905 446 1949; x_wconf 80' lang='lat' dir='ltr'><strong>imperiis.</strong></span> <span class='ocrx_word' id='word_1_229' title='bbox 493 1904 538 1939; x_wconf 89' lang='lat' dir='ltr'><strong>Ut</strong></span> <span class='ocrx_word' id='word_1_230' title='bbox 555 1904 647 1937; x_wconf 91' lang='lat' dir='ltr'><strong>enim</strong></span> <span class='ocrx_word' id='word_1_231' title='bbox 666 1905 814 1937; x_wconf 88' lang='lat' dir='ltr'><strong>diversis</strong></span> <span class='ocrx_word' id='word_1_232' title='bbox 829 1904 966 1937; x_wconf 90' lang='lat' dir='ltr'><strong>dierum</strong></span> <span class='ocrx_word' id='word_1_233' title='bbox 983 1905 1109 1948; x_wconf 89' lang='lat' dir='ltr'><strong>spaciis</strong></span> 
     </span>
     <span class='ocr_line' id='line_1_36' title="bbox 115 1954 1108 1999; baseline -0.001 -10"><span class='ocrx_word' id='word_1_234' title='bbox 115 1956 153 1989; x_wconf 87' lang='lat' dir='ltr'><strong>in</strong></span> <span class='ocrx_word' id='word_1_235' title='bbox 171 1956 318 1990; x_wconf 89' lang='lat' dir='ltr'><strong>diversis</strong></span> <span class='ocrx_word' id='word_1_236' title='bbox 343 1956 429 1988; x_wconf 91' lang='lat' dir='ltr'><strong>locis</strong></span> <span class='ocrx_word' id='word_1_237' title='bbox 449 1955 497 1999; x_wconf 91' lang='lat' dir='ltr'><strong>pii</strong></span> <span class='ocrx_word' id='word_1_238' title='bbox 519 1961 687 1995; x_wconf 88' lang='lat' dir='ltr'><strong>utuntur,</strong></span> <span class='ocrx_word' id='word_1_239' title='bbox 710 1955 756 1988; x_wconf 91' lang='lat' dir='ltr'><strong>ita</strong></span> <span class='ocrx_word' id='word_1_240' title='bbox 776 1955 813 1987; x_wconf 92' lang='lat' dir='ltr'><strong>in</strong></span> <span class='ocrx_word' id='word_1_241' title='bbox 830 1954 976 1988; x_wconf 81' lang='lat' dir='ltr'><strong>diversis</strong></span> <span class='ocrx_word' id='word_1_242' title='bbox 996 1955 1108 1999; x_wconf 89' lang='lat' dir='ltr'><strong>impe-</strong></span> 
     </span>
     <span class='ocr_line' id='line_1_37' title="bbox 115 2005 1107 2049; baseline -0.001 -10"><span class='ocrx_word' id='word_1_243' title='bbox 115 2007 180 2040; x_wconf 87' lang='lat' dir='ltr'><strong>riis</strong></span> <span class='ocrx_word' id='word_1_244' title='bbox 201 2017 241 2040; x_wconf 90' lang='lat' dir='ltr'><strong>ac</strong></span> <span class='ocrx_word' id='word_1_245' title='bbox 258 2006 490 2039; x_wconf 86' lang='lat' dir='ltr'><strong>dissimilibus</strong></span> <span class='ocrx_word' id='word_1_246' title='bbox 515 2006 649 2048; x_wconf 85' lang='lat' dir='ltr'><strong>legibus</strong></span> <span class='ocrx_word' id='word_1_247' title='bbox 667 2005 783 2038; x_wconf 77' lang='lat' dir='ltr'><strong>vivere</strong></span> <span class='ocrx_word' id='word_1_248' title='bbox 800 2013 957 2049; x_wconf 90' lang='lat' dir='ltr'><strong>possunt.</strong></span> <span class='ocrx_word' id='word_1_249' title='bbox 1010 2005 1107 2039; x_wconf 84' lang='lat' dir='ltr'><strong>Poli-</strong></span> 
     </span>
     <span class='ocr_line' id='line_1_38' title="bbox 115 2056 1107 2100; baseline -0.003 -9"><span class='ocrx_word' id='word_1_250' title='bbox 115 2057 184 2092; x_wconf 88' lang='lat' dir='ltr'><strong>tica</strong></span> <span class='ocrx_word' id='word_1_251' title='bbox 202 2063 317 2091; x_wconf 89' lang='lat' dir='ltr'><strong>autem</strong></span> <span class='ocrx_word' id='word_1_252' title='bbox 347 2057 554 2100; x_wconf 86' lang='lat' dir='ltr'><strong>gubernatio</strong></span> <span class='ocrx_word' id='word_1_253' title='bbox 585 2063 761 2089; x_wconf 87' lang='lat' dir='ltr'><strong>externam</strong></span> <span class='ocrx_word' id='word_1_254' title='bbox 784 2056 1025 2100; x_wconf 88' lang='lat' dir='ltr'><strong>disciplinam,</strong></span> <span class='ocrx_word' id='word_1_255' title='bbox 1052 2057 1107 2089; x_wconf 93' lang='lat' dir='ltr'><strong>di-</strong></span> 
     </span>
     <span class='ocr_line' id='line_1_39' title="bbox 115 2106 1107 2147; baseline -0.001 -5"><span class='ocrx_word' id='word_1_256' title='bbox 115 2108 339 2142; x_wconf 87' lang='lat' dir='ltr'><strong>stinctionem</strong></span> <span class='ocrx_word' id='word_1_257' title='bbox 364 2107 626 2147; x_wconf 85' lang='lat' dir='ltr'><strong>dominiorum,</strong></span> <span class='ocrx_word' id='word_1_258' title='bbox 662 2113 880 2145; x_wconf 83' lang='lat' dir='ltr'><strong>contractus,</strong></span> <span class='ocrx_word' id='word_1_259' title='bbox 913 2106 1042 2140; x_wconf 88' lang='lat' dir='ltr'><strong>iudicia</strong></span> <span class='ocrx_word' id='word_1_260' title='bbox 1073 2115 1107 2141; x_wconf 93' lang='lat' dir='ltr'><strong>et</strong></span> 
     </span>
     <span class='ocr_line' id='line_1_40' title="bbox 115 2157 1104 2203; baseline -0.001 -11"><span class='ocrx_word' id='word_1_261' title='bbox 115 2169 246 2203; x_wconf 89' lang='lat' dir='ltr'><strong>poenas</strong></span> <span class='ocrx_word' id='word_1_262' title='bbox 269 2158 368 2201; x_wconf 90' lang='lat' dir='ltr'><strong>regit.</strong></span> <span class='ocrx_word' id='word_1_263' title='bbox 429 2157 476 2192; x_wconf 90' lang='lat' dir='ltr'><strong>Et</strong></span> <span class='ocrx_word' id='word_1_264' title='bbox 496 2166 534 2192; x_wconf 85' lang='lat' dir='ltr'><strong>ut</strong></span> <span class='ocrx_word' id='word_1_265' title='bbox 561 2169 790 2191; x_wconf 87' lang='lat' dir='ltr'><strong>numerorum</strong></span> <span class='ocrx_word' id='word_1_266' title='bbox 818 2157 961 2191; x_wconf 91' lang='lat' dir='ltr'><strong>scientia</strong></span> <span class='ocrx_word' id='word_1_267' title='bbox 984 2158 1104 2191; x_wconf 89' lang='lat' dir='ltr'><strong>lumen</strong></span> 
     </span>
     <span class='ocr_line' id='line_1_41' title="bbox 116 2208 1106 2252; baseline -0.001 -9"><span class='ocrx_word' id='word_1_268' title='bbox 116 2216 167 2243; x_wconf 90' lang='lat' dir='ltr'><strong>est</strong></span> <span class='ocrx_word' id='word_1_269' title='bbox 181 2209 353 2243; x_wconf 78' lang='lat' dir='ltr'><strong>divinitus</strong></span> <span class='ocrx_word' id='word_1_270' title='bbox 368 2209 515 2243; x_wconf 86' lang='lat' dir='ltr'><strong>insitum</strong></span> <span class='ocrx_word' id='word_1_271' title='bbox 536 2209 734 2248; x_wconf 89' lang='lat' dir='ltr'><strong>mentibus,</strong></span> <span class='ocrx_word' id='word_1_272' title='bbox 761 2220 823 2241; x_wconf 91' lang='lat' dir='ltr'><strong>nec</strong></span> <span class='ocrx_word' id='word_1_273' title='bbox 846 2208 1013 2252; x_wconf 89' lang='lat' dir='ltr'><strong>impedit,</strong></span> <span class='ocrx_word' id='word_1_274' title='bbox 1042 2221 1106 2242; x_wconf 92' lang='lat' dir='ltr'><strong>nec</strong></span> 
     </span>
     <span class='ocr_line' id='line_1_42' title="bbox 114 2257 1106 2304; baseline 0 -11"><span class='ocrx_word' id='word_1_275' title='bbox 114 2260 209 2294; x_wconf 87' lang='lat' dir='ltr'><strong>delet</strong></span> <span class='ocrx_word' id='word_1_276' title='bbox 227 2257 480 2302; x_wconf 88' lang='lat' dir='ltr'><strong>Evangelium,</strong></span> <span class='ocrx_word' id='word_1_277' title='bbox 507 2260 553 2293; x_wconf 90' lang='lat' dir='ltr'><strong>ita</strong></span> <span class='ocrx_word' id='word_1_278' title='bbox 574 2259 716 2304; x_wconf 88' lang='lat' dir='ltr'><strong>politica</strong></span> <span class='ocrx_word' id='word_1_279' title='bbox 734 2259 902 2302; x_wconf 87' lang='lat' dir='ltr'><strong>sapientia</strong></span> <span class='ocrx_word' id='word_1_280' title='bbox 921 2271 960 2292; x_wconf 88' lang='lat' dir='ltr'><strong>ex</strong></span> <span class='ocrx_word' id='word_1_281' title='bbox 978 2259 1106 2293; x_wconf 86' lang='lat' dir='ltr'><strong>firmis-</strong></span> 
     </span>
     <span class='ocr_line' id='line_1_43' title="bbox 115 2309 1105 2356; baseline 0 -12"><span class='ocrx_word' id='word_1_282' title='bbox 115 2310 212 2344; x_wconf 89' lang='lat' dir='ltr'><strong>simis</strong></span> <span class='ocrx_word' id='word_1_283' title='bbox 229 2310 367 2344; x_wconf 91' lang='lat' dir='ltr'><strong>notitiis</strong></span> <span class='ocrx_word' id='word_1_284' title='bbox 383 2311 569 2351; x_wconf 80' lang='lat' dir='ltr'><strong>extruitur,</strong></span> <span class='ocrx_word' id='word_1_285' title='bbox 594 2323 682 2356; x_wconf 88' lang='lat' dir='ltr'><strong>quae</strong></span> <span class='ocrx_word' id='word_1_286' title='bbox 697 2310 869 2343; x_wconf 85' lang='lat' dir='ltr'><strong>divinitus</strong></span> <span class='ocrx_word' id='word_1_287' title='bbox 885 2309 1009 2343; x_wconf 90' lang='lat' dir='ltr'><strong>insitae</strong></span> <span class='ocrx_word' id='word_1_288' title='bbox 1023 2318 1105 2344; x_wconf 90' lang='lat' dir='ltr'><strong>sunt</strong></span> 
     </span>
     <span class='ocr_line' id='line_1_44' title="bbox 114 2359 1103 2405; baseline 0.002 -11"><span class='ocrx_word' id='word_1_289' title='bbox 114 2359 279 2394; x_wconf 86' lang='lat' dir='ltr'><strong>humanis</strong></span> <span class='ocrx_word' id='word_1_290' title='bbox 309 2361 507 2402; x_wconf 89' lang='lat' dir='ltr'><strong>mentibus,</strong></span> <span class='ocrx_word' id='word_1_291' title='bbox 543 2373 604 2394; x_wconf 87' lang='lat' dir='ltr'><strong>nec</strong></span> <span class='ocrx_word' id='word_1_292' title='bbox 641 2361 858 2405; x_wconf 88' lang='lat' dir='ltr'><strong>impediunt,</strong></span> <span class='ocrx_word' id='word_1_293' title='bbox 892 2372 955 2393; x_wconf 88' lang='lat' dir='ltr'><strong>nec</strong></span> <span class='ocrx_word' id='word_1_294' title='bbox 987 2361 1103 2396; x_wconf 91' lang='lat' dir='ltr'><strong>delent</strong></span> 
     </span>
     <span class='ocr_line' id='line_1_45' title="bbox 112 2409 1104 2457; baseline 0.001 -12"><span class='ocrx_word' id='word_1_295' title='bbox 112 2409 360 2455; x_wconf 85' lang='lat' dir='ltr'><strong>Evangelium.</strong></span> <span class='ocrx_word' id='word_1_296' title='bbox 419 2411 490 2445; x_wconf 69' lang='lat' dir='ltr'><strong>&#39;Nec</strong></span> <span class='ocrx_word' id='word_1_297' title='bbox 517 2412 628 2445; x_wconf 79' lang='lat' dir='ltr'><strong>voluit</strong></span> <span class='ocrx_word' id='word_1_298' title='bbox 660 2412 753 2445; x_wconf 89' lang='lat' dir='ltr'><strong>Deus</strong></span> <span class='ocrx_word' id='word_1_299' title='bbox 785 2423 941 2456; x_wconf 81' lang='lat' dir='ltr'><strong>uuquam</strong></span> <span class='ocrx_word' id='word_1_300' title='bbox 968 2413 1104 2457; x_wconf 90' lang='lat' dir='ltr'><strong>quoties</strong></span> 
     </span>
     <span class='ocr_line' id='line_1_46' title="bbox 113 2460 1103 2507; baseline -0.001 -10"><span class='ocrx_word' id='word_1_301' title='bbox 113 2469 233 2507; x_wconf 87' lang='lat' dir='ltr'><strong>gentes</strong></span> <span class='ocrx_word' id='word_1_302' title='bbox 258 2463 301 2495; x_wconf 91' lang='lat' dir='ltr'><strong>ad</strong></span> <span class='ocrx_word' id='word_1_303' title='bbox 325 2463 523 2496; x_wconf 90' lang='lat' dir='ltr'><strong>societatem</strong></span> <span class='ocrx_word' id='word_1_304' title='bbox 546 2460 724 2495; x_wconf 87' lang='lat' dir='ltr'><strong>Ecclesiae</strong></span> <span class='ocrx_word' id='word_1_305' title='bbox 748 2474 828 2496; x_wconf 87' lang='lat' dir='ltr'><strong>suae</strong></span> <span class='ocrx_word' id='word_1_306' title='bbox 847 2462 1001 2502; x_wconf 79' lang='lat' dir='ltr'><strong>vocavit,</strong></span> <span class='ocrx_word' id='word_1_307' title='bbox 1036 2463 1103 2496; x_wconf 92' lang='lat' dir='ltr'><strong>im-</strong></span> 
     </span>
     <span class='ocr_line' id='line_1_47' title="bbox 113 2512 1101 2558; baseline 0 -11"><span class='ocrx_word' id='word_1_308' title='bbox 113 2525 244 2558; x_wconf 87' lang='lat' dir='ltr'><strong>ponere</strong></span> <span class='ocrx_word' id='word_1_309' title='bbox 273 2513 432 2557; x_wconf 86' lang='lat' dir='ltr'><strong>politiam</strong></span> <span class='ocrx_word' id='word_1_310' title='bbox 459 2513 667 2554; x_wconf 86' lang='lat' dir='ltr'><strong>Mosaicam‚</strong></span> <span class='ocrx_word' id='word_1_311' title='bbox 702 2514 761 2546; x_wconf 86' lang='lat' dir='ltr'><strong>sed</strong></span> <span class='ocrx_word' id='word_1_312' title='bbox 795 2512 939 2556; x_wconf 83' lang='lat' dir='ltr'><strong>imperia</strong></span> <span class='ocrx_word' id='word_1_313' title='bbox 967 2512 1101 2557; x_wconf 83' lang='lat' dir='ltr'><strong>singula</strong></span> 
     </span>
     <span class='ocr_line' id='line_1_48' title="bbox 113 2562 1100 2608; baseline 0 -11"><span class='ocrx_word' id='word_1_314' title='bbox 113 2564 186 2597; x_wconf 87' lang='lat' dir='ltr'><strong>suis</strong></span> <span class='ocrx_word' id='word_1_315' title='bbox 207 2564 343 2608; x_wconf 90' lang='lat' dir='ltr'><strong>legibus</strong></span> <span class='ocrx_word' id='word_1_316' title='bbox 361 2565 432 2606; x_wconf 86' lang='lat' dir='ltr'><strong>regi</strong></span> <span class='ocrx_word' id='word_1_317' title='bbox 457 2563 625 2608; x_wconf 84' lang='lat' dir='ltr'><strong>permisit.</strong></span> <span class='ocrx_word' id='word_1_318' title='bbox 677 2562 807 2597; x_wconf 87' lang='lat' dir='ltr'><strong>Darius</strong></span> <span class='ocrx_word' id='word_1_319' title='bbox 831 2571 863 2597; x_wconf 92' lang='lat' dir='ltr'><strong>et</strong></span> <span class='ocrx_word' id='word_1_320' title='bbox 883 2562 996 2608; x_wconf 69' lang='lat' dir='ltr'><strong>Cyrus</strong></span> <span class='ocrx_word' id='word_1_321' title='bbox 1022 2576 1100 2598; x_wconf 90' lang='lat' dir='ltr'><strong>cum</strong></span> 
     </span>
     <span class='ocr_line' id='line_1_49' title="bbox 113 2612 1099 2655; baseline 0 -6"><span class='ocrx_word' id='word_1_322' title='bbox 113 2627 133 2648; x_wconf 86' lang='lat' dir='ltr'><strong>a</strong></span> <span class='ocrx_word' id='word_1_323' title='bbox 148 2614 295 2649; x_wconf 90' lang='lat' dir='ltr'><strong>Daniele</strong></span> <span class='ocrx_word' id='word_1_324' title='bbox 311 2615 516 2649; x_wconf 89' lang='lat' dir='ltr'><strong>didicissent</strong></span> <span class='ocrx_word' id='word_1_325' title='bbox 538 2614 610 2647; x_wconf 77' lang='lat' dir='ltr'><strong>veri</strong></span> <span class='ocrx_word' id='word_1_326' title='bbox 632 2612 696 2647; x_wconf 91' lang='lat' dir='ltr'><strong>Dei</strong></span> <span class='ocrx_word' id='word_1_327' title='bbox 721 2614 978 2648; x_wconf 82' lang='lat' dir='ltr'><strong>invocationem</strong></span> <span class='ocrx_word' id='word_1_328' title='bbox 992 2641 1001 2655; x_wconf 96' lang='lat'><strong>,</strong></span> <span class='ocrx_word' id='word_1_329' title='bbox 1029 2627 1099 2649; x_wconf 92' lang='lat' dir='ltr'><strong>non</strong></span> 
     </span>
     <span class='ocr_line' id='line_1_50' title="bbox 112 2664 1101 2710; baseline 0.001 -12"><span class='ocrx_word' id='word_1_330' title='bbox 112 2665 297 2701; x_wconf 86' lang='lat' dir='ltr'><strong>mutabant</strong></span> <span class='ocrx_word' id='word_1_331' title='bbox 312 2664 443 2700; x_wconf 90' lang='lat' dir='ltr'><strong>Persici</strong></span> <span class='ocrx_word' id='word_1_332' title='bbox 460 2665 598 2710; x_wconf 89' lang='lat' dir='ltr'><strong>imperii</strong></span> <span class='ocrx_word' id='word_1_333' title='bbox 615 2665 774 2704; x_wconf 85' lang='lat' dir='ltr'><strong>formam,</strong></span> <span class='ocrx_word' id='word_1_334' title='bbox 794 2666 830 2698; x_wconf 92' lang='lat' dir='ltr'><strong>in</strong></span> <span class='ocrx_word' id='word_1_335' title='bbox 848 2665 1101 2710; x_wconf 83' lang='lat' dir='ltr'><strong>gubernatione</strong></span> 
     </span>
     <span class='ocr_line' id='line_1_51' title="bbox 112 2715 1100 2762; baseline 0.001 -12"><span class='ocrx_word' id='word_1_336' title='bbox 112 2727 229 2750; x_wconf 86' lang='lat' dir='ltr'><strong>rerum</strong></span> <span class='ocrx_word' id='word_1_337' title='bbox 247 2716 417 2751; x_wconf 88' lang='lat' dir='ltr'><strong>civilium.</strong></span> <span class='ocrx_word' id='word_1_338' title='bbox 471 2715 518 2751; x_wconf 87' lang='lat' dir='ltr'><strong>Et</strong></span> <span class='ocrx_word' id='word_1_339' title='bbox 532 2715 658 2751; x_wconf 84' lang='lat' dir='ltr'><strong>Daniel</strong></span> <span class='ocrx_word' id='word_1_340' title='bbox 676 2716 748 2761; x_wconf 89' lang='lat' dir='ltr'><strong>ipse</strong></span> <span class='ocrx_word' id='word_1_341' title='bbox 765 2727 967 2762; x_wconf 89' lang='lat' dir='ltr'><strong>quanquam</strong></span> <span class='ocrx_word' id='word_1_342' title='bbox 984 2716 1020 2750; x_wconf 84' lang='lat' dir='ltr'><strong>in</strong></span> <span class='ocrx_word' id='word_1_343' title='bbox 1036 2729 1100 2762; x_wconf 90' lang='lat' dir='ltr'><strong>po-</strong></span> 
     </span>
    </p>
   </div>
   <div class='ocr_carea' id='block_1_6' title="bbox 526 143 1737 186">
    <p class='ocr_par' dir='ltr' id='par_1_6' title="bbox 526 143 1737 186">
     <span class='ocr_line' id='line_1_52' title="bbox 526 143 1737 186; baseline -0.004 0"><span class='ocrx_word' id='word_1_344' title='bbox 526 148 687 186; x_wconf 86' lang='lat' dir='ltr'><strong>DECL.</strong></span> <span class='ocrx_word' id='word_1_345' title='bbox 726 149 800 185; x_wconf 87' lang='lat' dir='ltr'><strong>DE</strong></span> <span class='ocrx_word' id='word_1_346' title='bbox 835 147 1042 185; x_wconf 88' lang='lat' dir='ltr'>LEGUM</span> <span class='ocrx_word' id='word_1_347' title='bbox 1076 145 1378 183; x_wconf 86' lang='lat' dir='ltr'><strong>FONTIBUS</strong></span> <span class='ocrx_word' id='word_1_348' title='bbox 1411 144 1486 181; x_wconf 91' lang='lat' dir='ltr'><strong>ET</strong></span> <span class='ocrx_word' id='word_1_349' title='bbox 1519 143 1737 181; x_wconf 86' lang='lat' dir='ltr'><strong>CAUSIS.</strong></span> 
     </span>
    </p>
   </div>
   <div class='ocr_carea' id='block_1_7' title="bbox 1135 1194 1138 1282">
    <p class='ocr_par' dir='ltr' id='par_1_7' title="bbox 1135 1194 1138 1282">
     <span class='ocr_line' id='line_1_53' title="bbox 1135 1194 1138 1282; baseline 0 1676"><span class='ocrx_word' id='word_1_350' title='bbox 1135 1194 1138 1282; x_wconf 95' lang='lat' dir='ltr'><strong> </strong></span> 
     </span>
    </p>
   </div>
   <div class='ocr_carea' id='block_1_8' title="bbox 1134 1445 1138 1506">
    <p class='ocr_par' dir='ltr' id='par_1_8' title="bbox 1134 1445 1138 1506">
     <span class='ocr_line' id='line_1_54' title="bbox 1134 1445 1137 1465; baseline 0 0"><span class='ocrx_word' id='word_1_351' title='bbox 1134 1445 1137 1465; x_wconf 84' lang='lat' dir='ltr'><strong>l</strong></span> 
     </span>
     <span class='ocr_line' id='line_1_55' title="bbox 1134 1481 1138 1506; baseline 0 0"><span class='ocrx_word' id='word_1_352' title='bbox 1134 1481 1138 1506; x_wconf 77' lang='lat' dir='ltr'><strong>l</strong></span> 
     </span>
    </p>
   </div>
   <div class='ocr_carea' id='block_1_9' title="bbox 1134 1448 1497 1482">
    <p class='ocr_par' dir='ltr' id='par_1_9' title="bbox 1134 1448 1497 1482">
     <span class='ocr_line' id='line_1_56' title="bbox 1134 1448 1497 1482; baseline -0.003 0"><span class='ocrx_word' id='word_1_353' title='bbox 1134 1469 1137 1479; x_wconf 46' lang='grc' dir='ltr'><strong>ε</strong></span> <span class='ocrx_word' id='word_1_354' title='bbox 1161 1462 1234 1482; x_wconf 79' lang='lat' dir='ltr'><strong>cein</strong></span> <span class='ocrx_word' id='word_1_355' title='bbox 1260 1449 1351 1482; x_wconf 80' lang='lat' dir='ltr'><strong>vitae</strong></span> <span class='ocrx_word' id='word_1_356' title='bbox 1373 1448 1497 1482; x_wconf 67' lang='lat' dir='ltr'><strong>civilis.</strong></span> 
     </span>
    </p>
   </div>
   <div class='ocr_carea' id='block_1_10' title="bbox 2081 145 2154 182">
    <p class='ocr_par' dir='ltr' id='par_1_10' title="bbox 2081 145 2154 182">
     <span class='ocr_line' id='line_1_57' title="bbox 2081 145 2154 182; baseline 0.041 -3"><span class='ocrx_word' id='word_1_357' title='bbox 2081 145 2154 182; x_wconf 77' lang='lat'><strong>922</strong></span> 
     </span>
    </p>
   </div>
   <div class='ocr_carea' id='block_1_11' title="bbox 631 229 2156 281">
    <p class='ocr_par' dir='ltr' id='par_1_11' title="bbox 631 229 2156 281">
     <span class='ocr_line' id='line_1_58' title="bbox 631 229 2156 281; baseline -0.004 -11"><span class='ocrx_word' id='word_1_358' title='bbox 631 235 865 281; x_wconf 90' lang='lat' dir='ltr'><strong>Applaudunt</strong></span> <span class='ocrx_word' id='word_1_359' title='bbox 891 246 1012 268; x_wconf 89' lang='lat' dir='ltr'><strong>omnes</strong></span> <span class='ocrx_word' id='word_1_360' title='bbox 1043 240 1115 267; x_wconf 89' lang='lat' dir='ltr'><strong>tam</strong></span> <span class='ocrx_word' id='word_1_361' title='bbox 1142 234 1145 271; x_wconf 70' lang='grc' dir='ltr'><strong>ξ</strong></span> <span class='ocrx_word' id='word_1_362' title='bbox 1170 232 1245 266; x_wconf 89' lang='lat' dir='ltr'><strong>litia</strong></span> <span class='ocrx_word' id='word_1_363' title='bbox 1263 231 1373 266; x_wconf 87' lang='lat' dir='ltr'><strong>Moisi</strong></span> <span class='ocrx_word' id='word_1_364' title='bbox 1397 238 1500 265; x_wconf 89' lang='lat' dir='ltr'><strong>natus</strong></span> <span class='ocrx_word' id='word_1_365' title='bbox 1517 238 1609 272; x_wconf 89' lang='lat' dir='ltr'><strong>erat,</strong></span> <span class='ocrx_word' id='word_1_366' title='bbox 1636 238 1755 265; x_wconf 89' lang='lat' dir='ltr'><strong>tamen</strong></span> <span class='ocrx_word' id='word_1_367' title='bbox 1775 229 1974 274; x_wconf 80' lang='lat' dir='ltr'><strong>provincias</strong></span> <span class='ocrx_word' id='word_1_368' title='bbox 1990 229 2156 269; x_wconf 86' lang='lat' dir='ltr'><strong>Persicas,</strong></span> 
     </span>
    </p>
   </div>
   <div class='ocr_carea' id='block_1_12' title="bbox 1151 279 2158 2752">
    <p class='ocr_par' dir='ltr' id='par_1_12' title="bbox 1151 279 2158 2752">
     <span class='ocr_line' id='line_1_59' title="bbox 1170 279 2158 326; baseline -0.001 -11"><span class='ocrx_word' id='word_1_369' title='bbox 1170 283 1304 326; x_wconf 89' lang='lat' dir='ltr'><strong>legibus</strong></span> <span class='ocrx_word' id='word_1_370' title='bbox 1327 282 1476 316; x_wconf 87' lang='lat' dir='ltr'><strong>Persicis</strong></span> <span class='ocrx_word' id='word_1_371' title='bbox 1499 283 1649 326; x_wconf 88' lang='lat' dir='ltr'><strong>regebat.</strong></span> <span class='ocrx_word' id='word_1_372' title='bbox 1703 279 1781 315; x_wconf 85' lang='lat' dir='ltr'><strong>Etsi</strong></span> <span class='ocrx_word' id='word_1_373' title='bbox 1803 287 1917 314; x_wconf 92' lang='lat' dir='ltr'><strong>autem</strong></span> <span class='ocrx_word' id='word_1_374' title='bbox 1941 281 2050 314; x_wconf 91' lang='lat' dir='ltr'><strong>multa</strong></span> <span class='ocrx_word' id='word_1_375' title='bbox 2076 293 2158 325; x_wconf 90' lang='lat' dir='ltr'><strong>pos-</strong></span> 
     </span>
     <span class='ocr_line' id='line_1_60' title="bbox 1168 332 2157 378; baseline -0.002 -12"><span class='ocrx_word' id='word_1_376' title='bbox 1168 342 1250 368; x_wconf 90' lang='lat' dir='ltr'><strong>sunt</strong></span> <span class='ocrx_word' id='word_1_377' title='bbox 1281 334 1436 378; x_wconf 88' lang='lat' dir='ltr'><strong>exempla</strong></span> <span class='ocrx_word' id='word_1_378' title='bbox 1463 333 1622 373; x_wconf 85' lang='lat' dir='ltr'><strong>recitari,</strong></span> <span class='ocrx_word' id='word_1_379' title='bbox 1657 344 1745 378; x_wconf 89' lang='lat' dir='ltr'><strong>quae</strong></span> <span class='ocrx_word' id='word_1_380' title='bbox 1771 332 1962 366; x_wconf 89' lang='lat' dir='ltr'><strong>ostendunt</strong></span> <span class='ocrx_word' id='word_1_381' title='bbox 1987 332 2157 376; x_wconf 90' lang='lat' dir='ltr'><strong>placuisse</strong></span> 
     </span>
     <span class='ocr_line' id='line_1_61' title="bbox 1167 381 2158 427; baseline -0.002 -10"><span class='ocrx_word' id='word_1_382' title='bbox 1167 382 1243 417; x_wconf 89' lang='lat' dir='ltr'><strong>Deo</strong></span> <span class='ocrx_word' id='word_1_383' title='bbox 1269 384 1344 427; x_wconf 88' lang='lat' dir='ltr'><strong>pios</strong></span> <span class='ocrx_word' id='word_1_384' title='bbox 1366 384 1618 427; x_wconf 85' lang='lat' dir='ltr'><strong>gubernatores</strong></span> <span class='ocrx_word' id='word_1_385' title='bbox 1634 384 1672 416; x_wconf 88' lang='lat' dir='ltr'><strong>in</strong></span> <span class='ocrx_word' id='word_1_386' title='bbox 1691 383 1769 416; x_wconf 93' lang='lat' dir='ltr'><strong>aliis</strong></span> <span class='ocrx_word' id='word_1_387' title='bbox 1792 383 1948 427; x_wconf 86' lang='lat' dir='ltr'><strong>imperiis</strong></span> <span class='ocrx_word' id='word_1_388' title='bbox 1965 390 2059 416; x_wconf 87' lang='lat' dir='ltr'><strong>extra</strong></span> <span class='ocrx_word' id='word_1_389' title='bbox 2075 381 2158 415; x_wconf 84' lang='lat' dir='ltr'><strong>Mo-</strong></span> 
     </span>
     <span class='ocr_line' id='line_1_62' title="bbox 1167 433 2157 478; baseline -0.001 -11"><span class='ocrx_word' id='word_1_390' title='bbox 1167 434 1293 467; x_wconf 90' lang='lat' dir='ltr'><strong>saicam</strong></span> <span class='ocrx_word' id='word_1_391' title='bbox 1316 434 1494 478; x_wconf 83' lang='lat' dir='ltr'><strong>politiam,</strong></span> <span class='ocrx_word' id='word_1_392' title='bbox 1528 440 1645 467; x_wconf 88' lang='lat' dir='ltr'><strong>tamen</strong></span> <span class='ocrx_word' id='word_1_393' title='bbox 1670 446 1748 467; x_wconf 89' lang='lat' dir='ltr'><strong>cum</strong></span> <span class='ocrx_word' id='word_1_394' title='bbox 1781 434 1931 466; x_wconf 85' lang='lat' dir='ltr'><strong>maxime</strong></span> <span class='ocrx_word' id='word_1_395' title='bbox 1954 433 1997 466; x_wconf 88' lang='lat' dir='ltr'><strong>sit</strong></span> <span class='ocrx_word' id='word_1_396' title='bbox 2021 433 2157 473; x_wconf 82' lang='lat' dir='ltr'><strong>illustre</strong></span> 
     </span>
     <span class='ocr_line' id='line_1_63' title="bbox 1167 481 2157 528; baseline 0 -11"><span class='ocrx_word' id='word_1_397' title='bbox 1167 484 1326 518; x_wconf 88' lang='lat' dir='ltr'><strong>Cornelii</strong></span> <span class='ocrx_word' id='word_1_398' title='bbox 1357 485 1553 528; x_wconf 89' lang='lat' dir='ltr'><strong>exemplum</strong></span> <span class='ocrx_word' id='word_1_399' title='bbox 1587 485 1623 516; x_wconf 92' lang='lat' dir='ltr'><strong>in</strong></span> <span class='ocrx_word' id='word_1_400' title='bbox 1655 483 1752 517; x_wconf 81' lang='lat' dir='ltr'><strong>Actis</strong></span> <span class='ocrx_word' id='word_1_401' title='bbox 1783 483 2055 528; x_wconf 84' lang='lat' dir='ltr'><strong>Apostolorum,</strong></span> <span class='ocrx_word' id='word_1_402' title='bbox 2089 481 2157 517; x_wconf 91' lang='lat' dir='ltr'><strong>hoc</strong></span> 
     </span>
     <span class='ocr_line' id='line_1_64' title="bbox 1166 533 2156 580; baseline -0.001 -12"><span class='ocrx_word' id='word_1_403' title='bbox 1166 535 1351 580; x_wconf 88' lang='lat' dir='ltr'><strong>praecipue</strong></span> <span class='ocrx_word' id='word_1_404' title='bbox 1379 535 1582 577; x_wconf 79' lang='lat' dir='ltr'><strong>cogitemus,</strong></span> <span class='ocrx_word' id='word_1_405' title='bbox 1634 533 1823 568; x_wconf 87' lang='lat' dir='ltr'><strong>Manifesto</strong></span> <span class='ocrx_word' id='word_1_406' title='bbox 1846 541 1879 567; x_wconf 89' lang='lat' dir='ltr'><strong>et</strong></span> <span class='ocrx_word' id='word_1_407' title='bbox 1905 535 2034 577; x_wconf 90' lang='lat' dir='ltr'><strong>insigni</strong></span> <span class='ocrx_word' id='word_1_408' title='bbox 2057 535 2156 568; x_wconf 91' lang='lat' dir='ltr'><strong>testi-</strong></span> 
     </span>
     <span class='ocr_line' id='line_1_65' title="bbox 1166 583 2156 629; baseline -0.001 -10"><span class='ocrx_word' id='word_1_409' title='bbox 1166 585 1286 619; x_wconf 88' lang='lat' dir='ltr'><strong>monio</strong></span> <span class='ocrx_word' id='word_1_410' title='bbox 1302 584 1398 619; x_wconf 90' lang='lat' dir='ltr'><strong>Deus</strong></span> <span class='ocrx_word' id='word_1_411' title='bbox 1415 593 1448 619; x_wconf 92' lang='lat' dir='ltr'><strong>et</strong></span> <span class='ocrx_word' id='word_1_412' title='bbox 1462 585 1576 629; x_wconf 89' lang='lat' dir='ltr'><strong>ipsum</strong></span> <span class='ocrx_word' id='word_1_413' title='bbox 1595 583 1814 625; x_wconf 89' lang='lat' dir='ltr'><strong>Cornelium,</strong></span> <span class='ocrx_word' id='word_1_414' title='bbox 1833 591 1866 618; x_wconf 93' lang='lat' dir='ltr'><strong>et</strong></span> <span class='ocrx_word' id='word_1_415' title='bbox 1883 585 2011 618; x_wconf 90' lang='lat' dir='ltr'><strong>milites</strong></span> <span class='ocrx_word' id='word_1_416' title='bbox 2022 584 2156 619; x_wconf 87' lang='lat' dir='ltr'><strong>Roma-</strong></span> 
     </span>
     <span class='ocr_line' id='line_1_66' title="bbox 1165 633 2155 679; baseline -0.001 -9"><span class='ocrx_word' id='word_1_417' title='bbox 1165 649 1230 670; x_wconf 91' lang='lat' dir='ltr'><strong>nos</strong></span> <span class='ocrx_word' id='word_1_418' title='bbox 1247 637 1284 669; x_wconf 90' lang='lat' dir='ltr'><strong>in</strong></span> <span class='ocrx_word' id='word_1_419' title='bbox 1300 636 1373 669; x_wconf 90' lang='lat' dir='ltr'><strong>eius</strong></span> <span class='ocrx_word' id='word_1_420' title='bbox 1391 633 1535 669; x_wconf 88' lang='lat' dir='ltr'><strong>cohorte</strong></span> <span class='ocrx_word' id='word_1_421' title='bbox 1553 635 1702 670; x_wconf 77' lang='lat' dir='ltr'><strong>ornavit.</strong></span> <span class='ocrx_word' id='word_1_422' title='bbox 1737 635 1826 668; x_wconf 88' lang='lat' dir='ltr'><strong>Nam</strong></span> <span class='ocrx_word' id='word_1_423' title='bbox 1844 634 1998 679; x_wconf 90' lang='lat' dir='ltr'><strong>Spiritus</strong></span> <span class='ocrx_word' id='word_1_424' title='bbox 2015 643 2155 669; x_wconf 87' lang='lat' dir='ltr'><strong>sanctus</strong></span> 
     </span>
     <span class='ocr_line' id='line_1_67' title="bbox 1164 685 2154 732; baseline -0.001 -12"><span class='ocrx_word' id='word_1_425' title='bbox 1164 687 1296 721; x_wconf 85' lang='lat' dir='ltr'><strong>visibili</strong></span> <span class='ocrx_word' id='word_1_426' title='bbox 1322 687 1454 732; x_wconf 90' lang='lat' dir='ltr'><strong>specie,</strong></span> <span class='ocrx_word' id='word_1_427' title='bbox 1487 694 1526 720; x_wconf 92' lang='lat' dir='ltr'><strong>ut</strong></span> <span class='ocrx_word' id='word_1_428' title='bbox 1551 687 1588 719; x_wconf 92' lang='lat' dir='ltr'><strong>in</strong></span> <span class='ocrx_word' id='word_1_429' title='bbox 1605 686 1812 729; x_wconf 87' lang='lat' dir='ltr'><strong>Apostolos,</strong></span> <span class='ocrx_word' id='word_1_430' title='bbox 1846 686 1892 719; x_wconf 90' lang='lat' dir='ltr'><strong>ita</strong></span> <span class='ocrx_word' id='word_1_431' title='bbox 1920 686 1955 718; x_wconf 93' lang='lat' dir='ltr'><strong>in</strong></span> <span class='ocrx_word' id='word_1_432' title='bbox 1972 685 2154 720; x_wconf 85' lang='lat' dir='ltr'><strong>Romanos</strong></span> 
     </span>
     <span class='ocr_line' id='line_1_68' title="bbox 1164 737 2154 782; baseline 0 -11"><span class='ocrx_word' id='word_1_433' title='bbox 1164 739 1293 772; x_wconf 88' lang='lat' dir='ltr'><strong>milites</strong></span> <span class='ocrx_word' id='word_1_434' title='bbox 1317 738 1354 770; x_wconf 94' lang='lat' dir='ltr'><strong>in</strong></span> <span class='ocrx_word' id='word_1_435' title='bbox 1377 749 1503 781; x_wconf 87' lang='lat' dir='ltr'><strong>magna</strong></span> <span class='ocrx_word' id='word_1_436' title='bbox 1522 737 1719 782; x_wconf 86' lang='lat' dir='ltr'><strong>frequentia</strong></span> <span class='ocrx_word' id='word_1_437' title='bbox 1743 737 1922 769; x_wconf 86' lang='lat' dir='ltr'><strong>concionis</strong></span> <span class='ocrx_word' id='word_1_438' title='bbox 1947 737 2076 770; x_wconf 83' lang='lat' dir='ltr'><strong>effusus</strong></span> <span class='ocrx_word' id='word_1_439' title='bbox 2094 744 2154 772; x_wconf 81' lang='lat' dir='ltr'><strong>est.</strong></span> 
     </span>
     <span class='ocr_line' id='line_1_69' title="bbox 1163 787 2154 832; baseline -0.003 -9"><span class='ocrx_word' id='word_1_440' title='bbox 1163 787 1210 823; x_wconf 85' lang='lat' dir='ltr'><strong>Et</strong></span> <span class='ocrx_word' id='word_1_441' title='bbox 1237 787 1302 822; x_wconf 92' lang='lat' dir='ltr'><strong>hoc</strong></span> <span class='ocrx_word' id='word_1_442' title='bbox 1326 789 1401 832; x_wconf 93' lang='lat' dir='ltr'><strong>ipso</strong></span> <span class='ocrx_word' id='word_1_443' title='bbox 1426 789 1583 832; x_wconf 89' lang='lat' dir='ltr'><strong>exemplo</strong></span> <span class='ocrx_word' id='word_1_444' title='bbox 1602 789 1730 821; x_wconf 87' lang='lat' dir='ltr'><strong>fatetur</strong></span> <span class='ocrx_word' id='word_1_445' title='bbox 1745 787 1869 821; x_wconf 88' lang='lat' dir='ltr'><strong>Petrus</strong></span> <span class='ocrx_word' id='word_1_446' title='bbox 1889 799 1923 820; x_wconf 91' lang='lat' dir='ltr'><strong>se</strong></span> <span class='ocrx_word' id='word_1_447' title='bbox 1941 800 2080 832; x_wconf 86' lang='lat' dir='ltr'><strong>quoque</strong></span> <span class='ocrx_word' id='word_1_448' title='bbox 2098 788 2154 821; x_wconf 91' lang='lat' dir='ltr'><strong>di-</strong></span> 
     </span>
     <span class='ocr_line' id='line_1_70' title="bbox 1164 837 2154 883; baseline -0.003 -10"><span class='ocrx_word' id='word_1_449' title='bbox 1164 840 1306 878; x_wconf 87' lang='lat' dir='ltr'><strong>dicisse,</strong></span> <span class='ocrx_word' id='word_1_450' title='bbox 1332 837 1565 883; x_wconf 86' lang='lat' dir='ltr'><strong>Evangelium</strong></span> <span class='ocrx_word' id='word_1_451' title='bbox 1593 839 1767 883; x_wconf 90' lang='lat' dir='ltr'><strong>pertinere</strong></span> <span class='ocrx_word' id='word_1_452' title='bbox 1792 839 1834 871; x_wconf 90' lang='lat' dir='ltr'><strong>ad</strong></span> <span class='ocrx_word' id='word_1_453' title='bbox 1864 838 2068 871; x_wconf 85' lang='lat' dir='ltr'><strong>universum</strong></span> <span class='ocrx_word' id='word_1_454' title='bbox 2095 850 2154 882; x_wconf 90' lang='lat' dir='ltr'><strong>ge—</strong></span> 
     </span>
     <span class='ocr_line' id='line_1_71' title="bbox 1163 889 2154 934; baseline -0.003 -10"><span class='ocrx_word' id='word_1_455' title='bbox 1163 903 1230 924; x_wconf 88' lang='lat' dir='ltr'><strong>nus</strong></span> <span class='ocrx_word' id='word_1_456' title='bbox 1246 889 1456 934; x_wconf 87' lang='lat' dir='ltr'><strong>humanum,</strong></span> <span class='ocrx_word' id='word_1_457' title='bbox 1484 897 1516 923; x_wconf 89' lang='lat' dir='ltr'><strong>et</strong></span> <span class='ocrx_word' id='word_1_458' title='bbox 1534 890 1655 934; x_wconf 90' lang='lat' dir='ltr'><strong>procul</strong></span> <span class='ocrx_word' id='word_1_459' title='bbox 1675 889 1945 922; x_wconf 87' lang='lat' dir='ltr'><strong>discernendum</strong></span> <span class='ocrx_word' id='word_1_460' title='bbox 1964 901 2036 922; x_wconf 90' lang='lat' dir='ltr'><strong>esse</strong></span> <span class='ocrx_word' id='word_1_461' title='bbox 2051 901 2068 922; x_wconf 90' lang='lat' dir='ltr'><strong>a</strong></span> <span class='ocrx_word' id='word_1_462' title='bbox 2091 900 2154 933; x_wconf 92' lang='lat' dir='ltr'><strong>po-</strong></span> 
     </span>
     <span class='ocr_line' id='line_1_72' title="bbox 1163 940 2153 986; baseline -0.001 -12"><span class='ocrx_word' id='word_1_463' title='bbox 1163 943 1238 975; x_wconf 87' lang='lat' dir='ltr'><strong>litia</strong></span> <span class='ocrx_word' id='word_1_464' title='bbox 1262 941 1438 979; x_wconf 84' lang='lat' dir='ltr'><strong>Mosaica,</strong></span> <span class='ocrx_word' id='word_1_465' title='bbox 1473 942 1566 986; x_wconf 89' lang='lat' dir='ltr'><strong>quod</strong></span> <span class='ocrx_word' id='word_1_466' title='bbox 1593 941 1736 986; x_wconf 89' lang='lat' dir='ltr'><strong>quidem</strong></span> <span class='ocrx_word' id='word_1_467' title='bbox 1762 947 1794 974; x_wconf 88' lang='lat' dir='ltr'><strong>et</strong></span> <span class='ocrx_word' id='word_1_468' title='bbox 1818 940 1880 973; x_wconf 92' lang='lat' dir='ltr'><strong>illo</strong></span> <span class='ocrx_word' id='word_1_469' title='bbox 1906 940 1997 974; x_wconf 92' lang='lat' dir='ltr'><strong>tristi</strong></span> <span class='ocrx_word' id='word_1_470' title='bbox 2021 940 2153 973; x_wconf 88' lang='lat' dir='ltr'><strong>iudicio</strong></span> 
     </span>
     <span class='ocr_line' id='line_1_73' title="bbox 1163 990 2152 1035; baseline -0.003 -9"><span class='ocrx_word' id='word_1_471' title='bbox 1163 994 1262 1026; x_wconf 89' lang='lat' dir='ltr'><strong>Deus</strong></span> <span class='ocrx_word' id='word_1_472' title='bbox 1284 992 1356 1035; x_wconf 91' lang='lat' dir='ltr'><strong>ipse</strong></span> <span class='ocrx_word' id='word_1_473' title='bbox 1378 992 1548 1033; x_wconf 87' lang='lat' dir='ltr'><strong>ostendit,</strong></span> <span class='ocrx_word' id='word_1_474' title='bbox 1582 1004 1660 1024; x_wconf 89' lang='lat' dir='ltr'><strong>cum</strong></span> <span class='ocrx_word' id='word_1_475' title='bbox 1677 990 1947 1035; x_wconf 84' lang='lat' dir='ltr'><strong>Rempublicam</strong></span> <span class='ocrx_word' id='word_1_476' title='bbox 1974 990 2152 1024; x_wconf 85' lang='lat' dir='ltr'><strong>iudaicam</strong></span> 
     </span>
     <span class='ocr_line' id='line_1_74' title="bbox 1162 1039 2153 1085; baseline -0.002 -9"><span class='ocrx_word' id='word_1_477' title='bbox 1162 1044 1323 1076; x_wconf 85' lang='lat' dir='ltr'><strong>funditus</strong></span> <span class='ocrx_word' id='word_1_478' title='bbox 1348 1043 1486 1075; x_wconf 88' lang='lat' dir='ltr'><strong>delevit.</strong></span> <span class='ocrx_word' id='word_1_479' title='bbox 1547 1041 1594 1076; x_wconf 81' lang='lat' dir='ltr'><strong>Ut</strong></span> <span class='ocrx_word' id='word_1_480' title='bbox 1625 1042 1732 1085; x_wconf 89' lang='lat' dir='ltr'><strong>igitur</strong></span> <span class='ocrx_word' id='word_1_481' title='bbox 1758 1042 1856 1075; x_wconf 90' lang='lat' dir='ltr'><strong>iubet</strong></span> <span class='ocrx_word' id='word_1_482' title='bbox 1880 1039 1975 1074; x_wconf 94' lang='lat' dir='ltr'><strong>Deus</strong></span> <span class='ocrx_word' id='word_1_483' title='bbox 2000 1042 2153 1081; x_wconf 85' lang='lat' dir='ltr'><strong>obedire,</strong></span> 
     </span>
     <span class='ocr_line' id='line_1_75' title="bbox 1162 1092 2153 1139; baseline -0.002 -12"><span class='ocrx_word' id='word_1_484' title='bbox 1162 1093 1337 1139; x_wconf 87' lang='lat' dir='ltr'><strong>quoslibet</strong></span> <span class='ocrx_word' id='word_1_485' title='bbox 1361 1093 1604 1137; x_wconf 80' lang='lat' dir='ltr'><strong>praesentibus</strong></span> <span class='ocrx_word' id='word_1_486' title='bbox 1630 1101 1661 1125; x_wconf 90' lang='lat' dir='ltr'><strong>et</strong></span> <span class='ocrx_word' id='word_1_487' title='bbox 1692 1092 1763 1125; x_wconf 93' lang='lat' dir='ltr'><strong>suis</strong></span> <span class='ocrx_word' id='word_1_488' title='bbox 1794 1092 2074 1135; x_wconf 87' lang='lat' dir='ltr'><strong>magistratibus,</strong></span> <span class='ocrx_word' id='word_1_489' title='bbox 2106 1093 2153 1125; x_wconf 91' lang='lat' dir='ltr'><strong>ita</strong></span> 
     </span>
     <span class='ocr_line' id='line_1_76' title="bbox 1162 1143 2154 1186; baseline -0.002 -9"><span class='ocrx_word' id='word_1_490' title='bbox 1162 1146 1311 1178; x_wconf 86' lang='lat' dir='ltr'><strong>sciamus</strong></span> <span class='ocrx_word' id='word_1_491' title='bbox 1328 1145 1533 1177; x_wconf 86' lang='lat' dir='ltr'><strong>mandatum</strong></span> <span class='ocrx_word' id='word_1_492' title='bbox 1553 1143 1619 1177; x_wconf 93' lang='lat' dir='ltr'><strong>Dei</strong></span> <span class='ocrx_word' id='word_1_493' title='bbox 1637 1155 1726 1183; x_wconf 87' lang='lat' dir='ltr'><strong>esse,</strong></span> <span class='ocrx_word' id='word_1_494' title='bbox 1753 1149 1792 1176; x_wconf 90' lang='lat' dir='ltr'><strong>ut</strong></span> <span class='ocrx_word' id='word_1_495' title='bbox 1808 1143 2050 1186; x_wconf 85' lang='lat' dir='ltr'><strong>praesentibus</strong></span> <span class='ocrx_word' id='word_1_496' title='bbox 2068 1143 2154 1186; x_wconf 89' lang='lat' dir='ltr'><strong>legi-</strong></span> 
     </span>
     <span class='ocr_line' id='line_1_77' title="bbox 1162 1192 2154 1239; baseline -0.002 -10"><span class='ocrx_word' id='word_1_497' title='bbox 1162 1196 1226 1229; x_wconf 91' lang='lat' dir='ltr'><strong>bus</strong></span> <span class='ocrx_word' id='word_1_498' title='bbox 1245 1195 1544 1238; x_wconf 88' lang='lat' dir='ltr'><strong>obtemperemus,</strong></span> <span class='ocrx_word' id='word_1_499' title='bbox 1571 1206 1658 1239; x_wconf 89' lang='lat' dir='ltr'><strong>quae</strong></span> <span class='ocrx_word' id='word_1_500' title='bbox 1679 1194 1814 1237; x_wconf 85' lang='lat' dir='ltr'><strong>placent</strong></span> <span class='ocrx_word' id='word_1_501' title='bbox 1834 1192 1927 1233; x_wconf 84' lang='lat' dir='ltr'><strong>Deo,</strong></span> <span class='ocrx_word' id='word_1_502' title='bbox 1955 1194 2090 1226; x_wconf 90' lang='lat' dir='ltr'><strong>etiamsi</strong></span> <span class='ocrx_word' id='word_1_503' title='bbox 2109 1194 2154 1227; x_wconf 89' lang='lat' dir='ltr'><strong>ab</strong></span> 
     </span>
     <span class='ocr_line' id='line_1_78' title="bbox 1161 1244 2154 1288; baseline -0.002 -9"><span class='ocrx_word' id='word_1_504' title='bbox 1161 1244 1300 1279; x_wconf 88' lang='lat' dir='ltr'><strong>ethnico</strong></span> <span class='ocrx_word' id='word_1_505' title='bbox 1325 1246 1558 1288; x_wconf 87' lang='lat' dir='ltr'><strong>gubernatore</strong></span> <span class='ocrx_word' id='word_1_506' title='bbox 1575 1245 1664 1278; x_wconf 90' lang='lat' dir='ltr'><strong>latae</strong></span> <span class='ocrx_word' id='word_1_507' title='bbox 1681 1251 1761 1278; x_wconf 87' lang='lat' dir='ltr'><strong>sunt</strong></span> <span class='ocrx_word' id='word_1_508' title='bbox 1773 1271 1782 1284; x_wconf 91' lang='lat'><strong>,</strong></span> <span class='ocrx_word' id='word_1_509' title='bbox 1808 1244 1837 1277; x_wconf 86' lang='lat' dir='ltr'><strong>si</strong></span> <span class='ocrx_word' id='word_1_510' title='bbox 1854 1250 1970 1276; x_wconf 88' lang='lat' dir='ltr'><strong>tamen</strong></span> <span class='ocrx_word' id='word_1_511' title='bbox 1987 1246 2028 1277; x_wconf 89' lang='lat' dir='ltr'><strong>ad</strong></span> <span class='ocrx_word' id='word_1_512' title='bbox 2051 1245 2154 1278; x_wconf 90' lang='lat' dir='ltr'><strong>illum</strong></span> 
     </span>
     <span class='ocr_line' id='line_1_79' title="bbox 1162 1293 2154 1330; baseline -0.002 0"><span class='ocrx_word' id='word_1_513' title='bbox 1162 1297 1300 1330; x_wconf 89' lang='lat' dir='ltr'><strong>radium</strong></span> <span class='ocrx_word' id='word_1_514' title='bbox 1320 1297 1406 1329; x_wconf 89' lang='lat' dir='ltr'><strong>lucis</strong></span> <span class='ocrx_word' id='word_1_515' title='bbox 1427 1295 1568 1329; x_wconf 81' lang='lat' dir='ltr'><strong>(livinae</strong></span> <span class='ocrx_word' id='word_1_516' title='bbox 1585 1295 1800 1328; x_wconf 86' lang='lat' dir='ltr'><strong>transfusum</strong></span> <span class='ocrx_word' id='word_1_517' title='bbox 1824 1294 1862 1327; x_wconf 93' lang='lat' dir='ltr'><strong>in</strong></span> <span class='ocrx_word' id='word_1_518' title='bbox 1880 1301 2013 1328; x_wconf 85' lang='lat' dir='ltr'><strong>mentes</strong></span> <span class='ocrx_word' id='word_1_519' title='bbox 2036 1293 2154 1328; x_wconf 90' lang='lat' dir='ltr'><strong>homi—</strong></span> 
     </span>
     <span class='ocr_line' id='line_1_80' title="bbox 1161 1346 2150 1391; baseline -0.001 -11"><span class='ocrx_word' id='word_1_520' title='bbox 1161 1360 1246 1381; x_wconf 90' lang='lat' dir='ltr'><strong>num</strong></span> <span class='ocrx_word' id='word_1_521' title='bbox 1272 1354 1484 1390; x_wconf 86' lang='lat' dir='ltr'><strong>congruant,</strong></span> <span class='ocrx_word' id='word_1_522' title='bbox 1511 1346 1571 1391; x_wconf 88' lang='lat' dir='ltr'><strong>qui</strong></span> <span class='ocrx_word' id='word_1_523' title='bbox 1600 1353 1743 1379; x_wconf 74' lang='lat' dir='ltr'><strong>vocatur</strong></span> <span class='ocrx_word' id='word_1_524' title='bbox 1759 1346 1812 1378; x_wconf 86' lang='lat' dir='ltr'><strong>ius</strong></span> <span class='ocrx_word' id='word_1_525' title='bbox 1836 1352 2000 1384; x_wconf 84' lang='lat' dir='ltr'><strong>naturae,</strong></span> <span class='ocrx_word' id='word_1_526' title='bbox 2022 1358 2062 1378; x_wconf 82' lang='lat' dir='ltr'><strong>ex</strong></span> <span class='ocrx_word' id='word_1_527' title='bbox 2080 1358 2150 1390; x_wconf 91' lang='lat' dir='ltr'><strong>quo</strong></span> 
     </span>
     <span class='ocr_line' id='line_1_81' title="bbox 1162 1396 2152 1441; baseline -0.003 -9"><span class='ocrx_word' id='word_1_528' title='bbox 1162 1399 1236 1432; x_wconf 78' lang='lat' dir='ltr'><strong>vult</strong></span> <span class='ocrx_word' id='word_1_529' title='bbox 1258 1398 1352 1432; x_wconf 83' lang='lat' dir='ltr'><strong>Deus</strong></span> <span class='ocrx_word' id='word_1_530' title='bbox 1375 1397 1487 1431; x_wconf 86' lang='lat' dir='ltr'><strong>extrui</strong></span> <span class='ocrx_word' id='word_1_531' title='bbox 1513 1398 1604 1440; x_wconf 83' lang='lat' dir='ltr'><strong>leges</strong></span> <span class='ocrx_word' id='word_1_532' title='bbox 1629 1403 1660 1430; x_wconf 90' lang='lat' dir='ltr'><strong>et</strong></span> <span class='ocrx_word' id='word_1_533' title='bbox 1688 1396 1895 1441; x_wconf 86' lang='lat' dir='ltr'><strong>sapientiam</strong></span> <span class='ocrx_word' id='word_1_534' title='bbox 1927 1397 2152 1439; x_wconf 84' lang='lat' dir='ltr'><strong>gubernatri-</strong></span> 
     </span>
     <span class='ocr_line' id='line_1_82' title="bbox 1550 1447 2151 1490; baseline 0 -9"><span class='ocrx_word' id='word_1_535' title='bbox 1550 1447 1622 1481; x_wconf 74' lang='lat' dir='ltr'><strong>Nec</strong></span> <span class='ocrx_word' id='word_1_536' title='bbox 1648 1448 1775 1480; x_wconf 88' lang='lat' dir='ltr'><strong>addam</strong></span> <span class='ocrx_word' id='word_1_537' title='bbox 1799 1447 1995 1490; x_wconf 84' lang='lat' dir='ltr'><strong>longiorem</strong></span> <span class='ocrx_word' id='word_1_538' title='bbox 2019 1448 2151 1481; x_wconf 83' lang='lat' dir='ltr'><strong>resuta-</strong></span> 
     </span>
     <span class='ocr_line' id='line_1_83' title="bbox 1161 1496 2150 1543; baseline -0.002 -10"><span class='ocrx_word' id='word_1_539' title='bbox 1161 1501 1311 1541; x_wconf 88' lang='lat' dir='ltr'><strong>tionem,</strong></span> <span class='ocrx_word' id='word_1_540' title='bbox 1338 1500 1398 1533; x_wconf 90' lang='lat' dir='ltr'><strong>sed</strong></span> <span class='ocrx_word' id='word_1_541' title='bbox 1423 1510 1484 1532; x_wconf 84' lang='lat' dir='ltr'><strong>vos</strong></span> <span class='ocrx_word' id='word_1_542' title='bbox 1508 1496 1726 1532; x_wconf 87' lang='lat' dir='ltr'><strong>adhortabor</strong></span> <span class='ocrx_word' id='word_1_543' title='bbox 1751 1498 1885 1543; x_wconf 91' lang='lat' dir='ltr'><strong>potius,</strong></span> <span class='ocrx_word' id='word_1_544' title='bbox 1913 1505 1951 1531; x_wconf 88' lang='lat' dir='ltr'><strong>ut</strong></span> <span class='ocrx_word' id='word_1_545' title='bbox 1966 1496 2150 1532; x_wconf 90' lang='lat' dir='ltr'><strong>Romana-</strong></span> 
     </span>
     <span class='ocr_line' id='line_1_84' title="bbox 1160 1549 2150 1594; baseline -0.001 -10"><span class='ocrx_word' id='word_1_546' title='bbox 1160 1563 1240 1585; x_wconf 86' lang='lat' dir='ltr'><strong>rum</strong></span> <span class='ocrx_word' id='word_1_547' title='bbox 1256 1551 1370 1594; x_wconf 90' lang='lat' dir='ltr'><strong>legum</strong></span> <span class='ocrx_word' id='word_1_548' title='bbox 1391 1550 1597 1594; x_wconf 88' lang='lat' dir='ltr'><strong>sapientiam</strong></span> <span class='ocrx_word' id='word_1_549' title='bbox 1617 1549 1771 1583; x_wconf 88' lang='lat' dir='ltr'><strong>studiose</strong></span> <span class='ocrx_word' id='word_1_550' title='bbox 1790 1549 2035 1590; x_wconf 84' lang='lat' dir='ltr'><strong>consideretis,</strong></span> <span class='ocrx_word' id='word_1_551' title='bbox 2064 1561 2150 1594; x_wconf 90' lang='lat' dir='ltr'><strong>quas</strong></span> 
     </span>
     <span class='ocr_line' id='line_1_85' title="bbox 1160 1600 2150 1646; baseline -0.001 -12"><span class='ocrx_word' id='word_1_552' title='bbox 1160 1602 1252 1646; x_wconf 90' lang='lat' dir='ltr'><strong>ipsas</strong></span> <span class='ocrx_word' id='word_1_553' title='bbox 1278 1602 1381 1637; x_wconf 88' lang='lat' dir='ltr'><strong>etiam</strong></span> <span class='ocrx_word' id='word_1_554' title='bbox 1405 1600 1471 1634; x_wconf 92' lang='lat' dir='ltr'><strong>Dei</strong></span> <span class='ocrx_word' id='word_1_555' title='bbox 1494 1613 1615 1634; x_wconf 71' lang='lat' dir='ltr'><strong>vocem</strong></span> <span class='ocrx_word' id='word_1_556' title='bbox 1641 1612 1712 1633; x_wconf 92' lang='lat' dir='ltr'><strong>esse</strong></span> <span class='ocrx_word' id='word_1_557' title='bbox 1740 1600 1898 1640; x_wconf 89' lang='lat' dir='ltr'><strong>statuite,</strong></span> <span class='ocrx_word' id='word_1_558' title='bbox 1931 1600 2150 1644; x_wconf 88' lang='lat' dir='ltr'><strong>propositam</strong></span> 
     </span>
     <span class='ocr_line' id='line_1_86' title="bbox 1161 1650 2150 1696; baseline -0.002 -10"><span class='ocrx_word' id='word_1_559' title='bbox 1161 1650 1317 1686; x_wconf 90' lang='lat' dir='ltr'><strong>humano</strong></span> <span class='ocrx_word' id='word_1_560' title='bbox 1341 1651 1459 1695; x_wconf 87' lang='lat' dir='ltr'><strong>generi</strong></span> <span class='ocrx_word' id='word_1_561' title='bbox 1485 1663 1548 1695; x_wconf 89' lang='lat' dir='ltr'><strong>per</strong></span> <span class='ocrx_word' id='word_1_562' title='bbox 1570 1651 1743 1695; x_wconf 90' lang='lat' dir='ltr'><strong>sapientes</strong></span> <span class='ocrx_word' id='word_1_563' title='bbox 1765 1651 2033 1693; x_wconf 87' lang='lat' dir='ltr'><strong>gubernatores,</strong></span> <span class='ocrx_word' id='word_1_564' title='bbox 2060 1663 2150 1696; x_wconf 90' lang='lat' dir='ltr'><strong>quo-</strong></span> 
     </span>
     <span class='ocr_line' id='line_1_87' title="bbox 1160 1700 2151 1745; baseline -0.001 -9"><span class='ocrx_word' id='word_1_565' title='bbox 1160 1716 1238 1736; x_wconf 92' lang='lat' dir='ltr'><strong>rum</strong></span> <span class='ocrx_word' id='word_1_566' title='bbox 1256 1709 1388 1736; x_wconf 88' lang='lat' dir='ltr'><strong>mentes</strong></span> <span class='ocrx_word' id='word_1_567' title='bbox 1407 1702 1575 1745; x_wconf 86' lang='lat' dir='ltr'><strong>singulari</strong></span> <span class='ocrx_word' id='word_1_568' title='bbox 1594 1709 1692 1736; x_wconf 90' lang='lat' dir='ltr'><strong>motu</strong></span> <span class='ocrx_word' id='word_1_569' title='bbox 1709 1701 1796 1735; x_wconf 86' lang='lat' dir='ltr'><strong>rexit</strong></span> <span class='ocrx_word' id='word_1_570' title='bbox 1809 1700 1917 1742; x_wconf 84' lang='lat' dir='ltr'><strong>Deus,</strong></span> <span class='ocrx_word' id='word_1_571' title='bbox 1945 1708 1983 1734; x_wconf 92' lang='lat' dir='ltr'><strong>ut</strong></span> <span class='ocrx_word' id='word_1_572' title='bbox 1999 1701 2151 1735; x_wconf 89' lang='lat' dir='ltr'><strong>iustitiae</strong></span> 
     </span>
     <span class='ocr_line' id='line_1_88' title="bbox 1159 1752 2149 1793; baseline -0.001 -6"><span class='ocrx_word' id='word_1_573' title='bbox 1159 1755 1274 1787; x_wconf 81' lang='lat' dir='ltr'><strong>fontes</strong></span> <span class='ocrx_word' id='word_1_574' title='bbox 1291 1762 1325 1787; x_wconf 90' lang='lat' dir='ltr'><strong>et</strong></span> <span class='ocrx_word' id='word_1_575' title='bbox 1341 1753 1512 1793; x_wconf 84' lang='lat' dir='ltr'><strong>viderent,</strong></span> <span class='ocrx_word' id='word_1_576' title='bbox 1540 1760 1572 1786; x_wconf 91' lang='lat' dir='ltr'><strong>et</strong></span> <span class='ocrx_word' id='word_1_577' title='bbox 1592 1752 1668 1785; x_wconf 91' lang='lat' dir='ltr'><strong>aliis</strong></span> <span class='ocrx_word' id='word_1_578' title='bbox 1682 1759 1929 1792; x_wconf 89' lang='lat' dir='ltr'><strong>monstrarent,</strong></span> <span class='ocrx_word' id='word_1_579' title='bbox 1956 1753 2045 1785; x_wconf 90' lang='lat' dir='ltr'><strong>sicut</strong></span> <span class='ocrx_word' id='word_1_580' title='bbox 2061 1753 2149 1786; x_wconf 91' lang='lat' dir='ltr'><strong>alio-</strong></span> 
     </span>
     <span class='ocr_line' id='line_1_89' title="bbox 1160 1803 2150 1845; baseline -0.001 -8"><span class='ocrx_word' id='word_1_581' title='bbox 1160 1816 1238 1837; x_wconf 89' lang='lat' dir='ltr'><strong>rum</strong></span> <span class='ocrx_word' id='word_1_582' title='bbox 1262 1803 1506 1837; x_wconf 87' lang='lat' dir='ltr'><strong>excellentium</strong></span> <span class='ocrx_word' id='word_1_583' title='bbox 1530 1803 1703 1836; x_wconf 88' lang='lat' dir='ltr'><strong>artificum</strong></span> <span class='ocrx_word' id='word_1_584' title='bbox 1723 1809 1860 1836; x_wconf 85' lang='lat' dir='ltr'><strong>mentes</strong></span> <span class='ocrx_word' id='word_1_585' title='bbox 1879 1803 1987 1845; x_wconf 88' lang='lat' dir='ltr'><strong>regit,</strong></span> <span class='ocrx_word' id='word_1_586' title='bbox 2012 1810 2049 1836; x_wconf 88' lang='lat' dir='ltr'><strong>ut</strong></span> <span class='ocrx_word' id='word_1_587' title='bbox 2064 1803 2150 1836; x_wconf 88' lang='lat' dir='ltr'><strong>scri-</strong></span> 
     </span>
     <span class='ocr_line' id='line_1_90' title="bbox 1159 1852 2150 1899; baseline -0.001 -11"><span class='ocrx_word' id='word_1_588' title='bbox 1159 1861 1258 1899; x_wconf 87' lang='lat' dir='ltr'><strong>ptum</strong></span> <span class='ocrx_word' id='word_1_589' title='bbox 1276 1860 1345 1893; x_wconf 84' lang='lat' dir='ltr'><strong>est,</strong></span> <span class='ocrx_word' id='word_1_590' title='bbox 1373 1860 1412 1887; x_wconf 90' lang='lat' dir='ltr'><strong>ut</strong></span> <span class='ocrx_word' id='word_1_591' title='bbox 1430 1853 1552 1887; x_wconf 91' lang='lat' dir='ltr'><strong>oculus</strong></span> <span class='ocrx_word' id='word_1_592' title='bbox 1567 1854 1704 1893; x_wconf 75' lang='lat' dir='ltr'><strong>videat,</strong></span> <span class='ocrx_word' id='word_1_593' title='bbox 1731 1860 1763 1886; x_wconf 93' lang='lat' dir='ltr'><strong>et</strong></span> <span class='ocrx_word' id='word_1_594' title='bbox 1780 1853 1875 1886; x_wconf 91' lang='lat' dir='ltr'><strong>auris</strong></span> <span class='ocrx_word' id='word_1_595' title='bbox 1891 1854 2028 1894; x_wconf 88' lang='lat' dir='ltr'><strong>audiat,</strong></span> <span class='ocrx_word' id='word_1_596' title='bbox 2054 1852 2150 1888; x_wconf 90' lang='lat' dir='ltr'><strong>Deus</strong></span> 
     </span>
     <span class='ocr_line' id='line_1_91' title="bbox 1158 1901 2149 1950; baseline -0.002 -12"><span class='ocrx_word' id='word_1_597' title='bbox 1158 1906 1240 1939; x_wconf 86' lang='lat' dir='ltr'><strong>facit</strong></span> <span class='ocrx_word' id='word_1_598' title='bbox 1255 1912 1456 1950; x_wconf 89' lang='lat' dir='ltr'><strong>utrumque.</strong></span> <span class='ocrx_word' id='word_1_599' title='bbox 1510 1904 1590 1938; x_wconf 59' lang='lat' dir='ltr'><strong>‘Non</strong></span> <span class='ocrx_word' id='word_1_600' title='bbox 1612 1904 1814 1937; x_wconf 86' lang='lat' dir='ltr'><strong>existimetis</strong></span> <span class='ocrx_word' id='word_1_601' title='bbox 1838 1901 1992 1937; x_wconf 89' lang='lat' dir='ltr'><strong>humana</strong></span> <span class='ocrx_word' id='word_1_602' title='bbox 2011 1904 2149 1937; x_wconf 89' lang='lat' dir='ltr'><strong>callidi-</strong></span> 
     </span>
     <span class='ocr_line' id='line_1_92' title="bbox 1158 1955 2148 2000; baseline -0.001 -10"><span class='ocrx_word' id='word_1_603' title='bbox 1158 1962 1226 1990; x_wconf 86' lang='lat' dir='ltr'><strong>tate</strong></span> <span class='ocrx_word' id='word_1_604' title='bbox 1246 1955 1390 2000; x_wconf 86' lang='lat' dir='ltr'><strong>scriptas</strong></span> <span class='ocrx_word' id='word_1_605' title='bbox 1406 1967 1478 1988; x_wconf 89' lang='lat' dir='ltr'><strong>esse</strong></span> <span class='ocrx_word' id='word_1_606' title='bbox 1497 1955 1606 1998; x_wconf 88' lang='lat' dir='ltr'><strong>leges,</strong></span> <span class='ocrx_word' id='word_1_607' title='bbox 1634 1962 1672 1988; x_wconf 92' lang='lat' dir='ltr'><strong>ut</strong></span> <span class='ocrx_word' id='word_1_608' title='bbox 1690 1962 1872 1999; x_wconf 88' lang='lat' dir='ltr'><strong>potentum</strong></span> <span class='ocrx_word' id='word_1_609' title='bbox 1897 1955 2148 1998; x_wconf 87' lang='lat' dir='ltr'><strong>cupiditatibus</strong></span> 
     </span>
     <span class='ocr_line' id='line_1_93' title="bbox 1157 2003 2147 2045; baseline -0.001 -5"><span class='ocrx_word' id='word_1_610' title='bbox 1157 2006 1364 2045; x_wconf 88' lang='lat' dir='ltr'><strong>adulentur,</strong></span> <span class='ocrx_word' id='word_1_611' title='bbox 1393 2006 1479 2039; x_wconf 91' lang='lat' dir='ltr'><strong>sicut</strong></span> <span class='ocrx_word' id='word_1_612' title='bbox 1500 2006 1604 2039; x_wconf 86' lang='lat' dir='ltr'><strong>multi</strong></span> <span class='ocrx_word' id='word_1_613' title='bbox 1627 2006 1821 2039; x_wconf 89' lang='lat' dir='ltr'><strong>turbulenti</strong></span> <span class='ocrx_word' id='word_1_614' title='bbox 1849 2003 2008 2039; x_wconf 87' lang='lat' dir='ltr'><strong>homines</strong></span> <span class='ocrx_word' id='word_1_615' title='bbox 2026 2006 2147 2039; x_wconf 86' lang='lat' dir='ltr'><strong>clami-</strong></span> 
     </span>
     <span class='ocr_line' id='line_1_94' title="bbox 1157 2056 2147 2104; baseline 0 -14"><span class='ocrx_word' id='word_1_616' title='bbox 1157 2064 1244 2092; x_wconf 90' lang='lat' dir='ltr'><strong>tant.</strong></span> <span class='ocrx_word' id='word_1_617' title='bbox 1298 2056 1366 2091; x_wconf 86' lang='lat' dir='ltr'><strong>Sed</strong></span> <span class='ocrx_word' id='word_1_618' title='bbox 1388 2057 1442 2104; x_wconf 77' lang='lat' dir='ltr'><strong>vel</strong></span> <span class='ocrx_word' id='word_1_619' title='bbox 1466 2057 1574 2090; x_wconf 88' lang='lat' dir='ltr'><strong>firmis</strong></span> <span class='ocrx_word' id='word_1_620' title='bbox 1600 2057 1976 2097; x_wconf 84' lang='lat' dir='ltr'><strong>demonstrationibus,</strong></span> <span class='ocrx_word' id='word_1_621' title='bbox 2011 2057 2065 2089; x_wconf 72' lang='lat' dir='ltr'><strong>vel</strong></span> <span class='ocrx_word' id='word_1_622' title='bbox 2090 2069 2147 2090; x_wconf 88' lang='lat' dir='ltr'><strong>ra-</strong></span> 
     </span>
     <span class='ocr_line' id='line_1_95' title="bbox 1157 2107 2147 2152; baseline -0.001 -10"><span class='ocrx_word' id='word_1_623' title='bbox 1157 2108 1314 2142; x_wconf 89' lang='lat' dir='ltr'><strong>tionibus</strong></span> <span class='ocrx_word' id='word_1_624' title='bbox 1331 2120 1419 2152; x_wconf 90' lang='lat' dir='ltr'><strong>quae</strong></span> <span class='ocrx_word' id='word_1_625' title='bbox 1433 2115 1514 2141; x_wconf 88' lang='lat' dir='ltr'><strong>sunt</strong></span> <span class='ocrx_word' id='word_1_626' title='bbox 1530 2107 1666 2141; x_wconf 84' lang='lat' dir='ltr'><strong>vicinae</strong></span> <span class='ocrx_word' id='word_1_627' title='bbox 1680 2108 2061 2149; x_wconf 89' lang='lat' dir='ltr'><strong>demonstrationibus,</strong></span> <span class='ocrx_word' id='word_1_628' title='bbox 2089 2120 2147 2141; x_wconf 88' lang='lat' dir='ltr'><strong>ex-</strong></span> 
     </span>
     <span class='ocr_line' id='line_1_96' title="bbox 1156 2158 2147 2203; baseline -0.001 -10"><span class='ocrx_word' id='word_1_629' title='bbox 1156 2165 1290 2193; x_wconf 85' lang='lat' dir='ltr'><strong>tructae</strong></span> <span class='ocrx_word' id='word_1_630' title='bbox 1307 2165 1390 2192; x_wconf 90' lang='lat' dir='ltr'><strong>sunt</strong></span> <span class='ocrx_word' id='word_1_631' title='bbox 1403 2170 1443 2191; x_wconf 86' lang='lat' dir='ltr'><strong>ex</strong></span> <span class='ocrx_word' id='word_1_632' title='bbox 1463 2158 1617 2192; x_wconf 86' lang='lat' dir='ltr'><strong>immotis</strong></span> <span class='ocrx_word' id='word_1_633' title='bbox 1642 2159 1844 2203; x_wconf 89' lang='lat' dir='ltr'><strong>principiis,</strong></span> <span class='ocrx_word' id='word_1_634' title='bbox 1876 2171 1964 2203; x_wconf 88' lang='lat' dir='ltr'><strong>quae</strong></span> <span class='ocrx_word' id='word_1_635' title='bbox 1980 2165 2083 2199; x_wconf 89' lang='lat' dir='ltr'><strong>sunt,</strong></span> <span class='ocrx_word' id='word_1_636' title='bbox 2108 2166 2147 2192; x_wconf 92' lang='lat' dir='ltr'><strong>ut</strong></span> 
     </span>
     <span class='ocr_line' id='line_1_97' title="bbox 1156 2209 2146 2253; baseline 0 -11"><span class='ocrx_word' id='word_1_637' title='bbox 1156 2209 1246 2252; x_wconf 82' lang='lat' dir='ltr'><strong>dixi,</strong></span> <span class='ocrx_word' id='word_1_638' title='bbox 1286 2209 1376 2242; x_wconf 87' lang='lat' dir='ltr'><strong>radii</strong></span> <span class='ocrx_word' id='word_1_639' title='bbox 1405 2209 1597 2253; x_wconf 87' lang='lat' dir='ltr'><strong>sapientiae</strong></span> <span class='ocrx_word' id='word_1_640' title='bbox 1630 2210 1771 2243; x_wconf 74' lang='lat' dir='ltr'><strong>divinae</strong></span> <span class='ocrx_word' id='word_1_641' title='bbox 1805 2209 1840 2242; x_wconf 91' lang='lat' dir='ltr'><strong>in</strong></span> <span class='ocrx_word' id='word_1_642' title='bbox 1871 2221 1936 2242; x_wconf 90' lang='lat' dir='ltr'><strong>nos</strong></span> <span class='ocrx_word' id='word_1_643' title='bbox 1969 2209 2146 2243; x_wconf 86' lang='lat' dir='ltr'><strong>transfusi.</strong></span> 
     </span>
     <span class='ocr_line' id='line_1_98' title="bbox 1156 2258 2144 2294; baseline 0 -1"><span class='ocrx_word' id='word_1_644' title='bbox 1156 2258 1292 2294; x_wconf 89' lang='lat' dir='ltr'><strong>Omnes</strong></span> <span class='ocrx_word' id='word_1_645' title='bbox 1326 2260 1454 2293; x_wconf 90' lang='lat' dir='ltr'><strong>scimus</strong></span> <span class='ocrx_word' id='word_1_646' title='bbox 1491 2272 1720 2293; x_wconf 81' lang='lat' dir='ltr'><strong>numerorum</strong></span> <span class='ocrx_word' id='word_1_647' title='bbox 1763 2260 1925 2294; x_wconf 86' lang='lat' dir='ltr'><strong>notitiam</strong></span> <span class='ocrx_word' id='word_1_648' title='bbox 1960 2260 2144 2293; x_wconf 90' lang='lat' dir='ltr'><strong>nobiscum</strong></span> 
     </span>
     <span class='ocr_line' id='line_1_99' title="bbox 1155 2310 2144 2345; baseline -0.001 -1"><span class='ocrx_word' id='word_1_649' title='bbox 1155 2318 1353 2345; x_wconf 90' lang='lat' dir='ltr'><strong>nascentem</strong></span> <span class='ocrx_word' id='word_1_650' title='bbox 1370 2322 1442 2343; x_wconf 90' lang='lat' dir='ltr'><strong>rem</strong></span> <span class='ocrx_word' id='word_1_651' title='bbox 1460 2310 1589 2343; x_wconf 91' lang='lat' dir='ltr'><strong>bonam</strong></span> <span class='ocrx_word' id='word_1_652' title='bbox 1608 2318 1640 2344; x_wconf 91' lang='lat' dir='ltr'><strong>et</strong></span> <span class='ocrx_word' id='word_1_653' title='bbox 1654 2311 1767 2344; x_wconf 90' lang='lat' dir='ltr'><strong>lucem</strong></span> <span class='ocrx_word' id='word_1_654' title='bbox 1783 2310 1940 2343; x_wconf 89' lang='lat' dir='ltr'><strong>divinam</strong></span> <span class='ocrx_word' id='word_1_655' title='bbox 1956 2322 2028 2343; x_wconf 91' lang='lat' dir='ltr'><strong>esse</strong></span> <span class='ocrx_word' id='word_1_656' title='bbox 2040 2311 2144 2344; x_wconf 87' lang='lat' dir='ltr'><strong>etiam</strong></span> 
     </span>
     <span class='ocr_line' id='line_1_100' title="bbox 1155 2359 2144 2395; baseline 0.001 -1"><span class='ocrx_word' id='word_1_657' title='bbox 1155 2362 1191 2394; x_wconf 91' lang='lat' dir='ltr'><strong>in</strong></span> <span class='ocrx_word' id='word_1_658' title='bbox 1209 2359 1382 2395; x_wconf 86' lang='lat' dir='ltr'><strong>Ethnicis.</strong></span> <span class='ocrx_word' id='word_1_659' title='bbox 1433 2360 1480 2394; x_wconf 87' lang='lat' dir='ltr'><strong>At</strong></span> <span class='ocrx_word' id='word_1_660' title='bbox 1497 2361 1609 2394; x_wconf 90' lang='lat' dir='ltr'><strong>multo</strong></span> <span class='ocrx_word' id='word_1_661' title='bbox 1631 2361 1854 2395; x_wconf 78' lang='lat' dir='ltr'><strong>excellentior</strong></span> <span class='ocrx_word' id='word_1_662' title='bbox 1873 2361 1931 2394; x_wconf 91' lang='lat' dir='ltr'><strong>lux</strong></span> <span class='ocrx_word' id='word_1_663' title='bbox 1951 2368 2000 2395; x_wconf 89' lang='lat' dir='ltr'><strong>est</strong></span> <span class='ocrx_word' id='word_1_664' title='bbox 2019 2361 2144 2395; x_wconf 90' lang='lat' dir='ltr'><strong>notitia</strong></span> 
     </span>
     <span class='ocr_line' id='line_1_101' title="bbox 1155 2411 2143 2457; baseline 0.001 -13"><span class='ocrx_word' id='word_1_665' title='bbox 1155 2413 1270 2456; x_wconf 84' lang='lat' dir='ltr'><strong>legum</strong></span> <span class='ocrx_word' id='word_1_666' title='bbox 1295 2419 1460 2452; x_wconf 86' lang='lat' dir='ltr'><strong>naturae,</strong></span> <span class='ocrx_word' id='word_1_667' title='bbox 1494 2423 1582 2457; x_wconf 88' lang='lat' dir='ltr'><strong>quae</strong></span> <span class='ocrx_word' id='word_1_668' title='bbox 1613 2419 1758 2445; x_wconf 87' lang='lat' dir='ltr'><strong>testatur</strong></span> <span class='ocrx_word' id='word_1_669' title='bbox 1787 2419 1819 2445; x_wconf 90' lang='lat' dir='ltr'><strong>et</strong></span> <span class='ocrx_word' id='word_1_670' title='bbox 1845 2423 1916 2445; x_wconf 90' lang='lat' dir='ltr'><strong>esse</strong></span> <span class='ocrx_word' id='word_1_671' title='bbox 1942 2411 2073 2451; x_wconf 90' lang='lat' dir='ltr'><strong>Deum,</strong></span> <span class='ocrx_word' id='word_1_672' title='bbox 2110 2419 2143 2446; x_wconf 88' lang='lat' dir='ltr'><strong>et</strong></span> 
     </span>
     <span class='ocr_line' id='line_1_102' title="bbox 1154 2462 2141 2506; baseline -0.002 -10"><span class='ocrx_word' id='word_1_673' title='bbox 1154 2475 1226 2496; x_wconf 88' lang='lat' dir='ltr'><strong>esse</strong></span> <span class='ocrx_word' id='word_1_674' title='bbox 1243 2463 1448 2506; x_wconf 89' lang='lat' dir='ltr'><strong>sapientem,</strong></span> <span class='ocrx_word' id='word_1_675' title='bbox 1475 2462 1617 2503; x_wconf 89' lang='lat' dir='ltr'><strong>iustum,</strong></span> <span class='ocrx_word' id='word_1_676' title='bbox 1643 2475 1811 2502; x_wconf 87' lang='lat' dir='ltr'><strong>veracem,</strong></span> <span class='ocrx_word' id='word_1_677' title='bbox 1838 2463 2045 2500; x_wconf 89' lang='lat' dir='ltr'><strong>beneficum,</strong></span> <span class='ocrx_word' id='word_1_678' title='bbox 2061 2463 2141 2495; x_wconf 65' lang='lat' dir='ltr'><strong>vin-</strong></span> 
     </span>
     <span class='ocr_line' id='line_1_103' title="bbox 1153 2511 2139 2548; baseline -0.002 -2"><span class='ocrx_word' id='word_1_679' title='bbox 1153 2515 1264 2547; x_wconf 90' lang='lat' dir='ltr'><strong>dicem</strong></span> <span class='ocrx_word' id='word_1_680' title='bbox 1280 2520 1314 2547; x_wconf 91' lang='lat' dir='ltr'><strong>et</strong></span> <span class='ocrx_word' id='word_1_681' title='bbox 1330 2519 1499 2547; x_wconf 89' lang='lat' dir='ltr'><strong>rectorem</strong></span> <span class='ocrx_word' id='word_1_682' title='bbox 1518 2513 1608 2547; x_wconf 91' lang='lat' dir='ltr'><strong>vitae</strong></span> <span class='ocrx_word' id='word_1_683' title='bbox 1625 2511 1810 2548; x_wconf 88' lang='lat' dir='ltr'><strong>humanae.</strong></span> <span class='ocrx_word' id='word_1_684' title='bbox 1851 2512 1945 2547; x_wconf 87' lang='lat' dir='ltr'><strong>Haec</strong></span> <span class='ocrx_word' id='word_1_685' title='bbox 1963 2514 2020 2546; x_wconf 83' lang='lat' dir='ltr'><strong>lux</strong></span> <span class='ocrx_word' id='word_1_686' title='bbox 2037 2513 2139 2545; x_wconf 89' lang='lat' dir='ltr'><strong>etiam</strong></span> 
     </span>
     <span class='ocr_line' id='line_1_104' title="bbox 1153 2561 2139 2609; baseline -0.001 -12"><span class='ocrx_word' id='word_1_687' title='bbox 1153 2566 1189 2598; x_wconf 92' lang='lat' dir='ltr'><strong>in</strong></span> <span class='ocrx_word' id='word_1_688' title='bbox 1207 2561 1371 2597; x_wconf 87' lang='lat' dir='ltr'><strong>Etbnicis</strong></span> <span class='ocrx_word' id='word_1_689' title='bbox 1392 2576 1445 2597; x_wconf 88' lang='lat' dir='ltr'><strong>res</strong></span> <span class='ocrx_word' id='word_1_690' title='bbox 1469 2564 1562 2598; x_wconf 90' lang='lat' dir='ltr'><strong>bona</strong></span> <span class='ocrx_word' id='word_1_691' title='bbox 1581 2571 1631 2598; x_wconf 87' lang='lat' dir='ltr'><strong>est</strong></span> <span class='ocrx_word' id='word_1_692' title='bbox 1648 2571 1681 2598; x_wconf 87' lang='lat' dir='ltr'><strong>et</strong></span> <span class='ocrx_word' id='word_1_693' title='bbox 1700 2563 1765 2598; x_wconf 85' lang='lat' dir='ltr'><strong>Dei</strong></span> <span class='ocrx_word' id='word_1_694' title='bbox 1783 2575 1881 2609; x_wconf 83' lang='lat' dir='ltr'><strong>opus,</strong></span> <span class='ocrx_word' id='word_1_695' title='bbox 1935 2563 2030 2596; x_wconf 89' lang='lat' dir='ltr'><strong>ldem</strong></span> <span class='ocrx_word' id='word_1_696' title='bbox 2049 2570 2080 2596; x_wconf 87' lang='lat' dir='ltr'><strong>et</strong></span> <span class='ocrx_word' id='word_1_697' title='bbox 2096 2565 2139 2596; x_wconf 89' lang='lat' dir='ltr'><strong>de</strong></span> 
     </span>
     <span class='ocr_line' id='line_1_105' title="bbox 1152 2614 2138 2660; baseline -0.004 -10"><span class='ocrx_word' id='word_1_698' title='bbox 1152 2615 1515 2650; x_wconf 88' lang='lat' dir='ltr'><strong>demonstrationibus</strong></span> <span class='ocrx_word' id='word_1_699' title='bbox 1529 2627 1618 2660; x_wconf 90' lang='lat' dir='ltr'><strong>quae</strong></span> <span class='ocrx_word' id='word_1_700' title='bbox 1633 2615 1715 2649; x_wconf 84' lang='lat' dir='ltr'><strong>inde</strong></span> <span class='ocrx_word' id='word_1_701' title='bbox 1731 2616 1895 2649; x_wconf 86' lang='lat' dir='ltr'><strong>oriuntur</strong></span> <span class='ocrx_word' id='word_1_702' title='bbox 1911 2614 2138 2647; x_wconf 87' lang='lat' dir='ltr'><strong>iudicandum</strong></span> 
     </span>
     <span class='ocr_line' id='line_1_106' title="bbox 1151 2663 2139 2711; baseline -0.002 -11"><span class='ocrx_word' id='word_1_703' title='bbox 1151 2673 1213 2701; x_wconf 88' lang='lat' dir='ltr'><strong>est.</strong></span> <span class='ocrx_word' id='word_1_704' title='bbox 1266 2663 1384 2711; x_wconf 89' lang='lat' dir='ltr'><strong>Atque</strong></span> <span class='ocrx_word' id='word_1_705' title='bbox 1407 2665 1454 2700; x_wconf 90' lang='lat' dir='ltr'><strong>ita</strong></span> <span class='ocrx_word' id='word_1_706' title='bbox 1471 2673 1562 2701; x_wconf 90' lang='lat' dir='ltr'><strong>recte</strong></span> <span class='ocrx_word' id='word_1_707' title='bbox 1580 2666 1782 2710; x_wconf 86' lang='lat' dir='ltr'><strong>intelligetis</strong></span> <span class='ocrx_word' id='word_1_708' title='bbox 1799 2667 1913 2709; x_wconf 87' lang='lat' dir='ltr'><strong>legum</strong></span> <span class='ocrx_word' id='word_1_709' title='bbox 1937 2665 2139 2705; x_wconf 84' lang='lat' dir='ltr'><strong>sententias,</strong></span> 
     </span>
     <span class='ocr_line' id='line_1_107' title="bbox 1151 2715 2140 2752; baseline -0.001 -2"><span class='ocrx_word' id='word_1_710' title='bbox 1151 2729 1229 2752; x_wconf 89' lang='lat' dir='ltr'><strong>cum</strong></span> <span class='ocrx_word' id='word_1_711' title='bbox 1253 2727 1373 2750; x_wconf 87' lang='lat' dir='ltr'><strong>earum</strong></span> <span class='ocrx_word' id='word_1_712' title='bbox 1402 2727 1521 2751; x_wconf 89' lang='lat' dir='ltr'><strong>causas</strong></span> <span class='ocrx_word' id='word_1_713' title='bbox 1545 2723 1578 2751; x_wconf 87' lang='lat' dir='ltr'><strong>et</strong></span> <span class='ocrx_word' id='word_1_714' title='bbox 1601 2717 1916 2751; x_wconf 86' lang='lat' dir='ltr'><strong>demonstrationes</strong></span> <span class='ocrx_word' id='word_1_715' title='bbox 1939 2715 2058 2748; x_wconf 83' lang='lat' dir='ltr'><strong>dextre</strong></span> <span class='ocrx_word' id='word_1_716' title='bbox 2082 2715 2140 2749; x_wconf 87' lang='lat' dir='ltr'><strong>in-</strong></span> 
     </span>
    </p>
   </div>
  </div>
 </body>
</html>
