2338 2958
195 123 270 159 215

197 209 264 244 No.
276 208 336 244 27.
1021 215 1068 234 an.
1092 204 1188 235 1352.

410 323 570 366 Oratio
602 320 703 364 Seb.
737 319 980 363 Mum-teri.

271 406 348 440 Apud
374 405 484 430 Craton.
508 402 578 437 Myl.
605 411 633 436 p.
651 401 730 435 213„
762 401 790 427 in
809 400 963 427 Declaman.
983 400 1015 425 T.
1038 400 1057 426 1.
1076 409 1104 434 p.
1118 400 1191 429 254..

304 440 421 466 Set-vest.
440 438 471 464 T.
490 438 509 463 Ι.
530 447 557 471 p·
571 437 632 462 220.
657 441 683 462 et
702 435 829 463 Richard.
848 435 883 464 Τ.
899 435 932 461 lt.
954 445 980 470 p.
996 435 1055 460 536.

205 530 331 562 Oratio
360 529 398 560 in
423 526 655 571 promotione
682 522 880 558 cuiusdam
913 523 1193 564 Iurisconsulti,

204 578 332 612 habita
350 588 372 611 α
390 579 500 611 Doct.
522 575 724 611 sebaldo
751 576 1007 609 Munstero:
1031 576 1102 607 Res
1121 584 1193 607 non

204 628 432 664 iudicandas
466 627 674 662 secundum
704 625 899 660 arbitrium
924 624 1086 666 iudicis,
1129 622 1194 658 sed

295 678 500 714 secundum
522 680 706 722 scriptum
732 679 799 711 ius.
859 676 964 710 Anno
994 674 1106 711 1532.

208 756 305 799 Cum
328 767 409 794 ante
429 771 556 804 paucos
574 759 647 792 dies
661 759 717 791 vir
732 757 944 791 clarissimus
958 756 1091 790 Doctor
1107 756 1194 790 Hie-

208 824 378 858 ronymus
394 817 596 855 praeceptor
619 816 738 842 noster
763 808 894 852 optime
912 808 1077 847 meritus,
1104 815 1137 841 et
1153 808 1196 841 de

207 862 450 907 magnitudine
488 859 715 906 professionis
758 866 898 892 nostrae
940 858 1196 903 sapientissime

208 914 353 952 dixerit,
388 919 420 946 et
446 911 650 955 gravissima
678 910 837 944 oratione
864 909 1114 953 negligentiam
1141 909 1196 941 di-

210 963 380 999 scentium
406 962 642 1005 castigaverit,
675 973 776 1005 spero
800 971 862 994 vos
892 968 1036 1005 propter
1063 959 1198 994 autori—

209 1023 316 1051 tatem
340 1014 408 1046 viri
434 1012 560 1046 summi
581 1012 732 1045 libenter
756 1011 956 1045 meminisse
975 1012 1050 1044 eius
1068 1010 1198 1044 oratio—

209 1067 282 1107 nis,
309 1076 417 1109 eaque
433 1064 478 1097 ita
496 1063 603 1102 affici,
629 1070 668 1096 ut
682 1074 792 1106 genus
807 1062 921 1106 ipsum
939 1062 1119 1095 doctrinae
1137 1072 1197 1094 sua

210 1116 452 1159 magnitudine
478 1114 676 1154 metientes,
702 1113 861 1147 statuatis
883 1113 982 1145 vobis
997 1120 1030 1145 et
1048 1113 1196 1145 solidam

210 1167 445 1201 eruditionem
468 1165 718 1208 expetendam,
751 1170 784 1196 et
808 1164 848 1196 ad
877 1176 952 1196 eam
981 1175 1197 1207 consequen-

211 1220 308 1257 dam,
335 1216 490 1249 studium
508 1215 715 1247 acerrimum
735 1214 986 1247 conserendum
1003 1225 1085 1248 esse.
1140 1212 1198 1245 Mo

211 1269 353 1314 quidem
384 1268 495 1311 ipsum
520 1266 620 1298 valde
645 1265 774 1303 movit,
802 1271 835 1297 et
853 1276 971 1298 curam
992 1262 1081 1297 mihi
1102 1263 1199 1296 solli-

211 1320 473 1362 citudinemque
506 1317 675 1348 maiorem
716 1315 896 1348 accedenti
930 1316 973 1347 ad
1009 1315 1126 1347 sorum
1168 1320 1200 1347 et

210 1369 386 1413 Ptempub.
412 1366 654 1400 circumdedit.
717 1365 838 1410 Itaque
860 1366 902 1398 de
924 1363 979 1397 his
996 1365 1080 1408 ipsis
1098 1364 1201 1397 rebus

210 1418 302 1453 nihil
320 1418 517 1452 arbitrabar
534 1430 551 1450 a
569 1429 623 1449 me
635 1416 823 1449 dicendum
843 1427 928 1449 esse.
980 1413 1069 1448 Nam
1087 1425 1201 1459 neque

211 1470 432 1505 autoritatem
462 1467 629 1501 maiorem
655 1469 697 1500 ad
729 1478 790 1499 vos
813 1463 1053 1499 adhortandos
1077 1465 1201 1498 afferre

212 1522 396 1568 quisquam
423 1525 551 1563 potest,
585 1530 689 1563 quam
714 1517 773 1550 ille
799 1517 918 1557 affert,
946 1523 1089 1560 propter
1106 1528 1203 1548 snm-

212 1585 303 1606 mam
323 1570 520 1604 doctrinam
548 1575 583 1602 et
607 1567 798 1601 maximnm
826 1579 944 1601 rerum
962 1578 1078 1600 usum.
1130 1565 1201 1599 Ne-

213 1635 280 1669 que
314 1622 415 1654 video
449 1619 534 1665 qnid
563 1619 632 1652 dici
655 1618 795 1662 gravius
817 1617 854 1651 in
879 1629 918 1651 ea
947 1628 1050 1651 causa
1081 1616 1202 1661 possit.

213 1673 392 1717 Quoniam
417 1678 531 1705 autem
555 1668 639 1703 haec
657 1681 758 1703 scena
776 1681 830 1702 me
848 1681 989 1714 quoque
1007 1667 1122 1700 dicere
1138 1667 1202 1700 ali-

213 1724 298 1770 quid
333 1723 440 1766 cogit,
482 1727 562 1765 peto
590 1733 609 1754 a
634 1720 753 1760 vobis,
789 1719 871 1765 quia
900 1719 936 1752 in
964 1716 1059 1752 hunc
1085 1718 1201 1751 locum

214 1775 353 1809 ascendi
381 1786 451 1806 non
471 1772 607 1816 privato
630 1770 796 1810 consilio,
830 1771 889 1804 sed
917 1769 1104 1803 autoritate
1128 1781 1203 1801 am—

215 1825 360 1869 plissimi
397 1823 531 1856 ordinis
563 1823 693 1863 nostri,
734 1827 775 1855 ut
809 1833 865 1854 me
892 1833 955 1865 pro
984 1827 1095 1853 vestra
1124 1831 1202 1863 erga

216 1875 310 1909 hunc
328 1876 489 1908 ordinem
507 1873 750 1907 benevolentia
775 1872 949 1905 dicentem
974 1871 1124 1914 benigne
1141 1882 1202 1903 an-

215 1927 331 1960 ‹liatis.
388 1925 527 1959 lustitui
546 1930 661 1957 antem
685 1923 864 1967 disputare
887 1923 931 1955 de
953 1922 1104 1966 quadam
1124 1921 1203 1953 vnl-

215 1978 288 2020 gari
314 1976 538 2021 persuasione
565 1972 750 2007 hominnm
774 1973 846 2007 sive
870 1973 1114 2017 imperitorum
1131 1972 1202 2004 sive

218 2029 439 2067 invidorum,
473 2027 532 2071 qui
557 2025 610 2059 ius
632 2025 800 2069 scriptum
832 2036 872 2057 ex
898 2025 975 2057 foro
1002 2030 1035 2057 et
1063 2023 1202 2055 iudiciis

217 2080 292 2112 eiici
313 2080 435 2112 volunt
453 2085 485 2110 et
502 2077 649 2109 indicari
668 2087 720 2108 res
738 2075 815 2108 sine
832 2075 934 2108 certis
956 2074 1091 2116 legibus
1109 2073 1203 2106 arbi-

218 2130 286 2164 trio
313 2142 451 2167 (mmm,
485 2128 543 2173 qni
562 2127 689 2160 iudicia
707 2133 877 2161 exercent.
937 2125 1024 2158 Nam
1044 2123 1107 2157 liar.
1125 2125 1202 2168 opi-

219 2181 323 2213 nione
347 2181 514 2219 refutata,
542 2178 641 2211 facilc
664 2177 812 2219 intelligi
833 2183 959 2221 potest.
988 2174 1052 2208 hm-
1071 2175 1202 2207 doctri-

218 2244 281 2263 nae
307 2242 432 2272 genus,
469 2230 503 2261 in
530 2242 599 2273 quo
632 2240 829 2266 versamur,
865 2227 1017 2270 Pit-ipat».
1048 2238 1201 2259 neccssa-

218 2283 307 2315 rinm
333 2293 414 2314 esse.
477 2279 646 2313 Nonnulli
671 2291 770 2320 aegre
791 2279 905 2311 ferunt
924 2278 990 2310 sibi
1012 2277 1045 2309 in
1063 2276 1202 2309 indiciis

218 2331 305 2366 nihil
334 2332 427 2376 loqui
457 2331 575 2369 licere,
618 2330 684 2362 nisi
715 2330 840 2363 dictata
879 2341 898 2361 a
934 2327 1201 2361 lnreconsnltis:

217 2392 247 2417 et
280 2385 360 2428 quia
393 2383 499 2427 pudet
527 2382 620 2413 volnt
652 2387 765 2413 mutas
795 2391 959 2423 personas
984 2379 1133 2412 assidere
1166 2378 1200 2410 in

219 2435 374 2473 indiciis,
416 2446 487 2466 non
522 2434 563 2465 de
600 2432 739 2475 pnldica
774 2431 941 2469 utilitate,
983 2431 1041 2462 sed
1071 2431 1113 2461 de
1141 2441 1200 2461 sna

215 2485 470 2519 existimatione
501 2483 684 2521 ditnicant,
727 2482 843 2513 iubent
871 2482 999 2513 auferri
1027 2478 1091 2512 lior
1114 2480 1199 2512 scri-

217 2544 314 2580 ptum
334 2537 404 2574 ins,
432 2542 466 2567 nt
491 2534 553 2577 ipsi
572 2546 711 2577 quoqne
728 2545 845 2576 sapere
863 2533 996 2576 aliquid
1023 2537 1200 2574 putentur.

216 2586 261 2621 Et
287 2587 504 2630 adplaudunt
536 2583 589 2616 liis
616 2584 745 2616 indocti
781 2591 883 2627 atque
915 2583 1063 2625 imperiti
1088 2581 1201 2618 tnnlti,

833 113 1068 153 ORATIO
1110 111 1226 151 SEB.
1267 109 1589 148 MUNSTERI.

217 2639 275 2672 sed
303 2638 493 2671 reclamant
523 2635 676 2677 exempla
706 2641 752 2667 tot
781 2633 1138 2677 liernntpnlilicarnm
1168 2639 1196 2663 et
1225 2651 1227 2666 ‹,

218 2688 553 2733 sapientissimorum
581 2687 754 2725 xit-orum,
787 2686 845 2729 qni
869 2686 957 2725 ing-2„
986 2685 1197 2728 scripserunt
1224 2692 1228 2724 g
1254 2679 1408 2723 llvspnl»,
1434 2679 1536 2712 etiam
1562 2680 1653 2723 apud
1684 2680 1814 2712 (lentes
1834 2679 2038 2713 constitutas
2063 2686 2094 2713 ct
2114 2679 2242 2722 golter-

2151 113 2223 148 216

1240 205 1274 233 et
1296 209 1362 232 usu
1383 203 1651 242 compererunt,
1682 208 1756 230 non
1778 208 1878 241 posse
1893 199 2007 232 teneri
2024 199 2229 245 tranquilli-

1240 256 1346 284 tatem
1360 247 1719 292 Rerumpublicarurn
1735 247 1810 281 sine
1825 248 1954 293 scripto
1971 249 2058 285 iure.
2113 249 2232 295 Atque

1242 311 1303 343 ego
1321 299 1501 333 interdum
1517 299 1560 332 de
1574 296 1629 331 his
1645 298 1750 331 rebus
1764 298 1937 342 cogitans,
1958 301 2118 334 conferre
2134 301 2231 334 soleo

1243 349 1479 390 Medicinam,
1511 355 1546 383 et
1569 347 1660 382 hanc
1683 349 1864 383 scientiam
1882 362 2000 383 rerum
2024 351 2232 385 iudicanda-

1244 413 1334 435 rum.
1399 399 1510 433 Plane
1541 399 1691 433 ridicula
1719 411 1774 433 res
1807 407 1912 440 esset,
1955 401 1984 433 si
2010 401 2088 446 quis
2114 401 2233 435 literas

1245 463 1366 484 omnes
1395 457 1429 484 et
1455 451 1671 491 doctrinam,
1705 462 1794 495 quae
1822 450 2038 484 Medicinam
2066 451 2234 492 continet,

1245 501 1377 535 aboleri
1401 501 1523 542 vellet,
1554 508 1588 535 et
1609 513 1648 534 ex
1672 502 1822 545 quadam
1849 501 2029 535 communi
2048 501 2236 546 prudentia

1247 553 1363 597 potius
1385 552 1521 585 consuli
1545 551 1707 595 aegrotis,
1768 549 1928 585 Obsecro
1954 553 2058 597 quale
2075 553 2234 586 futurum

1246 610 1332 637 esset
1353 600 1420 636 hoc
1443 603 1609 636 medendi
1630 612 1759 645 genuS,
1784 602 1858 635 sine
1880 603 2058 644 doctrina,
2085 603 2160 636 sine
2177 615 2236 636 ex-

1247 654 1437 698 perientia,
1464 653 1539 687 siue
1555 653 1800 687 observatione
1818 653 1914 686 ulla?
1934 666 1936 669 ·
1964 652 2126 687 Profecto
2144 650 2236 686 nihil

1248 705 1343 737 aliud
1369 703 1438 737 nisi
1462 704 1662 738 carnificina
1687 710 1784 738 esset.
1836 702 1888 737 lta
1912 703 2040 737 iudicia
2059 705 2097 738 in
2113 705 2237 738 dome·-

1249 755 1372 788 sticum
1390 755 1614 788 latrocinium
1632 761 1939 794 converterentur,
1965 754 1993 787 si
2009 754 2084 788 sine
2101 755 2237 798 legibus

1250 805 1484 849 pronunciare
1508 805 1643 845 liceret,
1669 804 1845 850 quidquid
1866 812 1926 839 aut
1941 806 2069 846 stulto,
2095 813 2155 839 aut
2171 805 2239 837 im-

1251 857 1363 899 perito
1375 882 1385 895 ,
1412 862 1471 888 ant
1489 855 1575 889 irato
1591 856 1699 888 indici
1717 855 1753 887 in
1768 862 1920 889 mentem
1938 856 2083 890 veniret.
2135 854 2183 889 Et
2198 861 2240 889 ut

1252 907 1401 939 maxime
1426 906 1555 939 indicia
1583 907 1772 950 prudentes
1793 913 1827 939 et
1844 906 1930 940 boui
1955 913 2131 948 tenerent,
2157 905 2239 939 infi-

1251 957 1344 990 nitae
1379 957 1471 990 inter
1504 954 1568 990 hos
1602 956 1836 989 dissensiones
1869 957 2060 991 orirentur.
2122 956 2240 991 Multa

1252 1007 1346 1041 enim
1364 1007 1527 1041 incidunt
1542 1007 1602 1041 nbi
1620 1008 1717 1041 aliud
1743 1007 1822 1040 aliis
1844 1007 2002 1048 videtur,
2028 1015 2061 1042 et
2078 1008 2139 1053 qui
2157 1004 2241 1040 velit

1252 1058 1394 1101 ingenio
1413 1059 1535 1091 cedere
1551 1070 1650 1091 rarus
1667 1057 1744 1091 erit.
1783 1057 1921 1091 Deinde
1937 1065 1975 1092 ut
1990 1059 2140 1092 maxime
2155 1069 2242 1091 con-

1252 1109 1370 1142 veniat
1386 1109 1477 1142 inter
1501 1106 1581 1149 bos,
1607 1108 1668 1154 qui
1689 1109 1945 1152 pronunciant,
1980 1110 2158 1153 quomodo
2178 1120 2241 1153 po·

1253 1160 1334 1193 terit
1361 1160 1563 1203 persuaderi
1586 1158 1814 1192 contentiosis
1837 1159 2093 1202 litigatoribus,
2120 1159 2242 1192 rectis-

1253 1211 1379 1242 simum
1404 1221 1476 1242 esse
1499 1210 1592 1254 qnod
1617 1209 1670 1242 illi
1695 1210 1951 1252 pronunciant,
1984 1209 2051 1242 nisi
2073 1210 2243 1253 scriptum

1255 1261 1308 1293 ins
1325 1267 1432 1298 extet,
1460 1261 1553 1305 qnod
1571 1272 1650 1293 cum
1668 1260 1713 1293 sit
1730 1271 1917 1293 commune
1935 1261 2058 1293 foedus
2080 1260 2243 1301 civitatis,

1253 1318 1292 1344 nt
1315 1311 1375 1343 ille
1399 1310 1465 1349 ait,
1508 1310 1675 1353 litigatori
1705 1322 1777 1342 non
1809 1310 1890 1343 licet
1915 1310 1990 1344 eius
2018 1311 2243 1344 autoritatem

1254 1363 1458 1395 detrectare.
1510 1360 1599 1393 Nam
1618 1358 1672 1393 his
1689 1360 1822 1402 legibus
1840 1360 1938 1405 qnasi
1958 1368 2079 1404 pactus
2094 1367 2145 1394 est
2162 1372 2243 1394 cum

1254 1410 1482 1453 Magistratu,
1515 1423 1666 1455 cumque
1694 1417 1765 1444 tota
1783 1409 1923 1454 Repub.
1947 1411 2078 1456 nequid
2105 1417 2245 1445 moveat

1255 1469 1376 1495 contra
1399 1473 1467 1495 eas.
1527 1460 1648 1506 ltaque
1672 1462 1819 1504 scriptae
1840 1461 1931 1505 leges
1958 1462 2125 1496 muniunt
2150 1462 2245 1495 iudi-

1255 1525 1334 1545 cum
1356 1511 1578 1545 autoritatem
1603 1513 1770 1545 adversus
1790 1512 1972 1556 improbos
1995 1519 2028 1546 et
2045 1513 2245 1546 contentio-

1255 1575 1310 1595 sos
1331 1563 1531 1606 litigatores.
1583 1561 1704 1607 Neque
1721 1574 1783 1606 ego
1805 1563 1928 1606 ignoro
1946 1575 2034 1608 quae
2050 1570 2172 1597 contra
2188 1562 2246 1596 di-

1255 1620 1399 1654 cantur,
1423 1624 1559 1657 semper
1575 1613 1668 1646 enim
1693 1613 1849 1647 facilium
1869 1621 1919 1648 est
1938 1621 2154 1657 praesentem
2172 1612 2246 1649 Re-

1255 1664 1421 1708 rumpnb.
1445 1670 1573 1697 statum
1601 1661 1870 1707 reprehendere.
1932 1665 2001 1698 Sed
2031 1665 2116 1710 quid
2147 1665 2246 1699 futu-

1257 1727 1334 1748 rum
1359 1721 1463 1756 essct,
1496 1714 1644 1748 sublatis
1668 1714 1827 1757 legibus?
1878 1714 1916 1749 Si
1947 1715 2020 1749 eius
2053 1723 2163 1750 status
2190 1715 2246 1749 in-

1256 1767 1439 1798 commoda
1472 1765 1592 1798 videre
1623 1777 1818 1809 possemus,
1852 1773 2070 1810 praesentem
2097 1767 2246 1799 formam

1257 1828 1467 1859 magnopere
1495 1815 1598 1849 nobis
1620 1817 1875 1849 defendendam
1908 1829 1980 1850 esse
2003 1824 2247 1853 statueremus

1255 1865 1424 1910 Ext-mpla
1448 1866 1641 1900 videamus,
1709 1865 1850 1900 Etenim
1882 1880 1953 1900 non
1979 1868 2120 1901 ferenda
2145 1880 2247 1901 arro·

1256 1918 1372 1960 gantia
1390 1924 1456 1957 est,
1485 1919 1527 1950 de
1550 1930 1587 1950 re
1605 1917 1763 1950 omnium
1782 1918 1932 1951 maxima
1955 1918 2140 1952 dissentire
2156 1931 2174 1951 a
2190 1929 2246 1951 sa-

1257 1968 1482 2013 pientissimis
1515 1967 1616 2007 viris,
1649 1968 1709 2014 qui
1735 1968 1900 2001 maximas
1926 1967 2082 2013 Respnb.
2115 1968 2247 2002 consti-

1257 2027 1410 2054 tuerunt.
1471 2018 1617 2052 Nullum
1644 2026 1775 2052 certum
1801 2019 1854 2052 ins
1880 2017 2057 2053 habebant
2076 2017 2246 2060 Athenae,

1258 2070 1373 2114 itaque
1393 2083 1430 2102 ex
1456 2070 1665 2103 indiciorum
1684 2069 1890 2103 confusione
1914 2070 2083 2103 maximae
2101 2070 2247 2104 seditio-

1257 2132 1316 2153 nes
1335 2121 1532 2154 extiternnt.
1586 2119 1656 2154 Nec
1677 2127 1811 2163 poterat
1828 2120 1962 2154 restitui
1981 2121 2131 2155 civitatis
2147 2128 2246 2155 tran-

1257 2171 1432 2216 quillitas,
1462 2171 1527 2204 nisi
1551 2178 1663 2205 certae
1681 2172 1769 2212 leges
1784 2178 1916 2210 essent,
1944 2172 2073 2216 quilius
2096 2183 2247 2217 praepo-

1257 2222 1331 2255 sitis
1349 2235 1450 2255 nemo
1468 2229 1581 2266 posset
1601 2223 1700 2255 tidem
1718 2222 1872 2255 iudicum
1890 2223 1924 2254 in
1943 2223 2092 2256 dubium
2110 2234 2246 2260 vocare.

1259 2272 1352 2305 ldem
1377 2272 1511 2306 Rornae
1534 2273 1674 2308 accidit:
1708 2280 1737 2305 et
1767 2273 1908 2317 quidem
1934 2273 2086 2317 populns
2111 2272 2245 2307 Roma—

1258 2337 1323 2356 nus
1342 2324 1492 2356 (irat-cas
1518 2324 1606 2364 leges
1625 2324 1792 2361 «lest-ribi,
1820 2331 1857 2357 nt
1883 2324 2037 2367 optimae
2055 2331 2157 2370 atque
2176 2321 2244 2357 hu-

2001 2374 2097 2417 Qnid
2113 2402 2120 2412 ,
2148 2375 2241 2419 qnod

1258 2425 1302 2458 ita
1320 2424 1412 2457 Deus
1431 2426 1500 2468 ipse
1517 2425 1699 2461 itnlicaxit.
1726 2426 1784 2470 qni
1804 2425 2070 2469 cninllempnli.
2090 2423 2244 2458 libna-ae

1256 2476 1367 2516 gentis
1384 2476 1606 2509 conninwwt
1620 2504 1626 2512 ,
1654 2483 1762 2508 certas
1777 2477 1865 2517 leges
1881 2477 1958 2509 tulit
1971 2503 1978 2513 ,
2007 2483 2036 2509 rt
2057 2489 2094 2508 ex
2114 2476 2243 2520 scripto

1257 2527 1401 2559 iudicari
1421 2527 1528 2561 iussit.
1583 2528 1794 2571 Quanquam
1821 2527 1847 2559 si
1869 2534 1958 2559 recte
1981 2527 2162 2559 aestimare
2181 2540 2244 2559 xo·

1257 2579 1388 2615 lomus,
1425 2590 1494 2609 non
1523 2575 1585 2609 liae
1608 2585 1742 2610 tantmn
1772 2576 1938 2610 libavit-ae
1966 2577 2243 2618 legesdixinitns

1255 2630 1400 2661 tr.nlii.·‹·
1426 2635 1503 2661 snnt
1521 2655 1528 2665 ,

1257 2375 1479 2406 inanissimae
1503 2374 1582 2415 eligi
1610 2381 1769 2418 possent,
1801 2375 1948 2408 curavit.

1566 2629 1622 2659 sed
1651 2628 1871 2661 sentiendum
1897 2636 1942 2660 est
1973 2628 2242 2662 xeredixinitno
