2338 2958
152 133 227 168 425
868 122 1024 160 DECL.
1064 122 1139 159 DE
1174 120 1462 159 PLATONE.
2106 124 2181 162 424

155 227 284 259 torum,
307 228 393 263 quas
408 216 444 249 in
460 213 635 247 mentibus
651 210 866 255 concipiunt,
889 208 955 244 hoc
973 217 1033 251 est,
1049 210 1142 254 ipsas

154 269 395 306 definitiones,
429 271 488 299 aut
521 262 848 297 demonstrationes.
908 260 998 295 Cum
1034 261 1142 304 igitur

154 333 242 360 eam,
269 330 371 364 quam
390 316 490 349 toties
507 313 701 358 praedicat,
727 309 933 346 methodum
952 324 1025 345 non
1043 323 1143 356 saepe

153 369 337 406 adhibeat,
365 373 398 399 et
414 371 578 407 evagetur
595 364 786 408 aliquando
806 363 951 396 liberius
967 363 1002 395 in
1021 363 1143 406 dispu-

155 421 282 459 tando,
310 417 479 462 quaedam
497 415 600 448 etiam
624 414 744 457 figuris
763 413 939 452 involvat,
966 426 1004 447 ac
1021 414 1143 446 volens

156 471 321 509 occultet,
355 467 507 511 denique
539 477 618 499 cum
644 477 724 498 raro
755 464 964 508 pronunciet
991 465 1075 509 quid
1099 464 1145 497 sit

155 520 396 558 sentiendum,
423 516 596 550 assentior
618 515 897 549 adolescentibus
924 515 1039 560 potius
1063 527 1145 560 pro-

155 571 359 616 ponendum
384 579 456 601 esse
478 567 722 606 Aristotelem,
747 566 809 611 qui
831 573 938 605 artes,
965 577 1050 610 quas
1074 573 1145 599 tra-

156 622 227 661 dit,
254 620 402 664 explicat
418 619 583 661 integras,
612 624 643 650 et
661 614 867 649 methodum
883 616 1146 660 simpliciorem,

157 685 219 706 ceu
236 671 352 711 filum,
378 671 420 703 ad
438 669 628 712 regendum
647 668 809 700 lectorem
829 664 983 707 adhibet,
1011 674 1042 700 et
1060 666 1146 711 quid

157 723 202 758 sit
225 721 468 761 sentiendum,
495 720 691 763 plerunque
713 717 935 761 pronunciat.
990 715 1086 750 llaec
1109 717 1147 749 in

158 773 385 812 docentibus,
416 777 455 804 ut
479 769 705 814 requirantur
727 768 857 802 multae
880 779 1002 811 graves
1025 779 1148 801 causae

158 831 252 858 sunt.
307 822 353 857 [t
376 822 469 855 enim
494 819 574 853 satis
597 819 762 854 dentibus
779 819 941 852 draconis
965 831 983 852 a
1001 817 1148 859 Cadmo,

159 887 253 918 seges
270 880 387 907 exorta
405 878 455 906 est
469 878 695 908 armatorum,
725 870 785 915 qui
804 870 896 903 inter
911 882 945 902 se
963 869 1029 914 ipsi
1043 869 1150 903 dimi-

159 932 295 965 carunt,
324 924 369 957 ita
388 923 416 956 si
438 922 515 968 quis
531 928 621 955 serat
638 921 818 966 ambiguas
836 920 1039 965 opiniones,
1067 932 1150 953 exo-

160 978 303 1010 riuntur
327 975 410 1007 inde
442 973 558 1006 variae
589 984 627 1005 ac
658 972 873 1016 perniciosae
904 971 1150 1005 dissensiones.

159 1027 270 1060 Paulo
295 1032 374 1059 ante
401 1022 492 1057 hanc
514 1029 660 1056 aetatem
679 1023 867 1056 Bessarion
893 1029 925 1056 et
945 1021 1150 1066 Trapezon-

159 1079 229 1111 tius
249 1075 425 1110 hostiliter
450 1075 540 1108 inter
556 1086 590 1107 se
606 1074 863 1114 dissenserunt,
890 1085 969 1106 cum
992 1071 1048 1106 hic
1066 1072 1151 1106 Ari-

161 1129 341 1168 stotelem,
370 1127 428 1159 ille
448 1125 631 1158 Platonem
656 1125 856 1158 anteferret.
907 1124 946 1156 Id
974 1131 1150 1157 certamen

160 1179 302 1212 diremit
323 1175 535 1210 Theodorus
559 1175 672 1214 Gaza,
707 1175 872 1219 inquiens
899 1186 1000 1207 suum
1025 1174 1150 1219 cuique

160 1231 276 1263 locum
311 1228 539 1262 tribuendum
575 1237 665 1259 esse:
702 1226 749 1259 ita
777 1226 964 1258 lectionem
993 1224 1152 1257 Platonis

161 1281 311 1313 multum
345 1278 563 1322 profuturam
598 1288 689 1316 esse,
731 1275 759 1308 si
789 1275 866 1321 quis
899 1276 936 1308 in
963 1275 1151 1309 Aristotele

161 1338 253 1364 recte
272 1329 464 1368 institutus,
491 1334 608 1372 postea
627 1326 810 1360 Platonem
828 1327 930 1369 legat.
965 1325 1055 1359 Nam
1073 1337 1151 1359 cum

161 1382 282 1414 asseret
301 1380 409 1413 lector
422 1377 681 1412 Aristotelicam
701 1374 918 1420 methodum,
935 1377 1035 1409 facile
1053 1376 1152 1421 quasi

163 1433 256 1466 intra
274 1437 384 1465 certas
400 1437 508 1463 metas
527 1429 685 1462 includet
700 1439 755 1460 eas
771 1439 836 1466 res,
855 1440 942 1472 quae
960 1428 1051 1471 apud
1073 1426 1154 1460 Pla—

162 1492 279 1517 ionem
300 1482 368 1515 late
387 1480 574 1524 dissipatae
592 1486 685 1513 sunt.
723 1476 769 1512 Et
788 1475 878 1511 hanc
894 1478 999 1511 fuisse
1014 1477 1154 1511 Aristo-

164 1534 223 1567 teli
248 1544 384 1566 causam
403 1531 574 1571 arbitror,
603 1542 666 1564 cur
683 1526 889 1563 methodum
910 1529 996 1562 adeo
1017 1528 1155 1562 exiliter

163 1589 434 1623 consectaretur,
456 1589 495 1616 ut
511 1593 548 1615 ea
565 1593 652 1626 quae
667 1592 685 1612 a
704 1579 850 1613 Platone
869 1586 1058 1623 acceperat,
1082 1579 1155 1612 col-

163 1637 269 1675 lecta,
296 1641 330 1667 et
350 1634 500 1678 quadam
524 1630 727 1665 oeconomia
753 1636 858 1675 atque
881 1630 1008 1663 ordine
1034 1629 1154 1662 distri-

165 1687 268 1722 buta,
303 1683 450 1728 posteris
478 1683 611 1725 integre
645 1681 808 1715 traderet.
873 1678 949 1714 Etsi
983 1681 1153 1725 quaedam

165 1737 286 1770 limare
301 1735 404 1768 etiam
423 1746 459 1767 ac
486 1733 658 1776 corrigere
676 1732 807 1772 voluit,
835 1743 952 1765 rerum
977 1738 1093 1764 tamen
1119 1731 1155 1763 in

164 1798 300 1821 summa
317 1798 388 1819 non
405 1796 529 1828 magna
547 1791 597 1817 est
614 1783 876 1817 dissimilitudo,
922 1781 994 1815 Nec
1012 1781 1155 1814 difficile

166 1845 216 1871 est
233 1836 466 1881 prudentibus
483 1835 618 1875 videre,
643 1840 723 1867 uter
742 1833 776 1865 in
793 1845 860 1878 qua
880 1839 976 1876 parte
994 1839 1155 1877 praestet.

167 1891 380 1933 Quanquam
409 1886 501 1919 enim
526 1886 624 1919 dicar
649 1885 804 1927 ineptus,
831 1883 893 1929 qui
920 1883 1014 1917 velut
1037 1882 1155 1916 Midas

166 1941 208 1973 de
225 1937 391 1982 Apolline
409 1944 442 1971 et
456 1935 633 1970 Pane‘sibi
652 1935 822 1968 iudicium
839 1934 999 1977 sumpsit,
1026 1933 1075 1967 ita
1093 1945 1155 1977 ego

167 1993 210 2023 de
243 1990 382 2023 duobus
414 1986 719 2032 praestantissimis
744 1982 971 2028 Philosophis
1000 1984 1156 2018 iudicare

168 2041 299 2081 ausim,
333 2047 449 2073 tamen
477 2039 663 2072 ostendere
684 2036 964 2070 adolescentibus
987 2035 1074 2069 utile
1096 2041 1158 2076 est,

169 2092 252 2136 quid
286 2097 444 2130 autores,
477 2089 537 2134 qui
571 2087 721 2134 proponi
750 2088 882 2127 solent,
918 2087 1157 2130 profiteantur.

171 2142 339 2177 [Jlieriosa
363 2147 444 2173 sunt
460 2152 511 2181 ea,
529 2151 616 2185 quae
629 2140 671 2172 de
686 2138 865 2172 civitatum
880 2137 1158 2171 administratio-

172 2206 213 2225 ne
233 2192 332 2225 Plato
353 2191 490 2231 scribit,
518 2199 550 2224 et
567 2197 647 2224 sunt
666 2196 788 2222 ornata
806 2189 954 2221 mirifico
971 2189 1158 2232 splendore

174 2243 352 2276 orationis.
380 2240 515 2275 Etcum
535 2241 722 2274 dissimiles
740 2241 848 2273 libros
864 2240 1053 2283 scripserit,
1069 2239 1159 2284 poli-

174 2296 266 2330 tiam,
285 2301 315 2326 et
335 2294 464 2325 librum
484 2293 526 2325 de
545 2293 690 2334 legibus,
721 2291 754 2323 in
773 2292 883 2324 altero
902 2290 1047 2323 liberius
1064 2290 1158 2330 lusit,

175 2347 231 2377 sed
255 2345 288 2376 in
315 2345 405 2376 libro
425 2345 467 2376 de
486 2343 620 2385 legibus
634 2341 826 2386 sinpliciter
842 2349 872 2375 et
890 2341 964 2374 siue
981 2341 1158 2384 aenigma·

182 2397 274 2429 tibus
295 2407 390 2427 suam
406 2395 615 2428 sententiam
635 2393 793 2437 exposuit
809 2399 839 2425 et
861 2399 1041 2436 praecepta
1051 2392 1156 2424 colle-

179 2447 225 2488 git
251 2446 350 2478 utilia
371 2446 413 2477 ad
439 2445 727 2487 gubernationem
747 2443 947 2481 civitatum,
973 2443 1158 2487 exquibus

180 2508 345 2541 tanquam
368 2508 404 2527 ex
427 2496 582 2529 sontibus
604 2496 713 2529 multa
736 2493 977 2527 turisconsutti
1003 2493 1155 2527 Romani

180 2547 380 2581 inuiserunt.
426 2545 579 2588 Apparet
599 2547 693 2579 enim
714 2546 747 2578 in
767 2545 886 2579 multis
906 2545 1040 2586 legibus
1057 2551 1156 2578 auto-

181 2611 232 2632 res
251 2610 339 2642 pene
359 2597 461 2628 verba
475 2596 630 2629 Platonis
648 2597 855 2631 ‹lc-scrihere.
909 2595 960 2629 De
983 2603 1103 2638 stupro
1123 2595 1155 2627 vi

181 2652 269 2683 facto
291 2648 405 2681 sanxit
427 2646 536 2683 Plato,
568 2655 604 2681 ut
631 2654 865 2691 stupratorem
889 2647 1033 2679 interfici
1048 2646 1157 2685 liceat,

183 2714 252 2734 nou
270 2700 383 2733 solutu
409 2699 452 2731 ab
476 2698 544 2730 illis
565 2699 693 2743 quihus
714 2698 763 2730 vis
789 2698 956 2738 insertur,
980 2697 1155 2731 sedetiam

1193 222 1211 243 a
1241 215 1356 252 patre,
1386 207 1555 242 fratribus
1587 214 1647 241 aut
1672 208 1764 245 filiis.
1826 209 1865 244 Id
1899 211 1953 245 lex
1977 211 2111 246 imitata
2137 212 2181 245 de

1193 259 1413 303 raptoribus,
1440 270 1512 291 non
1537 265 1672 292 tantum
1698 261 1804 302 patri,
1830 263 1888 294 sed
1913 263 2016 296 etiam
2039 262 2184 296 caeteris

1194 309 1404 355 propinquis
1428 316 1632 353 potestatem
1657 309 1740 343 facit
1765 311 1996 346 interficiendi
2022 312 2184 357 raptoris.

1194 362 1263 395 Sed
1281 360 1519 404 exemplorum
1536 362 1824 395 commemoratio
1841 361 1978 405 longior
1994 371 2053 404 est,
2077 375 2182 408 quam

1194 420 1233 445 ut
1251 411 1438 444 conveniat
1454 408 1536 443 huic
1555 411 1716 455 tempori.
1753 410 1828 445 Imo
1846 411 2088 448 Iurisconsulti
2105 421 2184 448 tan—

1196 470 1269 496 tum
1289 459 1393 494 huius
1415 462 1594 505 scriptoris
1612 462 1790 496 autoritati
1809 463 2024 504 tribuerunt,
2048 471 2089 498 ut
2110 465 2184 498 eius

1197 514 1302 546 verba
1326 512 1429 546 etiam
1461 512 1596 554 legibus
1624 513 1856 554 inseruerint,
1889 521 1928 547 ut
1953 514 1988 546 in
2013 514 2113 547 titulo
2141 516 2185 548 de

1197 563 1369 597 nundinis
1389 563 1554 596 recitatur
1578 563 1748 597 sententia
1771 576 1858 609 quae
1882 565 2053 608 adprobat
2075 561 2187 598 hone-

1197 623 1285 648 stam
1336 614 1613 656 negociationem
1655 626 1857 659 quanquam
1908 611 2186 660 καπηλευτικήν.

1197 665 1381 699 Caeterum
1405 665 1574 709 plurimas
1600 666 1788 698 sententias
1813 665 1935 699 Cicero
1959 678 1998 698 ex
2023 665 2188 699 omnibus

1199 715 1358 749 Platonis
1393 716 1694 758 disputationibus
1723 717 1765 749 de
1799 716 2028 760 imperiorum
2053 716 2189 749 vicibus

1200 773 1232 799 et
1251 767 1506 809 gubernatione
1522 767 1654 800 recitat.
1697 766 1810 800 Multa
1830 774 2037 800 ornamenta
2055 773 2089 800 et
2106 765 2189 800 Ari-

1199 817 1339 850 stoteles
1364 828 1402 849 ex
1419 815 1566 850 Platone
1588 818 1779 861 decerpsit,
1816 831 1904 863 quae
1934 815 2093 851 adhibita
2116 828 2190 850 me*

1201 865 1311 901 thodo
1341 867 1498 911 explicat.
1559 867 1648 901 Nam
1675 869 1868 902 divisiones
1893 868 2068 910 iusticiae,
2102 879 2191 913 quae

1201 925 1283 952 sunt
1301 918 1492 951 admodum
1515 918 1637 959 utiles,
1664 920 1812 963 sumpsit
1835 932 1854 953 a
1871 919 2038 960 Platone,
2065 930 2192 963 easque

1203 969 1312 1012 magis
1334 969 1479 1002 inclusit
1507 969 1697 1003 dialecticis
1729 971 1844 1004 metis.
1905 970 2063 1004 Platonis
2087 970 2189 1003 etiam

1203 1020 1386 1053 inventum
1403 1026 1463 1060 est,
1484 1020 1671 1053 discrimen
1689 1021 1883 1065 specierum
1901 1020 2070 1061 iusticiae,
2096 1021 2191 1053 iuxta

1203 1071 1458 1115 proportioneS,
1487 1068 1754 1104 Arithmeticam
1772 1079 1806 1105 et
1824 1071 2093 1105 Geometricam.
2122 1069 2192 1103 Ye-

1203 1134 1281 1155 rum
1301 1122 1335 1153 111
1354 1119 1543 1154 Aristotele
1560 1122 1740 1155 dialectica
1765 1123 1898 1165 integra
1921 1129 1981 1157 est.
2033 1120 2080 1155 Et
2097 1118 2193 1166 Phy-

1203 1173 1270 1205 sica
1287 1178 1369 1205 sunt
1391 1172 1563 1205 eruditius
1580 1170 1741 1206 inchoata
1757 1174 1800 1206 ab
1818 1173 1902 1217 ipsis
1918 1173 2061 1213 laribus,
2087 1178 2126 1205 ut
2146 1172 2193 1205 ita

1204 1223 1316 1256 dicam
1329 1249 1338 1262 ,
1368 1219 1432 1255 hoc
1451 1229 1501 1255 est
1519 1234 1536 1254 a
1555 1223 1678 1266 primis
1703 1224 1813 1257 initiis
1831 1231 1863 1257 et
1889 1225 2052 1267 perducta
2069 1223 2112 1256 ad
2131 1223 2194 1255 de-

1204 1273 1429 1317 scriptionem
1463 1280 1610 1307 naturae
1642 1274 1862 1308 animalium.
1928 1271 2054 1307 Ethica
2087 1273 2193 1306 etiam

1204 1323 1399 1367 simplicius
1423 1325 1621 1357 traduntur.
1675 1324 1844 1358 Amemus
1870 1325 1977 1368 igitur
1999 1332 2193 1369 utrunque:

1206 1382 1233 1407 et
1254 1387 1332 1407 cum
1357 1375 1393 1406 111
1411 1372 1602 1408 Aristotele
1624 1376 1849 1409 mediocriter
1864 1375 1991 1408 versati
2012 1375 2195 1414 fuerimus,

1206 1426 1354 1458 alterum
1382 1425 1486 1457 etiam
1514 1432 1659 1469 propter
1681 1427 1840 1470 politicas
1865 1426 2028 1459 materias
2064 1432 2095 1458 et
2113 1437 2195 1469 pro-

1207 1483 1282 1520 pter
1304 1476 1540 1520 eloquentiam
1563 1476 1728 1519 legamus.
1783 1476 1897 1510 Habet
1919 1488 2000 1510 suos
2024 1477 2194 1521 quosdam

1207 1528 1319 1566 locos,
1362 1534 1505 1570 propter
1542 1539 1630 1571 quos
1671 1528 1828 1561 eruditos
1861 1528 2033 1561 delectare
2071 1532 2195 1571 potest.

1207 1577 1371 1621 Disputat
1389 1578 1481 1609 euim
1502 1578 1584 1610 satis
1603 1579 1755 1621 graviter
1773 1580 1815 1611 de
1834 1578 2095 1613 immortalitate
2117 1576 2196 1610 ani·-

1206 1640 1344 1660 morum
1372 1625 1627 1667 humanorum,
1655 1636 1687 1662 et
1714 1627 1963 1673 Philosophiae
1986 1629 2091 1662 finem
2114 1627 2196 1661 ubi-

1208 1691 1274 1723 que
1289 1679 1469 1712 constituit
1486 1678 1701 1721 agnitionem
1717 1678 1794 1719 Dei,
1820 1680 1908 1713 sicut
1922 1679 2037 1724 inquit
2056 1679 2091 1711 in
2108 1689 2196 1723 qua·

1207 1730 1286 1762 dam
1305 1729 1466 1773 epistola:
1496 1729 1540 1762 ita
1561 1737 1652 1763 recte
1670 1727 2014 1774 thosophabimur,
2037 1729 2065 1762 si
2081 1727 2195 1762 Deum

1208 1791 1434 1823 agnoscemus
1461 1780 1644 1813 universae
1664 1788 1808 1814 naturae
1830 1788 1981 1825 patrem,
2007 1791 2145 1813 causam
2163 1784 2197 1812 et

1208 1832 1478 1873 gubernatorem
1499 1842 1589 1871 esse,
1616 1831 1718 1876 eique
1735 1832 1822 1864 iuste
1839 1831 1996 1865 viventes
2014 1831 2196 1873 obtempe-

1209 1881 1376 1914 rabimus.
1428 1879 1530 1914 Hanc
1545 1893 1651 1915 unam
1668 1883 1727 1922 ait,
1753 1894 1824 1915 non
1842 1881 2010 1926 ἄμουσον
2025 1878 2197 1915 παιδείαν

1210 1943 1297 1971 esse,
1332 1938 1364 1964 et
1395 1943 1511 1964 veram
1542 1930 1814 1977 philosophiam.
1880 1931 1926 1966 Et
1950 1933 2032 1978 quia
2057 1931 2198 1965 videbat

1210 1981 1293 2016 haec
1319 1982 1471 2015 derideri
1495 1983 1538 2015 ab
1568 1980 1700 2022 atheis,
1732 1984 1914 2030 confirmat
1938 1984 2101 2023 lectores,
2139 1982 2196 2015 in-

1210 2034 1334 2078 quiens
1352 2045 1424 2066 non
1446 2034 1529 2067 satis
1551 2045 1643 2074 esse,
1668 2035 1717 2067 sic
1734 2034 1885 2073 sentire,
1911 2035 1971 2068 sed
1989 2034 2093 2067 etiam
2117 2032 2196 2066 ani-

1210 2096 1285 2117 mos
1307 2084 1351 2118 ita
1378 2085 1638 2118 confirmandos
1665 2093 1699 2119 et
1728 2085 2008 2119 corroborandos
2035 2096 2125 2124 esse,
2157 2089 2197 2117 ut

1211 2143 1434 2168 contemnere
1463 2147 1520 2168 eos
1542 2136 1731 2179 possimus,
1765 2136 1825 2181 qui
1848 2148 1912 2169 nos
1937 2136 1983 2169 ita
2007 2135 2197 2169 sentientes

1210 2187 1383 2221 derident.
1436 2185 1535 2220 Yidit
1552 2186 1648 2219 enim
1667 2184 1882 2230 Philosopho
1906 2184 1970 2220 hac
1989 2186 2198 2220 fortitudine

1210 2249 1298 2281 opus
1314 2249 1406 2277 esse,
1432 2249 1476 2270 ne
1493 2249 1527 2270 se
1545 2237 1784 2282 improborum
1805 2238 1944 2271 iudiciis
1961 2250 1979 2271 11
2002 2244 2094 2271 recta
2117 2248 2198 2270 sen-

1211 2289 1319 2321 tentia
1343 2288 1471 2332 depelli
1490 2288 1592 2323 sinat.
1646 2286 1720 2322 Etsi
1740 2296 1854 2321 autem
1884 2286 1944 2322 has
1962 2287 2119 2322 Platonis
2137 2301 2198 2322 co—

1211 2339 1395 2381 gitationes
1419 2346 1451 2372 et
1485 2339 1556 2383 ipse
1584 2351 1662 2371 amo
1695 2352 1733 2372 ac
1756 2339 1927 2383 suspicio,
1957 2346 2072 2372 tamen
2098 2351 2198 2374 error

1211 2391 1352 2423 illorum
1369 2389 1535 2423 acerrime
1554 2387 1864 2433 reprehendendus
1881 2397 1930 2423 est
1944 2417 1952 2427 ,
1979 2390 2039 2435 qui
2057 2397 2198 2434 propte-

1212 2453 1265 2474 rea
1283 2441 1505 2474 contundunt
1518 2439 1733 2474 Platonicam
1747 2439 2012 2484 Philosophiam
2031 2447 2063 2475 et
2080 2439 2198 2474 Evan-

1210 2493 1350 2533 gelium.
1407 2491 1499 2525 llaec
1523 2493 1681 2524 contusio
1697 2505 1863 2535 generum
1880 2492 2058 2525 doctrinae
2075 2492 2196 2524 erudi-

1211 2544 1253 2575 tis
1275 2544 1427 2575 cavenda
1456 2550 1486 2576 et
1506 2544 1706 2575 ‹lt-testanda
1730 2551 1797 2584 est,
1826 2556 1864 2576 ac
1884 2543 2091 2580 videndum,
2118 2544 2197 2588 quis

1212 2594 1306 2626 locus
1319 2591 1568 2637 Philosophiae
1588 2595 1796 2627 tribuendus
1813 2595 1866 2626 sit.
1920 2591 1984 2625 Dei
2004 2594 2095 2625 dona
2114 2600 2197 2629 sunt

1212 2657 1333 2677 ‹uiuit-s
1356 2645 1468 2677 honae
1493 2653 1601 2683 artes,
1628 2646 1685 2677 sed
1704 2657 1805 2677 suum
1831 2644 1989 2686 singulae
2009 2644 2122 2677 locum
2145 2651 2197 2678 te-

1211 2704 1325 2729 neant.
1381 2695 1471 2728 Yera
1490 2693 1736 2740 Philosophia,
1764 2693 1828 2728 hoc
1847 2702 1915 2735 est,
1945 2707 2015 2727 nou
2033 2696 2197 2728 ‹leerrans

2327 37 2329 62 l
