2338 2958
317 206 390 240 lam
407 204 486 250 quis
506 200 613 235 nescit
629 200 744 232 sontes
767 198 900 241 legum,
929 196 1054 241 partim
1079 207 1121 229 ex
1147 193 1204 228 hi-

214 258 322 294 storia
358 254 585 298 imperiorum
622 257 655 283 et
683 248 968 293 gubernationis,
1008 247 1135 291 partim
1164 259 1204 280 ex

215 308 375 344 doctrina
393 307 434 337 de
449 302 625 341 moribus,
650 312 755 345 quam
774 297 926 332 Ethicen
945 303 1091 336 vocant,
1117 297 1204 330 oriri

215 373 254 395 ae
272 353 500 403 promanare'?
525 364 675 397 quorum
692 357 870 394 utrunque
884 361 924 382 ex
940 348 1059 391 lingua
1069 345 1204 381 Graeca

215 406 468 454 requirendum
485 414 567 442 esse,
594 413 700 446 supra
716 408 893 434 ostensum
912 406 973 434 est.
1009 397 1106 441 Quid
1121 410 1204 430 vero

215 459 312 494 aliud
334 463 385 490 est
409 453 579 500 professio
600 451 705 492 iuris,
732 453 862 496 absque
885 448 938 483 his
955 446 1205 493 Philosophiae

214 509 393 546 sontibus,
432 517 537 551 quam
578 514 701 537 manca
742 509 775 536 et
816 501 993 534 inerudita
1033 500 1205 545 quaedam

214 556 349 607 τριβήῖ)

303 625 415 659 Porro
429 630 538 658 totam
554 621 749 655 doctrinam
764 616 1046 652 mathematicam
1064 627 1108 649 ne
1127 616 1206 661 qui-

215 681 296 713 dem
321 675 483 712 aliunde,
511 684 616 718 quam
640 684 680 704 ex
701 669 835 704 Graeca
858 669 977 712 lingua
993 674 1110 712 petere
1127 678 1208 711 pos-

215 739 348 764 sumuS.
381 725 470 760 Nam
487 723 665 756 versiones
681 733 785 766 quam
802 732 874 753 non
893 719 1068 759 sordidae,
1093 718 1209 758 rudes,

217 778 370 813 incultae
395 782 550 813 tantum,
583 773 642 806 sed
668 784 768 816 saepe
791 771 895 804 etiam
919 780 1101 813 perversae
1127 768 1209 806 sint,

217 831 389 863 videmus.
440 824 599 859 Arabum
616 835 699 856 vero
716 822 843 866 scripta
860 821 898 853 in
915 818 981 853 hoc
997 831 1144 863 genere,
1171 825 1210 852 ut

218 879 420 915 horridiora
441 882 540 915 sunt,
567 886 606 907 ac
632 873 750 906 minus
774 873 926 915 integra,
954 871 1000 904 ita
1024 877 1058 904 et
1079 869 1210 903 errori-

218 933 284 965 bus
301 942 339 963 ac
359 926 501 971 magicis
520 923 832 969 superstitionibus
846 923 984 957 referta.

320 996 394 1030 lam
410 995 453 1028 de
470 999 598 1026 natura
613 1003 743 1031 rerum,
771 992 814 1023 de
831 1001 1018 1034 corporum
1034 986 1211 1021 humano-

218 1061 298 1084 rum
327 1051 580 1090 temperatura,
615 1042 816 1081 affectibus,
857 1052 940 1073 cura
968 1051 1007 1073 ac
1035 1039 1211 1079 remediis,

220 1111 308 1147 quos
331 1105 369 1131 tu
391 1093 480 1128 mihi
505 1094 691 1137 scriptores
717 1091 838 1131 dabis,
867 1091 928 1136 qui
943 1090 998 1123 vel
1016 1090 1154 1133 plenius
1175 1089 1210 1122 id

219 1161 329 1196 genus
354 1146 536 1181 doctrinae
559 1143 731 1187 complexi
756 1148 855 1181 sunt,
882 1141 938 1173 vel
958 1140 1111 1173 veriores
1131 1152 1212 1173 sen-

221 1201 347 1237 tentias
363 1197 490 1235 secuti,
516 1206 621 1239 quam
639 1192 789 1226 Graeci‘.>
830 1191 917 1224 Nam
935 1191 996 1234 qui
1015 1191 1107 1223 inter
1122 1189 1213 1224 Ara-

221 1255 281 1286 bes
301 1247 494 1294 principem
510 1245 627 1277 locum
644 1243 792 1282 obtinet,
820 1240 1015 1281 Avicenna‚
1041 1240 1070 1272 is
1086 1252 1121 1274 se
1139 1239 1213 1274 Ga-

222 1302 292 1337 leni
317 1300 544 1341 interpretem
569 1296 641 1339 ipse
658 1294 786 1326 fatetur
804 1302 892 1325 esse:
919 1298 1024 1336 atque
1041 1291 1068 1324 is
1087 1291 1159 1335 ipse
1175 1297 1215 1324 ut

221 1350 422 1399 prodigiosa
438 1345 767 1389 interpretationum
783 1343 942 1386 caligine,
965 1354 1004 1375 ac
1020 1353 1108 1386 pene
1117 1341 1215 1376 Cim-

223 1402 343 1438 meriis
366 1398 520 1434 tenebris
547 1396 727 1429 involutus
753 1406 792 1427 ac
816 1404 1002 1438 oppressus
1026 1393 1088 1433 sit,
1115 1393 1215 1425 vide-

223 1465 313 1489 mus.
369 1450 468 1493 Quae
490 1459 590 1481 causa
609 1454 674 1486 est,
702 1453 739 1479 ut
756 1452 789 1478 et
807 1444 978 1478 sententia
1004 1443 1078 1477 eius
1094 1443 1215 1477 multis

225 1508 261 1540 iu
278 1503 364 1538 locis
380 1501 437 1534 vix
456 1498 567 1542 accipi
582 1509 620 1530 ac
639 1496 788 1538 intelligi
807 1495 936 1540 possit,
963 1501 996 1528 et
1013 1495 1154 1539 ingenia
1171 1495 1214 1527 ad

224 1555 363 1591 dulcius
386 1550 567 1585 doctrinae
598 1559 706 1591 genus
736 1547 952 1586 adsuefacta,
991 1546 1123 1578 offensa
1149 1545 1216 1578 isto

223 1605 370 1642 horrido
397 1614 437 1636 ac
461 1599 662 1644 prodigioso
689 1609 867 1636 sermone,
899 1597 943 1629 ab
967 1596 1041 1629 eius
1067 1596 1217 1629 lectione

226 1657 398 1691 resiliant.
450 1649 585 1685 Caeteri
608 1646 741 1681 Arabes
767 1648 893 1691 partim
913 1647 1036 1679 iisdem
1054 1647 1149 1680 vitiis
1167 1646 1217 1678 la-

226 1711 371 1745 borant,
398 1701 526 1748 partim
552 1699 656 1733 etiam
681 1699 798 1731 minus
823 1698 955 1739 integre
981 1704 1012 1730 et
1037 1696 1218 1730 confusius

227 1767 335 1793 artem
353 1759 513 1789 tractant.
564 1749 653 1783 Nam
675 1761 763 1793 quae
786 1761 804 1781 a
830 1748 967 1781 Latinis
989 1747 1218 1792 scriptoribus

227 1807 364 1854 prodita
381 1802 553 1849 posterior
569 1807 661 1833 aetas
679 1799 824 1843 peperit,
852 1811 888 1831 ea
906 1798 1032 1842 partim
1050 1811 1089 1831 ex
1106 1797 1219 1831 Grae-

227 1863 273 1895 cis
289 1854 519 1901 scriptoribus
535 1858 614 1885 sunt
632 1851 750 1894 petita.

329 1924 406 1959 Soli
430 1933 510 1963 ergo
535 1920 648 1952 sontes
667 1916 793 1951 Graeci
814 1923 959 1955 restant,
988 1917 1082 1949 uude
1102 1917 1136 1949 id
1156 1917 1220 1949 do-

228 1979 360 2015 ctrinae
384 1984 493 2017 genus
523 1982 608 2013 pure
633 1969 804 2013 pleneque
832 1965 966 2000 hauriri
998 1975 1120 2011 potest.
1174 1966 1221 2000 [t

229 2042 308 2062 vere
328 2027 459 2059 dictum
487 2022 530 2055 sit
554 2033 572 2053 a
595 2019 783 2059 Cicerone,
812 2017 1053 2051 posteritatem
1081 2019 1124 2051 ab
1150 2018 1221 2050 illis

229 2073 496 2120 Philosophiam
513 2079 541 2104 et
560 2082 680 2103 omnes
698 2071 867 2112 ingenuas
883 2076 973 2101 artes
992 2067 1138 2107 habere,
1166 2069 1221 2101 in-

231 2142 281 2165 ter
307 2140 364 2161 eos
383 2137 464 2158 vero
484 2123 641 2155 Galenus
666 2121 816 2164 primum
841 2120 973 2152 obtinet
1000 2120 1132 2157 lorum,
1160 2119 1221 2164 qui

231 2190 262 2215 et
280 2183 362 2224 ipse,
382 2178 493 2211 Deum
514 2173 761 2211 immortalem,
780 2171 909 2215 quibus
926 2171 1126 2203 versionum
1144 2182 1221 2203 cor-

232 2230 375 2275 ruptelis
401 2224 678 2260 contaminatus,
706 2234 811 2267 quam
835 2222 978 2260 misere,
1012 2234 1116 2266 quarn
1143 2233 1222 2254 cru-

231 2283 354 2316 deliter
371 2280 563 2319 discerptus
588 2287 623 2306 ac
649 2274 884 2310 deformatus,
910 2279 941 2305 et
960 2273 1057 2316 quasi
1082 2272 1222 2315 magicis

233 2332 375 2366 wnonis
399 2342 437 2362 ex
464 2326 607 2360 ltotnine
629 2325 662 2356 iu
687 2325 823 2357 beluam
848 2324 1116 2356 transformatus
1134 2323 1222 2356 suit?

236 2384 390 2424 ¹&eripiat
410 2378 536 2423 aliquis
557 2377 590 2408 iu
613 2386 736 2407 manus
755 2381 903 2406 xeterem
926 2374 1096 2406 libroruin
1115 2374 1222 2417 ipsius

236 2431 484 2477 nummatam.
516 2441 585 2459 nozt
611 2439 718 2458 numu
745 2437 881 2457 versum
902 2424 1028 2457 Catoni
1050 2434 1222 2466 agnoscet.

233 2473 278 2520 ita
314 2482 494 2517 barbarius
526 2491 634 2510 coeno
666 2476 784 2508 omnia
823 2476 968 2512 obruta,
1012 2477 1157 2510 distorta
1185 2490 1221 2510 ac

235 2539 370 2570 stu·‹l‹”¹lfl
389 2531 530 2563 Nltlvltlt.

236 2589 315 2621 stris
340 2592 442 2629 atque
467 2581 567 2611 etiarn
603 2579 752 2622 speciosa
780 2578 840 2614 sit,
877 2574 932 2609 hic
960 2578 1082 2610 lion-m
1109 2580 1223 2612 verius

236 2638 387 2677 mugire,
416 2644 520 2677 quatu
546 2628 723 2661 lanuino-m
748 2629 842 2672 loqui
868 2628 974 2660 ‹tim-s:
1011 2629 1116 2661 imino
1142 2643 1222 2662 vcro

238 2691 421 2721 ,nidorem
442 2680 645 2721 sartaginis,
674 2693 742 2711 non
763 2679 951 2711 animantis
972 2693 1090 2713 vocem
1114 2689 1145 2715 te
1162 2694 1222 2714 au-

642 111 799 150 DECL.
832 109 907 145 DE
940 109 1182 146 STUDllS
1208 110 1481 147 LINGUAE
1517 112 1810 150 GRAECAE.

576 2527 614 2561 Et
637 2540 713 2559 curn
735 2527 860 2558 (lats-ni
882 2527 994 2559 oratio
1016 2540 1113 2570 pura,
1141 2528 1222 2560 illu-
1248 2561 1249 2571 γ

1254 198 1330 231 dire
1356 204 1466 242 putes.
1518 196 1624 232 Unde
1647 199 1790 238 accidit,
1816 207 1856 234 ut
1877 201 1996 235 miseri
2017 201 2163 235 lectores
2179 201 2244 234 do-

1256 249 1390 282 ctrinae
1405 248 1561 282 medicae
1575 249 1718 294 cupidi,
1744 250 1807 283 diu
1823 251 2043 298 multumque
2061 251 2245 285 laborave-
2287 279 2293 281 .

1256 300 1350 340 rint,
1376 311 1480 344 seque
1495 300 1581 332 dum
1604 300 1642 332 in
1663 300 1734 333 illis
1752 300 1864 344 spinis
1879 298 2042 344 haerent,
2069 301 2246 335 excrucia-

1257 350 1374 383 verint
1391 350 1519 384 frustra
1530 377 1539 390 ,
1565 362 1629 383 nec
1647 357 1762 384 tamen
1781 349 1912 384 Galeni
1929 353 2136 386 sententiam
2153 352 2247 386 mul-

1258 401 1302 434 tis
1318 401 1355 433 in
1374 401 1475 440 locis,
1502 401 1565 434 etsi
1582 413 1619 434 ea
1637 401 1762 445 plana,
1786 413 1825 434 ac
1841 402 2024 447 perspicua
2037 410 2127 442 erat,
2154 414 2247 436 asse-

1258 451 1317 496 qui
1338 451 1530 495 potuerint.
1581 450 1723 495 Peperit
1738 464 1777 484 ea
1797 452 1935 486 inscitia
1952 453 2111 497 linguae,
2138 461 2175 488 ut
2191 466 2249 486 so-

1259 503 1326 540 let,
1355 502 1484 535 multos
1505 502 1630 535 noxios
1654 514 1810 543 errores,
1836 503 1965 548 quibus
1987 501 2071 537 haec
2087 504 2248 538 doctrina

1260 553 1507 597 multipliciter
1528 552 1703 597 superiori
1725 553 1829 587 aetati
1851 554 2087 589 contaminata
2104 555 2188 594 suit,
2217 560 2250 588 et

1260 604 1390 649 quibus
1406 603 1638 648 repurgandis
1653 604 1757 637 etiam
1774 601 1881 638 hodie
1896 603 2056 638 homines
2067 605 2162 639 docti
2177 616 2250 638 non

1260 654 1378 687 minus
1396 654 1553 698 occupati
1571 661 1671 695 sunt,
1698 667 1802 700 quam
1823 653 1995 690 Hercules
2011 655 2098 689 olim
2120 656 2157 689 in
2174 653 2251 689 Au-

1261 704 1335 748 giae
1350 705 1487 739 stabulo
1504 706 1726 749 repurgando
1741 705 1819 739 suit.

1347 771 1463 814 Quam
1480 772 1587 815 igitur
1601 770 1686 806 baec
1702 774 1773 806 duo
1790 773 1976 808 coniuncta
1994 781 2087 815 sunt,
2113 775 2253 819 lingua-

1262 835 1340 856 rum
1359 829 1463 868 atque
1478 823 1701 866 elegantioris
1719 824 1919 857 literaturae
1936 825 2100 869 cognitio,
2118 832 2151 859 et
2167 838 2253 870 pura

1262 873 1422 907 doctrina
1439 873 1614 912 veritatis,
1641 874 1674 907 id
1695 881 1814 908 nostro
1833 876 1949 909 seculo
1964 876 2047 910 satis
2062 876 2255 919 manifeste,

1263 931 1302 958 ut
1317 924 1463 968 opinor,
1491 925 1666 969 adparuit.
1720 924 1846 960 Statim
1861 927 1974 967 enim,
1997 933 2035 960 ut
2052 927 2253 971 linguarum

1264 976 1383 1008 lumen
1406 975 1555 1016 effulsit,
1582 976 1687 1009 simul
1709 976 1852 1010 emicuit
1875 977 1998 1022 purior
2020 978 2080 1012 lux
2106 991 2256 1023 evange—

1264 1026 1350 1059 licae
1365 1026 1565 1065 doctrinae,
1594 1034 1626 1060 et
1645 1039 1723 1060 cum
1741 1027 1900 1061 omnium
1918 1035 2134 1062 caeterarum
2157 1030 2257 1074 inge—

1264 1089 1414 1110 nuarum
1449 1077 1598 1117 artium,
1632 1084 1706 1111 tum
1733 1090 1815 1111 vero
1847 1079 2034 1123 praecipue
2060 1081 2256 1114 medicinae

1265 1128 1385 1160 sanior
1400 1131 1454 1164 {ac
1484 1127 1655 1161 sincerior
1686 1129 1870 1172 explicatio
1898 1137 2013 1164 secuta
2044 1138 2104 1165 est.
2158 1131 2258 1175 Qua-

1265 1184 1409 1221 propter
1427 1178 1491 1210 etsi
1518 1190 1638 1211 verum
1666 1186 1715 1212 est
1738 1180 1833 1224 quod
1855 1179 2066 1214 Plutarchus
2089 1182 2156 1224 ait,
2182 1181 2257 1216 Do—

1266 1228 1398 1261 ctrinae
1413 1228 1552 1261 laudem
1572 1229 1711 1269 mereri,
1739 1242 1812 1262 non
1832 1230 1869 1262 in
1886 1243 1946 1264 ore
1964 1238 2024 1265 aut
2040 1231 2170 1276 lingua,
2197 1235 2255 1267 sed

1266 1279 1303 1311 in
1322 1285 1460 1322 pectore
1484 1276 1647 1312 habuisse
1665 1279 1801 1313 Musas:
1828 1287 1982 1314 attamen
1998 1294 2052 1315 res
2069 1283 2143 1328 ipsa
2162 1284 2258 1317 indi-

1267 1335 1338 1370 cat,
1365 1341 1470 1374 quam
1496 1326 1580 1363 haec
1603 1331 1674 1363 duo
1702 1338 1795 1364 certo
1820 1331 1959 1365 foedere
1976 1333 2067 1367 inter
2086 1345 2121 1367 se
2141 1335 2258 1369 iuncta

1268 1380 1350 1418 sint,
1377 1391 1440 1412 nec
1460 1388 1578 1424 pectus
1596 1381 1729 1414 erudiri
1746 1393 1845 1426 posse
1857 1409 1865 1421 ‚
1893 1382 1961 1415 nisi
1977 1395 2081 1427 opera
2097 1396 2136 1418 ac
2152 1386 2260 1419 bene-

1268 1430 1346 1464 ficio
1364 1430 1516 1473 linguae.
1568 1430 1677 1465 Recte
1696 1432 1803 1475 igitur
1826 1444 1940 1466 sermo
1957 1445 1975 1467 a
1993 1433 2140 1469 Platone
2158 1448 2260 1470 voea-

1269 1488 1327 1515 tur
1352 1482 1580 1515 seminarium
1599 1483 1789 1516 doctrinae.
1841 1483 1912 1517 Iam
1933 1484 2022 1518 sicut
2044 1497 2082 1519 ea
2106 1499 2195 1532 quae
2220 1499 2260 1521 ex

1269 1539 1361 1566 terra
1377 1540 1582 1573 nascuntur,
1610 1533 1638 1566 si
1656 1546 1774 1567 semen
1792 1534 1845 1567 vel
1865 1534 2019 1578 ignobile
2034 1537 2096 1578 sit,
2124 1538 2178 1571 vel
2194 1538 2261 1571 ali—

1270 1595 1340 1627 quo
1367 1583 1451 1616 vitio
1478 1591 1701 1628 corruptum,
1729 1585 1881 1628 maligne
1901 1587 2131 1630 proveniunt,
2157 1589 2262 1632 dege—

1271 1641 1395 1667 nerant
1415 1645 1540 1666 messes
1559 1641 1591 1667 et
1610 1635 1767 1679 plantae:
1798 1635 1844 1669 ita
1865 1648 1944 1669 cum
1964 1648 2073 1680 genus
2089 1640 2262 1673 sermonis

1271 1684 1474 1721 sordidum,
1507 1694 1710 1729 corruptum
1740 1697 1778 1718 ac
1804 1686 1974 1719 viciosum
1998 1695 2065 1729 est,
2103 1702 2262 1724 corrum-

1272 1734 1367 1778 pitur
1383 1735 1444 1767 illo
1456 1735 1541 1767 vitio
1560 1735 1631 1779 ipsa
1648 1736 1808 1770 doctriua
1824 1749 1965 1782 quoque
1979 1739 2198 1781 obscuratur,
2225 1754 2262 1774 ac

1272 1796 1372 1828 saepe
1389 1786 1602 1828 pervertitur
1619 1787 1746 1820 veritas
1761 1787 1845 1830 ipsa.
1885 1787 1992 1830 Quod
2011 1789 2057 1823 ita
2074 1791 2160 1831 fieri,
2189 1804 2261 1825 non

1272 1843 1321 1868 est
1346 1842 1383 1869 ut
1407 1835 1589 1869 miremur.
1644 1835 1723 1870 Non
1749 1838 1842 1870 enim
1862 1838 1957 1871 aliud
1978 1846 2029 1873 est
2048 1840 2262 1876 instrumen-

1273 1893 1346 1919 tum
1365 1886 1474 1928 magis
1501 1887 1681 1931 proprium
1706 1888 1759 1920 vet
1786 1886 1968 1932 pulchrius
1992 1891 2177 1926 universae
2200 1894 2263 1927 do-

1273 1936 1405 1969 ctrinae
1419 1964 1426 1974 ,
1455 1949 1560 1981 quam
1577 1938 1690 1971 oratio
1709 1950 1794 1983 pura
1812 1946 1841 1972 et
1861 1941 2052 1984 perspicua.

1377 2004 1592 2050 Quicunque
1615 2007 1721 2049 igitur
1744 2008 1941 2041 doctrinam
1960 2021 2076 2042 veram
2096 2011 2264 2045 solidam-

1274 2067 1341 2100 que
1359 2062 1541 2099 expetuut‚
1566 2054 1601 2089 hi
1620 2058 1758 2100 linguae
1774 2065 1876 2103 atque
1893 2061 2062 2094 orationis
2079 2062 2264 2105 puritatem

1275 2118 1311 2138 ac
1340 2106 1490 2139 nitorem
1514 2107 1580 2140 sibi
1607 2109 1811 2154 neutiquam
1837 2110 2083 2153 negligendum
2104 2124 2176 2146 esse
2196 2120 2265 2147 sta-

1275 2163 1391 2190 tuant:
1423 2170 1542 2190 verum
1563 2171 1636 2191 eam
1659 2160 1822 2193 virtutem
1847 2173 2028 2206 nunquam
2047 2175 2266 2210 consequeu-

1276 2215 1349 2247 tur,
1385 2208 1442 2253 qui
1474 2208 1612 2252 liuguae
1641 2209 1795 2243 Graecae
1826 2212 1986 2244 subsidio
2014 2214 2265 2249 destituuntur.

1247 2262 1250 2325 Ι
1276 2257 1362 2291 Nam
1393 2258 1539 2292 Latinus
1571 2272 1704 2299 sermo,
1738 2262 1911 2306 quidquid
1940 2261 2042 2298 habet
2075 2265 2266 2309 elegantiae

1276 2317 1331 2342 aut
1362 2311 1571 2348 venustatis,
1600 2311 1632 2343 id
1660 2324 1696 2344 ex
1718 2311 1864 2345 Graecis
1882 2315 2038 2349 sontibus
2061 2318 2264 2350 accersitum

1276 2367 1339 2393 est:
1369 2361 1395 2393 si
1417 2362 1535 2394 ‹lemas
1551 2362 1781 2405 scriptoribus
1796 2362 1967 2397 llomauis
1986 2367 2119 2401 lumina
2140 2368 2265 2401 Graeci

1248 2411 1249 2423 ¹
1276 2412 1457 2450 sei-moitis,
1486 2413 1578 2456 quod
1601 2421 1775 2456 pr4wtvru=a
1795 2416 1956 2452 emineat,
1983 2430 2104 2461 parum
2126 2419 2201 2458 erit,
2229 2426 2266 2452 ut

1248 2477 1249 2488 π
1276 2475 1354 2495 vere
1370 2477 1406 2495 ar
1426 2470 1514 2495 recte
1532 2463 1662 2496 dictum
1679 2465 1721 2498 sit
1740 2466 1962 2500 ablloratio:

1378 2525 1474 2553 (irniis
1495 2527 1646 2561 ingratum
1660 2551 1667 2561 ,
1697 2528 1792 2557 (italis
1809 2529 1887 2558 «ledit
1908 2542 1957 2559 ore
1975 2533 2102 2560 rotundo

1433 2576 1514 2605 iluna
1536 2579 1629 2617 loqui.

1278 2629 1318 2663 Et
1345 2644 1448 2676 quam
1474 2645 1516 2665 ne
1536 2633 1695 2666 Latinam
1715 2635 1856 2679 quidem
1893 2636 2046 2677 linguam
2080 2647 2169 2674 recte
2197 2649 2266 2676 tra-

1249 2720 1250 2723 *
1279 2683 1360 2715 «tore
1392 2683 1444 2715 vel
1477 2685 1609 2717 discr-re
1636 2685 1738 2717 etiarn
1771 2686 1942 2729 possimus
1965 2689 2096 2735 alisque
2121 2691 2266 2732 Graeca,

2168 114 2242 149 864
2300 103 2306 114 “

2307 2373 2311 2394 .,.
2298 2134 2312 2362 s-..emz--zs-
2300 2084 2310 2121 4..
2297 1938 2311 2067 ,;-ι,.--
2288 451 2310 1927 ,Αῴ-Μωιῌ-ΜΕΕΝΑ
