2338 2958
205 114 278 152 123

207 212 316 248 gogus
338 211 418 234 cum
440 195 614 232 eiusmodi
635 204 765 239 puero,
807 191 948 238 qualem
972 190 1080 236 paulo
1111 196 1193 224 ante

207 251 471 296 descripsimus.
524 246 668 290 Quanto
683 244 779 278 enim
794 242 910 277 maius
932 241 1119 286 negocium
1144 248 1197 275 est

209 304 409 350 paedagogo
427 310 532 346 quam
548 292 719 342 Sisypho,
745 307 809 329 nec
833 300 950 329 tamen
972 292 1088 326 maius
1110 304 1197 337 ope-

210 367 270 390 rae
287 353 442 399 precium
459 351 507 385 fit.
560 347 662 381 Illius
684 347 723 380 in
744 346 917 379 versando
943 356 1025 378 saxo
1049 344 1199 388 simplex

211 407 314 441 labor
347 410 416 447 est,
453 407 486 435 et
519 411 600 433 cura
629 404 746 439 vacat,
783 395 976 442 paedagogi
1000 394 1081 428 vide
1109 391 1199 428 mihi

213 467 317 504 quam
335 452 518 497 multiplex
536 449 721 494 negocium
738 448 794 485 sit.
844 447 1037 492 Nunquam
1054 445 1124 479 nisi
1139 457 1199 479 co·

215 515 311 542 actus
329 517 348 538 a
363 509 590 549 praeceptore
606 512 694 546 puer
710 500 842 534 librum
867 499 905 531 in
926 508 1054 531 manus
1076 496 1200 531 sumit:

214 558 278 593 ubi
307 554 498 600 acceperit,
531 553 625 587 oculi
657 549 762 597 a'tque
796 550 936 584 animus
969 549 1203 592 expatiantur.

216 609 271 643 Ibi
291 614 460 652 tanquam
479 604 626 639 calcaria
642 603 804 637 addenda
814 612 904 647 quae
918 601 1134 634 admoneant
1149 598 1204 632 of-

217 659 296 694 ficii.
349 656 504 691 Enarrat
532 655 665 700 aliquid
691 658 914 698 praeceptor,
940 652 1010 684 iam
1032 650 1088 684 illi
1113 649 1204 684 deli-

216 717 294 746 cato
311 719 456 742 somnus
473 706 630 750 obrepit,
657 712 690 739 et
715 714 857 738 securus
880 703 916 735 in
942 709 1120 747 utranque
1142 712 1207 734 au-

216 774 291 796 rem
310 759 461 799 dormit,
483 759 568 791 dum
594 768 629 789 se
648 756 871 800 paedagogus
889 753 1040 787 dicendo
1059 751 1205 797 rumpit.

217 813 360 848 Novum
376 811 426 844 ibi
442 808 625 852 negocium
643 807 682 841 fit
697 807 898 851 paedagogo
910 802 1209 850 expergefacieudi

219 862 396 907 discipuli.
456 859 594 893 Dictata
620 864 847 903 repetuntur,
875 862 1095 901 experrectus
1123 855 1208 888 ado-

220 916 354 949 lescens
379 912 520 946 iubetur
543 910 694 943 adiicere
719 908 879 942 animum
905 909 948 941 ad
974 919 1013 940 ea
1028 918 1117 952 quae
1135 912 1208 939 tra-

221 967 375 1005 duntur,
402 974 525 996 verum
542 973 616 995 non
635 968 686 995 est
702 972 784 993 cura
803 958 1030 1003 Hippoclidi,
1056 957 1143 991 foris
1160 962 1211 990 est

221 1017 362 1051 animus
396 1021 564 1059 tanquam
598 1012 635 1045 in
660 1011 729 1045 alio
754 1011 910 1051 mundo,
944 1010 982 1043 in
1007 1009 1141 1052 ganeis,
1173 1007 1211 1040 in

224 1068 317 1108 alea,
342 1066 379 1098 in
398 1063 587 1110 perniciosi
607 1062 764 1096 sodalitii
781 1062 887 1096 ludis,
926 1060 1084 1095 Tantum
1102 1060 1212 1102 abest,

223 1125 262 1153 ut
279 1116 481 1151 meminisse
504 1115 638 1160 aliquid
663 1114 820 1153 studeat,
847 1119 888 1146 ut
905 1124 981 1146 eam
996 1113 1106 1155 legem
1124 1121 1212 1156 quae

225 1171 269 1203 de
284 1167 458 1202 conviviis
478 1167 617 1201 extabat
635 1165 729 1210 apud
746 1164 922 1205 Graecos,
948 1165 1046 1208 μισῶ
1067 1158 1215 1207 μνάμο-

225 1233 273 1256 να
289 1215 496 1264 συμπότην,
519 1217 593 1262 ipse
613 1217 657 1250 de
678 1213 808 1249 scholis
833 1215 939 1248 latam
962 1221 1078 1259 putet,
1103 1220 1136 1247 et
1158 1213 1214 1245 in-

227 1272 334 1306 cisam
355 1282 428 1303 non
448 1270 484 1302 in
501 1280 574 1309 aes,
601 1268 661 1301 sed
687 1267 899 1310 insculptam
925 1265 1045 1298 animo
1063 1264 1215 1298 circum-

226 1323 316 1356 ferat
331 1323 429 1365 μισῶ
445 1315 624 1364 μνάμονα
640 1313 828 1362 μαθητήν.
858 1315 980 1361 Itaque
997 1317 1026 1349 si
1044 1314 1216 1360 postridie

227 1374 356 1408 dictata
378 1381 556 1415 reposcas,
596 1370 678 1414 quia
701 1369 943 1413 perfluxerunt
967 1377 1068 1400 aures
1083 1365 1216 1403 omnia,

228 1425 281 1458 nil
305 1429 409 1457 tenet.
463 1420 518 1455 lbi
543 1420 710 1464 magistro
735 1418 826 1453 redit
852 1418 953 1451 labor
974 1424 1071 1452 actus
1096 1416 1134 1449 in
1158 1426 1217 1448 or-

229 1477 320 1510 bem.
374 1471 529 1508 Orditur
555 1470 741 1516 pristinam
767 1470 998 1509 cantilenam,
1026 1479 1090 1501 nec
1112 1466 1218 1500 semel

230 1526 376 1571 repetit,
409 1525 521 1557 donec
552 1522 610 1555 isti
645 1528 769 1555 trunco
801 1532 915 1553 unum
940 1526 1046 1564 atque
1068 1518 1217 1552 alterum

230 1578 380 1612 verbum
410 1574 600 1617 infligatur.
661 1571 751 1615 Quis
783 1578 834 1605 est
862 1578 932 1604 tam
963 1581 1088 1603 cornea
1121 1569 1221 1608 fibra,

233 1629 294 1675 qui
321 1638 394 1660 non
415 1622 670 1661 stomachetur,
697 1629 834 1656 tantum
855 1633 981 1666 operae
1007 1632 1042 1654 se
1064 1620 1221 1665 perdere,

235 1677 438 1725 praesertim
465 1688 544 1709 cum
571 1675 702 1708 interea
727 1681 758 1708 et
778 1673 991 1706 valetudinis
1009 1672 1142 1705 iactura
1169 1670 1221 1703 sa-

236 1731 360 1765 cienda
377 1728 445 1761 sit?
495 1726 584 1760 Nam
607 1731 811 1759 atteruntur
828 1731 861 1757 et
880 1723 1049 1757 labefiunt
1065 1721 1222 1766 corporis

237 1782 347 1821 vires,
374 1791 446 1812 non
464 1778 571 1811 modo
592 1776 734 1810 dicendi
761 1776 901 1815 labore,
928 1775 988 1807 sed
1015 1774 1120 1807 etiam
1141 1784 1222 1806 cura

237 1834 431 1876 doloreque
449 1828 575 1869 animi,
598 1839 721 1873 quem,
739 1826 820 1872 quia
838 1838 911 1859 non
928 1825 1145 1870 respondent
1159 1836 1224 1856 no-

238 1892 328 1919 strae
339 1881 541 1924 diligentiae
552 1879 665 1912 studia
677 1890 880 1923 puerorum,
897 1877 1089 1920 indignitas
1100 1875 1150 1909 rei
1164 1887 1225 1919 pa-

240 1936 297 1971 rit.
333 1933 498 1968 Seculum
519 1931 554 1963 in
570 1928 626 1963 his
643 1929 793 1963 miseriis
809 1928 1045 1969 consumitur,
1060 1928 1144 1960 dum
1163 1926 1226 1960 iste

239 1987 371 2032 primas
395 1984 513 2017 literas
528 1981 704 2015 didicerit.
757 1980 828 2013 Nec
844 1987 942 2024 putet
956 1991 992 2012 se
1012 1979 1079 2012 iam
1099 1978 1227 2011 defun—

241 2045 335 2071 ctum
354 2047 426 2069 esse
446 2035 682 2079 paedagogus,
710 2029 794 2065 haec
818 2038 954 2064 tantum
974 2037 1114 2064 nostrae
1136 2029 1227 2061 'rra-

243 2088 386 2132 goediae
424 2084 603 2130 praeludia
639 2089 740 2120 suut,
783 2089 888 2116 restat
925 2080 1081 2126 Epitasis
1115 2080 1228 2113 multo

244 2137 498 2173 aerumnosior.
552 2133 715 2167 lnfmitus
734 2134 833 2166 labor
850 2140 918 2174 est,
946 2144 984 2165 os
1003 2132 1138 2177 puerile
1156 2132 1230 2164 sor-

245 2202 357 2225 mare,
388 2195 420 2221 ct
450 2189 490 2220 ad
517 2186 662 2219 latinam
688 2185 843 2227 linguam
867 2185 1095 2217 assuefacere:
1149 2194 1229 2215 nam

246 2254 324 2275 rum
344 2240 464 2279 lingua
486 2238 681 2281 expoliatur
703 2236 957 2270 consuetudine
977 2236 1066 2269 bene
1083 2235 1231 2279 loquen—

247 2294 300 2332 di,
329 2302 473 2335 eamque
498 2290 539 2321 ad
574 2300 647 2321 rem
671 2288 887 2321 disertorum
907 2286 1114 2321 commercia
1140 2284 1234 2318 mul-

248 2352 322 2377 tum
341 2340 509 2375 momenti
530 2339 710 2376 adserunt,
736 2339 908 2382 primum,
935 2345 973 2371 ut
989 2345 1038 2372 est
1053 2337 1233 2379 negligen-

249 2396 314 2434 tia,
347 2397 558 2425 converrunt
597 2403 637 2422 ex
668 2390 847 2433 proximo,
876 2388 942 2422 hoe,
978 2396 1048 2428 est,
1080 2401 1098 2422 a
1124 2387 1233 2432 patria

251 2447 368 2486 lingua
390 2455 528 2476 ‹nuuc-m
547 2453 758 2474 sermonem.
815 2441 939 2475 Latine
957 2441 1073 2486 loqui.
1099 2438 1181 2484 quia
1200 2437 1232 2469 id

1099 2489 1235 2523 Deinde.

251 2547 332 2593 quia
356 2546 406 2578 sui
437 2544 611 2577 similibus
637 2543 875 2580 ‹tvtoctantum
900 2543 1122 2576 eruditorum
1141 2551 1236 2573 rom—

251 2598 378 2632 moi-cia
407 2595 526 2640 procul
548 2595 697 2635 fugiunt.

249 2495 429 2530 ‹tissa—ilinc.
465 2500 555 2531 erat,
595 2505 638 2524 ne
671 2492 813 2536 quidem
854 2499 1037 2525 conantur.

761 2592 864 2637 Apud
899 2607 1008 2627 unum
1036 2598 1237 2638 praerepto-

641 105 803 144 DECL.
853 102 928 140 DE
969 99 1245 139 MISERllS
1278 98 1799 138 PAEDAGOGORUM.

1247 187 1503 224 committitur?

1247 251 1393 287 prorsus
1415 245 1534 272 mutus
1550 245 1612 274 est.

1249 292 1316 334 rit,
1342 303 1382 325 ac
1404 289 1568 324 meditari
1591 289 1715 331 verba,
1741 289 1824 336 quia
1849 289 1989 323 animus
2013 289 2240 334 perturbatus

2160 98 2234 136 124

1553 186 1648 221 Puer
1666 186 1878 234 aliquandiu
1889 187 1928 221 in
1944 192 2077 221 statuae
2089 186 2237 220 modum

1663 237 1788 272 Postea
1807 238 1870 272 ubi
1886 250 1921 272 se
1937 237 2239 283 colligeret-mepa-

1251 349 1316 384 est‚
1351 341 1446 376 oculi
1477 340 1733 386 superciliaque
1756 346 2025 386 pervertuntur,
2056 340 2087 374 si
2110 340 2242 380 videas,

1252 394 1348 427 dicas
1364 391 1534 426 comitiali
1551 391 1677 425 morbo
1693 391 1817 436 arripi:
1844 391 2061 437 pervertitur
2078 397 2113 426 ct
2128 403 2168 426 os
2181 402 2243 424 ve-

1254 445 1306 479 lut
1321 444 1446 491 cynico
1471 455 1608 488 spasmo
1625 442 1828 476 foedissimo
1845 443 1947 477 rictu.
2001 441 2087 477 Post
2103 442 2166 477 ubi
2179 441 2243 476 diu

1255 508 1371 530 secum
1392 495 1543 528 luctatus
1566 500 1633 534 est,
1661 494 1803 527 tandem
1827 506 1948 528 vocem
1969 493 2051 529 edit.
2105 493 2175 528 Sed
2199 503 2244 526 ne

1256 543 1558 592 deprehendatur,
1602 545 1631 579 si
1663 545 1760 590 quod
1794 545 1884 579 forte
1906 545 2029 580 existet
2051 544 2244 583 soloecum,

1257 598 1380 633 stridet
1404 597 1564 630 obscure.
1622 594 1778 639 Quidam
1801 595 1977 640 ingeniosi
2000 603 2083 631 sunt
2116 596 2154 629 in
2179 607 2246 640 po-

1257 656 1385 683 strema
1402 648 1536 694 syllaba
1548 653 1581 681 et
1596 659 1677 681 casu
1694 647 1861 681 dictionis
1871 648 2056 682 obruendo
2073 659 2117 681 ne
2132 646 2248 692 perci-

1260 701 1388 745 piatur.
1444 698 1546 733 Iubet
1562 705 1768 743 praeceptor
1784 699 1877 732 clara
1896 710 1981 732 voce
1999 698 2247 742 pronunciare,

1260 753 1320 785 ille
1343 751 1447 785 iterat
1471 757 1504 784 et
1521 750 1629 783 verba
1650 749 1811 784 cadentia
1836 749 1942 784 tollit.
1996 747 2153 784 Exaudit
2178 749 2248 782 iam

1260 809 1484 848 praeceptor,
1529 801 1589 835 sed
1625 798 1718 834 nibil
1751 801 1821 834 nisi
1854 801 2045 835 verborum
2076 806 2249 846 portenta.

1261 853 1334 888 Nec
1350 859 1490 887 autores
1507 852 1568 897 qui
1592 852 1844 896 praeleguntur
1865 852 2002 887 redolet
2024 864 2156 891 sermo,
2185 861 2250 884 nec

1263 917 1342 939 cum
1374 903 1610 948 grammaticis
1638 903 1834 948 praeceptis
1863 904 2040 940 convenit.
2093 901 2162 937 Hic
2188 902 2251 935 de-

1263 968 1361 990 mum
1384 955 1488 989 sentit
1520 965 1555 987 se
1578 954 1744 987 miserum
1781 965 1854 987 esse
1880 955 2116 999 paedagogus:
2169 965 2252 987 nam

1265 1019 1345 1041 cum
1371 1019 1412 1040 ex
1434 1005 1559 1040 studiis
1584 1004 1782 1050 puerilibus
1806 1017 1880 1038 non
1897 1006 1987 1040 alius
2004 1007 2138 1040 fructus
2154 1011 2253 1049 peta-

1265 1065 1342 1100 tur,
1377 1069 1483 1103 quam
1514 1063 1553 1090 ut
1577 1056 1736 1100 expedite
1762 1056 1860 1102 loqui
1884 1056 2039 1100 possint,
2071 1054 2128 1090 hic
2158 1055 2253 1089 videt

1266 1109 1335 1143 sibi
1356 1120 1500 1154 operam
1522 1113 1555 1142 et
1580 1108 1697 1141 oleum
1723 1106 1762 1140 in
1786 1107 1937 1142 dicendo
1957 1108 2094 1153 perire,
2122 1107 2159 1141 in
2183 1113 2253 1140 tarn

1266 1160 1467 1205 prodigiosa
1484 1158 1650 1203 discipuli
1674 1158 1836 1193 infantia.
1889 1159 1959 1194 Sed
1984 1165 2136 1206 quantae
2161 1157 2258 1191 diffi-

1268 1213 1413 1246 cultates
1436 1210 1658 1244 exorbendae
1680 1216 1782 1251 sunt,
1808 1217 1883 1244 tum
1911 1207 1995 1244 huic
2012 1210 2099 1245 vitio
2122 1209 2257 1244 mederi

1269 1262 1409 1296 studet?
1461 1260 1751 1295 Dissimulandus
1774 1261 1806 1294 ei
1831 1261 1935 1295 dolor
1957 1261 2087 1303 animi,
2115 1262 2257 1296 iracun-

1271 1314 1327 1347 dia
1354 1312 1577 1357 reprimenda
1603 1317 1674 1352 est,
1716 1312 1880 1346 comitate
1903 1324 2014 1357 puero
2037 1312 2258 1358 perturbatio

1270 1364 1380 1397 animi
1398 1363 1571 1403 sedanda,
1598 1362 1728 1395 blande
1746 1363 1954 1396 invitandus
1969 1370 2020 1397 est
2045 1365 2089 1397 ad
2108 1364 2260 1409 loquen-

1270 1416 1368 1450 dum.
1410 1413 1523 1457 Saepe
1539 1409 1703 1446 trahendi
1721 1412 1861 1456 longius
1875 1414 1919 1447 de
1934 1413 2107 1448 industria
2126 1426 2260 1448 sermo-

1271 1477 1351 1504 nes,
1378 1471 1417 1499 ut
1438 1464 1730 1498 consuetudinem
1755 1464 1864 1498 latine
1883 1464 2054 1509 loquendi
2075 1477 2185 1510 puero
2208 1466 2261 1499 fa-

1272 1517 1351 1551 ciat.
1405 1513 1499 1548 Haec
1516 1526 1586 1548 una
1601 1526 1655 1548 res
1674 1526 1753 1548 cum
1778 1515 1858 1559 plus
1881 1515 1964 1550 satis
1991 1516 2124 1551 adserat
2147 1516 2262 1550 mole-

1272 1567 1378 1608 stiae,
1411 1573 1529 1600 tamen
1559 1565 1673 1599 multo
1702 1566 1812 1610 magis
1842 1573 1976 1600 exercet
1999 1574 2262 1613 praeceptorem

1274 1618 1402 1664 stylus,
1436 1628 1558 1663 quem,
1589 1623 1629 1650 ut
1660 1616 1768 1650 latina
1794 1616 1916 1661 lingua
1943 1617 2002 1652 flat
2027 1631 2137 1663 puero
2159 1619 2265 1653 sami-

1275 1669 1390 1710 liaris‚
1422 1665 1667 1702 adhibendum
1697 1679 1770 1701 esse
1800 1669 1914 1708 videt,
1941 1675 1980 1702 ut
2001 1682 2067 1703 usu
2084 1670 2264 1704 scribendi

1276 1720 1502 1754 confirmatus
1525 1725 1600 1752 tuto
1625 1718 1723 1764 loqui
1747 1720 1866 1764 possit.
1925 1719 2007 1753 Non
2033 1721 2127 1754 enim
2152 1733 2265 1756 unum

1276 1771 1472 1805 remedium
1490 1770 1532 1803 ad
1550 1770 1798 1803 excutiendum
1815 1770 1922 1805 istum
1939 1778 2123 1805 veternum
2146 1773 2267 1818 pueri-

1279 1823 1371 1856 libus
1387 1821 1538 1865 ingeniis
1554 1821 1635 1855 satis
1650 1827 1710 1856 est.
1763 1821 1833 1855 Sed
1852 1834 1931 1855 cum
1949 1821 2042 1856 nibil
2057 1823 2204 1868 perinde
2221 1825 2267 1857 ad

1279 1874 1470 1919 parandam
1483 1883 1588 1917 quam
1607 1871 1823 1905 uberrimam
1840 1874 2013 1907 sermonis
2029 1875 2165 1919 copiam
2181 1886 2268 1909 con-

1279 1926 1384 1959 ducat
1409 1931 1511 1968 atque
1536 1922 1697 1956 assiduus
1721 1923 1850 1968 stylus,
1877 1936 1949 1958 non
1973 1925 2082 1959 alium
2109 1926 2267 1960 laborem

1282 1983 1396 2010 tamen
1414 1975 1561 2019 perinde
1577 1981 1738 2007 recusant
1756 1975 1931 2019 suscipere
1956 1983 2060 2021 atque
2079 1977 2269 2012 scribendi.

1282 2025 1380 2061 Nihil
1402 2033 1451 2060 est
1473 2037 1562 2070 opus
1580 2023 1637 2058 hic
1657 2037 1838 2059 recensere
1855 2037 1991 2059 causas:
2029 2029 2159 2061 etenim
2184 2035 2269 2063 nota

1282 2078 1382 2111 vobis
1399 2084 1524 2110 natura
1535 2074 1722 2110 hominum
1738 2082 1952 2110 nostrorum.
1982 2075 2139 2113 Immane
2156 2091 2272 2125 quan-

1283 2137 1338 2164 tus
1355 2130 1455 2162 labor
1470 2135 1520 2162 est
1536 2127 1728 2172 perpellere
1740 2155 1748 2167 ,
1764 2135 1802 2161 ut
1822 2127 1875 2161 vel
1896 2135 1968 2162 toto
1985 2131 2140 2164 semestri
2157 2143 2270 2165 unum

1284 2175 1470 2226 epistolion
1492 2179 1673 2213 scribant?
1700 2177 1775 2221 Ego
1795 2191 1877 2212 vero
1896 2181 2049 2224 comperi
2074 2193 2146 2215 non
2164 2182 2270 2216 aliam

1284 2245 1421 2266 crucem
1451 2231 1555 2264 nobis
1577 2241 1649 2263 esse
1673 2230 1908 2267 acerbiorem,
1947 2244 2052 2276 quam
2085 2245 2164 2266 cum
2195 2233 2271 2268 istis

1285 2283 1517 2317 cessatoribus
1542 2281 1700 2327 quotidie
1724 2281 1850 2318 rixari,
1886 2294 1964 2314 eum
1991 2283 2096 2317 oflicii
2123 2296 2273 2318 mouen-

1287 2342 1353 2368 tur.
1406 2333 1529 2379 Neque
1555 2344 1637 2366 vero
1664 2344 1821 2377 unquam
1850 2333 1924 2376 rogi
1949 2341 2081 2378 potest,
2106 2342 2144 2369 ut
2159 2347 2273 2369 uuum

1287 2397 1427 2419 versum
1453 2385 1602 2423 scribat,
1638 2383 1705 2415 uisi
1731 2391 1937 2428 praeceptor
1966 2385 2141 2422 adsideat.
2166 2387 2275 2422 dictet

1288 2443 1550 2479 argumentum,
1584 2435 1782 2479 suppeditet
1803 2435 1920 2469 verba.
1978 2434 2044 2470 lste
2069 2449 2149 2470 cum
2175 2437 2275 2471 inve-

1289 2489 1410 2521 niendi
1429 2499 1510 2521 cura
1529 2493 1644 2524 vacat,
1663 2493 1736 2519 tum
1756 2498 1856 2529 aegre
1873 2487 2001 2520 dictata
2019 2487 2158 2532 excipit.
2186 2489 2274 2523 Sero

1291 2537 1353 2572 liar.
1378 2537 1633 2571 consuetudine
1657 2550 1696 2569 eo
1724 2537 1959 2581 promoveris,
2001 2545 2035 2573 ut
2066 2550 2129 2571 suo
2158 2538 2275 2574 Marte

1262 2620 1265 2649 Ι
1291 2596 1437 2623 comta:-
1453 2589 1625 2629 srribere,
1648 2589 1674 2622 si
1694 2596 1809 2622 tamen
1827 2601 1983 2634 unquam
2002 2597 2159 2624 conatur.
2187 2590 2276 2625 Nam

252 2663 323 2684 rem
351 2648 460 2681 latino
484 2659 642 2678 sermone
667 2646 836 2678 utendum
858 2653 927 2684 est,
961 2647 1001 2677 ad
1029 2657 1132 2690 quem
1159 2654 1237 2676 cum
1264 2650 1265 2658 ¹

251 2709 395 2735 rentum
420 2706 486 2737 est,
524 2697 581 2730 Dii
610 2697 841 2736 immortales,
873 2697 975 2741 quale
1001 2694 1239 2741 spectaculum
1264 2708 1268 2736 ¹·

1292 2642 1392 2674 illum
1425 2641 1526 2674 erede
1554 2640 1688 2682 virgula
1716 2639 1836 2673 diviua
1861 2641 1902 2672 ad
1931 2641 2095 2675 virtutem
2128 2642 2278 2683 incitari,

1292 2693 1352 2739 qui
1379 2693 1429 2725 vel
1457 2704 1534 2725 sero
1558 2704 1620 2735 per
1642 2703 1713 2725 sese
1736 2697 1884 2725 conatur
1905 2691 2039 2737 aliquid
2057 2705 2278 2738 componere.
