2338 2958
72 125 143 160 641

72 210 220 243 linribus
241 220 275 242 se
292 207 505 250 temporibus
522 210 715 243 servabant.
769 208 898 241 Brutus
916 209 950 240 in
971 208 1053 252 ipsis

71 261 192 293 castris
219 257 393 301 Pompeii,
421 258 523 291 etiam
546 257 733 302 Epitomen
760 257 923 291 historiae
946 257 1078 302 Poly-

70 311 118 343 bii
143 308 347 351 composuit.

69 371 169 404 pace,
196 357 374 398 Trebatii,
401 358 540 391 Pisonis
555 366 587 393 et
603 358 784 402 Capitonis
799 357 971 395 consiliis,
1000 358 1050 390 le-

68 421 144 452 ges,
181 408 385 452 disciplina,
421 409 632 442 iudiciorum
662 408 826 442 autoritas
858 407 1047 440 instaurata

69 466 128 492 est.
189 458 284 491 Idem
308 459 467 491 futurum
490 465 560 498 est,
586 457 660 492 Deo
682 459 805 496 dante,
832 457 936 500 paulo
961 464 1049 501 post,

68 521 147 542 cum
171 509 276 541 armis
298 509 482 551 depositis,
511 509 552 541 de
577 520 676 552 pace,
704 507 858 544 iusticia,
885 508 928 539 de
947 508 1047 540 bonis

68 559 242 596 moribus,
276 559 318 590 de
341 557 517 591 Ecclesiae
546 557 799 602 tranquillitate
821 557 1046 590 deliberatio·
1070 577 1072 597 ἔ

69 620 129 641 nes
152 615 272 641 erunt:
301 607 511 652 Respublica
534 609 712 640 doctorum
738 608 911 647 virorum,
940 607 1046 640 Iuris-
1070 601 1073 624 ¹

69 659 307 691 consultorum
342 670 460 691 vocem
490 664 522 690 et
552 657 757 690 sententiam
783 657 915 690 audiet:
958 669 1045 702 quae

67 715 151 742 tunc
169 709 308 753 quidem
326 708 448 741 ssorere
474 718 592 739 rursus
615 707 776 751 incipiet,
803 708 831 740 si
853 708 1045 745 veritatem,

67 758 202 791 exclusa
219 755 434 801 Sopliistica,
460 768 574 789 amare
596 758 758 801 coeperit.
802 757 924 790 Talem
949 765 1044 791 tran-

67 809 275 853 quillitatem
306 814 343 841 ut
367 807 460 840 Deus
483 806 642 842 restituat
667 807 892 847 Germaniae,
926 819 1045 840 omnes

68 871 108 891 ex
125 859 242 891 animo
259 864 426 901 optemus.
478 856 570 891 Dixi.

524 121 681 161 DECL.
716 122 790 159 DE
823 121 985 158 DONO
1021 122 1632 164 INTERPRETATIONIS.

408 307 453 341 Et
475 315 590 351 postea
614 309 800 342 constituta
825 308 868 340 ab
892 305 1050 349 Augusto
1075 294 1079 325 f

91 1041 154 1074 No.
174 1039 233 1074 77.

73 1087 242 1100 *Ν

877 1057 922 1074 an.
942 1044 1032 1074 1544.

870 1089 1039 1101 x-‘N

224 1147 297 1187 De
330 1148 446 1187 dono
478 1148 880 1201 interpretationis.

136 1226 165 1250 ln
195 1225 342 1251 Declamat.
366 1225 399 1251 T.
415 1225 459 1251 ΙΙΙ.
485 1236 510 1259 p.
523 1226 614 1259 463sq
600 1235 644 1260 q.q
653 1244 660 1257 ,
693 1226 808 1252 servm
826 1227 858 1252 T.
874 1226 920 1252 lll.
940 1229 1045 1260 2440„

165 1260 227 1284 item
247 1261 272 1283 in
293 1259 380 1284 Toum
393 1260 437 1285 ΙΙΙ.
457 1261 487 1285 Er
495 1259 619 1284 sordiano
640 1260 676 1285 bt.
691 1260 729 1290 Κ,
750 1261 772 1286 5.
792 1266 816 1285 et
836 1261 904 1293 apud
920 1261 1046 1287 Richard.

168 1293 200 1318 Τ.
217 1293 260 1317 ΙΙΙ.
280 1294 376 1326 ρ..275
395 1307 428 1312 -
466 1294 550 1318 Etiam
570 1294 661 1325 paucis
682 1294 767 1318 verbis
787 1295 893 1319 mutatis
913 1301 940 1320 ut
960 1297 1045 1320 oratio

167 1327 297 1360 synodica
319 1328 345 1351 in
365 1327 450 1352 libro:
488 1327 612 1359 Georgii,
645 1327 779 1360 Principis
800 1329 950 1359 ΑηὶηΙιίηΞ,
978 1339 1046 1354 con-

168 1363 303 1418 cioneswet
317 1362 416 1394 scripta
435 1367 485 1387 etc.
505 1370 529 1394 ρ.
542 1361 601 1387 440.
623 1362 668 1395 qni
682 1371 739 1386 eain
756 1362 878 1388 recitavit
892 1364 917 1387 in
933 1364 1045 1395 bynodo

168 1403 210 1421 an.
226 1396 255 1419 15
293 1412 300 1419 .

68 1475 193 1506 Oratio
211 1484 233 1505 α
260 1473 383 1516 Cas-11.
411 1473 654 1518 crucigero
683 1476 863 1516 recitata,
892 1474 936 1508 cle
952 1474 1044 1510 dono

263 1525 589 1566 interpretationis
614 1525 650 1556 in
675 1525 849 1558 Ecclesia.

2013 135 2086 171 642

1077 209 1256 244 {stantino
1287 211 1328 243 ad
1362 210 1625 256 palaeologum,
1674 226 1784 250 annos
1817 215 1952 250 circiter
1985 219 2080 253 mille

1102 258 1220 293 suisset
1237 258 1409 293 Ecclesiae
1425 261 1489 295 Dei
1514 261 1704 320 hospitium
1724 273 1755 298 et
1775 267 1872 299 sedes
1889 268 2079 310 doctrinae,

1103 310 1194 340 unde
1227 309 1262 341 in
1286 309 1487 349 Graeciim,
1523 314 1557 345 in
1585 312 1702 347 Asiam
1733 322 1764 348 et
1791 315 1968 360 Illyricum
1999 319 2078 352 lite-

1100 369 1157 389 rae
1182 367 1386 402 propagatae
1409 369 1508 401 sunt,
1535 369 1616 396 tunc
1634 376 1652 397 a
1670 363 1795 398 Turcis
1813 378 1991 409 oppressa,
2018 380 2078 401 ve—

1099 414 1154 440 tus
1177 408 1264 441 itlud
1287 421 1325 441 ac
1350 421 1469 443 verum
1496 412 1599 444 decus
1622 414 1746 449 amisit.
1799 414 1843 449 Et
1862 429 1938 449 cum
1956 418 2077 451 fuisset

1098 469 1156 489 arx
1182 458 1338 501 imperii,
1366 460 1490 492 amissa
1516 473 1592 494 arce
1617 463 1728 496 victor
1755 466 1870 498 statim
1895 468 2076 510 occupavit

1099 507 1248 539 vicinam
1279 520 1375 541 oram
1407 516 1556 542 veterem
1589 510 1772 555 Bbsorum
1805 516 1940 555 sedem,
1974 516 2076 550 Pelo-

1098 569 1314 599 ponnesum,
1341 557 1572 600 Corinthum,
1600 560 1826 618 Muit)·,lenem
1853 572 1884 597 et
1903 566 2075 608 ingressus

1097 606 1273 640 Barbarus
1297 608 1333 640 in
1356 607 1495 650 Asiam,
1522 610 1661 653 imperii
1686 624 1798 644 arcem
1825 614 1966 647 alteram
1985 615 2076 650 Tra-

1097 665 1276 700 pezuntem
1297 659 1397 701 cepit.

1197 707 1451 741 Lamentantur
1478 708 1672 753 Prophetae
1703 712 1840 744 avulsas
1865 724 1882 745 a
1909 712 2011 755 Iuda,
2043 723 2076 749 et

1096 757 1277 800 dissipatas
1292 760 1409 791 decem
1427 759 1550 799 tribus,
1579 761 1615 793 in
1631 761 1758 804 quibus
1776 762 1965 796 floruerant
1981 775 2076 797 sum-

1096 807 1145 839 mi
1168 806 1362 850 Prophetae
1385 807 1481 841 Elias
1505 816 1538 843 et
1556 809 1710 850 Etiseus,
1738 818 1770 845 et
1794 824 1913 845 eorum
1937 815 2076 847 audito-

1095 869 1160 890 res.
1213 856 1402 891 Doleamus
1426 865 1458 892 et
1480 871 1561 900 nos,
1589 859 1740 894 Graecas
1764 868 1795 894 et
1818 861 1985 895 Asiaticas
2007 863 2077 897 Ec-

1097 907 1216 939 clesias
1242 914 1291 941 tot
1313 909 1442 941 deletas
1466 921 1556 951 esse,
1585 917 1615 943 et
1640 911 1675 942 in
1701 923 1738 943 ea
1765 912 1906 944 natione
1925 914 2074 948 extincta

1096 957 1227 997 studia,
1254 970 1341 1001 qnae
1363 959 1585 1001 ingeniorum
1609 961 1787 1003 sagacitate
1803 963 1945 995 caeteris
1962 964 2075 1005 genti-

1097 1008 1161 1039 bus
1186 1008 1350 1041 omnibus
1375 1009 1594 1049 antecelluit,
1628 1017 1716 1043 artes
1740 1013 1875 1052 genuit,
1910 1019 1968 1045 aut
1993 1014 2075 1046 illu-

1097 1058 1237 1095 stravit,
1273 1065 1304 1090 et
1334 1058 1370 1090 in
1399 1059 1614 1102 possessione
1637 1061 1816 1093 doctrinae
1839 1062 1903 1094 suit
1924 1063 2075 1105 amplius

1097 1107 1235 1140 duobus
1248 1108 1405 1140 millibus
1422 1120 1606 1144 annorum.
1650 1109 1744 1142 Haec
1760 1117 1853 1145 tanta
1871 1120 2075 1146 ornamenta

1097 1158 1231 1200 generis
1254 1155 1398 1190 humani
1423 1158 1514 1191 intra
1537 1160 1653 1192 decem
1671 1172 1843 1194 annorum
1861 1162 2074 1195 curriculum

1097 1213 1174 1250 post
1199 1214 1332 1250 captam
1349 1207 1694 1252 Constantinopolim
1718 1210 1840 1243 obruta
1861 1219 1951 1246 sunt.
2003 1211 2075 1246 Nee

1097 1268 1179 1289 vero
1202 1263 1336 1289 tantum
1359 1258 1632 1292 imbecillitatem
1652 1271 1767 1292 rerum
1787 1258 2018 1294 humanarum
2037 1262 2074 1294 in

1098 1304 1162 1339 hac
1186 1307 1394 1348 cogitatione
1418 1308 1655 1351 deploremus,
1690 1311 1746 1342 sed
1774 1311 1875 1343 etiam
1900 1323 2018 1344 causas
2043 1319 2075 1345 et

1096 1356 1365 1398 significationes
1381 1358 1600 1401 aspiciamus:
1630 1366 1660 1391 et
1676 1367 1843 1403 quantum
1860 1361 1934 1393 fieri
1951 1368 2074 1403 potest,

1098 1417 1296 1445 caveamus,
1336 1419 1379 1439 ne
1408 1408 1580 1440 similibus
1613 1409 1865 1442 calamitatibus
1896 1411 2075 1454 opprima-

1097 1467 1187 1488 mur.
1245 1455 1334 1489 Sunt
1360 1457 1452 1488 enim
1479 1455 1712 1491 humanorum
1740 1460 1906 1493 scelerum
1933 1472 2076 1504 poenae,

1097 1517 1181 1549 quas
1196 1505 1289 1538 Deus
1305 1504 1479 1539 Ecclesiae
1498 1519 1610 1540 mores
1628 1520 1707 1541 suos
1724 1510 1942 1548 emendanti,
1970 1517 2001 1543 et
2019 1511 2075 1543 in-

1071 1589 1073 1593 ,
1097 1555 1234 1587 vocanti
1252 1555 1361 1587 filium
1378 1555 1621 1596 Mediatorem,
1648 1570 1685 1590 ac
1701 1559 1865 1593 retinenti
1882 1560 1993 1592 lucem
2011 1562 2076 1593 do-

66 1598 177 1637 Initio
205 1603 331 1646 gratias
358 1614 498 1645 agamus
522 1603 598 1636 Deo
621 1610 760 1636 aeterno
782 1603 878 1637 Patri
902 1604 1046 1638 Domini

67 1653 176 1686 nostri
203 1652 279 1685 Iesu
297 1650 446 1693 Christi,
473 1653 564 1697 quod
583 1651 773 1686 Ecclesiam
799 1666 913 1693 suam,
941 1655 1046 1687 mini-

67 1704 211 1737 sterium
234 1701 433 1744 Evangelii,
469 1709 501 1735 et
532 1700 614 1736 haec
639 1704 751 1736 studia
776 1705 973 1744 doctrinae,

68 1754 172 1786 tantis
204 1753 315 1785 ruinis
345 1752 589 1796 imperiorum,

1008 1717 1046 1737 in
1070 1722 1073 1730 ι

631 1760 664 1786 et
693 1754 825 1786 diaboli
857 1755 1046 1795 furoribus,

67 1815 141 1836 non
164 1802 247 1835 sinit
267 1802 397 1845 ubique
420 1802 543 1835 deleri:
572 1804 629 1835 sed
656 1803 826 1836 mirandis
848 1804 960 1836 modis
975 1816 1046 1837 ser-

68 1861 142 1893 vat,
165 1859 198 1886 ct
220 1852 367 1885 subinde
389 1852 576 1891 instaurat,
602 1859 635 1885 et
652 1853 763 1885 lucem
779 1851 961 1895 Evangelii
979 1855 1046 1887 late

68 1903 212 1947 spargit:
248 1914 286 1934 ac
312 1902 516 1934 ardentibus
544 1902 739 1934 animorum
765 1903 854 1935 votis
880 1910 1047 1946 petamus,

69 1961 106 1986 ut
131 1953 262 1985 diutius
285 1952 388 1984 etiam
411 1952 477 1984 sibi
495 1950 682 1984 Ecclesiam
703 1952 859 1993 colligat,
886 1960 918 1986 et
933 1954 1045 1986 studia

70 2002 271 2045 Evangelii,
298 2008 332 2035 et
346 2002 504 2034 omnium
520 2001 661 2042 artium,
687 2014 774 2045 quae
788 2001 960 2036 Ecclesiae
977 2004 1045 2037 uti-

70 2054 119 2086 les
141 2059 241 2091 suut,
269 2052 432 2084 defendat
455 2058 487 2085 et
506 2051 665 2091 adiuvet,
687 2058 726 2084 ut
745 2058 833 2084 recte
853 2053 1047 2094 invocetur,

71 2116 109 2137 ac
135 2103 224 2135 veris
252 2102 412 2135 laudibus
435 2102 642 2141 celebretur,
672 2108 704 2135 et
728 2102 841 2146 aliqua
868 2103 959 2136 inter
982 2102 1047 2137 ho-

71 2153 182 2186 mines
200 2152 366 2185 virtutum
384 2151 544 2184 exercitia
562 2158 593 2184 et
609 2152 792 2184 seminaria
810 2161 981 2188 maneant.

173 2201 266 2235 Haec
282 2208 315 2235 et
330 2202 485 2246 quotidie
503 2202 648 2245 petenda
666 2208 757 2240 sunt,
785 2208 816 2235 et
833 2210 870 2235 ut
887 2203 1047 2237 iuventus

72 2252 250 2286 admonita
275 2249 402 2284 horum
426 2258 602 2285 tantorum
626 2252 798 2284 bonorum
814 2264 894 2285 cura
911 2254 1048 2287 adficia-

73 2310 150 2343 tur,
177 2300 215 2334 hi
239 2312 440 2344 congressus
465 2301 613 2337 instituti
638 2309 733 2334 sunt:
763 2302 797 2334 in
822 2303 949 2346 quibus
971 2304 1075 2338 ideo

75 2354 117 2386 de
141 2352 321 2385 doctrinae
345 2358 378 2383 et
399 2352 442 2383 de
462 2351 600 2384 virtutis
618 2351 743 2385 studiis
760 2352 925 2391 dicimus,
949 2361 987 2387 ut
1005 2356 1047 2388 ad
1073 2327 1076 2378 i

75 2402 331 2436 invocationem
354 2401 439 2434 Dei·
457 2407 491 2434 et
520 2402 563 2433 ad
594 2408 724 2434 caetera
758 2399 902 2436 honesta
938 2405 1048 2437 officia

76 2453 212 2498 aliquos
236 2452 473 2485 accendamus.
524 2449 678 2483 Maxime
700 2463 783 2484 vero
808 2449 864 2485 hic
890 2453 962 2486 dies
987 2467 1050 2488 nos

76 2501 235 2536 hortetur
252 2502 296 2534 ad
317 2501 568 2545 precationem,
595 2501 654 2545 qui
672 2501 774 2534 nobis
794 2502 828 2534 in
849 2505 1049 2538 memoriam

77 2553 205 2596 redigit
227 2553 382 2595 ingentes
406 2550 580 2584 Ecclesiae
603 2550 726 2584 clades.
794 2551 861 2585 Hic
886 2559 935 2586 est
958 2555 1049 2587 enim

78 2603 152 2636 dies
174 2609 290 2646 captae
305 2600 646 2644 ConstantinopoliS,
668 2607 747 2634 ante
769 2613 879 2635 annos
895 2615 1004 2637 unum
1021 2612 1052 2638 et

79 2652 287 2695 nonaginta:
322 2663 410 2696 quae
439 2663 516 2685 cum
546 2651 628 2683 inde
650 2662 759 2696 usque
782 2664 800 2685 a
822 2653 934 2696 primo
958 2654 1054 2689 Con-

131 2702 313 2736 Mamm.
341 2703 444 2734 Orza.
470 2703 552 2734 Vm..
580 2702 640 2734 Xl.

1097 1605 1228 1637 ctrinae
1244 1612 1317 1637 tum
1335 1606 1499 1645 remittit,
1527 1613 1599 1639 tum
1617 1608 1760 1649 mitigat.

1195 1653 1289 1696 Ergo
1307 1663 1337 1688 et
1355 1655 1432 1687 illae
1452 1656 1573 1688 ruinae
1592 1656 1774 1697 Graeciae,
1801 1664 1834 1691 et
1850 1671 1941 1691 nunc
1959 1671 2076 1692 recens

1098 1705 1298 1737 lucendiuin
1318 1704 1538 1743 Pannoniae,
1566 1719 1629 1739 nos
1646 1704 1754 1739 deira
1772 1706 1836 1740 Dei
1854 1710 2076 1749 admoneant,

1097 1761 1130 1786 et
1153 1755 1193 1785 ad
1213 1766 1349 1786 morum
1366 1755 1638 1788 moderationem
1657 1755 1852 1796 retrahant,
1881 1765 1912 1791 et
1931 1759 2077 1792 incitent

1098 1804 1140 1835 ad
1164 1804 1369 1846 placandum
1388 1804 1510 1837 Deum.
1566 1805 1643 1839 Uno
1669 1814 1822 1848 pectore,
1851 1820 1920 1840 uno
1944 1809 2076 1850 gemitu

1098 1860 1130 1885 et
1159 1865 1227 1886 una
1261 1865 1344 1886 voce
1374 1854 1576 1887 clamemus:
1619 1854 1853 1899 Omnipotens
1883 1865 1915 1890 et
1940 1865 2076 1890 aeterne

1097 1902 1209 1940 Deus,
1243 1911 1380 1936 aeterne
1401 1903 1504 1937 Pater
1528 1903 1673 1938 Domini
1699 1907 1807 1939 nostri
1836 1906 1910 1940 Iesu
1934 1905 2076 1947 Christi,

1099 1953 1259 1985 conditor
1289 1954 1447 1986 omniun·
1480 1966 1614 1992 rerum,
1658 1962 1687 1987 et
1715 1964 1954 1993 conservator,
1996 1971 2074 1990 cum

1098 2003 1188 2035 Filio
1210 2009 1268 2035 tuo
1292 2010 1474 2036 coaeterno
1496 2003 1648 2037 Domino
1679 2013 1797 2038 nostro
1823 2007 1900 2039 Icsu
1923 2005 2078 2047 Christo,

1098 2059 1264 2095 regnante
1282 2060 1411 2093 tecum,
1439 2060 1471 2086 et
1487 2055 1654 2097 patefacto
1671 2056 1705 2087 in
1724 2055 1927 2096 Ierusalem,
1951 2065 1981 2090 ct
1996 2057 2077 2100 Spi-

1098 2104 1168 2135 ritu
1193 2109 1312 2136 sancto
1335 2109 1414 2143 tuo,
1441 2105 1603 2137 miserere
1628 2102 1730 2138 huius
1748 2113 1883 2139 nostrae
1901 2105 2076 2140 Ecclesiae

1099 2159 1130 2185 et
1167 2159 1283 2185 coetus
1320 2151 1537 2194 scholastici,
1584 2162 1725 2198 propter
1756 2155 1867 2188 lesum
1898 2154 2077 2190 Christum

1100 2203 1208 2235 filium
1232 2209 1351 2241 tunm,
1379 2215 1479 2246 quem
1502 2204 1643 2236 voluisti
1668 2217 1730 2247 pro
1757 2206 1857 2238 nobis
1882 2218 1952 2238 esse
1976 2207 2077 2240 xicti-

1101 2264 1211 2291 mam,
1236 2250 1296 2285 zai
1321 2264 1472 2296 nemim
1497 2252 1555 2286 καὶ
1582 2252 1702 2298 imit]
1712 2281 1721 2294 ‚
1751 2262 1780 2287 et
1800 2255 1931 2299 Spiritu
1957 2264 2075 2289 sancto

1100 2310 1159 2336 tuo
1183 2314 1260 2344 rege
1285 2314 1398 2334 mores
1422 2310 1576 2343 nostros,
1603 2311 1633 2336 et
1659 2305 1737 2336 iuva
1757 2306 1869 2338 studia
1887 2307 2077 2347 doctrinae,

1101 2358 1242 2396 propter
1277 2358 1370 2384 tuam
1406 2352 1562 2385 laudem:
1604 2365 1665 2386 nec
1696 2361 1753 2386 aut
1785 2354 1933 2388 'turcico
1949 2357 2076 2394 surore,

1101 2409 1159 2435 aut
1189 2402 1266 2434 aliis
1299 2402 1551 2435 calamitatibus
1574 2401 1756 2446 Evangelii
1786 2405 1897 2438 lucem
1923 2407 2077 2448 extingui

1102 2453 1203 2486 sinas.
1255 2450 1361 2484 Serva
1377 2451 1440 2485 has
1457 2452 1615 2496 politias‚
1642 2466 1729 2498 quae
1745 2462 1825 2488 sunt
1844 2453 1992 2499 hospitia
2009 2455 2077 2489 Ec-

1102 2502 1223 2536 clesiae
1254 2508 1332 2534 tuae
1360 2508 1392 2534 et
1416 2502 1552 2546 piorum
1579 2504 1785 2538 studiorum.
1847 2503 2077 2548 Agnoscimus

1104 2559 1135 2586 te
1164 2552 1252 2585 iuste
1278 2551 1377 2584 irasci
1404 2553 1523 2593 nobis,
1556 2561 1698 2597 propter
1719 2555 1827 2588 multa
1852 2556 1935 2589 vitia
1959 2563 2075 2589 nostra

1104 2610 1136 2636 et
1154 2601 1305 2645 ingentia
1323 2602 1463 2635 delicta:
1491 2603 1548 2635 sed
1565 2616 1642 2636 cum
1659 2604 1730 2647 ipse
1745 2617 1882 2638 revoces
1898 2618 1960 2638 nos
1976 2607 2016 2637 ad
2036 2612 2077 2643 te,

1104 2660 1138 2687 et
1158 2663 1282 2686 arcano
1306 2664 1344 2685 ac
1365 2651 1593 2686 inenarrabili
1609 2655 1754 2688 consilio
1770 2655 1988 2688 constitueris
2004 2654 2079 2698 pla-

1498 2701 1543 2736 41
