2338 2958
205 130 276 165 199

204 214 336 255 causis,
368 220 509 257 tamque
539 210 666 244 abditis
692 221 730 242 ac
756 207 948 242 latentibus
970 207 1188 248 morborum,

205 273 258 300 tot
280 263 492 299 valetudinis
516 259 773 294 conservandae
797 265 857 292 aut
881 259 1116 292 restituendae
1133 269 1189 291 ra-

208 315 383 354 tionibus,
414 314 568 347 siderum
591 310 745 350 viribus,
771 321 856 355 quas
881 309 919 342 in
943 309 1190 343 commutanda

208 366 364 410 corporis
388 362 532 397 humani
548 360 798 394 constitutione
813 368 991 398 exercent,
1018 366 1069 393 tot
1085 357 1191 403 phar-

208 417 314 450 macis
340 412 571 458 inquirendis.
634 410 755 457 ltaque
779 417 973 444 statuamus
998 422 1062 443 nos
1087 410 1191 443 etiam

209 466 421 501 Medicinam
446 462 511 495 Dei
539 473 669 494 munus
701 473 794 502 esse,
826 461 971 495 missum
1004 461 1042 493 in
1071 466 1193 500 terras,

209 530 278 562 quo
303 515 540 549 infirmitatem
566 513 693 546 xirium
717 519 916 546 nostrarum
938 511 1195 556 aliquantisper

209 573 491 601 sustentaremus.
543 561 589 597 Et
613 575 691 596 cum
717 575 800 596 usus
824 562 953 607 poscit,
978 563 1025 594 ita
1043 569 1194 602 utamur,

209 625 248 651 ut
271 627 499 658 agnoscamus
523 626 595 647 non
621 612 777 647 humano
794 612 965 653 consilio,
992 613 1050 645 sed
1071 611 1194 645 divino

210 666 378 701 beneficio
407 665 585 710 proposita
611 677 683 698 esse
707 664 863 697 remedia
887 663 979 696 vitae
1002 673 1196 707 prorogan-

209 720 284 752 dae.
338 716 426 750 Nam
452 723 485 750 et
507 727 622 749 sacrae
647 715 767 748 literae
784 715 897 758 palam
914 715 1058 751 docent,
1081 711 1197 746 Deum

210 778 243 803 et
271 767 425 801 remedia
457 766 699 811 proposuisse,
729 772 764 798 ct
797 764 956 798 Medicos
987 764 1198 804 condidisse,

210 827 241 853 et
257 830 372 862 regere
391 818 656 861 gubernareque
674 815 897 848 Medicorum
917 814 1140 849 industriam.

310 883 374 917 Est
388 881 471 916 hacc
488 883 542 915 vel
559 882 595 914 in
616 881 738 926 primis
754 892 880 924 magna
893 879 1093 913 Medicinae
1113 880 1198 917 laus,

209 935 381 968 divinitus
399 940 570 977 repertam
591 944 682 971 esse,
710 944 814 976 quani
833 932 993 971 laudem,
1018 943 1096 963 cum
1116 928 1200 963 hnic

210 986 273 1019 uni
304 985 369 1018 arti
395 984 554 1018 tribuant
579 995 695 1016 sacrae
720 982 861 1020 literae,
898 993 970 1014 non
997 981 1200 1014 dubitemus

209 1049 284 1070 eam
304 1036 423 1079 longe,
451 1047 529 1068 cum
546 1034 737 1078 dignitate,
765 1040 840 1067 tum
856 1032 1008 1066 utilitate
1023 1038 1200 1076 praestare

210 1087 375 1121 omnibus
389 1085 478 1120 aliis.

312 1151 505 1187 Stultitiam
526 1162 596 1183 esse
614 1149 784 1184 sentimus
803 1156 1028 1183 contemnere
1047 1148 1200 1193 reliquas

212 1210 320 1242 artes,
347 1215 432 1249 quas
458 1200 653 1235 humanum
677 1201 858 1243 ingenium
883 1199 1100 1243 excogitavit.
1154 1199 1200 1231 At

210 1254 427 1289 Medicinam
450 1252 650 1295 aspernari,
678 1263 749 1283 non
767 1250 938 1291 stultitia,
964 1251 1023 1283 sed
1041 1249 1201 1294 impietas

212 1313 272 1339 est.
326 1304 413 1338 Nam
433 1303 593 1337 coelestia
615 1303 708 1335 dona
728 1309 971 1339 contemnere,
998 1307 1055 1334 aut
1077 1312 1199 1343 parum

211 1355 373 1398 religiose
394 1355 526 1394 colere,
553 1352 806 1386 consceleratae
830 1352 960 1385 mentis
981 1351 1081 1385 furor
1097 1358 1130 1384 et
1147 1362 1200 1383 sa-

212 1406 391 1450 crilegium
411 1412 472 1438 cst.

314 1473 426 1512 Nunc,
444 1472 472 1505 si
484 1472 567 1504 libet
581 1469 854 1504 utilitatemetiri
866 1467 1095 1507 Medicinam,
1113 1478 1201 1511 quae

212 1531 305 1559 aetas
323 1532 383 1565 est,
410 1535 497 1568 quae
509 1523 597 1556 vitae
611 1533 698 1564 pars,
719 1532 807 1565 quae
823 1517 928 1553 huius
945 1530 1010 1562 ope
1023 1530 1094 1551 non
1108 1517 1200 1550 iudi-

212 1575 313 1619 geat?
347 1574 454 1618 Quod
471 1573 565 1606 enim
583 1572 618 1604 in
637 1572 764 1605 sabulis
782 1577 842 1608 est,
866 1570 998 1614 primos
1014 1566 1199 1601 hominurn

213 1626 339 1670 glande
364 1625 556 1663 victitasse,
584 1629 701 1667 postea
723 1628 934 1654 monstratas
957 1631 1029 1652 esse
1047 1620 1162 1661 fruges
1183 1631 1200 1651 a

214 1677 332 1710 nescio
349 1676 489 1721 quibus,
511 1674 544 1706 id
558 1686 598 1706 eo
613 1673 786 1717 pertinere
799 1669 885 1704 mihi
900 1670 1049 1709 videtur,
1072 1677 1200 1702 certam

215 1728 391 1773 quandam
416 1726 528 1759 victus
552 1725 724 1757 rationem
753 1723 931 1756 inventam
957 1733 1047 1757 esse,
1074 1731 1201 1763 magno

214 1780 308 1812 bono
336 1777 495 1820 publico,
524 1788 602 1807 cum
626 1777 667 1807 ad
696 1775 728 1806 id
755 1781 909 1817 tempus,
934 1772 1121 1804 discrimen
1141 1783 1202 1803 ne-

215 1830 358 1862 scissent
384 1826 543 1860 hmniues
569 1826 753 1858 noxiorum
779 1824 814 1856 in
834 1824 927 1857 victu
947 1830 979 1856 et
997 1823 1202 1856 salubrium.

215 1880 370 1913 Proinde
403 1875 465 1910 hac
491 1877 526 1910 in
548 1884 644 1920 parte
667 1875 833 1908 latissime.
859 1881 976 1918 patent
1003 1873 1202 1906 Medicinae

216 1930 400 1967 beneficia,
428 1927 697 1972 praescribentis
712 1938 808 1959 su-nn
825 1926 951 1969 cuique
967 1925 1078 1956 victus
1096 1923 1202 1956 ratio-

216 1994 307 2014 nem.
361 1979 450 2013 Nam
475 1979 502 2012 si
527 1978 629 2011 tollas
653 1990 670 2011 e
686 1977 804 2010 culina
824 1977 935 2010 victus
953 1975 1126 2008 rationem
1142 1985 1202 2006 seu

216 2031 439 2069 diaeteticen,
463 2029 547 2074 qnid
573 2029 668 2061 aliud
694 2027 759 2061 erit
785 2027 851 2059 iam
876 2026 1013 2065 culina,
1042 2025 1108 2058 nisi
1128 2037 1202 2058 car-

217 2083 356 2115 nificina
387 2080 581 2125 ‹piar-datu?
642 2080 710 2112 Ant
743 2078 828 2122 quid
861 2085 909 2110 est
942 2077 1057 2116 aliud,
1097 2088 1201 2119 quam

216 2145 286 2166 sese.
314 2133 487 2174 iugulare,
515 2131 648 2163 inillam
673 2138 790 2163 tenere
815 2128 925 2162 »ictus
948 2135 1077 2161 certam
1097 2127 1203 2159 ratio-

217 2184 321 2216 nem?

318 2242 384 2274 Sed
412 2249 459 2274 est
480 2240 678 2274 Medicinae
702 2238 920 2272 manifestior
943 2250 1025 2271 usus
1046 2237 1080 2269 in
1104 2237 1203 2269 resti-

216 2294 366 2330 tuenda‚
391 2305 494 2336 qnam
520 2294 756 2325 conservanda
778 2290 990 2323 valetudine.
1047 2288 1097 2321 lbi
1117 2285 1201 2319 mihi

216 2345 383 2386 expendat
403 2342 545 2387 aliquis,
575 2343 705 2374 abillis
725 2342 814 2374 vitae
832 2341 965 2378 initiis,
991 2352 1096 2384 quarn
1116 2338 1202 2370 varii
1229 2356 1231 2363 ·

216 2394 330 2427 morbi
357 2406 418 2425 nos
441 2393 600 2425 inse-stent
623 2395 780 2424 nondum
800 2391 902 2424 etiam
923 2397 1042 2427 natos,
1071 2396 1105 2421 nt
1124 2388 1203 2433 qui-

215 2446 294 2478 dam
313 2458 382 2477 non
402 2444 529 2476 iniuria
547 2444 740 2475 dubitarint
762 2449 937 2485 parentem
955 2454 996 2474 u·-
1016 2454 1058 2473 an
1076 2452 1200 2472 nover-

215 2508 288 2528 cam
306 2496 420 2539 potius
438 2493 581 2526 lnnnani
598 2495 734 2534 generis
751 2501 910 2525 naturam
925 2504 996 2525 esse
1010 2497 1202 2525 censerent.

215 2548 331 2589 Quam
349 2546 450 2578 multi
468 2557 564 2577 casus
577 2552 714 2577 uterum
728 2543 849 2576 serr-nti
865 2544 1079 2586 impendent,
1101 2552 1202 2585 saepe

215 2598 359 2630 exitium
383 2596 542 2630 allaturi,
577 2602 650 2627 tum
677 2595 834 2627 nondum
862 2601 943 2626 nato
969 2593 1095 2631 sur-tui.
1126 2599 1200 2625 tum
1226 2603 1228 2631 Ι
1254 2601 1322 2634 que
1350 2599 1448 2620 suam
1482 2598 1638 2621 urinam.

738 121 895 159 DECL.
932 120 1006 157 DE
1040 118 1319 157 ENCOMIO
1352 117 1695 156 MEDICINAE.

2156 118 2232 155 200

1239 207 1328 242 l'ans.
1382 203 1454 238 Iam
1478 204 1507 237 si
1524 202 1631 245 mihi,
1655 211 1694 238 ut
1709 203 1819 239 Poeta
1836 204 1974 250 inquit,
2001 209 2141 237 centum
2161 202 2235 236 lin-

1241 269 1328 302 guae
1342 257 1430 297 sint,
1453 267 1585 300 oraque
1600 261 1741 288 centum
1753 281 1763 295 ‚
1786 266 1860 288 non
1877 266 2012 299 possem
2030 265 2236 298 percensere

1242 319 1365 343 omnes
1388 306 1590 340 mortalium
1614 306 1776 346 morbos,
1801 306 1838 338 in
1863 305 1992 350 quibus
2013 304 2236 348 depellendis

1246 357 1444 393 Medicinae
1465 357 1537 389 vim
1563 355 1722 401 quotidie
1747 361 1798 389 est
1821 355 1983 399 experiri.
2036 352 2072 389 Ο
2097 355 2236 400 quoties

1244 408 1393 452 fugienti
1418 409 1510 441 vitae
1525 416 1670 440 manum
1689 406 1798 439 vincit
1813 405 1995 444 Medicus,
2022 406 2160 450 quoties
2176 417 2236 438 ve-

1246 461 1298 493 lut
1315 460 1359 492 ab
1376 471 1458 492 orco
1476 458 1684 491 morientem
1704 457 1857 490 animam
1875 454 2034 490 retrahit.
2087 454 2238 498 Quoties

1246 510 1485 544 necessitatem
1508 509 1571 542 sati
1592 515 1665 541 arte
1688 507 1825 548 differt,
1852 519 1939 552 quae
1961 507 2104 553 quidem
2121 506 2237 550 palam

1248 567 1299 595 est
1321 560 1444 593 divino
1465 559 1634 593 beneficio
1657 558 1742 592 fieri.
1797 557 1867 592 Sed
1892 557 1959 591 iam
1984 564 2065 590 aute
2083 556 2238 590 diximus

1247 611 1381 646 Medici
1414 611 1623 644 industriam
1656 609 1776 642 divina
1802 609 1953 653 quadam
1977 607 2012 641 vi
2036 607 2238 651 gubernari.

1249 660 1358 707 Atqui
1381 660 1411 694 si
1436 672 1581 705 usquam
1607 661 1709 694 fidem
1728 657 1835 693 habet
1855 659 1977 693 tritum
1996 658 2238 702 proverbium:

1250 712 1442 746 Hominem
1477 709 1616 745 homini
1639 711 1752 745 Deum
1778 722 1862 743 esse.
1921 708 1996 742 Hac
2019 709 2056 742 in
2082 715 2179 753 parte
2201 708 2238 741 id

1250 763 1405 807 profecto
1424 761 1614 795 rectissime.
1632 769 1841 805 usurpatur,
1867 761 1950 804 quia
1969 759 2088 792 divina
2107 759 2141 792 vi
2160 757 2240 792 Me—

1252 814 1352 847 dicus
1374 812 1504 855 aegroti
1523 813 1670 845 salutem
1687 819 1814 845 tuetur.
1866 810 1987 856 Neque
2006 822 2088 843 vero
2103 816 2240 843 tanturn

1252 864 1289 897 in
1321 863 1488 897 tollendis
1521 875 1708 906 corporum
1740 862 1841 895 malis
1872 862 1943 894 vim
1965 873 2063 894 suam
2088 860 2241 894 declarat

1252 914 1431 948 Medicina
1445 940 1454 953 ,
1483 915 1540 946 sed
1555 913 1692 947 animos
1708 912 1811 945 etiam
1826 912 2035 955 contagione
2052 921 2241 955 corporum

1253 965 1394 999 vitiatos
1416 971 1526 999 sanat.
1579 963 1745 1008 Denique
1768 962 1971 996 universum
1993 963 2083 995 vitae
2100 972 2242 995 cursum

1253 1016 1445 1049 faciliorem
1475 1015 1610 1055 reddit,
1645 1016 1729 1048 dum
1756 1014 1865 1046 vitare
1890 1013 2031 1046 morbos
2056 1014 2175 1052 docet,
2208 1017 2244 1045 et

1253 1067 1280 1101 si
1307 1066 1366 1111 qui
1392 1065 1600 1106 acciderint,
1636 1065 1784 1107 mitigat.
1840 1063 1995 1097 Proinde
2018 1060 2244 1096 vehementer

1255 1117 1381 1160 ingrati
1400 1124 1498 1153 sunt,
1524 1117 1584 1161 qni
1600 1115 1816 1149 Medicinam
1834 1115 1923 1147 vitae
1941 1114 2101 1147 tutricem
2118 1125 2155 1146 ac
2170 1124 2243 1146 ser-

1255 1168 1418 1201 vatricem
1435 1179 1506 1199 non
1523 1167 1736 1210 suspiciunt,
1764 1178 1834 1198 non
1851 1165 2082 1199 admirantur.
2136 1163 2242 1206 Quod

1253 1219 1280 1251 si
1303 1218 1507 1261 parentibus
1524 1218 1691 1251 debemus
1711 1216 1874 1258 gratiam,
1899 1216 1991 1260 quod
2011 1215 2118 1248 vitam
2136 1213 2244 1247 semel

1255 1270 1429 1309 dederint,
1448 1280 1511 1301 cur
1528 1281 1598 1301 non
1616 1268 1697 1300 item
1709 1266 1871 1305 Medicis,
1893 1266 1952 1310 qni
1964 1278 2065 1309 saepe
2079 1265 2243 1298 amissam

1256 1332 1362 1363 prope
1388 1320 1495 1351 vitam
1518 1318 1698 1352 reddunt?
1750 1317 1818 1351 Sed
1843 1317 1934 1350 dicet
1953 1315 2098 1361 aliquis:
2132 1314 2245 1358 Saepe

1255 1372 1384 1404 frustra
1411 1369 1540 1402 tentari
1571 1368 1743 1407 remedia,
1777 1373 1809 1400 et
1837 1366 2052 1400 Medicinam
2080 1377 2181 1410 saepe
2206 1365 2243 1398 in

1255 1421 1414 1454 curando
1432 1431 1554 1463 parum
1571 1418 1730 1452 soelicem
1747 1429 1829 1451 esse.

1361 1470 1492 1503 Verum
1525 1477 1575 1503 est
1608 1469 1694 1512 grati
1725 1466 1880 1501 hominis
1904 1478 2090 1510 agnoscere
2113 1466 2245 1500 benefi-

1255 1522 1347 1555 cinm
1367 1521 1503 1566 quoties
1521 1531 1576 1570 ars
1593 1520 1738 1559 iuverit,
1765 1518 1918 1563 improbi
1937 1525 1986 1551 est
2001 1525 2154 1552 erratum
2172 1529 2246 1550 me-

1257 1572 1418 1610 minisse,
1445 1583 1517 1604 non
1542 1571 1742 1603 meminisse
1768 1570 1964 1602 benefacta:
1991 1581 2078 1613 qnae
2098 1568 2125 1601 si
2144 1567 2243 1602 colli-

1256 1635 1312 1665 gas
1340 1629 1371 1656 et
1400 1622 1591 1666 expendas,
1632 1621 1763 1654 multos
1795 1619 2075 1653 incolumitatem
2108 1618 2246 1653 videbis

1259 1673 1405 1707 Medicis
1428 1674 1566 1706 debere.
1621 1671 1671 1705 lta
1694 1678 1775 1704 sunt
1800 1670 1981 1709 mortalia,
2007 1676 2047 1703 ut
2069 1681 2171 1713 saepe
2193 1669 2246 1702 vis

1256 1724 1369 1757 morbi
1403 1729 1542 1767 superet
1568 1722 1796 1756 Medicinam.
1848 1719 1911 1755 Est
1943 1727 1975 1754 et
2005 1732 2085 1754 cum
2111 1719 2245 1754 Medici

1256 1775 1448 1814 falluntur,
1480 1775 1538 1807 sed
1567 1773 1678 1806 multo
1710 1773 1847 1816 saepius
1877 1771 2135 1814 aegrotantium
2158 1770 2244 1804 vitio

1256 1826 1400 1864 accidit,
1427 1837 1490 1858 cnr
1509 1837 1630 1868 parum
1650 1825 1810 1857 succedat
1827 1823 1862 1855 in
1881 1822 2066 1856 medendo.

1358 1875 1437 1909 Fuit
1462 1877 1554 1918 apud
1581 1874 1797 1916 Antigonum
1824 1872 1954 1916 Regem
1981 1885 2053 1906 non
2078 1870 2247 1915 ignobilis

1259 1926 1419 1960 Medicus
1443 1924 1605 1970 Epirotes
1628 1923 1831 1969 Philippus,
1859 1923 1887 1957 is
1911 1929 2108 1967 susceperat
2133 1933 2246 1967 queu-

1257 1980 1335 2011 dam
1354 1977 1459 2020 Regis
1483 1977 1635 2010 amicum
1660 1973 1855 2021 hydropico
1877 1974 2002 2007 morbo
2022 1973 2246 2017 implicitum,

1257 2031 1471 2068 curandum,
1505 2034 1537 2061 et
1569 2039 1648 2061 cum
1672 2026 1927 2070 pollicitaretur
1953 2024 2244 2068 confirmaretque

1257 2078 1349 2113 haud
1371 2079 1477 2112 dubie
1496 2078 1596 2111 illum
1614 2089 1649 2111 se
1667 2084 1870 2110 sanaturum
1887 2086 1979 2116 esse,
2006 2074 2144 2117 negavit
2163 2084 2245 2107 eum

1258 2142 1356 2175 posse.
1374 2130 1488 2163 sanari
1509 2130 1596 2163 alter
1612 2127 1756 2173 qnidam
1774 2126 1954 2164 Medicus,
1981 2122 2171 2170 Chrysippi
2188 2123 2245 2157 di-

1256 2181 1427 2225 scipulus,
1452 2180 1511 2226 qui
1529 2179 1660 2222 aegroti
1677 2176 1982 2222 intemperantiam
2000 2183 2113 2211 norat.
2164 2174 2244 2218 Qua

1257 2234 1300 2265 de
1331 2244 1366 2264 re
1398 2244 1476 2264 rum
1510 2231 1658 2264 invicem
1694 2229 1964 2266 altercarentur,
1998 2233 2029 2260 et
2056 2224 2245 2271 Philippu·

1257 2284 1482 2317 contenderet
1502 2293 1574 2315 esse
1591 2279 1657 2314 silvi
1676 2280 1888 2323 exploratam
1909 2276 2145 2311 remediorum
2162 2275 2247 2317 vim,

1258 2334 1438 2378 respoudit
1465 2333 1567 2370 alter,
1595 2329 1799 2374 Philippum
1822 2331 1864 2362 ad
1883 2329 2045 2362 vinirbnm
2063 2327 2246 2372 respicere,

1257 2399 1290 2418 se
1317 2397 1398 2417 vero
1423 2386 1464 2417 ad
1492 2383 1648 2416 animum
1672 2380 1815 2423 aegroti.
1867 2379 1987 2425 Neque.
2006 2379 2106 2413 illum
2123 2389 2176 2412 res
2193 2376 2244 2411 se—

1256 2435 1364 2471 sellit,
1399 2447 1478 2467 nam
1512 2446 1590 2467 eum
1618 2440 1777 2474 aegrotus
1802 2443 1937 2463 summa
1961 2427 2144 2473 diligentia
2170 2440 2242 2462 oon

1258 2485 1388 2520 Medici
1415 2485 1680 2520 tantummodo.
1709 2483 1767 2515 sed
1794 2482 1896 2515 etiam
1919 2480 2025 2523 Regis
2049 2479 2243 2514 custodire·

1256 2545 1331 2577 tur,
1365 2544 1480 2569 tanwn
1515 2535 1722 2577 malagmata
1749 2546 1809 2567 sua
1835 2532 2041 2565 devorando
2068 2531 2241 2563 bibendo-

1528 2586 1535 2593 “
1677 2585 1712 2618 in
1746 2584 1891 2618 exitium
1923 2594 1957 2614 se
1988 2581 2244 2626 praecipitavit.

216 2649 278 2691 ipsi
302 2647 422 2683 matri.
452 2647 487 2678 ni
508 2645 666 2678 Medicus
689 2657 788 2688 opem
809 2646 904 2677 ferat.
956 2645 1071 2686 Quam
1090 2642 1199 2676 multa
1224 2655 1228 2687 ῃ
1257 2640 1304 2674 lta
1335 2651 1405 2671 non
1434 2637 1562 2670 Medici
1590 2635 1725 2670 inscitia
1751 2642 1809 2668 ant
1834 2631 2064 2674 negligentia,
2098 2633 2155 2666 sed
2180 2643 2241 2665 sua

216 2700 312 2733 lactis
332 2698 414 2733 vitia
434 2698 594 2731 emendat
616 2696 810 2734 Medicina,
837 2708 879 2728 ne
898 2695 986 2727 sanic
1004 2701 1119 2739 pereat
1143 2694 1198 2727 in·
1222 2697 1228 2732 ὅ
1255 2692 1325 2737 ipse
1346 2688 1628 2733 intemperantia,
1656 2693 1815 2729 aegrotus
1831 2683 2004 2717 extinctus
2022 2689 2083 2716 est.
