<?xml version="1.0" encoding="UTF-8"?>
<!DOCTYPE html PUBLIC "-//W3C//DTD XHTML 1.0 Transitional//EN"
    "http://www.w3.org/TR/xhtml1/DTD/xhtml1-transitional.dtd">
<html xmlns="http://www.w3.org/1999/xhtml" xml:lang="en" lang="en">
 <head>
  <title>
</title>
<meta http-equiv="Content-Type" content="text/html;charset=utf-8" />
  <meta name='ocr-system' content='tesseract 3.04.00' />
  <meta name='ocr-capabilities' content='ocr_page ocr_carea ocr_par ocr_line ocrx_word'/>
</head>
<body>
  <div class='ocr_page' id='page_1' title='image "./operaquaesupersu11melauoft/operaquaesupersu11melauoft_0151.png"; bbox 0 0 2338 2958; ppageno 0'>
   <div class='ocr_carea' id='block_1_1' title="bbox 41 126 117 162">
    <p class='ocr_par' dir='ltr' id='par_1_1' title="bbox 41 126 117 162">
     <span class='ocr_line' id='line_1_1' title="bbox 41 126 117 162; baseline 0.013 -1"><span class='ocrx_word' id='word_1_1' title='bbox 41 126 117 162; x_wconf 79' lang='lat'>285</span> 
     </span>
    </p>
   </div>
   <div class='ocr_carea' id='block_1_2' title="bbox 54 204 1010 292">
    <p class='ocr_par' dir='ltr' id='par_1_2' title="bbox 54 204 1010 292">
     <span class='ocr_line' id='line_1_2' title="bbox 54 204 1010 252; baseline -0.008 -6"><span class='ocrx_word' id='word_1_2' title='bbox 54 214 100 246; x_wconf 81' lang='lat' dir='ltr'>In</span> <span class='ocrx_word' id='word_1_3' title='bbox 140 207 407 245; x_wconf 75' lang='lat' dir='ltr'><strong><em>arithmeticen</em></strong></span> <span class='ocrx_word' id='word_1_4' title='bbox 443 204 637 250; x_wconf 79' lang='lat' dir='ltr'>praefatio</span> <span class='ocrx_word' id='word_1_5' title='bbox 676 207 866 252; x_wconf 70' lang='lat' dir='ltr'>Georgii</span> <span class='ocrx_word' id='word_1_6' title='bbox 897 207 1010 239; x_wconf 88' lang='grc' dir='ltr'><em>Ιοα-</em></span> 
     </span>
     <span class='ocr_line' id='line_1_3' title="bbox 336 256 719 292; baseline -0.003 0"><span class='ocrx_word' id='word_1_7' title='bbox 336 256 478 292; x_wconf 81' lang='grc' dir='ltr'><strong><em>σῘιίηιί</em></strong></span> <span class='ocrx_word' id='word_1_8' title='bbox 517 256 719 292; x_wconf 75' lang='lat' dir='ltr'>thctici.</span> 
     </span>
    </p>
   </div>
   <div class='ocr_carea' id='block_1_3' title="bbox 43 327 1031 526">
    <p class='ocr_par' dir='ltr' id='par_1_3' title="bbox 43 327 1031 526">
     <span class='ocr_line' id='line_1_4' title="bbox 43 327 1030 374; baseline -0.004 -9"><span class='ocrx_word' id='word_1_9' title='bbox 43 327 144 367; x_wconf 81' lang='lat' dir='ltr'>Duxi</span> <span class='ocrx_word' id='word_1_10' title='bbox 164 330 264 363; x_wconf 85' lang='lat' dir='ltr'>vobis</span> <span class='ocrx_word' id='word_1_11' title='bbox 281 329 383 363; x_wconf 89' lang='lat' dir='ltr'>initio</span> <span class='ocrx_word' id='word_1_12' title='bbox 403 331 646 374; x_wconf 75' lang='lat' dir='ltr'>exponendam</span> <span class='ocrx_word' id='word_1_13' title='bbox 666 341 737 362; x_wconf 89' lang='lat' dir='ltr'>esse</span> <span class='ocrx_word' id='word_1_14' title='bbox 754 341 904 367; x_wconf 88' lang='lat' dir='ltr'>causam,</span> <span class='ocrx_word' id='word_1_15' title='bbox 923 340 1030 374; x_wconf 88' lang='lat' dir='ltr'>quare</span> 
     </span>
     <span class='ocr_line' id='line_1_5' title="bbox 43 379 1031 428; baseline -0.004 -13"><span class='ocrx_word' id='word_1_16' title='bbox 43 381 184 428; x_wconf 89' lang='lat' dir='ltr'>publice</span> <span class='ocrx_word' id='word_1_17' title='bbox 210 382 334 414; x_wconf 90' lang='lat' dir='ltr'>docere</span> <span class='ocrx_word' id='word_1_18' title='bbox 361 380 548 425; x_wconf 83' lang='lat' dir='ltr'>incipiam,</span> <span class='ocrx_word' id='word_1_19' title='bbox 586 393 629 413; x_wconf 86' lang='lat' dir='ltr'>ne</span> <span class='ocrx_word' id='word_1_20' title='bbox 658 380 736 425; x_wconf 88' lang='lat' dir='ltr'>quis</span> <span class='ocrx_word' id='word_1_21' title='bbox 770 379 941 413; x_wconf 88' lang='lat' dir='ltr'>existimet</span> <span class='ocrx_word' id='word_1_22' title='bbox 976 391 1031 411; x_wconf 88' lang='lat' dir='ltr'>me</span> 
     </span>
     <span class='ocr_line' id='line_1_6' title="bbox 43 428 1029 475; baseline -0.004 -9"><span class='ocrx_word' id='word_1_23' title='bbox 43 444 120 466; x_wconf 89' lang='lat' dir='ltr'>meo</span> <span class='ocrx_word' id='word_1_24' title='bbox 136 432 284 464; x_wconf 85' lang='lat' dir='ltr'>consilio</span> <span class='ocrx_word' id='word_1_25' title='bbox 301 432 525 475; x_wconf 88' lang='lat' dir='ltr'>impudenter</span> <span class='ocrx_word' id='word_1_26' title='bbox 543 432 579 464; x_wconf 91' lang='lat' dir='ltr'>in</span> <span class='ocrx_word' id='word_1_27' title='bbox 596 430 663 463; x_wconf 85' lang='lat' dir='ltr'>boc</span> <span class='ocrx_word' id='word_1_28' title='bbox 682 428 856 463; x_wconf 79' lang='lat' dir='ltr'>theatrum</span> <span class='ocrx_word' id='word_1_29' title='bbox 875 430 1029 473; x_wconf 87' lang='lat' dir='ltr'>prodire.</span> 
     </span>
     <span class='ocr_line' id='line_1_7' title="bbox 43 478 1030 526; baseline -0.004 -9"><span class='ocrx_word' id='word_1_30' title='bbox 43 482 118 526; x_wconf 88' lang='lat' dir='ltr'>Ego</span> <span class='ocrx_word' id='word_1_31' title='bbox 139 482 232 514; x_wconf 89' lang='lat' dir='ltr'>enim</span> <span class='ocrx_word' id='word_1_32' title='bbox 250 494 328 515; x_wconf 86' lang='lat' dir='ltr'>cum</span> <span class='ocrx_word' id='word_1_33' title='bbox 348 489 377 515; x_wconf 92' lang='lat' dir='ltr'>ct</span> <span class='ocrx_word' id='word_1_34' title='bbox 403 489 526 515; x_wconf 87' lang='lat' dir='ltr'>natura</span> <span class='ocrx_word' id='word_1_35' title='bbox 545 483 607 515; x_wconf 85' lang='lat' dir='ltr'>sim</span> <span class='ocrx_word' id='word_1_36' title='bbox 628 480 804 521; x_wconf 88' lang='lat' dir='ltr'>timidior,</span> <span class='ocrx_word' id='word_1_37' title='bbox 829 487 860 513; x_wconf 89' lang='lat' dir='ltr'>et</span> <span class='ocrx_word' id='word_1_38' title='bbox 887 478 949 513; x_wconf 87' lang='lat' dir='ltr'>has</span> <span class='ocrx_word' id='word_1_39' title='bbox 973 492 1030 513; x_wconf 84' lang='lat' dir='ltr'>ar-</span> 
     </span>
    </p>
   </div>
   <div class='ocr_carea' id='block_1_4' title="bbox 44 531 1058 577">
    <p class='ocr_par' dir='ltr' id='par_1_4' title="bbox 44 531 1058 577">
     <span class='ocr_line' id='line_1_8' title="bbox 44 531 1058 577; baseline -0.002 -11"><span class='ocrx_word' id='word_1_40' title='bbox 44 542 93 568; x_wconf 89' lang='lat' dir='ltr'>tes</span> <span class='ocrx_word' id='word_1_41' title='bbox 111 533 258 565; x_wconf 81' lang='lat' dir='ltr'>maxime</span> <span class='ocrx_word' id='word_1_42' title='bbox 275 533 405 571; x_wconf 82' lang='lat' dir='ltr'>colam,</span> <span class='ocrx_word' id='word_1_43' title='bbox 433 545 521 577; x_wconf 85' lang='lat' dir='ltr'>quae</span> <span class='ocrx_word' id='word_1_44' title='bbox 540 539 657 566; x_wconf 88' lang='lat' dir='ltr'>amant</span> <span class='ocrx_word' id='word_1_45' title='bbox 683 531 845 571; x_wconf 86' lang='lat' dir='ltr'>latebras,</span> <span class='ocrx_word' id='word_1_46' title='bbox 869 543 932 564; x_wconf 89' lang='lat' dir='ltr'>nec</span> <span class='ocrx_word' id='word_1_47' title='bbox 956 543 1029 563; x_wconf 91' lang='lat' dir='ltr'>me-</span> <span class='ocrx_word' id='word_1_48' title='bbox 1055 556 1058 564; x_wconf 78' lang='lat'><strong>.</strong></span> 
     </span>
    </p>
   </div>
   <div class='ocr_carea' id='block_1_5' title="bbox 44 581 1030 680">
    <p class='ocr_par' dir='ltr' id='par_1_5' title="bbox 44 581 1030 680">
     <span class='ocr_line' id='line_1_9' title="bbox 44 581 1030 627; baseline -0.004 -10"><span class='ocrx_word' id='word_1_49' title='bbox 44 590 166 618; x_wconf 90' lang='lat' dir='ltr'>rentur</span> <span class='ocrx_word' id='word_1_50' title='bbox 200 584 342 627; x_wconf 88' lang='lat' dir='ltr'>plausus</span> <span class='ocrx_word' id='word_1_51' title='bbox 374 584 410 615; x_wconf 93' lang='lat' dir='ltr'>in</span> <span class='ocrx_word' id='word_1_52' title='bbox 447 584 568 626; x_wconf 68' lang='lat' dir='ltr'>vulgo,</span> <span class='ocrx_word' id='word_1_53' title='bbox 605 583 734 615; x_wconf 84' lang='lat' dir='ltr'>deinde</span> <span class='ocrx_word' id='word_1_54' title='bbox 770 593 849 614; x_wconf 89' lang='lat' dir='ltr'>cum</span> <span class='ocrx_word' id='word_1_55' title='bbox 879 581 1030 621; x_wconf 77' lang='lat' dir='ltr'>videam,</span> 
     </span>
     <span class='ocr_line' id='line_1_10' title="bbox 44 632 1027 680; baseline -0.003 -13"><span class='ocrx_word' id='word_1_56' title='bbox 44 640 173 680; x_wconf 88' lang='lat' dir='ltr'>quanta</span> <span class='ocrx_word' id='word_1_57' title='bbox 199 633 242 666; x_wconf 88' lang='lat' dir='ltr'>sit</span> <span class='ocrx_word' id='word_1_58' title='bbox 265 646 335 666; x_wconf 86' lang='lat' dir='ltr'>non</span> <span class='ocrx_word' id='word_1_59' title='bbox 365 634 476 667; x_wconf 86' lang='lat' dir='ltr'>solum</span> <span class='ocrx_word' id='word_1_60' title='bbox 505 634 668 666; x_wconf 74' lang='lat' dir='ltr'><strong>scientiae</strong></span> <span class='ocrx_word' id='word_1_61' title='bbox 693 632 810 676; x_wconf 83' lang='lat' dir='ltr'>copia,</span> <span class='ocrx_word' id='word_1_62' title='bbox 838 633 897 665; x_wconf 88' lang='lat' dir='ltr'>sed</span> <span class='ocrx_word' id='word_1_63' title='bbox 925 632 1027 665; x_wconf 89' lang='lat' dir='ltr'>etiam</span> 
     </span>
    </p>
   </div>
   <div class='ocr_carea' id='block_1_6' title="bbox 43 683 1057 930">
    <p class='ocr_par' dir='ltr' id='par_1_6' title="bbox 43 683 1057 930">
     <span class='ocr_line' id='line_1_11' title="bbox 43 683 1057 727; baseline -0.003 -9"><span class='ocrx_word' id='word_1_64' title='bbox 43 685 246 718; x_wconf 74' lang='lat' dir='ltr'>dexteritate</span> <span class='ocrx_word' id='word_1_65' title='bbox 281 692 311 717; x_wconf 87' lang='lat' dir='ltr'>et</span> <span class='ocrx_word' id='word_1_66' title='bbox 346 684 530 718; x_wconf 87' lang='lat' dir='ltr'>foelicitate</span> <span class='ocrx_word' id='word_1_67' title='bbox 558 683 689 727; x_wconf 86' lang='lat' dir='ltr'>ingenii</span> <span class='ocrx_word' id='word_1_68' title='bbox 725 694 831 726; x_wconf 84' lang='lat' dir='ltr'>opus,</span> <span class='ocrx_word' id='word_1_69' title='bbox 873 694 1057 726; x_wconf 60' lang='lat' dir='ltr'>praeses-r</span> 
     </span>
     <span class='ocr_line' id='line_1_12' title="bbox 43 731 1057 773; baseline -0.004 -4"><span class='ocrx_word' id='word_1_70' title='bbox 43 736 105 769; x_wconf 90' lang='lat' dir='ltr'>tim</span> <span class='ocrx_word' id='word_1_71' title='bbox 125 735 161 767; x_wconf 92' lang='lat' dir='ltr'>in</span> <span class='ocrx_word' id='word_1_72' title='bbox 179 732 233 767; x_wconf 90' lang='lat' dir='ltr'>his</span> <span class='ocrx_word' id='word_1_73' title='bbox 247 735 435 768; x_wconf 77' lang='lat' dir='ltr'>subtilibus</span> <span class='ocrx_word' id='word_1_74' title='bbox 456 735 590 768; x_wconf 90' lang='lat' dir='ltr'>artibus</span> <span class='ocrx_word' id='word_1_75' title='bbox 607 734 806 773; x_wconf 75' lang='lat' dir='ltr'>tradendis,</span> <span class='ocrx_word' id='word_1_76' title='bbox 832 731 920 766; x_wconf 91' lang='lat' dir='ltr'>mihi</span> <span class='ocrx_word' id='word_1_77' title='bbox 946 745 1028 765; x_wconf 88' lang='lat' dir='ltr'>vero</span> <span class='ocrx_word' id='word_1_78' title='bbox 1055 746 1057 773; x_wconf 72' lang='lat'>2</span> 
     </span>
     <span class='ocr_line' id='line_1_13' title="bbox 43 782 1057 825; baseline -0.003 -6"><span class='ocrx_word' id='word_1_79' title='bbox 43 785 202 819; x_wconf 90' lang='lat' dir='ltr'>conscius</span> <span class='ocrx_word' id='word_1_80' title='bbox 218 787 281 818; x_wconf 90' lang='lat' dir='ltr'>sim</span> <span class='ocrx_word' id='word_1_81' title='bbox 303 798 397 818; x_wconf 82' lang='lat' dir='ltr'>meae</span> <span class='ocrx_word' id='word_1_82' title='bbox 414 785 679 825; x_wconf 70' lang='lat' dir='ltr'>imbecillitatis,</span> <span class='ocrx_word' id='word_1_83' title='bbox 696 796 767 817; x_wconf 90' lang='lat' dir='ltr'>non</span> <span class='ocrx_word' id='word_1_84' title='bbox 785 784 914 816; x_wconf 78' lang='lat' dir='ltr'>ambivi</span> <span class='ocrx_word' id='word_1_85' title='bbox 934 782 1028 816; x_wconf 89' lang='lat' dir='ltr'>hunc</span> <span class='ocrx_word' id='word_1_86' title='bbox 1055 795 1057 803; x_wconf 51' lang='lat'>⁸</span> 
     </span>
     <span class='ocr_line' id='line_1_14' title="bbox 43 835 1057 880; baseline -0.003 -11"><span class='ocrx_word' id='word_1_87' title='bbox 43 837 177 875; x_wconf 87' lang='lat' dir='ltr'>locum,</span> <span class='ocrx_word' id='word_1_88' title='bbox 211 836 342 880; x_wconf 87' lang='lat' dir='ltr'>diuque</span> <span class='ocrx_word' id='word_1_89' title='bbox 368 836 558 878; x_wconf 67' lang='lat' dir='ltr'>repugnavi</span> <span class='ocrx_word' id='word_1_90' title='bbox 583 835 866 879; x_wconf 79' lang='lat' dir='ltr'>praeceptoribus</span> <span class='ocrx_word' id='word_1_91' title='bbox 890 835 1029 875; x_wconf 87' lang='lat' dir='ltr'>nostris,</span> <span class='ocrx_word' id='word_1_92' title='bbox 1055 860 1057 871; x_wconf 34' lang='lat' dir='ltr'><em>A</em></span> 
     </span>
     <span class='ocr_line' id='line_1_15' title="bbox 43 885 1057 930; baseline -0.002 -11"><span class='ocrx_word' id='word_1_93' title='bbox 43 885 286 926; x_wconf 78' lang='lat' dir='ltr'>hortantibus,</span> <span class='ocrx_word' id='word_1_94' title='bbox 313 894 348 919; x_wconf 93' lang='lat' dir='ltr'>ut</span> <span class='ocrx_word' id='word_1_95' title='bbox 375 887 544 919; x_wconf 87' lang='lat' dir='ltr'>elementa</span> <span class='ocrx_word' id='word_1_96' title='bbox 572 885 695 919; x_wconf 85' lang='lat' dir='ltr'>harum</span> <span class='ocrx_word' id='word_1_97' title='bbox 721 886 868 925; x_wconf 87' lang='lat' dir='ltr'>artium,</span> <span class='ocrx_word' id='word_1_98' title='bbox 896 886 931 917; x_wconf 91' lang='lat' dir='ltr'>iu</span> <span class='ocrx_word' id='word_1_99' title='bbox 950 886 1029 930; x_wconf 85' lang='lat' dir='ltr'>qui-</span> <span class='ocrx_word' id='word_1_100' title='bbox 1055 895 1057 900; x_wconf 80' lang='grc'>’</span> 
     </span>
    </p>
   </div>
   <div class='ocr_carea' id='block_1_7' title="bbox 41 937 1030 1636">
    <p class='ocr_par' dir='ltr' id='par_1_7' title="bbox 41 937 1030 1636">
     <span class='ocr_line' id='line_1_16' title="bbox 44 937 1029 980; baseline -0.002 -10"><span class='ocrx_word' id='word_1_101' title='bbox 44 939 110 970; x_wconf 92' lang='lat' dir='ltr'>bus</span> <span class='ocrx_word' id='word_1_102' title='bbox 135 949 189 968; x_wconf 91' lang='lat' dir='ltr'>me</span> <span class='ocrx_word' id='word_1_103' title='bbox 217 937 442 970; x_wconf 81' lang='lat' dir='ltr'>mediocriter</span> <span class='ocrx_word' id='word_1_104' title='bbox 477 937 634 977; x_wconf 84' lang='lat' dir='ltr'>exercui,</span> <span class='ocrx_word' id='word_1_105' title='bbox 669 937 808 980; x_wconf 86' lang='lat' dir='ltr'>publice</span> <span class='ocrx_word' id='word_1_106' title='bbox 844 937 1029 976; x_wconf 76' lang='lat' dir='ltr'>traderem,</span> 
     </span>
     <span class='ocr_line' id='line_1_17' title="bbox 44 984 1026 1031; baseline -0.001 -11"><span class='ocrx_word' id='word_1_107' title='bbox 44 987 245 1031; x_wconf 85' lang='lat' dir='ltr'>praesertim</span> <span class='ocrx_word' id='word_1_108' title='bbox 263 985 328 1020; x_wconf 89' lang='lat' dir='ltr'>hoc</span> <span class='ocrx_word' id='word_1_109' title='bbox 353 995 526 1031; x_wconf 86' lang='lat' dir='ltr'>tempore,</span> <span class='ocrx_word' id='word_1_110' title='bbox 555 1000 633 1020; x_wconf 89' lang='lat' dir='ltr'>cum</span> <span class='ocrx_word' id='word_1_111' title='bbox 658 988 764 1020; x_wconf 87' lang='lat' dir='ltr'>altera</span> <span class='ocrx_word' id='word_1_112' title='bbox 783 984 1026 1019; x_wconf 83' lang='lat' dir='ltr'>mathematica</span> 
     </span>
     <span class='ocr_line' id='line_1_18' title="bbox 42 1035 1030 1072; baseline -0.002 0"><span class='ocrx_word' id='word_1_113' title='bbox 42 1038 145 1072; x_wconf 90' lang='lat' dir='ltr'>lectio</span> <span class='ocrx_word' id='word_1_114' title='bbox 177 1038 322 1071; x_wconf 86' lang='lat' dir='ltr'>interitu</span> <span class='ocrx_word' id='word_1_115' title='bbox 344 1039 411 1070; x_wconf 67' lang='lat' dir='ltr'>viri</span> <span class='ocrx_word' id='word_1_116' title='bbox 437 1039 627 1072; x_wconf 80' lang='lat' dir='ltr'>doctissimi</span> <span class='ocrx_word' id='word_1_117' title='bbox 654 1036 812 1071; x_wconf 75' lang='lat' dir='ltr'>Ioannis</span> <span class='ocrx_word' id='word_1_118' title='bbox 839 1035 1030 1071; x_wconf 75' lang='lat' dir='ltr'>Volmarii</span> 
     </span>
     <span class='ocr_line' id='line_1_19' title="bbox 42 1086 1027 1133; baseline -0.002 -11"><span class='ocrx_word' id='word_1_119' title='bbox 42 1089 276 1123; x_wconf 79' lang='lat' dir='ltr'>conticuisset.</span> <span class='ocrx_word' id='word_1_120' title='bbox 329 1087 446 1133; x_wconf 75' lang='lat' dir='ltr'>Atque</span> <span class='ocrx_word' id='word_1_121' title='bbox 467 1089 517 1121; x_wconf 90' lang='lat' dir='ltr'>illi</span> <span class='ocrx_word' id='word_1_122' title='bbox 537 1089 678 1133; x_wconf 90' lang='lat' dir='ltr'>quidem</span> <span class='ocrx_word' id='word_1_123' title='bbox 699 1089 878 1132; x_wconf 87' lang='lat' dir='ltr'>petebant,</span> <span class='ocrx_word' id='word_1_124' title='bbox 904 1095 944 1121; x_wconf 86' lang='lat' dir='ltr'>ut</span> <span class='ocrx_word' id='word_1_125' title='bbox 964 1086 1027 1120; x_wconf 89' lang='lat' dir='ltr'>hac</span> 
     </span>
     <span class='ocr_line' id='line_1_20' title="bbox 42 1137 1028 1184; baseline -0.002 -12"><span class='ocrx_word' id='word_1_126' title='bbox 42 1140 78 1172; x_wconf 88' lang='lat' dir='ltr'>in</span> <span class='ocrx_word' id='word_1_127' title='bbox 103 1151 139 1171; x_wconf 90' lang='lat' dir='ltr'>re</span> <span class='ocrx_word' id='word_1_128' title='bbox 165 1151 238 1171; x_wconf 90' lang='lat' dir='ltr'>non</span> <span class='ocrx_word' id='word_1_129' title='bbox 262 1140 374 1172; x_wconf 84' lang='lat' dir='ltr'>solum</span> <span class='ocrx_word' id='word_1_130' title='bbox 401 1140 575 1172; x_wconf 78' lang='lat' dir='ltr'>amicitiae</span> <span class='ocrx_word' id='word_1_131' title='bbox 598 1140 754 1184; x_wconf 88' lang='lat' dir='ltr'>ipsorum</span> <span class='ocrx_word' id='word_1_132' title='bbox 773 1139 944 1172; x_wconf 90' lang='lat' dir='ltr'>rationem</span> <span class='ocrx_word' id='word_1_133' title='bbox 965 1137 1028 1171; x_wconf 80' lang='lat' dir='ltr'>ha-</span> 
     </span>
     <span class='ocr_line' id='line_1_21' title="bbox 41 1190 1025 1234; baseline -0.001 -12"><span class='ocrx_word' id='word_1_134' title='bbox 41 1191 179 1228; x_wconf 88' lang='lat' dir='ltr'>berem,</span> <span class='ocrx_word' id='word_1_135' title='bbox 213 1191 270 1222; x_wconf 90' lang='lat' dir='ltr'>sed</span> <span class='ocrx_word' id='word_1_136' title='bbox 297 1190 399 1222; x_wconf 84' lang='lat' dir='ltr'>etiam</span> <span class='ocrx_word' id='word_1_137' title='bbox 422 1190 582 1223; x_wconf 85' lang='lat' dir='ltr'>utilitatis</span> <span class='ocrx_word' id='word_1_138' title='bbox 610 1191 905 1229; x_wconf 87' lang='lat' dir='ltr'>adolescentium,</span> <span class='ocrx_word' id='word_1_139' title='bbox 945 1190 1025 1234; x_wconf 86' lang='lat' dir='ltr'>quia</span> 
     </span>
     <span class='ocr_line' id='line_1_22' title="bbox 42 1238 1028 1284; baseline 0.001 -12"><span class='ocrx_word' id='word_1_140' title='bbox 42 1251 254 1284; x_wconf 83' lang='lat' dir='ltr'>magnopere</span> <span class='ocrx_word' id='word_1_141' title='bbox 278 1241 418 1284; x_wconf 84' lang='lat' dir='ltr'>prodest</span> <span class='ocrx_word' id='word_1_142' title='bbox 443 1238 527 1274; x_wconf 89' lang='lat' dir='ltr'>haec</span> <span class='ocrx_word' id='word_1_143' title='bbox 553 1241 723 1274; x_wconf 89' lang='lat' dir='ltr'>elementa</span> <span class='ocrx_word' id='word_1_144' title='bbox 741 1241 778 1273; x_wconf 89' lang='lat' dir='ltr'>in</span> <span class='ocrx_word' id='word_1_145' title='bbox 795 1239 924 1274; x_wconf 87' lang='lat' dir='ltr'>scholis</span> <span class='ocrx_word' id='word_1_146' title='bbox 943 1240 1028 1273; x_wconf 89' lang='lat' dir='ltr'>assi—</span> 
     </span>
     <span class='ocr_line' id='line_1_23' title="bbox 42 1291 1026 1333; baseline -0.001 -9"><span class='ocrx_word' id='word_1_147' title='bbox 42 1292 109 1324; x_wconf 86' lang='lat' dir='ltr'>due</span> <span class='ocrx_word' id='word_1_148' title='bbox 131 1291 299 1324; x_wconf 83' lang='lat' dir='ltr'>incnlcari</span> <span class='ocrx_word' id='word_1_149' title='bbox 319 1297 351 1323; x_wconf 89' lang='lat' dir='ltr'>et</span> <span class='ocrx_word' id='word_1_150' title='bbox 367 1291 529 1326; x_wconf 82' lang='lat' dir='ltr'>exerceri.</span> <span class='ocrx_word' id='word_1_151' title='bbox 586 1291 681 1325; x_wconf 81' lang='lat' dir='ltr'>Vicit</span> <span class='ocrx_word' id='word_1_152' title='bbox 703 1291 810 1333; x_wconf 85' lang='lat' dir='ltr'>igitur</span> <span class='ocrx_word' id='word_1_153' title='bbox 830 1303 907 1324; x_wconf 90' lang='lat' dir='ltr'>cum</span> <span class='ocrx_word' id='word_1_154' title='bbox 928 1298 1026 1324; x_wconf 89' lang='lat' dir='ltr'>auto-</span> 
     </span>
     <span class='ocr_line' id='line_1_24' title="bbox 42 1342 1028 1385; baseline 0 -11"><span class='ocrx_word' id='word_1_155' title='bbox 42 1342 125 1375; x_wconf 89' lang='lat' dir='ltr'>ritas</span> <span class='ocrx_word' id='word_1_156' title='bbox 164 1348 448 1385; x_wconf 86' lang='lat' dir='ltr'>praeceptorum,</span> <span class='ocrx_word' id='word_1_157' title='bbox 487 1349 561 1374; x_wconf 87' lang='lat' dir='ltr'>tum</span> <span class='ocrx_word' id='word_1_158' title='bbox 603 1354 686 1375; x_wconf 81' lang='lat' dir='ltr'>vcro</span> <span class='ocrx_word' id='word_1_159' title='bbox 721 1343 825 1374; x_wconf 88' lang='lat' dir='ltr'>etiam</span> <span class='ocrx_word' id='word_1_160' title='bbox 864 1342 1028 1374; x_wconf 68' lang='lat' dir='ltr'>voluntas</span> 
     </span>
     <span class='ocr_line' id='line_1_25' title="bbox 42 1391 1026 1435; baseline -0.001 -11"><span class='ocrx_word' id='word_1_161' title='bbox 42 1404 165 1424; x_wconf 88' lang='lat' dir='ltr'>eorum</span> <span class='ocrx_word' id='word_1_162' title='bbox 195 1392 325 1435; x_wconf 89' lang='lat' dir='ltr'>optima</span> <span class='ocrx_word' id='word_1_163' title='bbox 361 1403 439 1434; x_wconf 85' lang='lat' dir='ltr'>erga</span> <span class='ocrx_word' id='word_1_164' title='bbox 475 1403 547 1424; x_wconf 89' lang='lat' dir='ltr'>rem</span> <span class='ocrx_word' id='word_1_165' title='bbox 590 1392 793 1425; x_wconf 80' lang='lat' dir='ltr'>literariam.</span> <span class='ocrx_word' id='word_1_166' title='bbox 854 1391 1026 1424; x_wconf 78' lang='lat' dir='ltr'>Videbam</span> 
     </span>
     <span class='ocr_line' id='line_1_26' title="bbox 42 1439 1027 1486; baseline -0.001 -11"><span class='ocrx_word' id='word_1_167' title='bbox 42 1442 136 1475; x_wconf 88' lang='lat' dir='ltr'>enim</span> <span class='ocrx_word' id='word_1_168' title='bbox 157 1453 215 1475; x_wconf 89' lang='lat' dir='ltr'>eos</span> <span class='ocrx_word' id='word_1_169' title='bbox 243 1454 314 1474; x_wconf 88' lang='lat' dir='ltr'>non</span> <span class='ocrx_word' id='word_1_170' title='bbox 335 1442 452 1486; x_wconf 89' lang='lat' dir='ltr'>aliquo</span> <span class='ocrx_word' id='word_1_171' title='bbox 476 1442 611 1485; x_wconf 85' lang='lat' dir='ltr'>privato</span> <span class='ocrx_word' id='word_1_172' title='bbox 640 1443 756 1475; x_wconf 89' lang='lat' dir='ltr'>studio</span> <span class='ocrx_word' id='word_1_173' title='bbox 780 1443 914 1475; x_wconf 87' lang='lat' dir='ltr'>deferre</span> <span class='ocrx_word' id='word_1_174' title='bbox 938 1439 1027 1474; x_wconf 83' lang='lat' dir='ltr'>mihi</span> 
     </span>
     <span class='ocr_line' id='line_1_27' title="bbox 42 1490 1028 1531; baseline 0 -7"><span class='ocrx_word' id='word_1_175' title='bbox 42 1490 108 1525; x_wconf 89' lang='lat' dir='ltr'>hoc</span> <span class='ocrx_word' id='word_1_176' title='bbox 125 1503 269 1531; x_wconf 90' lang='lat' dir='ltr'>munus,</span> <span class='ocrx_word' id='word_1_177' title='bbox 294 1493 353 1524; x_wconf 91' lang='lat' dir='ltr'>sed</span> <span class='ocrx_word' id='word_1_178' title='bbox 377 1499 414 1525; x_wconf 94' lang='lat' dir='ltr'>ut</span> <span class='ocrx_word' id='word_1_179' title='bbox 428 1493 707 1526; x_wconf 86' lang='lat' dir='ltr'>adolescentibus</span> <span class='ocrx_word' id='word_1_180' title='bbox 726 1493 967 1530; x_wconf 87' lang='lat' dir='ltr'>consulerent,</span> <span class='ocrx_word' id='word_1_181' title='bbox 996 1499 1028 1524; x_wconf 90' lang='lat' dir='ltr'>et</span> 
     </span>
     <span class='ocr_line' id='line_1_28' title="bbox 42 1541 1027 1588; baseline 0 -13"><span class='ocrx_word' id='word_1_182' title='bbox 42 1550 212 1588; x_wconf 90' lang='lat' dir='ltr'>quantum</span> <span class='ocrx_word' id='word_1_183' title='bbox 246 1549 406 1586; x_wconf 86' lang='lat' dir='ltr'>possent,</span> <span class='ocrx_word' id='word_1_184' title='bbox 442 1554 500 1575; x_wconf 88' lang='lat' dir='ltr'>eos</span> <span class='ocrx_word' id='word_1_185' title='bbox 532 1544 574 1576; x_wconf 89' lang='lat' dir='ltr'>ad</span> <span class='ocrx_word' id='word_1_186' title='bbox 604 1541 665 1576; x_wconf 86' lang='lat' dir='ltr'>has</span> <span class='ocrx_word' id='word_1_187' title='bbox 690 1549 796 1584; x_wconf 82' lang='lat' dir='ltr'>artes,</span> <span class='ocrx_word' id='word_1_188' title='bbox 831 1554 921 1588; x_wconf 88' lang='lat' dir='ltr'>quae</span> <span class='ocrx_word' id='word_1_189' title='bbox 946 1549 1027 1576; x_wconf 87' lang='lat' dir='ltr'>sunt</span> 
     </span>
     <span class='ocr_line' id='line_1_29' title="bbox 42 1590 750 1636; baseline -0.001 -9"><span class='ocrx_word' id='word_1_190' title='bbox 42 1606 122 1627; x_wconf 83' lang='lat' dir='ltr'>vera</span> <span class='ocrx_word' id='word_1_191' title='bbox 137 1590 388 1636; x_wconf 87' lang='lat' dir='ltr'>Philosophiae</span> <span class='ocrx_word' id='word_1_192' title='bbox 405 1593 524 1634; x_wconf 90' lang='lat' dir='ltr'>initia,</span> <span class='ocrx_word' id='word_1_193' title='bbox 549 1593 750 1630; x_wconf 81' lang='lat' dir='ltr'>invitarent.</span> 
     </span>
    </p>
   </div>
   <div class='ocr_carea' id='block_1_8' title="bbox 42 1667 1030 2569">
    <p class='ocr_par' dir='ltr' id='par_1_8' title="bbox 42 1667 1030 2569">
     <span class='ocr_line' id='line_1_30' title="bbox 143 1667 1029 1714; baseline 0.002 -13"><span class='ocrx_word' id='word_1_194' title='bbox 143 1667 262 1711; x_wconf 83' lang='lat' dir='ltr'>Quare</span> <span class='ocrx_word' id='word_1_195' title='bbox 287 1680 366 1702; x_wconf 89' lang='lat' dir='ltr'>cum</span> <span class='ocrx_word' id='word_1_196' title='bbox 388 1680 502 1702; x_wconf 88' lang='lat' dir='ltr'>meam</span> <span class='ocrx_word' id='word_1_197' title='bbox 526 1681 668 1714; x_wconf 85' lang='lat' dir='ltr'>operam</span> <span class='ocrx_word' id='word_1_198' title='bbox 686 1669 803 1702; x_wconf 89' lang='lat' dir='ltr'>deesse</span> <span class='ocrx_word' id='word_1_199' title='bbox 818 1667 972 1713; x_wconf 89' lang='lat' dir='ltr'>Reipub.</span> <span class='ocrx_word' id='word_1_200' title='bbox 996 1675 1029 1703; x_wconf 89' lang='lat' dir='ltr'>et</span> 
     </span>
     <span class='ocr_line' id='line_1_31' title="bbox 43 1719 1030 1764; baseline 0 -12"><span class='ocrx_word' id='word_1_201' title='bbox 43 1719 315 1753; x_wconf 85' lang='lat' dir='ltr'>adolescentium</span> <span class='ocrx_word' id='word_1_202' title='bbox 338 1719 484 1754; x_wconf 84' lang='lat' dir='ltr'>utilitati</span> <span class='ocrx_word' id='word_1_203' title='bbox 513 1720 666 1761; x_wconf 87' lang='lat' dir='ltr'>nollem,</span> <span class='ocrx_word' id='word_1_204' title='bbox 696 1720 928 1764; x_wconf 89' lang='lat' dir='ltr'>perpulerunt</span> <span class='ocrx_word' id='word_1_205' title='bbox 950 1726 1030 1753; x_wconf 92' lang='lat' dir='ltr'>tan-</span> 
     </span>
     <span class='ocr_line' id='line_1_32' title="bbox 42 1770 1028 1815; baseline 0.001 -12"><span class='ocrx_word' id='word_1_206' title='bbox 42 1771 143 1810; x_wconf 90' lang='lat' dir='ltr'>dem,</span> <span class='ocrx_word' id='word_1_207' title='bbox 171 1776 212 1804; x_wconf 86' lang='lat' dir='ltr'>ut</span> <span class='ocrx_word' id='word_1_208' title='bbox 238 1770 423 1814; x_wconf 88' lang='lat' dir='ltr'>pollicerer</span> <span class='ocrx_word' id='word_1_209' title='bbox 449 1783 504 1804; x_wconf 92' lang='lat' dir='ltr'>me</span> <span class='ocrx_word' id='word_1_210' title='bbox 530 1771 726 1815; x_wconf 88' lang='lat' dir='ltr'>periculum</span> <span class='ocrx_word' id='word_1_211' title='bbox 751 1771 925 1804; x_wconf 89' lang='lat' dir='ltr'>facturum</span> <span class='ocrx_word' id='word_1_212' title='bbox 946 1782 1028 1805; x_wconf 87' lang='lat' dir='ltr'>esse.</span> 
     </span>
     <span class='ocr_line' id='line_1_33' title="bbox 43 1819 1028 1865; baseline -0.001 -11"><span class='ocrx_word' id='word_1_213' title='bbox 43 1819 161 1864; x_wconf 83' lang='lat' dir='ltr'>Quare</span> <span class='ocrx_word' id='word_1_214' title='bbox 175 1828 253 1865; x_wconf 89' lang='lat' dir='ltr'>peto</span> <span class='ocrx_word' id='word_1_215' title='bbox 271 1833 290 1854; x_wconf 91' lang='lat' dir='ltr'>a</span> <span class='ocrx_word' id='word_1_216' title='bbox 306 1821 424 1862; x_wconf 78' lang='lat' dir='ltr'>vobis,</span> <span class='ocrx_word' id='word_1_217' title='bbox 450 1828 489 1855; x_wconf 91' lang='lat' dir='ltr'>ut</span> <span class='ocrx_word' id='word_1_218' title='bbox 504 1834 559 1854; x_wconf 92' lang='lat' dir='ltr'>me</span> <span class='ocrx_word' id='word_1_219' title='bbox 577 1819 642 1855; x_wconf 88' lang='lat' dir='ltr'>hac</span> <span class='ocrx_word' id='word_1_220' title='bbox 656 1821 761 1854; x_wconf 84' lang='lat' dir='ltr'>officii</span> <span class='ocrx_word' id='word_1_221' title='bbox 782 1821 939 1862; x_wconf 86' lang='lat' dir='ltr'>ratione,</span> <span class='ocrx_word' id='word_1_222' title='bbox 955 1833 1028 1854; x_wconf 91' lang='lat' dir='ltr'>non</span> 
     </span>
     <span class='ocr_line' id='line_1_34' title="bbox 43 1871 1028 1916; baseline 0 -12"><span class='ocrx_word' id='word_1_223' title='bbox 43 1872 243 1915; x_wconf 78' lang='lat' dir='ltr'>arrogantia</span> <span class='ocrx_word' id='word_1_224' title='bbox 265 1878 325 1905; x_wconf 89' lang='lat' dir='ltr'>aut</span> <span class='ocrx_word' id='word_1_225' title='bbox 349 1872 483 1915; x_wconf 87' lang='lat' dir='ltr'>ingenii</span> <span class='ocrx_word' id='word_1_226' title='bbox 513 1871 639 1905; x_wconf 85' lang='lat' dir='ltr'>fiducia</span> <span class='ocrx_word' id='word_1_227' title='bbox 666 1872 703 1904; x_wconf 91' lang='lat' dir='ltr'>in</span> <span class='ocrx_word' id='word_1_228' title='bbox 731 1872 912 1916; x_wconf 89' lang='lat' dir='ltr'>publicum</span> <span class='ocrx_word' id='word_1_229' title='bbox 947 1884 1028 1915; x_wconf 88' lang='lat' dir='ltr'>pro-</span> 
     </span>
     <span class='ocr_line' id='line_1_35' title="bbox 44 1921 1027 1966; baseline 0.001 -12"><span class='ocrx_word' id='word_1_230' title='bbox 44 1922 149 1955; x_wconf 89' lang='lat' dir='ltr'>diisse</span> <span class='ocrx_word' id='word_1_231' title='bbox 172 1922 386 1958; x_wconf 84' lang='lat' dir='ltr'>existimetis.</span> <span class='ocrx_word' id='word_1_232' title='bbox 439 1921 563 1956; x_wconf 83' lang='lat' dir='ltr'>Minus</span> <span class='ocrx_word' id='word_1_233' title='bbox 595 1929 711 1955; x_wconf 90' lang='lat' dir='ltr'>autem</span> <span class='ocrx_word' id='word_1_234' title='bbox 747 1922 941 1966; x_wconf 89' lang='lat' dir='ltr'>poenitebit</span> <span class='ocrx_word' id='word_1_235' title='bbox 973 1934 1027 1955; x_wconf 90' lang='lat' dir='ltr'>me</span> 
     </span>
     <span class='ocr_line' id='line_1_36' title="bbox 42 1972 1027 2017; baseline -0.001 -11"><span class='ocrx_word' id='word_1_236' title='bbox 42 1972 219 2007; x_wconf 85' lang='lat' dir='ltr'>facilitatis</span> <span class='ocrx_word' id='word_1_237' title='bbox 244 1978 360 2013; x_wconf 77' lang='lat' dir='ltr'>meae,</span> <span class='ocrx_word' id='word_1_238' title='bbox 393 1972 422 2006; x_wconf 89' lang='lat' dir='ltr'>si</span> <span class='ocrx_word' id='word_1_239' title='bbox 447 1985 643 2016; x_wconf 86' lang='lat' dir='ltr'>cognovero</span> <span class='ocrx_word' id='word_1_240' title='bbox 667 1973 771 2006; x_wconf 88' lang='lat' dir='ltr'>etiam</span> <span class='ocrx_word' id='word_1_241' title='bbox 796 1973 1027 2017; x_wconf 82' lang='lat' dir='ltr'>frequentiam</span> 
     </span>
     <span class='ocr_line' id='line_1_37' title="bbox 43 2023 1029 2067; baseline -0.001 -11"><span class='ocrx_word' id='word_1_242' title='bbox 43 2030 193 2058; x_wconf 79' lang='lat' dir='ltr'>vestram</span> <span class='ocrx_word' id='word_1_243' title='bbox 211 2031 246 2058; x_wconf 86' lang='lat' dir='ltr'>et</span> <span class='ocrx_word' id='word_1_244' title='bbox 261 2023 479 2066; x_wconf 87' lang='lat' dir='ltr'>diligentiam</span> <span class='ocrx_word' id='word_1_245' title='bbox 502 2023 713 2067; x_wconf 88' lang='lat' dir='ltr'>respondere</span> <span class='ocrx_word' id='word_1_246' title='bbox 730 2023 882 2066; x_wconf 85' lang='lat' dir='ltr'>optimae</span> <span class='ocrx_word' id='word_1_247' title='bbox 900 2024 1029 2057; x_wconf 89' lang='lat' dir='ltr'>volun-</span> 
     </span>
     <span class='ocr_line' id='line_1_38' title="bbox 44 2073 1028 2119; baseline 0 -12"><span class='ocrx_word' id='word_1_248' title='bbox 44 2073 108 2108; x_wconf 84' lang='lat' dir='ltr'>tati</span> <span class='ocrx_word' id='word_1_249' title='bbox 142 2081 428 2118; x_wconf 90' lang='lat' dir='ltr'>praeceptorum,</span> <span class='ocrx_word' id='word_1_250' title='bbox 468 2074 529 2119; x_wconf 89' lang='lat' dir='ltr'>qui</span> <span class='ocrx_word' id='word_1_251' title='bbox 563 2081 696 2108; x_wconf 88' lang='lat' dir='ltr'>vestrae</span> <span class='ocrx_word' id='word_1_252' title='bbox 731 2074 892 2107; x_wconf 84' lang='lat' dir='ltr'>utilitatis</span> <span class='ocrx_word' id='word_1_253' title='bbox 926 2086 1028 2107; x_wconf 85' lang='lat' dir='ltr'>causa</span> 
     </span>
     <span class='ocr_line' id='line_1_39' title="bbox 43 2121 1028 2169; baseline 0.001 -13"><span class='ocrx_word' id='word_1_254' title='bbox 43 2121 132 2157; x_wconf 82' lang='lat' dir='ltr'>mihi</span> <span class='ocrx_word' id='word_1_255' title='bbox 160 2122 252 2158; x_wconf 90' lang='lat' dir='ltr'>hane</span> <span class='ocrx_word' id='word_1_256' title='bbox 274 2137 461 2169; x_wconf 86' lang='lat' dir='ltr'>personam</span> <span class='ocrx_word' id='word_1_257' title='bbox 490 2125 745 2169; x_wconf 86' lang='lat' dir='ltr'>imposuerunt.</span> <span class='ocrx_word' id='word_1_258' title='bbox 804 2125 882 2167; x_wconf 83' lang='lat' dir='ltr'>Qua</span> <span class='ocrx_word' id='word_1_259' title='bbox 915 2124 952 2157; x_wconf 88' lang='lat' dir='ltr'>in</span> <span class='ocrx_word' id='word_1_260' title='bbox 979 2136 1028 2163; x_wconf 89' lang='lat' dir='ltr'>re,</span> 
     </span>
     <span class='ocr_line' id='line_1_40' title="bbox 47 2173 1027 2220; baseline 0.001 -13"><span class='ocrx_word' id='word_1_261' title='bbox 47 2175 115 2208; x_wconf 83' lang='lat' dir='ltr'>etit</span> <span class='ocrx_word' id='word_1_262' title='bbox 137 2174 241 2208; x_wconf 90' lang='lat' dir='ltr'>etiam</span> <span class='ocrx_word' id='word_1_263' title='bbox 265 2175 471 2219; x_wconf 90' lang='lat' dir='ltr'>prudentiae</span> <span class='ocrx_word' id='word_1_264' title='bbox 502 2182 606 2220; x_wconf 88' lang='lat' dir='ltr'>atque</span> <span class='ocrx_word' id='word_1_265' title='bbox 630 2173 859 2208; x_wconf 88' lang='lat' dir='ltr'>humanitatis</span> <span class='ocrx_word' id='word_1_266' title='bbox 883 2182 1027 2213; x_wconf 88' lang='lat' dir='ltr'>vestrae,</span> 
     </span>
     <span class='ocr_line' id='line_1_41' title="bbox 44 2225 1025 2270; baseline 0.001 -13"><span class='ocrx_word' id='word_1_267' title='bbox 44 2236 158 2258; x_wconf 86' lang='lat' dir='ltr'>meam</span> <span class='ocrx_word' id='word_1_268' title='bbox 190 2236 330 2269; x_wconf 88' lang='lat' dir='ltr'>operam</span> <span class='ocrx_word' id='word_1_269' title='bbox 365 2225 452 2258; x_wconf 88' lang='lat' dir='ltr'>boni</span> <span class='ocrx_word' id='word_1_270' title='bbox 485 2226 680 2259; x_wconf 83' lang='lat' dir='ltr'>consulere.</span> <span class='ocrx_word' id='word_1_271' title='bbox 737 2225 827 2259; x_wconf 88' lang='lat' dir='ltr'>Nam</span> <span class='ocrx_word' id='word_1_272' title='bbox 856 2227 950 2270; x_wconf 86' lang='lat' dir='ltr'>quod</span> <span class='ocrx_word' id='word_1_273' title='bbox 983 2226 1025 2258; x_wconf 88' lang='lat' dir='ltr'>ad</span> 
     </span>
     <span class='ocr_line' id='line_1_42' title="bbox 44 2275 1028 2320; baseline 0.002 -13"><span class='ocrx_word' id='word_1_274' title='bbox 44 2281 227 2320; x_wconf 78' lang='lat' dir='ltr'>praecepta</span> <span class='ocrx_word' id='word_1_275' title='bbox 252 2275 325 2319; x_wconf 87' lang='lat' dir='ltr'>ipsa</span> <span class='ocrx_word' id='word_1_276' title='bbox 346 2277 515 2309; x_wconf 86' lang='lat' dir='ltr'>tradenda</span> <span class='ocrx_word' id='word_1_277' title='bbox 541 2277 685 2317; x_wconf 87' lang='lat' dir='ltr'>attinet,</span> <span class='ocrx_word' id='word_1_278' title='bbox 722 2288 823 2320; x_wconf 90' lang='lat' dir='ltr'>spero</span> <span class='ocrx_word' id='word_1_279' title='bbox 848 2289 903 2309; x_wconf 90' lang='lat' dir='ltr'>me</span> <span class='ocrx_word' id='word_1_280' title='bbox 928 2276 1028 2310; x_wconf 81' lang='lat' dir='ltr'>vobis</span> 
     </span>
     <span class='ocr_line' id='line_1_43' title="bbox 44 2325 1027 2372; baseline 0 -13"><span class='ocrx_word' id='word_1_281' title='bbox 44 2325 301 2359; x_wconf 74' lang='lat' dir='ltr'>satisfacturum</span> <span class='ocrx_word' id='word_1_282' title='bbox 316 2337 399 2361; x_wconf 88' lang='lat' dir='ltr'>esse.</span> <span class='ocrx_word' id='word_1_283' title='bbox 452 2327 489 2361; x_wconf 90' lang='lat' dir='ltr'>Si</span> <span class='ocrx_word' id='word_1_284' title='bbox 506 2328 590 2372; x_wconf 90' lang='lat' dir='ltr'>quid</span> <span class='ocrx_word' id='word_1_285' title='bbox 610 2334 725 2360; x_wconf 89' lang='lat' dir='ltr'>autem</span> <span class='ocrx_word' id='word_1_286' title='bbox 744 2327 798 2360; x_wconf 91' lang='lat' dir='ltr'>vel</span> <span class='ocrx_word' id='word_1_287' title='bbox 815 2327 850 2359; x_wconf 93' lang='lat' dir='ltr'>in</span> <span class='ocrx_word' id='word_1_288' title='bbox 869 2327 1027 2360; x_wconf 88' lang='lat' dir='ltr'>oratione</span> 
     </span>
     <span class='ocr_line' id='line_1_44' title="bbox 45 2375 1025 2419; baseline 0.001 -10"><span class='ocrx_word' id='word_1_289' title='bbox 45 2387 138 2414; x_wconf 85' lang='lat' dir='ltr'>mea,</span> <span class='ocrx_word' id='word_1_290' title='bbox 173 2376 229 2409; x_wconf 88' lang='lat' dir='ltr'>vel</span> <span class='ocrx_word' id='word_1_291' title='bbox 257 2376 293 2409; x_wconf 91' lang='lat' dir='ltr'>in</span> <span class='ocrx_word' id='word_1_292' title='bbox 319 2376 454 2410; x_wconf 91' lang='lat' dir='ltr'>actione</span> <span class='ocrx_word' id='word_1_293' title='bbox 478 2377 738 2419; x_wconf 89' lang='lat' dir='ltr'>desiderabitis,</span> <span class='ocrx_word' id='word_1_294' title='bbox 772 2378 910 2411; x_wconf 86' lang='lat' dir='ltr'>veniam</span> <span class='ocrx_word' id='word_1_295' title='bbox 938 2375 1025 2411; x_wconf 90' lang='lat' dir='ltr'>mihi</span> 
     </span>
     <span class='ocr_line' id='line_1_45' title="bbox 45 2425 1027 2472; baseline 0.003 -13"><span class='ocrx_word' id='word_1_296' title='bbox 45 2427 123 2460; x_wconf 88' lang='lat' dir='ltr'>dari</span> <span class='ocrx_word' id='word_1_297' title='bbox 140 2433 230 2471; x_wconf 87' lang='lat' dir='ltr'>pet0.</span> <span class='ocrx_word' id='word_1_298' title='bbox 284 2425 446 2470; x_wconf 83' lang='lat' dir='ltr'>Agnosco</span> <span class='ocrx_word' id='word_1_299' title='bbox 462 2428 555 2460; x_wconf 91' lang='lat' dir='ltr'>enim</span> <span class='ocrx_word' id='word_1_300' title='bbox 575 2440 630 2462; x_wconf 87' lang='lat' dir='ltr'>me</span> <span class='ocrx_word' id='word_1_301' title='bbox 652 2429 813 2472; x_wconf 85' lang='lat' dir='ltr'>impediri</span> <span class='ocrx_word' id='word_1_302' title='bbox 832 2429 965 2472; x_wconf 91' lang='lat' dir='ltr'>pudore</span> <span class='ocrx_word' id='word_1_303' title='bbox 989 2441 1027 2462; x_wconf 90' lang='lat' dir='ltr'>ac</span> 
     </span>
     <span class='ocr_line' id='line_1_46' title="bbox 44 2479 1025 2523; baseline 0.002 -13"><span class='ocrx_word' id='word_1_304' title='bbox 44 2484 160 2522; x_wconf 86' lang='lat' dir='ltr'>metu,</span> <span class='ocrx_word' id='word_1_305' title='bbox 187 2489 226 2510; x_wconf 85' lang='lat' dir='ltr'>ac</span> <span class='ocrx_word' id='word_1_306' title='bbox 242 2490 286 2511; x_wconf 89' lang='lat' dir='ltr'>ne</span> <span class='ocrx_word' id='word_1_307' title='bbox 302 2484 425 2511; x_wconf 90' lang='lat' dir='ltr'>natura</span> <span class='ocrx_word' id='word_1_308' title='bbox 444 2479 584 2523; x_wconf 87' lang='lat' dir='ltr'>quidem</span> <span class='ocrx_word' id='word_1_309' title='bbox 608 2479 649 2511; x_wconf 89' lang='lat' dir='ltr'>ad</span> <span class='ocrx_word' id='word_1_310' title='bbox 667 2479 836 2513; x_wconf 81' lang='lat' dir='ltr'>scenicam</span> <span class='ocrx_word' id='word_1_311' title='bbox 855 2479 1025 2512; x_wconf 85' lang='lat' dir='ltr'>actionem</span> 
     </span>
     <span class='ocr_line' id='line_1_47' title="bbox 45 2534 272 2569; baseline 0.009 -9"><span class='ocrx_word' id='word_1_312' title='bbox 45 2534 164 2569; x_wconf 84' lang='lat' dir='ltr'>aptum</span> <span class='ocrx_word' id='word_1_313' title='bbox 189 2540 272 2563; x_wconf 85' lang='lat' dir='ltr'>esse.</span> 
     </span>
    </p>
   </div>
   <div class='ocr_carea' id='block_1_9' title="bbox 46 2628 1026 2725">
    <p class='ocr_par' dir='ltr' id='par_1_9' title="bbox 46 2628 1026 2725">
     <span class='ocr_line' id='line_1_48' title="bbox 46 2628 1026 2674; baseline 0.004 -14"><span class='ocrx_word' id='word_1_314' title='bbox 46 2635 94 2661; x_wconf 87' lang='lat' dir='ltr'>est</span> <span class='ocrx_word' id='word_1_315' title='bbox 111 2628 188 2672; x_wconf 90' lang='lat' dir='ltr'>plus</span> <span class='ocrx_word' id='word_1_316' title='bbox 203 2629 284 2662; x_wconf 88' lang='lat' dir='ltr'>satis</span> <span class='ocrx_word' id='word_1_317' title='bbox 299 2630 436 2664; x_wconf 87' lang='lat' dir='ltr'>delicati</span> <span class='ocrx_word' id='word_1_318' title='bbox 453 2637 485 2664; x_wconf 85' lang='lat' dir='ltr'>ct</span> <span class='ocrx_word' id='word_1_319' title='bbox 500 2631 647 2670; x_wconf 86' lang='lat' dir='ltr'>morosi,</span> <span class='ocrx_word' id='word_1_320' title='bbox 673 2631 700 2663; x_wconf 85' lang='lat' dir='ltr'>si</span> <span class='ocrx_word' id='word_1_321' title='bbox 720 2638 833 2663; x_wconf 70' lang='lat' dir='ltr'>tamen</span> <span class='ocrx_word' id='word_1_322' title='bbox 853 2632 1026 2674; x_wconf 82' lang='lat' dir='ltr'>professor</span> 
     </span>
     <span class='ocr_line' id='line_1_49' title="bbox 47 2678 1024 2725; baseline 0.002 -13"><span class='ocrx_word' id='word_1_323' title='bbox 47 2685 99 2712; x_wconf 85' lang='lat' dir='ltr'>est</span> <span class='ocrx_word' id='word_1_324' title='bbox 118 2678 172 2713; x_wconf 74' lang='lat' dir='ltr'>sui</span> <span class='ocrx_word' id='word_1_325' title='bbox 195 2681 329 2723; x_wconf 85' lang='lat' dir='ltr'>generis</span> <span class='ocrx_word' id='word_1_326' title='bbox 353 2681 486 2716; x_wconf 82' lang='lat' dir='ltr'>artifex.</span> <span class='ocrx_word' id='word_1_327' title='bbox 541 2680 616 2725; x_wconf 80' lang='lat' dir='ltr'>Ego</span> <span class='ocrx_word' id='word_1_328' title='bbox 635 2693 716 2715; x_wconf 85' lang='lat' dir='ltr'>vero</span> <span class='ocrx_word' id='word_1_329' title='bbox 742 2682 803 2716; x_wconf 82' lang='lat' dir='ltr'>etsi</span> <span class='ocrx_word' id='word_1_330' title='bbox 823 2679 912 2714; x_wconf 86' lang='lat' dir='ltr'>mihi</span> <span class='ocrx_word' id='word_1_331' title='bbox 933 2679 1024 2715; x_wconf 88' lang='lat' dir='ltr'>nibil</span> 
     </span>
    </p>
   </div>
   <div class='ocr_carea' id='block_1_10' title="bbox 497 114 1609 155">
    <p class='ocr_par' dir='ltr' id='par_1_10' title="bbox 497 114 1609 155">
     <span class='ocr_line' id='line_1_50' title="bbox 497 114 1609 155; baseline -0.004 0"><span class='ocrx_word' id='word_1_332' title='bbox 497 118 657 155; x_wconf 90' lang='lat' dir='ltr'>DECL.</span> <span class='ocrx_word' id='word_1_333' title='bbox 697 118 773 154; x_wconf 90' lang='lat' dir='ltr'>DE</span> <span class='ocrx_word' id='word_1_334' title='bbox 809 115 1013 155; x_wconf 77' lang='lat' dir='ltr'><strong>PRAEF.</strong></span> <span class='ocrx_word' id='word_1_335' title='bbox 1046 116 1100 151; x_wconf 90' lang='lat' dir='ltr'>lN</span> <span class='ocrx_word' id='word_1_336' title='bbox 1136 114 1609 152; x_wconf 83' lang='lat' dir='ltr'><strong>ARITHMETICEN.</strong></span> 
     </span>
    </p>
   </div>
   <div class='ocr_carea' id='block_1_11' title="bbox 1054 360 1058 1170">
    <p class='ocr_par' dir='ltr' id='par_1_11' title="bbox 1054 360 1058 1170">
     <span class='ocr_line' id='line_1_51' title="bbox 1054 360 1058 1170; baseline 0 0"><span class='ocrx_word' id='word_1_337' title='bbox 1054 360 1058 1170; x_wconf 95' lang='lat' dir='ltr'> </span> 
     </span>
    </p>
   </div>
   <div class='ocr_carea' id='block_1_12' title="bbox 46 2527 1053 2623">
    <p class='ocr_par' dir='ltr' id='par_1_12' title="bbox 46 2527 1053 2623">
     <span class='ocr_line' id='line_1_52' title="bbox 322 2527 1053 2574; baseline 0.001 -13"><span class='ocrx_word' id='word_1_338' title='bbox 322 2528 391 2562; x_wconf 90' lang='lat' dir='ltr'>Sed</span> <span class='ocrx_word' id='word_1_339' title='bbox 416 2536 560 2573; x_wconf 85' lang='lat' dir='ltr'>propter</span> <span class='ocrx_word' id='word_1_340' title='bbox 582 2527 665 2562; x_wconf 84' lang='lat' dir='ltr'>haec</span> <span class='ocrx_word' id='word_1_341' title='bbox 689 2530 909 2563; x_wconf 87' lang='lat' dir='ltr'>incommoda</span> <span class='ocrx_word' id='word_1_342' title='bbox 930 2530 1028 2562; x_wconf 84' lang='lat' dir='ltr'>sasti-</span> <span class='ocrx_word' id='word_1_343' title='bbox 1050 2563 1053 2574; x_wconf 61' lang='grc'><strong><em>,</em></strong></span> 
     </span>
     <span class='ocr_line' id='line_1_53' title="bbox 46 2575 1052 2623; baseline 0.003 -13"><span class='ocrx_word' id='word_1_344' title='bbox 46 2578 122 2611; x_wconf 86' lang='lat' dir='ltr'>dire</span> <span class='ocrx_word' id='word_1_345' title='bbox 144 2575 206 2611; x_wconf 89' lang='lat' dir='ltr'>has</span> <span class='ocrx_word' id='word_1_346' title='bbox 227 2587 334 2620; x_wconf 86' lang='lat' dir='ltr'>artes,</span> <span class='ocrx_word' id='word_1_347' title='bbox 361 2586 394 2613; x_wconf 89' lang='lat' dir='ltr'>et</span> <span class='ocrx_word' id='word_1_348' title='bbox 419 2580 533 2613; x_wconf 87' lang='lat' dir='ltr'>studia</span> <span class='ocrx_word' id='word_1_349' title='bbox 559 2591 676 2612; x_wconf 86' lang='lat' dir='ltr'>earnm</span> <span class='ocrx_word' id='word_1_350' title='bbox 702 2581 867 2619; x_wconf 75' lang='lat' dir='ltr'>abiicere,</span> <span class='ocrx_word' id='word_1_351' title='bbox 894 2580 1025 2623; x_wconf 88' lang='lat' dir='ltr'>ingenii</span> <span class='ocrx_word' id='word_1_352' title='bbox 1050 2578 1052 2582; x_wconf 76' lang='grc'><strong>’</strong></span> 
     </span>
    </p>
   </div>
   <div class='ocr_carea' id='block_1_13' title="bbox 1996 115 2070 151">
    <p class='ocr_par' dir='ltr' id='par_1_13' title="bbox 1996 115 2070 151">
     <span class='ocr_line' id='line_1_54' title="bbox 1996 115 2070 151; baseline 0 -1"><span class='ocrx_word' id='word_1_353' title='bbox 1996 115 2070 151; x_wconf 77' lang='lat'>286</span> 
     </span>
    </p>
   </div>
   <div class='ocr_carea' id='block_1_14' title="bbox 1076 200 2069 2727">
    <p class='ocr_par' dir='ltr' id='par_1_14' title="bbox 1084 200 2069 345">
     <span class='ocr_line' id='line_1_55' title="bbox 1085 200 2069 245; baseline 0.001 -10"><span class='ocrx_word' id='word_1_354' title='bbox 1085 213 1228 245; x_wconf 85' lang='lat' dir='ltr'>arrog0‚</span> <span class='ocrx_word' id='word_1_355' title='bbox 1262 209 1380 236; x_wconf 84' lang='lat' dir='ltr'>tamen</span> <span class='ocrx_word' id='word_1_356' title='bbox 1405 214 1441 234; x_wconf 86' lang='lat' dir='ltr'>ea</span> <span class='ocrx_word' id='word_1_357' title='bbox 1467 203 1535 235; x_wconf 86' lang='lat' dir='ltr'>fide</span> <span class='ocrx_word' id='word_1_358' title='bbox 1559 209 1591 235; x_wconf 90' lang='lat' dir='ltr'>et</span> <span class='ocrx_word' id='word_1_359' title='bbox 1616 201 1796 245; x_wconf 83' lang='lat' dir='ltr'>diligentia</span> <span class='ocrx_word' id='word_1_360' title='bbox 1824 202 1958 235; x_wconf 86' lang='lat' dir='ltr'>tradam</span> <span class='ocrx_word' id='word_1_361' title='bbox 1985 200 2069 236; x_wconf 88' lang='lat' dir='ltr'>baec</span> 
     </span>
     <span class='ocr_line' id='line_1_56' title="bbox 1085 252 2068 297; baseline 0.001 -12"><span class='ocrx_word' id='word_1_362' title='bbox 1085 259 1286 297; x_wconf 88' lang='lat' dir='ltr'>praecepta,</span> <span class='ocrx_word' id='word_1_363' title='bbox 1319 260 1359 286; x_wconf 87' lang='lat' dir='ltr'>ut</span> <span class='ocrx_word' id='word_1_364' title='bbox 1386 264 1538 296; x_wconf 91' lang='lat' dir='ltr'>sperem,</span> <span class='ocrx_word' id='word_1_365' title='bbox 1572 265 1671 297; x_wconf 90' lang='lat' dir='ltr'>posse</span> <span class='ocrx_word' id='word_1_366' title='bbox 1707 252 1839 297; x_wconf 88' lang='lat' dir='ltr'>percipi</span> <span class='ocrx_word' id='word_1_367' title='bbox 1873 259 1976 297; x_wconf 84' lang='lat' dir='ltr'>atquc</span> <span class='ocrx_word' id='word_1_368' title='bbox 2013 254 2068 286; x_wconf 90' lang='lat' dir='ltr'>in-</span> 
     </span>
     <span class='ocr_line' id='line_1_57' title="bbox 1084 303 1206 345; baseline 0.008 -8"><span class='ocrx_word' id='word_1_369' title='bbox 1084 303 1206 345; x_wconf 82' lang='lat' dir='ltr'>telligi.</span> 
     </span>
    </p>

    <p class='ocr_par' dir='ltr' id='par_1_15' title="bbox 1081 352 2069 1197">
     <span class='ocr_line' id='line_1_58' title="bbox 1158 352 2067 398; baseline -0.003 -11"><span class='ocrx_word' id='word_1_370' title='bbox 1158 352 1314 398; x_wconf 80' lang='lat' dir='ltr'>Exposui</span> <span class='ocrx_word' id='word_1_371' title='bbox 1327 364 1476 392; x_wconf 87' lang='lat' dir='ltr'>causam,</span> <span class='ocrx_word' id='word_1_372' title='bbox 1494 365 1599 397; x_wconf 86' lang='lat' dir='ltr'>quare</span> <span class='ocrx_word' id='word_1_373' title='bbox 1618 354 1652 386; x_wconf 94' lang='lat' dir='ltr'>in</span> <span class='ocrx_word' id='word_1_374' title='bbox 1671 355 1850 397; x_wconf 84' lang='lat' dir='ltr'>publicum</span> <span class='ocrx_word' id='word_1_375' title='bbox 1861 353 2067 398; x_wconf 87' lang='lat' dir='ltr'>prodierim,</span> 
     </span>
     <span class='ocr_line' id='line_1_59' title="bbox 1084 404 2065 449; baseline -0.002 -12"><span class='ocrx_word' id='word_1_376' title='bbox 1084 417 1173 449; x_wconf 87' lang='lat' dir='ltr'>quac</span> <span class='ocrx_word' id='word_1_377' title='bbox 1201 417 1273 445; x_wconf 87' lang='lat' dir='ltr'>mc,</span> <span class='ocrx_word' id='word_1_378' title='bbox 1300 411 1339 438; x_wconf 89' lang='lat' dir='ltr'>ut</span> <span class='ocrx_word' id='word_1_379' title='bbox 1363 415 1484 447; x_wconf 87' lang='lat' dir='ltr'>spero,</span> <span class='ocrx_word' id='word_1_380' title='bbox 1511 404 1707 447; x_wconf 81' lang='lat' dir='ltr'>suspicione</span> <span class='ocrx_word' id='word_1_381' title='bbox 1729 405 1948 448; x_wconf 86' lang='lat' dir='ltr'>arrogantiae</span> <span class='ocrx_word' id='word_1_382' title='bbox 1973 405 2065 447; x_wconf 89' lang='lat' dir='ltr'>apud</span> 
     </span>
     <span class='ocr_line' id='line_1_60' title="bbox 1083 454 2065 488; baseline -0.002 0"><span class='ocrx_word' id='word_1_383' title='bbox 1083 456 1196 488; x_wconf 82' lang='lat' dir='ltr'>honos</span> <span class='ocrx_word' id='word_1_384' title='bbox 1214 462 1245 488; x_wconf 86' lang='lat' dir='ltr'>et</span> <span class='ocrx_word' id='word_1_385' title='bbox 1263 456 1438 488; x_wconf 88' lang='lat' dir='ltr'>studiosos</span> <span class='ocrx_word' id='word_1_386' title='bbox 1458 454 1632 488; x_wconf 82' lang='lat' dir='ltr'>liberabit.</span> <span class='ocrx_word' id='word_1_387' title='bbox 1686 455 1786 487; x_wconf 82' lang='lat' dir='ltr'>Nunc</span> <span class='ocrx_word' id='word_1_388' title='bbox 1805 456 1916 488; x_wconf 84' lang='lat' dir='ltr'>dicam</span> <span class='ocrx_word' id='word_1_389' title='bbox 1930 456 1972 487; x_wconf 88' lang='lat' dir='ltr'>de</span> <span class='ocrx_word' id='word_1_390' title='bbox 1989 467 2065 487; x_wconf 79' lang='lat' dir='ltr'>tneo</span> 
     </span>
     <span class='ocr_line' id='line_1_61' title="bbox 1083 505 2067 548; baseline 0 -10"><span class='ocrx_word' id='word_1_391' title='bbox 1083 506 1247 543; x_wconf 85' lang='lat' dir='ltr'>consilio,</span> <span class='ocrx_word' id='word_1_392' title='bbox 1276 506 1329 537; x_wconf 91' lang='lat' dir='ltr'>vel</span> <span class='ocrx_word' id='word_1_393' title='bbox 1361 506 1475 548; x_wconf 84' lang='lat' dir='ltr'>potius</span> <span class='ocrx_word' id='word_1_394' title='bbox 1498 506 1540 537; x_wconf 82' lang='lat' dir='ltr'>‹le</span> <span class='ocrx_word' id='word_1_395' title='bbox 1562 505 1731 537; x_wconf 83' lang='lat' dir='ltr'>sententia</span> <span class='ocrx_word' id='word_1_396' title='bbox 1748 514 1949 538; x_wconf 87' lang='lat' dir='ltr'>nostrorum</span> <span class='ocrx_word' id='word_1_397' title='bbox 1967 518 2067 548; x_wconf 77' lang='lat' dir='ltr'>prae-</span> 
     </span>
     <span class='ocr_line' id='line_1_62' title="bbox 1084 553 2067 600; baseline -0.001 -11"><span class='ocrx_word' id='word_1_398' title='bbox 1084 564 1273 600; x_wconf 85' lang='lat' dir='ltr'>ceptorum.</span> <span class='ocrx_word' id='word_1_399' title='bbox 1327 555 1374 588; x_wconf 83' lang='lat' dir='ltr'>Hi</span> <span class='ocrx_word' id='word_1_400' title='bbox 1394 553 1479 587; x_wconf 82' lang='lat' dir='ltr'>milii</span> <span class='ocrx_word' id='word_1_401' title='bbox 1506 556 1754 595; x_wconf 83' lang='lat' dir='ltr'>iniunxerunt,</span> <span class='ocrx_word' id='word_1_402' title='bbox 1780 563 1819 589; x_wconf 89' lang='lat' dir='ltr'>ut</span> <span class='ocrx_word' id='word_1_403' title='bbox 1836 558 1968 588; x_wconf 85' lang='lat' dir='ltr'>tradam</span> <span class='ocrx_word' id='word_1_404' title='bbox 1998 556 2067 588; x_wconf 78' lang='lat' dir='ltr'>cle-</span> 
     </span>
     <span class='ocr_line' id='line_1_63' title="bbox 1083 605 2067 651; baseline -0.002 -12"><span class='ocrx_word' id='word_1_405' title='bbox 1083 615 1197 641; x_wconf 90' lang='lat' dir='ltr'>menta</span> <span class='ocrx_word' id='word_1_406' title='bbox 1228 605 1475 640; x_wconf 84' lang='lat' dir='ltr'>Aritbmetices</span> <span class='ocrx_word' id='word_1_407' title='bbox 1500 613 1532 639; x_wconf 90' lang='lat' dir='ltr'>et</span> <span class='ocrx_word' id='word_1_408' title='bbox 1560 606 1801 646; x_wconf 66' lang='lat' dir='ltr'>Geomefflae,</span> <span class='ocrx_word' id='word_1_409' title='bbox 1828 614 1859 638; x_wconf 88' lang='lat' dir='ltr'>et</span> <span class='ocrx_word' id='word_1_410' title='bbox 1882 608 1974 651; x_wconf 83' lang='lat' dir='ltr'>qnod</span> <span class='ocrx_word' id='word_1_411' title='bbox 2006 619 2067 638; x_wconf 83' lang='lat' dir='ltr'>na-</span> 
     </span>
     <span class='ocr_line' id='line_1_64' title="bbox 1083 656 2068 700; baseline -0.002 -10"><span class='ocrx_word' id='word_1_412' title='bbox 1083 665 1159 690; x_wconf 84' lang='lat' dir='ltr'>tura</span> <span class='ocrx_word' id='word_1_413' title='bbox 1187 656 1310 690; x_wconf 84' lang='lat' dir='ltr'>harum</span> <span class='ocrx_word' id='word_1_414' title='bbox 1337 658 1464 690; x_wconf 83' lang='lat' dir='ltr'>artium</span> <span class='ocrx_word' id='word_1_415' title='bbox 1491 658 1664 700; x_wconf 83' lang='lat' dir='ltr'>postulat,</span> <span class='ocrx_word' id='word_1_416' title='bbox 1697 657 1837 689; x_wconf 88' lang='lat' dir='ltr'>initium</span> <span class='ocrx_word' id='word_1_417' title='bbox 1867 657 1988 689; x_wconf 81' lang='lat' dir='ltr'>faciam</span> <span class='ocrx_word' id='word_1_418' title='bbox 2025 657 2068 688; x_wconf 85' lang='lat' dir='ltr'>ab</span> 
     </span>
     <span class='ocr_line' id='line_1_65' title="bbox 1082 706 2069 742; baseline -0.003 -2"><span class='ocrx_word' id='word_1_419' title='bbox 1082 706 1326 742; x_wconf 80' lang='lat' dir='ltr'>Arithmetica.</span> <span class='ocrx_word' id='word_1_420' title='bbox 1379 706 1522 741; x_wconf 75' lang='lat' dir='ltr'>Utinam</span> <span class='ocrx_word' id='word_1_421' title='bbox 1539 714 1654 741; x_wconf 74' lang='lat' dir='ltr'>autom</span> <span class='ocrx_word' id='word_1_422' title='bbox 1673 714 1702 739; x_wconf 84' lang='lat' dir='ltr'>ct</span> <span class='ocrx_word' id='word_1_423' title='bbox 1729 707 1913 739; x_wconf 84' lang='lat' dir='ltr'>autoritate</span> <span class='ocrx_word' id='word_1_424' title='bbox 1941 715 1971 740; x_wconf 89' lang='lat' dir='ltr'>et</span> <span class='ocrx_word' id='word_1_425' title='bbox 1997 708 2069 739; x_wconf 75' lang='lat' dir='ltr'>clo-</span> 
     </span>
     <span class='ocr_line' id='line_1_66' title="bbox 1083 755 2067 803; baseline -0.002 -12"><span class='ocrx_word' id='word_1_426' title='bbox 1083 760 1224 803; x_wconf 83' lang='lat' dir='ltr'>quentia</span> <span class='ocrx_word' id='word_1_427' title='bbox 1242 766 1375 792; x_wconf 88' lang='lat' dir='ltr'>tantum</span> <span class='ocrx_word' id='word_1_428' title='bbox 1398 759 1568 798; x_wconf 73' lang='lat' dir='ltr'>valerem,</span> <span class='ocrx_word' id='word_1_429' title='bbox 1592 765 1629 791; x_wconf 88' lang='lat' dir='ltr'>ut</span> <span class='ocrx_word' id='word_1_430' title='bbox 1647 759 1687 790; x_wconf 81' lang='lat' dir='ltr'>ad</span> <span class='ocrx_word' id='word_1_431' title='bbox 1710 755 1831 790; x_wconf 86' lang='lat' dir='ltr'>harum</span> <span class='ocrx_word' id='word_1_432' title='bbox 1852 758 1978 790; x_wconf 91' lang='lat' dir='ltr'>artium</span> <span class='ocrx_word' id='word_1_433' title='bbox 1995 765 2067 790; x_wconf 88' lang='lat' dir='ltr'>stu—</span> 
     </span>
     <span class='ocr_line' id='line_1_67' title="bbox 1082 809 2068 851; baseline -0.002 -9"><span class='ocrx_word' id='word_1_434' title='bbox 1082 810 1138 842; x_wconf 87' lang='lat' dir='ltr'>dia</span> <span class='ocrx_word' id='word_1_435' title='bbox 1164 810 1399 842; x_wconf 68' lang='lat' dir='ltr'>adolescentes</span> <span class='ocrx_word' id='word_1_436' title='bbox 1425 809 1528 842; x_wconf 89' lang='lat' dir='ltr'>etiam</span> <span class='ocrx_word' id='word_1_437' title='bbox 1556 809 1703 841; x_wconf 80' lang='lat' dir='ltr'>excitare</span> <span class='ocrx_word' id='word_1_438' title='bbox 1729 816 1759 842; x_wconf 89' lang='lat' dir='ltr'>et</span> <span class='ocrx_word' id='word_1_439' title='bbox 1784 809 1971 841; x_wconf 76' lang='lat' dir='ltr'>accendere</span> <span class='ocrx_word' id='word_1_440' title='bbox 1988 819 2068 851; x_wconf 85' lang='lat' dir='ltr'>pos—</span> 
     </span>
     <span class='ocr_line' id='line_1_68' title="bbox 1082 859 2068 903; baseline -0.003 -10"><span class='ocrx_word' id='word_1_441' title='bbox 1082 872 1166 894; x_wconf 88' lang='lat' dir='ltr'>sem.</span> <span class='ocrx_word' id='word_1_442' title='bbox 1222 859 1317 902; x_wconf 83' lang='lat' dir='ltr'>Quid</span> <span class='ocrx_word' id='word_1_443' title='bbox 1347 860 1439 892; x_wconf 86' lang='lat' dir='ltr'>enim</span> <span class='ocrx_word' id='word_1_444' title='bbox 1465 860 1655 903; x_wconf 72' lang='lat' dir='ltr'>optabilius</span> <span class='ocrx_word' id='word_1_445' title='bbox 1683 871 1754 891; x_wconf 79' lang='lat' dir='ltr'>esse</span> <span class='ocrx_word' id='word_1_446' title='bbox 1781 859 1919 891; x_wconf 79' lang='lat' dir='ltr'>docenti</span> <span class='ocrx_word' id='word_1_447' title='bbox 1947 865 2068 902; x_wconf 84' lang='lat' dir='ltr'>potest,</span> 
     </span>
     <span class='ocr_line' id='line_1_69' title="bbox 1084 909 2068 956; baseline -0.003 -13"><span class='ocrx_word' id='word_1_448' title='bbox 1084 924 1186 956; x_wconf 79' lang='lat' dir='ltr'>quain</span> <span class='ocrx_word' id='word_1_449' title='bbox 1211 909 1338 943; x_wconf 85' lang='lat' dir='ltr'>babere</span> <span class='ocrx_word' id='word_1_450' title='bbox 1365 910 1543 943; x_wconf 83' lang='lat' dir='ltr'>auditores</span> <span class='ocrx_word' id='word_1_451' title='bbox 1572 910 1732 942; x_wconf 73' lang='lat' dir='ltr'>incensos</span> <span class='ocrx_word' id='word_1_452' title='bbox 1757 916 1788 942; x_wconf 84' lang='lat' dir='ltr'>ct</span> <span class='ocrx_word' id='word_1_453' title='bbox 1810 910 1993 951; x_wconf 80' lang='lat' dir='ltr'>flagrantes</span> <span class='ocrx_word' id='word_1_454' title='bbox 2012 909 2068 941; x_wconf 92' lang='lat' dir='ltr'>di—</span> 
     </span>
     <span class='ocr_line' id='line_1_70' title="bbox 1082 959 2068 1005; baseline -0.003 -11"><span class='ocrx_word' id='word_1_455' title='bbox 1082 962 1200 994; x_wconf 86' lang='lat' dir='ltr'>scendi</span> <span class='ocrx_word' id='word_1_456' title='bbox 1225 961 1437 1005; x_wconf 82' lang='lat' dir='ltr'>cupiditate?</span> <span class='ocrx_word' id='word_1_457' title='bbox 1491 960 1560 994; x_wconf 84' lang='lat' dir='ltr'>Sed</span> <span class='ocrx_word' id='word_1_458' title='bbox 1585 960 1665 1005; x_wconf 83' lang='lat' dir='ltr'>qnia</span> <span class='ocrx_word' id='word_1_459' title='bbox 1693 967 1931 1003; x_wconf 75' lang='lat' dir='ltr'>praeceptores</span> <span class='ocrx_word' id='word_1_460' title='bbox 1956 959 2068 992; x_wconf 84' lang='lat' dir='ltr'>nostri</span> 
     </span>
     <span class='ocr_line' id='line_1_71' title="bbox 1083 1008 2067 1057; baseline -0.003 -12"><span class='ocrx_word' id='word_1_461' title='bbox 1083 1012 1240 1057; x_wconf 84' lang='lat' dir='ltr'>quotidie</span> <span class='ocrx_word' id='word_1_462' title='bbox 1265 1010 1491 1044; x_wconf 85' lang='lat' dir='ltr'>scholasticos</span> <span class='ocrx_word' id='word_1_463' title='bbox 1515 1012 1555 1044; x_wconf 86' lang='lat' dir='ltr'>ad</span> <span class='ocrx_word' id='word_1_464' title='bbox 1582 1009 1642 1043; x_wconf 80' lang='lat' dir='ltr'>lias</span> <span class='ocrx_word' id='word_1_465' title='bbox 1667 1018 1757 1043; x_wconf 83' lang='lat' dir='ltr'>artes</span> <span class='ocrx_word' id='word_1_466' title='bbox 1778 1011 1961 1043; x_wconf 84' lang='lat' dir='ltr'>discendas</span> <span class='ocrx_word' id='word_1_467' title='bbox 1984 1008 2067 1042; x_wconf 83' lang='lat' dir='ltr'>hor-</span> 
     </span>
     <span class='ocr_line' id='line_1_72' title="bbox 1082 1060 2067 1104; baseline -0.004 -8"><span class='ocrx_word' id='word_1_468' title='bbox 1082 1070 1221 1103; x_wconf 87' lang='lat' dir='ltr'>tantur,</span> <span class='ocrx_word' id='word_1_469' title='bbox 1249 1070 1281 1096; x_wconf 89' lang='lat' dir='ltr'>et</span> <span class='ocrx_word' id='word_1_470' title='bbox 1300 1063 1482 1095; x_wconf 79' lang='lat' dir='ltr'>manifesta</span> <span class='ocrx_word' id='word_1_471' title='bbox 1498 1069 1548 1095; x_wconf 87' lang='lat' dir='ltr'>est</span> <span class='ocrx_word' id='word_1_472' title='bbox 1567 1074 1684 1094; x_wconf 88' lang='lat' dir='ltr'>earum</span> <span class='ocrx_word' id='word_1_473' title='bbox 1702 1061 1855 1100; x_wconf 87' lang='lat' dir='ltr'>utilitas,</span> <span class='ocrx_word' id='word_1_474' title='bbox 1873 1073 1973 1104; x_wconf 87' lang='lat' dir='ltr'>spero</span> <span class='ocrx_word' id='word_1_475' title='bbox 1994 1060 2067 1103; x_wconf 87' lang='lat' dir='ltr'>ple-</span> 
     </span>
     <span class='ocr_line' id='line_1_73' title="bbox 1081 1108 2068 1158; baseline -0.003 -12"><span class='ocrx_word' id='word_1_476' title='bbox 1081 1125 1208 1158; x_wconf 84' lang='lat' dir='ltr'>rosque</span> <span class='ocrx_word' id='word_1_477' title='bbox 1232 1113 1408 1157; x_wconf 85' lang='lat' dir='ltr'>praeditos</span> <span class='ocrx_word' id='word_1_478' title='bbox 1434 1113 1640 1145; x_wconf 84' lang='lat' dir='ltr'>liberalibus</span> <span class='ocrx_word' id='word_1_479' title='bbox 1658 1112 1807 1155; x_wconf 87' lang='lat' dir='ltr'>ingeniis</span> <span class='ocrx_word' id='word_1_480' title='bbox 1824 1112 1906 1144; x_wconf 87' lang='lat' dir='ltr'>satis</span> <span class='ocrx_word' id='word_1_481' title='bbox 1922 1113 1964 1144; x_wconf 88' lang='lat' dir='ltr'>ad</span> <span class='ocrx_word' id='word_1_482' title='bbox 1982 1108 2068 1144; x_wconf 71' lang='lat' dir='ltr'>llaec</span> 
     </span>
     <span class='ocr_line' id='line_1_74' title="bbox 1081 1164 1639 1197; baseline 0 0"><span class='ocrx_word' id='word_1_483' title='bbox 1081 1166 1195 1197; x_wconf 88' lang='lat' dir='ltr'>studia</span> <span class='ocrx_word' id='word_1_484' title='bbox 1216 1165 1361 1197; x_wconf 90' lang='lat' dir='ltr'>colenda</span> <span class='ocrx_word' id='word_1_485' title='bbox 1381 1164 1542 1196; x_wconf 89' lang='lat' dir='ltr'>incitatos</span> <span class='ocrx_word' id='word_1_486' title='bbox 1558 1175 1639 1197; x_wconf 86' lang='lat' dir='ltr'>esse.</span> 
     </span>
    </p>

    <p class='ocr_par' dir='ltr' id='par_1_16' title="bbox 1081 1213 2069 2469">
     <span class='ocr_line' id='line_1_75' title="bbox 1185 1213 2065 1258; baseline -0.003 -11"><span class='ocrx_word' id='word_1_487' title='bbox 1185 1214 1311 1248; x_wconf 87' lang='lat' dir='ltr'>Graeci</span> <span class='ocrx_word' id='word_1_488' title='bbox 1327 1221 1472 1247; x_wconf 83' lang='lat' dir='ltr'>narrant</span> <span class='ocrx_word' id='word_1_489' title='bbox 1488 1214 1641 1247; x_wconf 80' lang='lat' dir='ltr'>fabulam</span> <span class='ocrx_word' id='word_1_490' title='bbox 1655 1215 1697 1246; x_wconf 88' lang='lat' dir='ltr'>de</span> <span class='ocrx_word' id='word_1_491' title='bbox 1707 1213 1861 1253; x_wconf 85' lang='lat' dir='ltr'>Pallade,</span> <span class='ocrx_word' id='word_1_492' title='bbox 1884 1226 1972 1258; x_wconf 88' lang='lat' dir='ltr'>quae</span> <span class='ocrx_word' id='word_1_493' title='bbox 1987 1225 2065 1245; x_wconf 80' lang='lat' dir='ltr'>rum</span> 
     </span>
     <span class='ocr_line' id='line_1_76' title="bbox 1082 1264 2067 1305; baseline -0.003 -7"><span class='ocrx_word' id='word_1_494' title='bbox 1082 1266 1111 1299; x_wconf 93' lang='lat' dir='ltr'>ei</span> <span class='ocrx_word' id='word_1_495' title='bbox 1128 1266 1231 1299; x_wconf 83' lang='lat' dir='ltr'>tibias</span> <span class='ocrx_word' id='word_1_496' title='bbox 1249 1277 1367 1298; x_wconf 87' lang='lat' dir='ltr'>recens</span> <span class='ocrx_word' id='word_1_497' title='bbox 1385 1265 1545 1297; x_wconf 88' lang='lat' dir='ltr'>inventas</span> <span class='ocrx_word' id='word_1_498' title='bbox 1563 1264 1763 1297; x_wconf 78' lang='lat' dir='ltr'>Mercurius</span> <span class='ocrx_word' id='word_1_499' title='bbox 1785 1265 1965 1305; x_wconf 79' lang='lat' dir='ltr'>donasset,</span> <span class='ocrx_word' id='word_1_500' title='bbox 1993 1276 2067 1296; x_wconf 92' lang='lat' dir='ltr'>am-</span> 
     </span>
     <span class='ocr_line' id='line_1_77' title="bbox 1081 1312 2067 1358; baseline -0.004 -9"><span class='ocrx_word' id='word_1_501' title='bbox 1081 1317 1208 1349; x_wconf 89' lang='lat' dir='ltr'>bulans</span> <span class='ocrx_word' id='word_1_502' title='bbox 1234 1317 1277 1348; x_wconf 90' lang='lat' dir='ltr'>ad</span> <span class='ocrx_word' id='word_1_503' title='bbox 1304 1316 1453 1356; x_wconf 84' lang='lat' dir='ltr'>flumen,</span> <span class='ocrx_word' id='word_1_504' title='bbox 1490 1316 1604 1358; x_wconf 90' lang='lat' dir='ltr'>coepit</span> <span class='ocrx_word' id='word_1_505' title='bbox 1638 1315 1761 1347; x_wconf 82' lang='lat' dir='ltr'>inflare</span> <span class='ocrx_word' id='word_1_506' title='bbox 1797 1315 1930 1349; x_wconf 87' lang='lat' dir='ltr'>tibiam.</span> <span class='ocrx_word' id='word_1_507' title='bbox 1991 1312 2067 1346; x_wconf 82' lang='lat' dir='ltr'>Etsi</span> 
     </span>
     <span class='ocr_line' id='line_1_78' title="bbox 1082 1364 2067 1408; baseline -0.004 -9"><span class='ocrx_word' id='word_1_508' title='bbox 1082 1373 1196 1399; x_wconf 90' lang='lat' dir='ltr'>autem</span> <span class='ocrx_word' id='word_1_509' title='bbox 1224 1366 1488 1399; x_wconf 87' lang='lat' dir='ltr'>demulcebatur</span> <span class='ocrx_word' id='word_1_510' title='bbox 1518 1377 1623 1404; x_wconf 90' lang='lat' dir='ltr'>sono,</span> <span class='ocrx_word' id='word_1_511' title='bbox 1659 1372 1776 1398; x_wconf 87' lang='lat' dir='ltr'>tamen</span> <span class='ocrx_word' id='word_1_512' title='bbox 1803 1377 1880 1397; x_wconf 88' lang='lat' dir='ltr'>cum</span> <span class='ocrx_word' id='word_1_513' title='bbox 1907 1365 1943 1397; x_wconf 91' lang='lat' dir='ltr'>in</span> <span class='ocrx_word' id='word_1_514' title='bbox 1967 1364 2067 1408; x_wconf 85' lang='lat' dir='ltr'>aquis</span> 
     </span>
     <span class='ocr_line' id='line_1_79' title="bbox 1083 1414 2068 1457; baseline -0.001 -9"><span class='ocrx_word' id='word_1_515' title='bbox 1083 1417 1216 1450; x_wconf 87' lang='lat' dir='ltr'>videret</span> <span class='ocrx_word' id='word_1_516' title='bbox 1240 1416 1363 1448; x_wconf 84' lang='lat' dir='ltr'>faciem</span> <span class='ocrx_word' id='word_1_517' title='bbox 1387 1416 1537 1449; x_wconf 89' lang='lat' dir='ltr'>ridicule</span> <span class='ocrx_word' id='word_1_518' title='bbox 1561 1415 1771 1456; x_wconf 81' lang='lat' dir='ltr'>deformari,</span> <span class='ocrx_word' id='word_1_519' title='bbox 1805 1415 1933 1448; x_wconf 82' lang='lat' dir='ltr'>inflatis</span> <span class='ocrx_word' id='word_1_520' title='bbox 1957 1414 2068 1457; x_wconf 84' lang='lat' dir='ltr'>genis,</span> 
     </span>
     <span class='ocr_line' id='line_1_80' title="bbox 1082 1465 2067 1510; baseline -0.004 -10"><span class='ocrx_word' id='word_1_521' title='bbox 1082 1467 1197 1500; x_wconf 86' lang='lat' dir='ltr'>statim</span> <span class='ocrx_word' id='word_1_522' title='bbox 1216 1467 1342 1499; x_wconf 87' lang='lat' dir='ltr'>abiecit</span> <span class='ocrx_word' id='word_1_523' title='bbox 1355 1466 1470 1501; x_wconf 88' lang='lat' dir='ltr'>tibias.</span> <span class='ocrx_word' id='word_1_524' title='bbox 1523 1465 1595 1498; x_wconf 81' lang='lat' dir='ltr'>Has</span> <span class='ocrx_word' id='word_1_525' title='bbox 1613 1466 1750 1510; x_wconf 81' lang='lat' dir='ltr'>Satyri,</span> <span class='ocrx_word' id='word_1_526' title='bbox 1776 1466 1836 1510; x_wconf 87' lang='lat' dir='ltr'>qui</span> <span class='ocrx_word' id='word_1_527' title='bbox 1855 1466 1946 1510; x_wconf 87' lang='lat' dir='ltr'>capti</span> <span class='ocrx_word' id='word_1_528' title='bbox 1964 1465 2067 1498; x_wconf 81' lang='lat' dir='ltr'>novi-</span> 
     </span>
     <span class='ocr_line' id='line_1_81' title="bbox 1083 1516 2067 1560; baseline -0.002 -10"><span class='ocrx_word' id='word_1_529' title='bbox 1083 1524 1151 1550; x_wconf 86' lang='lat' dir='ltr'>tate</span> <span class='ocrx_word' id='word_1_530' title='bbox 1175 1516 1254 1550; x_wconf 89' lang='lat' dir='ltr'>soni</span> <span class='ocrx_word' id='word_1_531' title='bbox 1284 1523 1524 1555; x_wconf 84' lang='lat' dir='ltr'>accurrerant,</span> <span class='ocrx_word' id='word_1_532' title='bbox 1559 1516 1710 1549; x_wconf 88' lang='lat' dir='ltr'>abiectas</span> <span class='ocrx_word' id='word_1_533' title='bbox 1733 1517 1848 1549; x_wconf 86' lang='lat' dir='ltr'>statim</span> <span class='ocrx_word' id='word_1_534' title='bbox 1873 1516 2067 1560; x_wconf 86' lang='lat' dir='ltr'>excipiunt:</span> 
     </span>
     <span class='ocr_line' id='line_1_82' title="bbox 1083 1566 2067 1611; baseline -0.002 -12"><span class='ocrx_word' id='word_1_535' title='bbox 1083 1567 1129 1601; x_wconf 90' lang='lat' dir='ltr'>ita</span> <span class='ocrx_word' id='word_1_536' title='bbox 1153 1567 1258 1601; x_wconf 90' lang='lat' dir='ltr'>tibiae</span> <span class='ocrx_word' id='word_1_537' title='bbox 1281 1573 1415 1611; x_wconf 90' lang='lat' dir='ltr'>spretae</span> <span class='ocrx_word' id='word_1_538' title='bbox 1437 1579 1455 1599; x_wconf 93' lang='lat' dir='ltr'>a</span> <span class='ocrx_word' id='word_1_539' title='bbox 1475 1566 1638 1606; x_wconf 83' lang='lat' dir='ltr'>Pallade,</span> <span class='ocrx_word' id='word_1_540' title='bbox 1666 1573 1856 1611; x_wconf 88' lang='lat' dir='ltr'>coeperunt</span> <span class='ocrx_word' id='word_1_541' title='bbox 1872 1566 2007 1611; x_wconf 84' lang='lat' dir='ltr'>Satyris</span> <span class='ocrx_word' id='word_1_542' title='bbox 2030 1566 2067 1598; x_wconf 87' lang='lat' dir='ltr'>in</span> 
     </span>
     <span class='ocr_line' id='line_1_83' title="bbox 1082 1615 2069 1651; baseline -0.002 0"><span class='ocrx_word' id='word_1_543' title='bbox 1082 1618 1217 1651; x_wconf 88' lang='lat' dir='ltr'>deliciis</span> <span class='ocrx_word' id='word_1_544' title='bbox 1238 1629 1321 1650; x_wconf 90' lang='lat' dir='ltr'>esse.</span> <span class='ocrx_word' id='word_1_545' title='bbox 1372 1616 1429 1651; x_wconf 90' lang='lat' dir='ltr'>Ad</span> <span class='ocrx_word' id='word_1_546' title='bbox 1451 1615 1546 1650; x_wconf 91' lang='lat' dir='ltr'>hunc</span> <span class='ocrx_word' id='word_1_547' title='bbox 1570 1618 1715 1650; x_wconf 89' lang='lat' dir='ltr'>modum</span> <span class='ocrx_word' id='word_1_548' title='bbox 1736 1617 1891 1650; x_wconf 84' lang='lat' dir='ltr'>sinamus</span> <span class='ocrx_word' id='word_1_549' title='bbox 1914 1628 1996 1649; x_wconf 88' lang='lat' dir='ltr'>sanc</span> <span class='ocrx_word' id='word_1_550' title='bbox 2013 1616 2069 1648; x_wconf 93' lang='lat' dir='ltr'>in-</span> 
     </span>
     <span class='ocr_line' id='line_1_84' title="bbox 1082 1667 2066 1712; baseline -0.002 -11"><span class='ocrx_word' id='word_1_551' title='bbox 1082 1669 1183 1712; x_wconf 86' lang='lat' dir='ltr'>genia</span> <span class='ocrx_word' id='word_1_552' title='bbox 1206 1668 1392 1701; x_wconf 89' lang='lat' dir='ltr'>illiberalia</span> <span class='ocrx_word' id='word_1_553' title='bbox 1413 1668 1578 1701; x_wconf 89' lang='lat' dir='ltr'>delectari</span> <span class='ocrx_word' id='word_1_554' title='bbox 1603 1668 1682 1700; x_wconf 89' lang='lat' dir='ltr'>aliis</span> <span class='ocrx_word' id='word_1_555' title='bbox 1704 1668 1897 1711; x_wconf 87' lang='lat' dir='ltr'>agrestibus</span> <span class='ocrx_word' id='word_1_556' title='bbox 1921 1667 2066 1707; x_wconf 89' lang='lat' dir='ltr'>artibus,</span> 
     </span>
     <span class='ocr_line' id='line_1_85' title="bbox 1083 1718 2067 1764; baseline -0.003 -11"><span class='ocrx_word' id='word_1_557' title='bbox 1083 1726 1143 1753; x_wconf 89' lang='lat' dir='ltr'>aut</span> <span class='ocrx_word' id='word_1_558' title='bbox 1161 1719 1277 1763; x_wconf 86' lang='lat' dir='ltr'>potius</span> <span class='ocrx_word' id='word_1_559' title='bbox 1293 1720 1464 1764; x_wconf 87' lang='lat' dir='ltr'>quaedam</span> <span class='ocrx_word' id='word_1_560' title='bbox 1480 1719 1673 1761; x_wconf 84' lang='lat' dir='ltr'>fragmenta</span> <span class='ocrx_word' id='word_1_561' title='bbox 1690 1719 1818 1752; x_wconf 87' lang='lat' dir='ltr'>artium</span> <span class='ocrx_word' id='word_1_562' title='bbox 1833 1718 2067 1758; x_wconf 83' lang='lat' dir='ltr'>circumferre,</span> 
     </span>
     <span class='ocr_line' id='line_1_86' title="bbox 1083 1769 2063 1814; baseline -0.001 -12"><span class='ocrx_word' id='word_1_563' title='bbox 1083 1783 1142 1803; x_wconf 86' lang='lat' dir='ltr'>seu</span> <span class='ocrx_word' id='word_1_564' title='bbox 1161 1776 1324 1814; x_wconf 88' lang='lat' dir='ltr'>quaestus</span> <span class='ocrx_word' id='word_1_565' title='bbox 1347 1782 1469 1808; x_wconf 89' lang='lat' dir='ltr'>causa,</span> <span class='ocrx_word' id='word_1_566' title='bbox 1495 1781 1555 1802; x_wconf 87' lang='lat' dir='ltr'>seu</span> <span class='ocrx_word' id='word_1_567' title='bbox 1578 1776 1616 1802; x_wconf 92' lang='lat' dir='ltr'>ut</span> <span class='ocrx_word' id='word_1_568' title='bbox 1637 1769 1840 1813; x_wconf 87' lang='lat' dir='ltr'>popularem</span> <span class='ocrx_word' id='word_1_569' title='bbox 1859 1769 2063 1812; x_wconf 88' lang='lat' dir='ltr'>opinionem</span> 
     </span>
     <span class='ocr_line' id='line_1_87' title="bbox 1082 1817 2065 1863; baseline -0.003 -9"><span class='ocrx_word' id='word_1_570' title='bbox 1082 1821 1260 1863; x_wconf 84' lang='lat' dir='ltr'>colligant.</span> <span class='ocrx_word' id='word_1_571' title='bbox 1321 1819 1388 1853; x_wconf 92' lang='lat' dir='ltr'>Sed</span> <span class='ocrx_word' id='word_1_572' title='bbox 1412 1818 1551 1854; x_wconf 90' lang='lat' dir='ltr'>honesti</span> <span class='ocrx_word' id='word_1_573' title='bbox 1573 1819 1705 1862; x_wconf 85' lang='lat' dir='ltr'>ingenii</span> <span class='ocrx_word' id='word_1_574' title='bbox 1729 1827 1799 1858; x_wconf 89' lang='lat' dir='ltr'>est,</span> <span class='ocrx_word' id='word_1_575' title='bbox 1834 1817 1925 1852; x_wconf 88' lang='lat' dir='ltr'>nihil</span> <span class='ocrx_word' id='word_1_576' title='bbox 1949 1830 2065 1852; x_wconf 87' lang='lat' dir='ltr'>amare</span> 
     </span>
     <span class='ocr_line' id='line_1_88' title="bbox 1081 1868 2066 1916; baseline -0.003 -12"><span class='ocrx_word' id='word_1_577' title='bbox 1081 1872 1262 1904; x_wconf 88' lang='lat' dir='ltr'>ardentius</span> <span class='ocrx_word' id='word_1_578' title='bbox 1289 1883 1394 1916; x_wconf 88' lang='lat' dir='ltr'>quam</span> <span class='ocrx_word' id='word_1_579' title='bbox 1418 1871 1619 1909; x_wconf 82' lang='lat' dir='ltr'>veritatem,</span> <span class='ocrx_word' id='word_1_580' title='bbox 1651 1877 1684 1903; x_wconf 89' lang='lat' dir='ltr'>et</span> <span class='ocrx_word' id='word_1_581' title='bbox 1708 1868 1772 1903; x_wconf 87' lang='lat' dir='ltr'>hac</span> <span class='ocrx_word' id='word_1_582' title='bbox 1795 1870 1984 1914; x_wconf 87' lang='lat' dir='ltr'>cupiditate</span> <span class='ocrx_word' id='word_1_583' title='bbox 2010 1869 2066 1901; x_wconf 90' lang='lat' dir='ltr'>in-</span> 
     </span>
     <span class='ocr_line' id='line_1_89' title="bbox 1082 1921 2065 1964; baseline -0.002 -9"><span class='ocrx_word' id='word_1_584' title='bbox 1082 1934 1223 1956; x_wconf 86' lang='lat' dir='ltr'>censum</span> <span class='ocrx_word' id='word_1_585' title='bbox 1237 1947 1247 1960; x_wconf 87' lang='lat'>,</span> <span class='ocrx_word' id='word_1_586' title='bbox 1270 1928 1430 1964; x_wconf 88' lang='lat' dir='ltr'>expetere</span> <span class='ocrx_word' id='word_1_587' title='bbox 1447 1921 1596 1954; x_wconf 86' lang='lat' dir='ltr'>solidam</span> <span class='ocrx_word' id='word_1_588' title='bbox 1618 1921 1813 1954; x_wconf 86' lang='lat' dir='ltr'>doctrinam</span> <span class='ocrx_word' id='word_1_589' title='bbox 1837 1922 1878 1954; x_wconf 89' lang='lat' dir='ltr'>de</span> <span class='ocrx_word' id='word_1_590' title='bbox 1900 1921 2065 1953; x_wconf 86' lang='lat' dir='ltr'>universa</span> 
     </span>
     <span class='ocr_line' id='line_1_90' title="bbox 1081 1971 2065 2015; baseline -0.002 -10"><span class='ocrx_word' id='word_1_591' title='bbox 1081 1980 1228 2012; x_wconf 84' lang='lat' dir='ltr'>natura,</span> <span class='ocrx_word' id='word_1_592' title='bbox 1256 1973 1299 2005; x_wconf 90' lang='lat' dir='ltr'>de</span> <span class='ocrx_word' id='word_1_593' title='bbox 1314 1972 1564 2015; x_wconf 87' lang='lat' dir='ltr'>religionibus,</span> <span class='ocrx_word' id='word_1_594' title='bbox 1590 1973 1633 2004; x_wconf 87' lang='lat' dir='ltr'>de</span> <span class='ocrx_word' id='word_1_595' title='bbox 1651 1972 1804 2005; x_wconf 87' lang='lat' dir='ltr'>motibus</span> <span class='ocrx_word' id='word_1_596' title='bbox 1828 1978 1861 2005; x_wconf 90' lang='lat' dir='ltr'>et</span> <span class='ocrx_word' id='word_1_597' title='bbox 1884 1971 2065 2004; x_wconf 80' lang='lat' dir='ltr'>effectibus</span> 
     </span>
     <span class='ocr_line' id='line_1_91' title="bbox 1081 2022 2064 2063; baseline -0.003 -7"><span class='ocrx_word' id='word_1_598' title='bbox 1081 2023 1307 2062; x_wconf 87' lang='lat' dir='ltr'>coelestibus,</span> <span class='ocrx_word' id='word_1_599' title='bbox 1341 2023 1385 2055; x_wconf 86' lang='lat' dir='ltr'>de</span> <span class='ocrx_word' id='word_1_600' title='bbox 1416 2023 1529 2056; x_wconf 88' lang='lat' dir='ltr'>causis</span> <span class='ocrx_word' id='word_1_601' title='bbox 1555 2022 1808 2063; x_wconf 89' lang='lat' dir='ltr'>mutationum,</span> <span class='ocrx_word' id='word_1_602' title='bbox 1843 2034 1915 2055; x_wconf 90' lang='lat' dir='ltr'>non</span> <span class='ocrx_word' id='word_1_603' title='bbox 1950 2022 2064 2055; x_wconf 89' lang='lat' dir='ltr'>solum</span> 
     </span>
     <span class='ocr_line' id='line_1_92' title="bbox 1081 2073 2065 2116; baseline -0.003 -9"><span class='ocrx_word' id='word_1_604' title='bbox 1081 2074 1334 2113; x_wconf 88' lang='lat' dir='ltr'>animantium,</span> <span class='ocrx_word' id='word_1_605' title='bbox 1361 2074 1419 2106; x_wconf 88' lang='lat' dir='ltr'>sed</span> <span class='ocrx_word' id='word_1_606' title='bbox 1438 2073 1540 2106; x_wconf 88' lang='lat' dir='ltr'>etiam</span> <span class='ocrx_word' id='word_1_607' title='bbox 1558 2073 1739 2105; x_wconf 87' lang='lat' dir='ltr'>civitatum</span> <span class='ocrx_word' id='word_1_608' title='bbox 1766 2080 1799 2107; x_wconf 91' lang='lat' dir='ltr'>et</span> <span class='ocrx_word' id='word_1_609' title='bbox 1825 2073 2065 2116; x_wconf 88' lang='lat' dir='ltr'>imperiorum,</span> 
     </span>
     <span class='ocr_line' id='line_1_93' title="bbox 1081 2121 2064 2165; baseline -0.003 -8"><span class='ocrx_word' id='word_1_610' title='bbox 1081 2125 1124 2157; x_wconf 91' lang='lat' dir='ltr'>de</span> <span class='ocrx_word' id='word_1_611' title='bbox 1141 2124 1300 2158; x_wconf 85' lang='lat' dir='ltr'>sontibus</span> <span class='ocrx_word' id='word_1_612' title='bbox 1324 2121 1550 2157; x_wconf 85' lang='lat' dir='ltr'>honestorum</span> <span class='ocrx_word' id='word_1_613' title='bbox 1577 2123 1791 2161; x_wconf 80' lang='lat' dir='ltr'>officiorum,</span> <span class='ocrx_word' id='word_1_614' title='bbox 1819 2130 1851 2157; x_wconf 92' lang='lat' dir='ltr'>et</span> <span class='ocrx_word' id='word_1_615' title='bbox 1874 2121 1940 2156; x_wconf 86' lang='lat' dir='ltr'>boc</span> <span class='ocrx_word' id='word_1_616' title='bbox 1955 2134 2064 2165; x_wconf 86' lang='lat' dir='ltr'>genus</span> 
     </span>
     <span class='ocr_line' id='line_1_94' title="bbox 1081 2171 2066 2218; baseline -0.002 -11"><span class='ocrx_word' id='word_1_617' title='bbox 1081 2175 1169 2208; x_wconf 84' lang='lat' dir='ltr'>aliis.</span> <span class='ocrx_word' id='word_1_618' title='bbox 1235 2174 1274 2209; x_wconf 89' lang='lat' dir='ltr'>Si</span> <span class='ocrx_word' id='word_1_619' title='bbox 1299 2171 1405 2208; x_wconf 86' lang='lat' dir='ltr'>huius</span> <span class='ocrx_word' id='word_1_620' title='bbox 1430 2175 1601 2218; x_wconf 86' lang='lat' dir='ltr'>perfectae</span> <span class='ocrx_word' id='word_1_621' title='bbox 1631 2174 1810 2207; x_wconf 88' lang='lat' dir='ltr'>doctrinae</span> <span class='ocrx_word' id='word_1_622' title='bbox 1835 2174 2066 2207; x_wconf 83' lang='lat' dir='ltr'>admiratione</span> 
     </span>
     <span class='ocr_line' id='line_1_95' title="bbox 1081 2223 2062 2271; baseline -0.003 -12"><span class='ocrx_word' id='word_1_623' title='bbox 1081 2232 1184 2271; x_wconf 84' lang='lat' dir='ltr'>atque</span> <span class='ocrx_word' id='word_1_624' title='bbox 1203 2237 1321 2259; x_wconf 91' lang='lat' dir='ltr'>amore</span> <span class='ocrx_word' id='word_1_625' title='bbox 1344 2232 1525 2263; x_wconf 85' lang='lat' dir='ltr'>tenemur,</span> <span class='ocrx_word' id='word_1_626' title='bbox 1559 2225 1714 2268; x_wconf 81' lang='lat' dir='ltr'>profecto</span> <span class='ocrx_word' id='word_1_627' title='bbox 1743 2225 1846 2257; x_wconf 89' lang='lat' dir='ltr'>etiam</span> <span class='ocrx_word' id='word_1_628' title='bbox 1880 2223 2062 2267; x_wconf 76' lang='lat' dir='ltr'>complecti</span> 
     </span>
     <span class='ocr_line' id='line_1_96' title="bbox 1082 2274 2061 2314; baseline -0.003 -5"><span class='ocrx_word' id='word_1_629' title='bbox 1082 2275 1164 2310; x_wconf 90' lang='lat' dir='ltr'>haec</span> <span class='ocrx_word' id='word_1_630' title='bbox 1190 2276 1360 2309; x_wconf 83' lang='lat' dir='ltr'>elementa</span> <span class='ocrx_word' id='word_1_631' title='bbox 1385 2276 1553 2309; x_wconf 85' lang='lat' dir='ltr'>debemus</span> <span class='ocrx_word' id='word_1_632' title='bbox 1582 2276 1624 2308; x_wconf 90' lang='lat' dir='ltr'>de</span> <span class='ocrx_word' id='word_1_633' title='bbox 1649 2275 1804 2308; x_wconf 90' lang='lat' dir='ltr'>numeris</span> <span class='ocrx_word' id='word_1_634' title='bbox 1824 2282 1855 2308; x_wconf 89' lang='lat' dir='ltr'>et</span> <span class='ocrx_word' id='word_1_635' title='bbox 1876 2274 2061 2314; x_wconf 83' lang='lat' dir='ltr'>mensuris,</span> 
     </span>
     <span class='ocr_line' id='line_1_97' title="bbox 1082 2322 2064 2372; baseline -0.002 -13"><span class='ocrx_word' id='word_1_636' title='bbox 1082 2339 1173 2372; x_wconf 90' lang='lat' dir='ltr'>quae</span> <span class='ocrx_word' id='word_1_637' title='bbox 1189 2327 1323 2360; x_wconf 90' lang='lat' dir='ltr'>aditum</span> <span class='ocrx_word' id='word_1_638' title='bbox 1342 2326 1555 2370; x_wconf 84' lang='lat' dir='ltr'>patefaciunt</span> <span class='ocrx_word' id='word_1_639' title='bbox 1577 2326 1621 2358; x_wconf 86' lang='lat' dir='ltr'>ad</span> <span class='ocrx_word' id='word_1_640' title='bbox 1646 2332 1796 2358; x_wconf 86' lang='lat' dir='ltr'>caeteras</span> <span class='ocrx_word' id='word_1_641' title='bbox 1814 2322 2064 2370; x_wconf 80' lang='lat' dir='ltr'>Philosophiae</span> 
     </span>
     <span class='ocr_line' id='line_1_98' title="bbox 1081 2374 2063 2422; baseline -0.003 -11"><span class='ocrx_word' id='word_1_642' title='bbox 1081 2384 1213 2422; x_wconf 83' lang='lat' dir='ltr'>partes,</span> <span class='ocrx_word' id='word_1_643' title='bbox 1249 2389 1450 2422; x_wconf 87' lang='lat' dir='ltr'>quanquam</span> <span class='ocrx_word' id='word_1_644' title='bbox 1482 2388 1544 2420; x_wconf 82' lang='lat' dir='ltr'>per</span> <span class='ocrx_word' id='word_1_645' title='bbox 1571 2388 1605 2408; x_wconf 87' lang='lat' dir='ltr'>se</span> <span class='ocrx_word' id='word_1_646' title='bbox 1641 2389 1781 2421; x_wconf 88' lang='lat' dir='ltr'>quoque</span> <span class='ocrx_word' id='word_1_647' title='bbox 1815 2377 1965 2410; x_wconf 85' lang='lat' dir='ltr'>multum</span> <span class='ocrx_word' id='word_1_648' title='bbox 2001 2374 2063 2408; x_wconf 86' lang='lat' dir='ltr'>ha-</span> 
     </span>
     <span class='ocr_line' id='line_1_99' title="bbox 1082 2427 1643 2469; baseline -0.004 -8"><span class='ocrx_word' id='word_1_649' title='bbox 1082 2430 1164 2462; x_wconf 89' lang='lat' dir='ltr'>bent</span> <span class='ocrx_word' id='word_1_650' title='bbox 1181 2436 1213 2461; x_wconf 88' lang='lat' dir='ltr'>et</span> <span class='ocrx_word' id='word_1_651' title='bbox 1231 2427 1410 2469; x_wconf 86' lang='lat' dir='ltr'>dignitatis</span> <span class='ocrx_word' id='word_1_652' title='bbox 1426 2435 1457 2461; x_wconf 90' lang='lat' dir='ltr'>et</span> <span class='ocrx_word' id='word_1_653' title='bbox 1473 2427 1643 2461; x_wconf 82' lang='lat' dir='ltr'>utilitatis.</span> 
     </span>
    </p>

    <p class='ocr_par' dir='ltr' id='par_1_17' title="bbox 1076 2473 2062 2727">
     <span class='ocr_line' id='line_1_100' title="bbox 1189 2473 2062 2522; baseline -0.003 -12"><span class='ocrx_word' id='word_1_654' title='bbox 1189 2478 1316 2511; x_wconf 56' lang='lat' dir='ltr'>Videte</span> <span class='ocrx_word' id='word_1_655' title='bbox 1331 2478 1422 2510; x_wconf 89' lang='lat' dir='ltr'>enim</span> <span class='ocrx_word' id='word_1_656' title='bbox 1439 2490 1545 2522; x_wconf 86' lang='lat' dir='ltr'>quam</span> <span class='ocrx_word' id='word_1_657' title='bbox 1563 2478 1629 2510; x_wconf 88' lang='lat' dir='ltr'>late</span> <span class='ocrx_word' id='word_1_658' title='bbox 1648 2484 1762 2521; x_wconf 84' lang='lat' dir='ltr'>pateat</span> <span class='ocrx_word' id='word_1_659' title='bbox 1784 2489 1865 2510; x_wconf 88' lang='lat' dir='ltr'>usus</span> <span class='ocrx_word' id='word_1_660' title='bbox 1881 2473 2062 2509; x_wconf 79' lang='lat' dir='ltr'>Arithtnc-</span> 
     </span>
     <span class='ocr_line' id='line_1_101' title="bbox 1080 2527 2062 2572; baseline -0.007 -8"><span class='ocrx_word' id='word_1_661' title='bbox 1080 2531 1163 2565; x_wconf 85' lang='lat' dir='ltr'>tices</span> <span class='ocrx_word' id='word_1_662' title='bbox 1182 2531 1217 2562; x_wconf 89' lang='lat' dir='ltr'>in</span> <span class='ocrx_word' id='word_1_663' title='bbox 1234 2529 1457 2567; x_wconf 82' lang='lat' dir='ltr'>oeconomia,</span> <span class='ocrx_word' id='word_1_664' title='bbox 1485 2535 1518 2562; x_wconf 91' lang='lat' dir='ltr'>et</span> <span class='ocrx_word' id='word_1_665' title='bbox 1540 2528 1575 2560; x_wconf 91' lang='lat' dir='ltr'>in</span> <span class='ocrx_word' id='word_1_666' title='bbox 1594 2528 1681 2572; x_wconf 76' lang='lat' dir='ltr'>Itep.</span> <span class='ocrx_word' id='word_1_667' title='bbox 1700 2528 1906 2561; x_wconf 76' lang='lat' dir='ltr'>Aristoteles</span> <span class='ocrx_word' id='word_1_668' title='bbox 1930 2527 2062 2563; x_wconf 84' lang='lat' dir='ltr'>scribit,</span> 
     </span>
     <span class='ocr_line' id='line_1_102' title="bbox 1079 2579 2062 2624; baseline -0.005 -10"><span class='ocrx_word' id='word_1_669' title='bbox 1079 2579 1235 2614; x_wconf 84' lang='lat' dir='ltr'>Thraces</span> <span class='ocrx_word' id='word_1_670' title='bbox 1258 2580 1427 2624; x_wconf 83' lang='lat' dir='ltr'>quosdam</span> <span class='ocrx_word' id='word_1_671' title='bbox 1454 2590 1542 2617; x_wconf 82' lang='lat' dir='ltr'>esse,</span> <span class='ocrx_word' id='word_1_672' title='bbox 1571 2579 1629 2624; x_wconf 88' lang='lat' dir='ltr'>qui</span> <span class='ocrx_word' id='word_1_673' title='bbox 1655 2579 1872 2611; x_wconf 85' lang='lat' dir='ltr'>numerando</span> <span class='ocrx_word' id='word_1_674' title='bbox 1895 2590 1964 2610; x_wconf 89' lang='lat' dir='ltr'>non</span> <span class='ocrx_word' id='word_1_675' title='bbox 1984 2589 2062 2620; x_wconf 84' lang='lat' dir='ltr'>pos-</span> 
     </span>
     <span class='ocr_line' id='line_1_103' title="bbox 1077 2627 2061 2675; baseline -0.007 -11"><span class='ocrx_word' id='word_1_676' title='bbox 1077 2639 1157 2666; x_wconf 87' lang='lat' dir='ltr'>sunt</span> <span class='ocrx_word' id='word_1_677' title='bbox 1177 2630 1337 2675; x_wconf 78' lang='lat' dir='ltr'>progredi</span> <span class='ocrx_word' id='word_1_678' title='bbox 1359 2630 1449 2662; x_wconf 86' lang='lat' dir='ltr'>ultra</span> <span class='ocrx_word' id='word_1_679' title='bbox 1475 2637 1635 2675; x_wconf 85' lang='lat' dir='ltr'>quatuor.</span> <span class='ocrx_word' id='word_1_680' title='bbox 1690 2630 1828 2673; x_wconf 86' lang='lat' dir='ltr'>Quaeso</span> <span class='ocrx_word' id='word_1_681' title='bbox 1846 2636 1895 2668; x_wconf 87' lang='lat' dir='ltr'>te,</span> <span class='ocrx_word' id='word_1_682' title='bbox 1922 2640 1964 2660; x_wconf 87' lang='lat' dir='ltr'>an</span> <span class='ocrx_word' id='word_1_683' title='bbox 1983 2627 2061 2659; x_wconf 71' lang='lat' dir='ltr'>tali-</span> 
     </span>
     <span class='ocr_line' id='line_1_104' title="bbox 1076 2678 2061 2727; baseline -0.009 -11"><span class='ocrx_word' id='word_1_684' title='bbox 1076 2683 1140 2717; x_wconf 88' lang='lat' dir='ltr'>bus</span> <span class='ocrx_word' id='word_1_685' title='bbox 1173 2688 1272 2727; x_wconf 90' lang='lat' dir='ltr'>putes</span> <span class='ocrx_word' id='word_1_686' title='bbox 1306 2682 1621 2714; x_wconf 84' lang='lat' dir='ltr'>commendandam</span> <span class='ocrx_word' id='word_1_687' title='bbox 1657 2693 1728 2714; x_wconf 87' lang='lat' dir='ltr'>esse</span> <span class='ocrx_word' id='word_1_688' title='bbox 1760 2678 2061 2724; x_wconf 80' lang='lat' dir='ltr'>gubernationem,</span> 
     </span>
    </p>
   </div>
  </div>
 </body>
</html>
