2338 2958
108 127 183 166 645

108 221 138 248 et
155 211 279 246 hostes.
331 209 512 252 Quaedam
528 210 632 254 igitur
647 212 779 251 simiae,
806 213 935 257 quibus
951 213 1085 247 urbana

108 264 176 297 xita
198 263 391 306 placuerat,
423 262 609 294 convocari
635 263 687 295 sui
713 263 849 305 generis
873 270 1008 296 coetum
1030 263 1085 296 iu—

107 315 199 347 bent.
258 311 382 355 Ibique
406 310 442 342 in
467 318 662 353 conventu,
695 321 733 346 ut
756 320 880 346 natura
904 313 1082 345 simiarum

106 369 156 396 est
169 362 284 405 inepte
302 360 482 401 imitatrix,
509 363 657 395 suadent
670 364 794 395 urbem
808 363 912 395 condi
929 360 1082 395 humano

104 422 220 451 more,
246 418 280 445 et
301 411 468 444 utilitates
489 419 776 452 commemorant,
828 411 939 446 Tutas
961 424 996 445 se
1010 413 1083 445 fore

103 462 269 495 adversus
298 462 416 494 leones
444 468 476 495 et
500 462 601 505 lupos
625 463 826 502 moenibus,
859 469 892 495 et
918 463 1082 495 adversus

102 511 232 544 imbres
263 517 296 544 et
326 511 455 553 frigora
487 512 584 544 tectis
609 519 641 545 et
663 512 864 556 parietibus,
916 509 1082 544 Facturas

101 572 137 594 se
167 561 269 594 etiam
302 558 423 593 hortos
454 561 491 593 in
520 562 689 601 urbibus,
729 573 878 606 quorum
910 562 1081 595 fructibus

101 611 276 644 victitent:
302 622 340 643 ac
362 608 542 644 habituras
564 623 599 644 se
620 619 765 645 narrant
783 610 965 644 hominum
984 623 1080 644 more

100 661 325 706 quotidianos
349 672 570 703 congressus,
593 658 743 701 theatra,
770 661 886 694 ludos:
913 658 1003 694 hanc
1025 661 1080 694 vi-

99 717 153 744 tae
175 711 329 745 urbanae
348 711 557 754 voluptatem
579 707 765 744 hortantur
780 711 959 744 transferri
975 711 1078 744 etiam

100 762 143 794 ad
163 772 263 794 suum
281 772 398 804 genus.
449 759 565 792 Placet
581 772 711 794 novum
729 761 917 794 consilium
935 772 1079 804 magnae

100 811 191 855 parti
216 811 406 846 simiarum.
458 809 670 854 Quanquam
693 818 807 844 autem
827 823 1079 844 commemora-

101 860 150 894 tio
167 860 277 893 facilis
293 866 386 899 erat,
412 865 528 892 tamen
546 872 624 893 cum
641 862 784 894 materia
800 862 974 894 caedenda
992 868 1078 895 esset

99 911 141 943 ad
160 911 281 943 domos
297 909 526 942 aedificandas
537 936 546 950 ,
573 917 605 943 et
621 911 729 943 saltus
743 923 865 954 magna
883 912 1077 956 frequentia

99 960 335 1002 ingrediendi,
361 956 418 992 hic
440 960 591 1002 primum
614 961 957 1002 animadverterunt,
986 962 1078 994 mul-

98 1010 142 1042 tis
170 1009 283 1042 modis
314 1009 477 1053 impediri
503 1022 634 1043 novum
661 1012 859 1046 consilium.
920 1010 1078 1045 Audistis

99 1066 249 1093 veterem
271 1058 503 1101 Hermogenis
526 1061 698 1099 fabulam,
726 1062 932 1094 celebratam
956 1062 1077 1094 docto-

97 1121 176 1142 rum
208 1109 334 1142 literis:
376 1109 457 1153 quia
488 1110 618 1142 multae
651 1121 787 1154 semper
817 1118 850 1144 et
878 1112 1022 1144 fuerunt
1044 1117 1078 1144 et

97 1165 197 1202 sunt,
232 1165 265 1191 et
294 1165 398 1192 erunt
425 1159 510 1191 tales
533 1160 654 1192 simiae
674 1161 883 1194 conditrices
905 1173 1076 1193 novarum

98 1209 278 1242 civitatum
310 1216 342 1242 et
366 1221 536 1241 novarum
561 1207 810 1245 Ecclesiarum.
861 1209 964 1243 Extat
989 1211 1078 1243 liber

97 1257 204 1301 Pigii,
231 1270 333 1303 quem
350 1265 448 1291 vocat
464 1257 705 1291 Hierarcbiam
722 1258 1014 1300 Ecclesiasticam‚
1040 1260 1078 1292 in

97 1320 164 1352 qua
190 1309 236 1340 ita
263 1309 425 1351 praefecit
447 1306 622 1341 Ecclesiae
643 1308 843 1343 Romanum
863 1309 1079 1350 Pontificem,

98 1364 135 1390 ut
160 1359 349 1391 contendat
374 1370 452 1390 eum
476 1370 520 1391 ne
543 1359 683 1402 quidem
703 1371 801 1403 posse
818 1372 943 1392 errare.
995 1359 1077 1392 Ideo

97 1407 256 1440 attribuit
277 1408 306 1440 ei
325 1406 413 1440 banc
431 1414 632 1450 potestatem
650 1409 903 1453 interpretandi
921 1407 1078 1453 Prophe-

97 1464 210 1490 tarum
235 1463 266 1490 et
292 1456 541 1500 Apostolorum
568 1458 677 1499 dicta,
717 1466 749 1491 et
774 1459 847 1492 eius
870 1459 1076 1503 interpreta-

96 1507 183 1540 tioni
200 1514 364 1551 tanquam
383 1508 458 1540 voci
475 1508 611 1541 coelesti
629 1509 820 1552 parendum
836 1521 906 1541 esse
919 1509 1076 1542 affirmat.

96 1555 192 1590 Haec
217 1569 358 1600 prorsus
381 1564 430 1590 est
455 1558 512 1590 illa
538 1558 659 1590 simiae
682 1559 922 1591 commenticia
945 1559 1077 1591 civitas.

97 1606 156 1640 An
185 1619 255 1639 non
289 1608 450 1640 errabant
480 1608 678 1651 pontifices,
719 1620 797 1640 cum
830 1605 1009 1641 Christum
1043 1614 1076 1641 ct

97 1656 285 1700 Apostolos
302 1657 560 1690 interficerent?
611 1655 765 1690 Ecclesia
783 1665 901 1691 coetus
919 1664 988 1698 est,
1015 1657 1075 1702 qui

99 1707 204 1740 verbo
227 1706 290 1740 Dei
314 1707 446 1749 regitur
471 1713 503 1740 et
527 1706 662 1750 Spiritu
684 1714 820 1747 sancto,
841 1715 875 1741 et
895 1705 997 1740 babet
1014 1719 1075 1750 pa-

97 1762 205 1790 stores
229 1769 289 1790 seu
312 1755 498 1796 Doctores,
532 1769 681 1800 quorum
705 1768 832 1790 munus
854 1764 904 1790 est
929 1758 1074 1789 verbum

96 1804 162 1839 Dei
185 1817 398 1850 proponere,
421 1813 461 1839 ut
481 1818 560 1839 vera
586 1807 762 1839 invocatio
781 1806 850 1839 Dei
868 1807 1076 1839 accendatur

97 1856 135 1888 in
165 1856 312 1895 animis,
346 1862 380 1889 et
408 1855 536 1888 iustitia
567 1863 600 1889 et
624 1856 694 1889 vita
718 1863 855 1889 aeterna
880 1853 1076 1895 inchoetur,

97 1918 170 1939 non
187 1907 376 1939 concedere
393 1917 483 1937 nova
501 1905 644 1949 imperia
656 1932 666 1945 ,
693 1912 723 1938 et
739 1906 830 1948 leges
847 1906 936 1938 ferre
951 1906 991 1937 ad
1014 1917 1075 1948 po-

97 1956 241 1990 tentiam
265 1955 521 1989 stabiliendam.
588 1953 633 1988 Et
658 1953 741 1988 baec
765 1954 919 1988 Ecclesia
943 1963 1074 1988 exercet

96 2006 247 2046 iudicia,
290 2005 466 2048 cognoscit
496 2005 750 2038 controversias
782 2007 1000 2047 dogmatum,
1043 2012 1101 2038 et*

96 2057 208 2090 reiicit
222 2057 405 2099 opiniones
420 2062 614 2099 pugnantes
630 2067 707 2087 cum
725 2056 830 2087 verbo
845 2054 922 2088 Dei.
967 2054 1075 2088 Cum-

96 2119 164 2152 que
183 2107 334 2140 existunt
352 2105 606 2139 controversiae
626 2106 668 2138 de
685 2105 813 2148 scripto
829 2111 861 2137 et
877 2106 919 2137 de
935 2112 1075 2138 senten-

96 2157 165 2197 tia,
191 2157 285 2190 videt
303 2155 459 2190 Ecclesia
484 2155 637 2188 nativam
664 2155 881 2188 sententiam.
932 2154 1076 2197 Semper

97 2206 191 2240 enim
215 2206 324 2250 aliqui
348 2207 481 2238 donum
506 2205 803 2249 interpretationis
822 2202 961 2239 habeut.
1012 2203 1075 2238 Est

97 2257 190 2290 enim
217 2256 252 2288 in
267 2254 421 2291 Ecclesia
445 2266 516 2289 non
543 2262 691 2298 potestas
715 2255 806 2297 regia
826 2266 884 2288 seu
904 2254 1074 2297 praetoria

98 2305 371 2350 interpretandi,
400 2303 467 2338 hoc
493 2312 559 2345 est,
593 2317 680 2350 quae
705 2306 748 2338 sit
771 2304 854 2338 certi
878 2304 1012 2337 ordinis
1037 2316 1075 2337 ac

96 2356 254 2395 muneri,
279 2368 382 2400 quam
404 2355 565 2399 amplecti
589 2362 730 2399 propter
753 2355 912 2388 ordinem
933 2361 991 2388 aut
1008 2366 1076 2387 nu-

97 2418 231 2439 merum
251 2417 386 2439 necesse
403 2405 461 2438 sit.
512 2404 662 2439 Possunt
677 2403 842 2448 Episcopi
861 2411 893 2437 et
909 2403 1076 2438 Doctores

98 2456 242 2500 plurimi
265 2456 338 2489 salli
361 2462 393 2489 et
410 2453 638 2495 hallucinari,
664 2462 696 2488 et
712 2462 827 2489 tamen
846 2455 984 2488 interim
1002 2467 1075 2487 ma-

99 2513 158 2540 net
183 2507 220 2538 in
242 2504 397 2539 Ecclesia
420 2506 552 2537 donum
578 2505 885 2548 interpretationis.
944 2502 1074 2538 Zacha-

100 2556 186 2596 rias,
211 2555 373 2595 Simeon,
399 2554 575 2595 Elizabet,
601 2555 713 2588 Maria
733 2554 974 2597 intelligebant
989 2554 1075 2588 Pro-

100 2602 238 2650 phetas,
264 2606 395 2640 etiamsi
419 2605 598 2650 pontifices
620 2612 653 2639 et
677 2606 824 2638 maxima
843 2615 922 2648 pars
938 2605 1075 2648 collegii

100 2656 292 2689 scribarum
310 2656 426 2701 impiis
440 2655 619 2689 erroribus
635 2655 792 2688 fascinati
810 2662 933 2687 essent.

560 125 718 163 DECL.
753 126 824 163 DE
859 126 1022 163 DONO
1059 125 1666 167 INTERPRETATIONIS.

2045 136 2118 173 646

1238 212 1410 256 Depravat
1445 213 1593 248 Paulum
1625 213 1818 259 Origenes,
1862 224 1894 251 et
1923 216 2116 263 Origenem

1137 261 1238 294 multi
1262 263 1368 295 secuti
1393 271 1484 298 sunt.
1538 266 1612 298 Nec
1636 273 1816 310 propterea
1842 274 1957 301 tamen
1975 282 2116 313 prorsus

1135 311 1324 344 extinctum
1350 313 1416 345 suit
1435 314 1471 345 in
1487 313 1640 348 Ecclesia
1658 317 1788 349 donum
1806 318 2115 362 interpretationis.

1133 360 1263 393 Melius
1283 362 1376 394 enim
1395 364 1548 397 reddunt
1564 367 1769 399 sententiam
1786 366 1885 401 Pauli
1904 367 2114 404 Ambrosius

1133 417 1166 443 et
1187 408 1425 453 Augustinus,
1458 420 1539 447 sunt
1562 421 1676 447 autem
1701 423 1734 449 et
1757 419 1884 459 gradus
1909 430 2028 453 eorum
2052 421 2113 465 qui

1131 466 1222 493 recte
1245 461 1419 502 sentiunt,
1445 462 1535 496 alius
1555 463 1623 496 alio
1648 465 1726 507 plus
1751 466 1837 500 lucis
1860 466 1976 504 habet.
2029 468 2113 503 Illae

1130 522 1213 542 vero
1236 510 1396 554 politicae
1418 512 1603 555 opiniones
1626 515 1668 546 de
1693 515 1784 557 regia
1808 524 1839 550 et
1859 519 2030 560 praetoria
2049 532 2113 564 po-

1129 566 1249 594 testate
1264 572 1407 604 prorsus
1424 561 1558 596 alienae
1575 569 1657 596 sunt
1673 564 1717 597 ab
1735 562 1888 599 Ecclesia
1906 566 1984 603 Dei.

1230 633 1297 667 Sed
1310 634 1402 669 dicet
1413 636 1555 681 aliquis:
1578 636 1756 679 Quorsum
1770 638 1875 681 igitur
1887 640 2008 674 attinet
2018 642 2112 674 iudi-

1129 683 1179 717 cia
1201 685 1432 725 constituere,
1458 687 1486 719 si
1510 688 1605 720 deest
1624 694 1773 730 potestas
1789 688 2112 733 interpretationis?

1130 733 1203 767 lmo
1228 746 1365 767 necesse
1389 742 1437 769 est
1461 736 1588 770 iudicia
1609 737 1794 779 constitui,
1822 740 1879 772 sed
1898 751 1970 772 non
1991 747 2110 785 tyran-

1128 783 1218 817 nica.
1271 783 1401 818 Paulus
1424 786 1556 831 inquit:
1583 786 1622 821 Si
1640 787 1745 821 fuerit
1758 789 1893 822 sedenti
1908 791 2111 832 revelatum,

1128 840 1235 867 taceat
1252 835 1358 878 prior.
1406 835 1585 879 Legantur
1599 837 1732 871 iudices
1747 850 1786 871 ex
1802 845 1874 872 toto
1888 851 2033 883 corpore
2042 838 2111 873 Ec-

1128 884 1268 924 clesiae,
1292 897 1364 917 non
1389 897 1429 918 ex
1451 898 1522 919 uno
1542 887 1684 925 ordine,
1710 894 1770 921 aut
1791 900 1860 921 una
1878 889 2027 923 factione
2044 891 2111 923 ali-

1127 934 1188 978 qui
1205 935 1388 968 coniurati.
1441 934 1488 970 Et
1503 936 1547 970 sit
1563 936 1665 969 iudex
1681 948 1848 976 summus,
1876 938 2033 973 Verbum
2044 939 2110 974 Dei

1128 984 1299 1017 divinitus
1323 985 1508 1018 traditum:
1536 992 1568 1019 et
1589 986 1617 1019 si
1638 987 1703 1021 erit
1720 989 1956 1022 controversia
1970 991 2013 1023 de
2031 1002 2110 1023 sen-

1127 1034 1255 1074 tentia,
1279 1035 1419 1067 collatio
1444 1037 1602 1069 ostendet
1625 1048 1741 1069 veram
1762 1039 1981 1074 sententiam.
2035 1039 2112 1073 Ad-

1126 1083 1342 1117 iuvabuntur
1357 1085 1405 1128 pii
1421 1085 1523 1118 etiam
1538 1086 1747 1119 testimoniis
1759 1088 1910 1131 purioris
1918 1087 2110 1123 Ecclesiae:

1127 1145 1209 1166 nam
1224 1131 1308 1166 haec
1325 1146 1394 1167 non
1413 1142 1494 1168 sunt
1509 1138 1737 1179 aspernanda.
1792 1136 1850 1171 Sic
1865 1139 2030 1172 adversus
2045 1139 2111 1173 Sa-

1127 1190 1344 1217 mosatcnum
1381 1186 1638 1228 pronunciabat
1677 1185 1841 1232 Synodus
1875 1187 2111 1225 Antiochena.

1128 1231 1369 1267 Ostendebant
1394 1235 1461 1277 pii,
1495 1236 1630 1268 collatis
1653 1236 1814 1279 pluribus
1839 1237 1957 1278 dictis,
1993 1239 2030 1271 in
2053 1238 2111 1272 Io-

1127 1280 1243 1315 hanne
1258 1280 1369 1330 λόγον
1384 1284 1577 1327 significare
1592 1297 1796 1329 personam,
1824 1293 1857 1320 et
1873 1288 2110 1330 adiungebant

1128 1333 1325 1366 testimonia
1361 1335 1489 1369 tradita
1523 1335 1567 1367 ab
1595 1336 1814 1369 auditoribus
1844 1337 2111 1380 discipulorum,

1127 1382 1339 1427 Polycarpo,
1374 1383 1517 1424 lreneo,
1551 1392 1583 1418 et
1614 1385 1799 1420 similibus.
1851 1385 2110 1421 Adsentieban-

1127 1438 1185 1465 tur
1208 1444 1288 1475 ergo
1311 1439 1343 1466 et
1366 1434 1665 1468 confirmabantur
1688 1436 1736 1478 pii
1751 1436 1946 1475 auditores,
1973 1438 2110 1471 etiamsi

1127 1483 1300 1526 compesci
1317 1483 1563 1517 Samosatenus
1588 1492 1620 1517 et
1645 1485 1718 1517 eius
1741 1483 1909 1519 thiasotae
1933 1499 2004 1519 non
2028 1500 2109 1531 pos-

1127 1539 1213 1566 sent.
1267 1531 1316 1564 lta
1340 1544 1433 1566 nunc
1455 1533 1586 1567 iudicat
1612 1532 1764 1567 Ecclesia
1789 1542 1919 1570 nostra.
1970 1536 2110 1570 Confir-

1127 1593 1261 1613 mamus
1294 1589 1427 1614 nostras
1461 1584 1649 1616 sententias
1675 1585 1785 1622 veris,
1821 1592 1853 1617 et
1878 1598 1950 1617 non
1976 1587 2110 1620 calum-

1126 1631 1241 1669 niose,
1269 1643 1339 1663 non
1354 1630 1618 1676 sycophantice‚
1645 1645 1715 1665 non
1731 1631 1934 1676 sophistice,
1959 1638 2108 1680 exceptis

1126 1680 1334 1713 testimoniis
1363 1681 1571 1725 scriptorum
1605 1681 1887 1726 propheticorum
1912 1692 1943 1717 et
1969 1694 2109 1729 aposto-

1126 1730 1287 1764 licorum.
1340 1729 1577 1773 Adiungimus
1598 1732 1700 1765 etiam
1719 1734 1935 1777 antiquitatis
1955 1737 2109 1777 purioris

1126 1779 1255 1811 iudicia
1278 1787 1310 1812 et
1331 1781 1498 1824 exempla.
1547 1780 1680 1825 Estque
1701 1782 1767 1824 piis
1787 1790 1818 1815 et
1835 1785 2033 1818 amantibus
2049 1798 2110 1819 ve-

1126 1829 1262 1862 ritatem
1294 1829 1404 1862 facilis
1434 1830 1640 1864 diiudicatio
1664 1832 1980 1878 controversiarum
2005 1833 2110 1869 buius

1126 1879 1257 1913 aetatis,
1295 1878 1555 1913 Adsentiuntur
1570 1892 1650 1923 ergo
1667 1881 1779 1914 honae
1796 1889 1947 1923 mentes,
1973 1885 2108 1918 etiamsi

1126 1928 1266 1961 interim
1289 1930 1523 1969 adversarios,
1549 1931 1608 1975 qui
1632 1931 1685 1963 vel
1704 1931 1816 1965 ventri
1834 1943 1895 1964 suo
1908 1959 1916 1971 ,
1944 1935 1998 1966 vel
2016 1935 2108 1968 odiis

1126 1978 1303 2018 serviunt,
1336 1980 1391 2012 vel
1413 1980 1571 2013 fascinati
1596 1989 1678 2015 sunt
1703 1982 2027 2024 superstitionibus,
2054 1986 2109 2018 vel

1126 2028 1357 2061 admiratione
1376 2041 1457 2062 suae
1474 2031 1664 2073 sapientiae
1682 2031 1866 2065 fastidiunt
1883 2033 1925 2065 ab
1943 2034 2020 2067 aliis
2037 2041 2110 2068 tra-

1127 2078 1218 2119 dita,
1239 2078 1377 2112 flectere
1395 2091 1467 2112 non
1486 2091 1680 2123 possumus.

1227 2149 1297 2183 Nec
1326 2157 1465 2184 nostrae
1487 2151 1767 2195 interpretationi
1790 2160 1934 2197 propter
1957 2162 2109 2198 potesta—

1127 2208 1195 2235 tem
1228 2201 1381 2245 aliquam
1414 2201 1507 2234 credi
1540 2201 1725 2242 volumus,
1756 2204 1815 2235 sed
1849 2205 1924 2235 voci
1955 2206 2109 2241 divinae.

1127 2250 1230 2284 Mens
1253 2263 1324 2283 non
1349 2251 1486 2284 invocat
1505 2250 1638 2290 Deum,
1666 2264 1736 2284 non
1764 2254 1893 2285 accedit
1919 2255 1959 2285 ad
1981 2253 2108 2297 Deum,

1126 2301 1154 2334 si
1185 2306 1321 2334 tantum
1349 2301 1461 2334 adfert
1492 2301 1696 2344 opinionem
1726 2302 1769 2334 de
1796 2301 1870 2335 Deo
1906 2300 2107 2342 humanam.

1126 2349 1321 2384 Audierant
1346 2347 1560 2383 Antiocheni
1594 2350 1864 2394 disputationem
1898 2361 2018 2387 contra
2043 2355 2108 2389 Sa—

1125 2407 1360 2434 mosatenum:
1389 2407 1421 2433 et
1445 2400 1617 2433 admoniti
1643 2412 1725 2433 voce
1742 2402 1961 2443 docentium,
1988 2406 2108 2438 crede-

1126 2453 1211 2484 bant
1242 2447 1352 2497 λόγον
1387 2461 1458 2483 esse
1491 2462 1690 2493 personam:
1725 2452 1783 2484 sed
1815 2453 2001 2487 credebant
2032 2468 2104 2487 non

1127 2507 1267 2547 propter
1289 2500 1508 2533 autoritatem
1533 2500 1783 2541 iudicantium,
1809 2504 1867 2534 sed
1893 2512 2033 2546 propter
2051 2506 2105 2537 di-

1126 2559 1177 2586 cta
1197 2549 1389 2593 Evangelii.
1442 2548 1655 2583 lnvocabant
1674 2551 1784 2583 filium
1803 2551 1887 2592 Dei,
1915 2555 2032 2586 confisi
2051 2555 2104 2585 ‹li-

1128 2602 1218 2635 vinis
1241 2600 1470 2640 testimoniis,
1498 2612 1569 2633 non
1595 2599 1720 2633 borum
1741 2601 1895 2634 iudicum
1914 2605 2104 2638 sententiis.

1127 2652 1203 2685 Hoc
1220 2651 1324 2684 modo
1343 2662 1395 2684 res
1412 2650 1447 2682 in
1463 2648 1616 2683 Ecclesia
1636 2651 1846 2685 iudicantur.

1416 2697 1498 2733 41*
