<?xml version="1.0" encoding="UTF-8"?>
<!DOCTYPE html PUBLIC "-//W3C//DTD XHTML 1.0 Transitional//EN"
    "http://www.w3.org/TR/xhtml1/DTD/xhtml1-transitional.dtd">
<html xmlns="http://www.w3.org/1999/xhtml" xml:lang="en" lang="en">
 <head>
  <title>
</title>
<meta http-equiv="Content-Type" content="text/html;charset=utf-8" />
  <meta name='ocr-system' content='tesseract 3.04.00' />
  <meta name='ocr-capabilities' content='ocr_page ocr_carea ocr_par ocr_line ocrx_word'/>
</head>
<body>
  <div class='ocr_page' id='page_1' title='image "./operaquaesupersu11melauoft_0516.png"; bbox 0 0 2338 2958; ppageno 0'>
   <div class='ocr_carea' id='block_1_1' title="bbox 187 131 286 167">
    <p class='ocr_par' dir='ltr' id='par_1_1' title="bbox 187 131 286 167">
     <span class='ocr_line' id='line_1_1' title="bbox 187 131 286 167; baseline 0 0"><span class='ocrx_word' id='word_1_1' title='bbox 187 131 286 167; x_wconf 86' lang='lat'>1015</span> 
     </span>
    </p>
   </div>
   <div class='ocr_carea' id='block_1_2' title="bbox 182 211 1180 603">
    <p class='ocr_par' dir='ltr' id='par_1_2' title="bbox 182 211 1180 603">
     <span class='ocr_line' id='line_1_2' title="bbox 182 211 1176 262; baseline -0.01 -10"><span class='ocrx_word' id='word_1_2' title='bbox 182 228 346 262; x_wconf 87' lang='lat' dir='ltr'>praeceps</span> <span class='ocrx_word' id='word_1_3' title='bbox 368 216 510 260; x_wconf 87' lang='lat' dir='ltr'>lingua,</span> <span class='ocrx_word' id='word_1_4' title='bbox 539 213 598 246; x_wconf 89' lang='lat' dir='ltr'>sed</span> <span class='ocrx_word' id='word_1_5' title='bbox 622 211 755 245; x_wconf 82' lang='lat' dir='ltr'>crebris</span> <span class='ocrx_word' id='word_1_6' title='bbox 777 211 966 254; x_wconf 79' lang='lat' dir='ltr'>gemitibus</span> <span class='ocrx_word' id='word_1_7' title='bbox 989 216 1123 254; x_wconf 77' lang='lat' dir='ltr'>repetat</span> <span class='ocrx_word' id='word_1_8' title='bbox 1142 216 1176 243; x_wconf 90' lang='lat' dir='ltr'>et</span> 
     </span>
     <span class='ocr_line' id='line_1_3' title="bbox 182 260 1176 308; baseline -0.01 -5"><span class='ocrx_word' id='word_1_9' title='bbox 182 267 251 302; x_wconf 86' lang='lat' dir='ltr'>hoc</span> <span class='ocrx_word' id='word_1_10' title='bbox 273 269 406 302; x_wconf 90' lang='lat' dir='ltr'>dictum</span> <span class='ocrx_word' id='word_1_11' title='bbox 432 265 522 308; x_wconf 86' lang='lat' dir='ltr'>regis</span> <span class='ocrx_word' id='word_1_12' title='bbox 544 260 723 307; x_wconf 86' lang='lat' dir='ltr'>Iosaphat:</span> <span class='ocrx_word' id='word_1_13' title='bbox 765 261 856 295; x_wconf 89' lang='lat' dir='ltr'>Cum</span> <span class='ocrx_word' id='word_1_14' title='bbox 882 261 1058 294; x_wconf 89' lang='lat' dir='ltr'>nescimus</span> <span class='ocrx_word' id='word_1_15' title='bbox 1089 261 1176 305; x_wconf 86' lang='lat' dir='ltr'>quid</span> 
     </span>
     <span class='ocr_line' id='line_1_4' title="bbox 183 311 1177 362; baseline -0.01 -9"><span class='ocrx_word' id='word_1_16' title='bbox 183 319 228 352; x_wconf 88' lang='lat' dir='ltr'>sit</span> <span class='ocrx_word' id='word_1_17' title='bbox 244 320 416 362; x_wconf 86' lang='lat' dir='ltr'>agendum</span> <span class='ocrx_word' id='word_1_18' title='bbox 429 344 438 357; x_wconf 98' lang='lat'>,</span> <span class='ocrx_word' id='word_1_19' title='bbox 464 314 554 349; x_wconf 89' lang='lat' dir='ltr'>Ecce</span> <span class='ocrx_word' id='word_1_20' title='bbox 570 313 663 347; x_wconf 89' lang='lat' dir='ltr'>oculi</span> <span class='ocrx_word' id='word_1_21' title='bbox 682 313 794 346; x_wconf 87' lang='lat' dir='ltr'>nostri</span> <span class='ocrx_word' id='word_1_22' title='bbox 810 313 853 345; x_wconf 88' lang='lat' dir='ltr'>ad</span> <span class='ocrx_word' id='word_1_23' title='bbox 872 319 904 345; x_wconf 92' lang='lat' dir='ltr'>te</span> <span class='ocrx_word' id='word_1_24' title='bbox 924 311 1020 345; x_wconf 88' lang='lat' dir='ltr'>Deus</span> <span class='ocrx_word' id='word_1_25' title='bbox 1042 312 1177 345; x_wconf 84' lang='lat' dir='ltr'>tollun-</span> 
     </span>
     <span class='ocr_line' id='line_1_5' title="bbox 185 362 1178 406; baseline -0.009 -3"><span class='ocrx_word' id='word_1_26' title='bbox 185 377 254 404; x_wconf 89' lang='lat' dir='ltr'>tur.</span> <span class='ocrx_word' id='word_1_27' title='bbox 307 368 352 402; x_wconf 91' lang='lat' dir='ltr'>Et</span> <span class='ocrx_word' id='word_1_28' title='bbox 368 367 456 400; x_wconf 89' lang='lat' dir='ltr'>illud</span> <span class='ocrx_word' id='word_1_29' title='bbox 479 366 612 398; x_wconf 87' lang='lat' dir='ltr'>dictum</span> <span class='ocrx_word' id='word_1_30' title='bbox 630 363 795 397; x_wconf 87' lang='lat' dir='ltr'>Domini:</span> <span class='ocrx_word' id='word_1_31' title='bbox 822 363 964 405; x_wconf 86' lang='lat' dir='ltr'>Quanto</span> <span class='ocrx_word' id='word_1_32' title='bbox 983 362 1092 405; x_wconf 88' lang='lat' dir='ltr'>magis</span> <span class='ocrx_word' id='word_1_33' title='bbox 1118 373 1178 406; x_wconf 91' lang='lat' dir='ltr'>pa-</span> 
     </span>
     <span class='ocr_line' id='line_1_6' title="bbox 186 413 1178 458; baseline -0.009 -4"><span class='ocrx_word' id='word_1_34' title='bbox 186 427 238 454; x_wconf 90' lang='lat' dir='ltr'>ter</span> <span class='ocrx_word' id='word_1_35' title='bbox 254 426 366 452; x_wconf 91' lang='lat' dir='ltr'>vester</span> <span class='ocrx_word' id='word_1_36' title='bbox 384 416 542 450; x_wconf 86' lang='lat' dir='ltr'>coelestis</span> <span class='ocrx_word' id='word_1_37' title='bbox 560 415 659 448; x_wconf 87' lang='lat' dir='ltr'>dabit</span> <span class='ocrx_word' id='word_1_38' title='bbox 679 413 853 458; x_wconf 84' lang='lat' dir='ltr'>Spiritum</span> <span class='ocrx_word' id='word_1_39' title='bbox 877 420 1037 447; x_wconf 90' lang='lat' dir='ltr'>sanctum</span> <span class='ocrx_word' id='word_1_40' title='bbox 1056 420 1178 456; x_wconf 88' lang='lat' dir='ltr'>peten-</span> 
     </span>
     <span class='ocr_line' id='line_1_7' title="bbox 189 463 1179 503; baseline -0.007 0"><span class='ocrx_word' id='word_1_41' title='bbox 189 469 308 503; x_wconf 80' lang='lat' dir='ltr'>tibus?</span> <span class='ocrx_word' id='word_1_42' title='bbox 350 466 397 502; x_wconf 88' lang='lat' dir='ltr'>Et</span> <span class='ocrx_word' id='word_1_43' title='bbox 419 467 508 500; x_wconf 86' lang='lat' dir='ltr'>illud</span> <span class='ocrx_word' id='word_1_44' title='bbox 525 465 744 499; x_wconf 85' lang='lat' dir='ltr'>Salomonis:</span> <span class='ocrx_word' id='word_1_45' title='bbox 778 463 831 498; x_wconf 83' lang='lat' dir='ltr'>Da</span> <span class='ocrx_word' id='word_1_46' title='bbox 848 475 949 497; x_wconf 84' lang='lat' dir='ltr'>servo</span> <span class='ocrx_word' id='word_1_47' title='bbox 969 471 1028 498; x_wconf 91' lang='lat' dir='ltr'>tuo</span> <span class='ocrx_word' id='word_1_48' title='bbox 1047 475 1107 496; x_wconf 91' lang='lat' dir='ltr'>cor</span> <span class='ocrx_word' id='word_1_49' title='bbox 1123 463 1179 496; x_wconf 91' lang='lat' dir='ltr'>in-</span> 
     </span>
     <span class='ocr_line' id='line_1_8' title="bbox 188 514 1180 562; baseline -0.005 -9"><span class='ocrx_word' id='word_1_50' title='bbox 188 521 364 562; x_wconf 82' lang='lat' dir='ltr'>telligens,</span> <span class='ocrx_word' id='word_1_51' title='bbox 405 525 444 551; x_wconf 91' lang='lat' dir='ltr'>ut</span> <span class='ocrx_word' id='word_1_52' title='bbox 469 516 640 562; x_wconf 88' lang='lat' dir='ltr'>populum</span> <span class='ocrx_word' id='word_1_53' title='bbox 672 522 772 549; x_wconf 91' lang='lat' dir='ltr'>tuum</span> <span class='ocrx_word' id='word_1_54' title='bbox 800 514 955 548; x_wconf 85' lang='lat' dir='ltr'>iudicare</span> <span class='ocrx_word' id='word_1_55' title='bbox 982 514 1108 558; x_wconf 82' lang='lat' dir='ltr'>possit,</span> <span class='ocrx_word' id='word_1_56' title='bbox 1147 521 1180 548; x_wconf 89' lang='lat' dir='ltr'>et</span> 
     </span>
     <span class='ocr_line' id='line_1_9' title="bbox 187 566 860 603; baseline -0.007 0"><span class='ocrx_word' id='word_1_57' title='bbox 187 570 385 603; x_wconf 90' lang='lat' dir='ltr'>discernere</span> <span class='ocrx_word' id='word_1_58' title='bbox 400 569 492 602; x_wconf 89' lang='lat' dir='ltr'>inter</span> <span class='ocrx_word' id='word_1_59' title='bbox 513 569 645 601; x_wconf 90' lang='lat' dir='ltr'>bonum</span> <span class='ocrx_word' id='word_1_60' title='bbox 665 573 698 599; x_wconf 88' lang='lat' dir='ltr'>et</span> <span class='ocrx_word' id='word_1_61' title='bbox 716 566 860 601; x_wconf 88' lang='lat' dir='ltr'>malum.</span> 
     </span>
    </p>
   </div>
   <div class='ocr_carea' id='block_1_3' title="bbox 189 640 1182 841">
    <p class='ocr_par' dir='ltr' id='par_1_3' title="bbox 189 640 1182 841">
     <span class='ocr_line' id='line_1_10' title="bbox 290 640 1182 687; baseline -0.007 -8"><span class='ocrx_word' id='word_1_62' title='bbox 290 645 371 679; x_wconf 89' lang='lat' dir='ltr'>Non</span> <span class='ocrx_word' id='word_1_63' title='bbox 389 645 583 678; x_wconf 89' lang='lat' dir='ltr'>existimate</span> <span class='ocrx_word' id='word_1_64' title='bbox 594 642 810 682; x_wconf 77' lang='lat' dir='ltr'>Stationem,</span> <span class='ocrx_word' id='word_1_65' title='bbox 837 642 874 675; x_wconf 92' lang='lat' dir='ltr'>in</span> <span class='ocrx_word' id='word_1_66' title='bbox 891 654 995 687; x_wconf 85' lang='lat' dir='ltr'>quam</span> <span class='ocrx_word' id='word_1_67' title='bbox 1006 640 1102 675; x_wconf 89' lang='lat' dir='ltr'>Deus</span> <span class='ocrx_word' id='word_1_68' title='bbox 1120 651 1182 673; x_wconf 86' lang='lat' dir='ltr'>vos</span> 
     </span>
     <span class='ocr_line' id='line_1_11' title="bbox 190 691 1182 739; baseline -0.005 -10"><span class='ocrx_word' id='word_1_69' title='bbox 190 697 337 730; x_wconf 87' lang='lat' dir='ltr'>collocat</span> <span class='ocrx_word' id='word_1_70' title='bbox 363 696 398 728; x_wconf 91' lang='lat' dir='ltr'>in</span> <span class='ocrx_word' id='word_1_71' title='bbox 426 694 700 739; x_wconf 79' lang='lat' dir='ltr'>gubernatione,</span> <span class='ocrx_word' id='word_1_72' title='bbox 735 693 859 726; x_wconf 86' lang='lat' dir='ltr'>ludum</span> <span class='ocrx_word' id='word_1_73' title='bbox 888 704 974 726; x_wconf 86' lang='lat' dir='ltr'>esse.</span> <span class='ocrx_word' id='word_1_74' title='bbox 1033 691 1182 736; x_wconf 87' lang='lat' dir='ltr'>Specula</span> 
     </span>
     <span class='ocr_line' id='line_1_12' title="bbox 189 742 1182 791; baseline -0.006 -11"><span class='ocrx_word' id='word_1_75' title='bbox 189 747 324 791; x_wconf 85' lang='lat' dir='ltr'>generis</span> <span class='ocrx_word' id='word_1_76' title='bbox 343 744 491 779; x_wconf 87' lang='lat' dir='ltr'>humani</span> <span class='ocrx_word' id='word_1_77' title='bbox 507 752 573 778; x_wconf 86' lang='lat' dir='ltr'>est:</span> <span class='ocrx_word' id='word_1_78' title='bbox 603 751 633 777; x_wconf 89' lang='lat' dir='ltr'>et</span> <span class='ocrx_word' id='word_1_79' title='bbox 651 755 712 776; x_wconf 84' lang='lat' dir='ltr'>vos</span> <span class='ocrx_word' id='word_1_80' title='bbox 729 744 805 777; x_wconf 89' lang='lat' dir='ltr'>vult</span> <span class='ocrx_word' id='word_1_81' title='bbox 819 742 914 776; x_wconf 88' lang='lat' dir='ltr'>Dens</span> <span class='ocrx_word' id='word_1_82' title='bbox 932 743 1093 776; x_wconf 82' lang='lat' dir='ltr'>custodes</span> <span class='ocrx_word' id='word_1_83' title='bbox 1110 753 1182 775; x_wconf 87' lang='lat' dir='ltr'>esse</span> 
     </span>
     <span class='ocr_line' id='line_1_13' title="bbox 190 793 1160 841; baseline -0.004 -10"><span class='ocrx_word' id='word_1_84' title='bbox 190 797 390 841; x_wconf 81' lang='lat' dir='ltr'>religionis,</span> <span class='ocrx_word' id='word_1_85' title='bbox 418 797 552 839; x_wconf 87' lang='lat' dir='ltr'>legum,</span> <span class='ocrx_word' id='word_1_86' title='bbox 578 794 755 835; x_wconf 69' lang='lat' dir='ltr'>iusficiae,</span> <span class='ocrx_word' id='word_1_87' title='bbox 782 793 989 838; x_wconf 86' lang='lat' dir='ltr'>disciplinae</span> <span class='ocrx_word' id='word_1_88' title='bbox 1006 801 1039 828; x_wconf 92' lang='lat' dir='ltr'>et</span> <span class='ocrx_word' id='word_1_89' title='bbox 1057 793 1160 838; x_wconf 79' lang='lat' dir='ltr'>paciS.</span> 
     </span>
    </p>
   </div>
   <div class='ocr_carea' id='block_1_4' title="bbox 191 867 1187 1221">
    <p class='ocr_par' dir='ltr' id='par_1_4' title="bbox 191 867 1187 1221">
     <span class='ocr_line' id='line_1_14' title="bbox 293 867 1184 914; baseline -0.003 -9"><span class='ocrx_word' id='word_1_90' title='bbox 293 872 388 905; x_wconf 87' lang='lat' dir='ltr'>Haec</span> <span class='ocrx_word' id='word_1_91' title='bbox 413 871 544 914; x_wconf 89' lang='lat' dir='ltr'>optima</span> <span class='ocrx_word' id='word_1_92' title='bbox 568 871 660 903; x_wconf 88' lang='lat' dir='ltr'>dona</span> <span class='ocrx_word' id='word_1_93' title='bbox 684 881 766 902; x_wconf 81' lang='lat' dir='ltr'>voce</span> <span class='ocrx_word' id='word_1_94' title='bbox 790 869 1068 912; x_wconf 75' lang='lat' dir='ltr'>gubernatorum</span> <span class='ocrx_word' id='word_1_95' title='bbox 1088 867 1184 902; x_wconf 90' lang='lat' dir='ltr'>Deus</span> 
     </span>
     <span class='ocr_line' id='line_1_15' title="bbox 191 919 1185 966; baseline -0.005 -9"><span class='ocrx_word' id='word_1_96' title='bbox 191 924 318 957; x_wconf 81' lang='lat' dir='ltr'>tribuit</span> <span class='ocrx_word' id='word_1_97' title='bbox 343 922 463 966; x_wconf 84' lang='lat' dir='ltr'>generi</span> <span class='ocrx_word' id='word_1_98' title='bbox 488 919 656 954; x_wconf 91' lang='lat' dir='ltr'>humano.</span> <span class='ocrx_word' id='word_1_99' title='bbox 711 919 784 952; x_wconf 81' lang='lat' dir='ltr'>Vos</span> <span class='ocrx_word' id='word_1_100' title='bbox 808 920 915 962; x_wconf 88' lang='lat' dir='ltr'>igitur</span> <span class='ocrx_word' id='word_1_101' title='bbox 938 932 1074 953; x_wconf 90' lang='lat' dir='ltr'>summa</span> <span class='ocrx_word' id='word_1_102' title='bbox 1094 919 1185 962; x_wconf 86' lang='lat' dir='ltr'>vigi-</span> 
     </span>
     <span class='ocr_line' id='line_1_16' title="bbox 193 969 1185 1015; baseline -0.005 -8"><span class='ocrx_word' id='word_1_103' title='bbox 193 974 300 1007; x_wconf 89' lang='lat' dir='ltr'>lantia</span> <span class='ocrx_word' id='word_1_104' title='bbox 315 980 348 1006; x_wconf 92' lang='lat' dir='ltr'>et</span> <span class='ocrx_word' id='word_1_105' title='bbox 365 973 432 1005; x_wconf 86' lang='lat' dir='ltr'>fide</span> <span class='ocrx_word' id='word_1_106' title='bbox 449 984 487 1005; x_wconf 89' lang='lat' dir='ltr'>ea</span> <span class='ocrx_word' id='word_1_107' title='bbox 505 969 686 1005; x_wconf 80' lang='lat' dir='ltr'>tueamini.</span> <span class='ocrx_word' id='word_1_108' title='bbox 740 969 822 1003; x_wconf 78' lang='lat' dir='ltr'>Non</span> <span class='ocrx_word' id='word_1_109' title='bbox 843 970 1001 1015; x_wconf 88' lang='lat' dir='ltr'>impellat</span> <span class='ocrx_word' id='word_1_110' title='bbox 1018 981 1079 1004; x_wconf 86' lang='lat' dir='ltr'>vos</span> <span class='ocrx_word' id='word_1_111' title='bbox 1098 970 1185 1003; x_wconf 90' lang='lat' dir='ltr'>levi-</span> 
     </span>
     <span class='ocr_line' id='line_1_17' title="bbox 191 1021 1187 1063; baseline -0.004 -5"><span class='ocrx_word' id='word_1_112' title='bbox 191 1033 241 1058; x_wconf 88' lang='lat' dir='ltr'>tas</span> <span class='ocrx_word' id='word_1_113' title='bbox 259 1025 302 1058; x_wconf 89' lang='lat' dir='ltr'>ad</span> <span class='ocrx_word' id='word_1_114' title='bbox 319 1022 569 1063; x_wconf 81' lang='lat' dir='ltr'>ambitionem,</span> <span class='ocrx_word' id='word_1_115' title='bbox 596 1028 630 1055; x_wconf 84' lang='lat' dir='ltr'>et</span> <span class='ocrx_word' id='word_1_116' title='bbox 644 1021 686 1054; x_wconf 89' lang='lat' dir='ltr'>ad</span> <span class='ocrx_word' id='word_1_117' title='bbox 705 1021 943 1055; x_wconf 78' lang='lat' dir='ltr'>adulationes:</span> <span class='ocrx_word' id='word_1_118' title='bbox 978 1033 1051 1054; x_wconf 91' lang='lat' dir='ltr'>non</span> <span class='ocrx_word' id='word_1_119' title='bbox 1069 1021 1187 1054; x_wconf 87' lang='lat' dir='ltr'>vincat</span> 
     </span>
     <span class='ocr_line' id='line_1_18' title="bbox 193 1072 1186 1116; baseline -0.005 -7"><span class='ocrx_word' id='word_1_120' title='bbox 193 1083 323 1115; x_wconf 87' lang='lat' dir='ltr'>metus,</span> <span class='ocrx_word' id='word_1_121' title='bbox 357 1081 396 1108; x_wconf 92' lang='lat' dir='ltr'>ut</span> <span class='ocrx_word' id='word_1_122' title='bbox 419 1073 570 1107; x_wconf 88' lang='lat' dir='ltr'>iniustae</span> <span class='ocrx_word' id='word_1_123' title='bbox 596 1072 790 1105; x_wconf 88' lang='lat' dir='ltr'>sententiae</span> <span class='ocrx_word' id='word_1_124' title='bbox 816 1072 1074 1116; x_wconf 82' lang='lat' dir='ltr'>approbentur:</span> <span class='ocrx_word' id='word_1_125' title='bbox 1113 1083 1186 1105; x_wconf 92' lang='lat' dir='ltr'>non</span> 
     </span>
     <span class='ocr_line' id='line_1_19' title="bbox 193 1122 1187 1166; baseline -0.003 -7"><span class='ocrx_word' id='word_1_126' title='bbox 193 1126 273 1159; x_wconf 88' lang='lat' dir='ltr'>odia</span> <span class='ocrx_word' id='word_1_127' title='bbox 286 1153 294 1166; x_wconf 84' lang='lat'>‚</span> <span class='ocrx_word' id='word_1_128' title='bbox 323 1137 396 1158; x_wconf 93' lang='lat' dir='ltr'>non</span> <span class='ocrx_word' id='word_1_129' title='bbox 412 1124 527 1158; x_wconf 90' lang='lat' dir='ltr'>studia</span> <span class='ocrx_word' id='word_1_130' title='bbox 543 1122 738 1156; x_wconf 86' lang='lat' dir='ltr'>factionum</span> <span class='ocrx_word' id='word_1_131' title='bbox 757 1123 951 1156; x_wconf 84' lang='lat' dir='ltr'>accendant</span> <span class='ocrx_word' id='word_1_132' title='bbox 967 1122 1120 1163; x_wconf 82' lang='lat' dir='ltr'>animos,</span> <span class='ocrx_word' id='word_1_133' title='bbox 1148 1128 1187 1156; x_wconf 86' lang='lat' dir='ltr'>ut</span> 
     </span>
     <span class='ocr_line' id='line_1_20' title="bbox 194 1173 1154 1221; baseline -0.005 -11"><span class='ocrx_word' id='word_1_134' title='bbox 194 1183 299 1210; x_wconf 85' lang='lat' dir='ltr'>ruant</span> <span class='ocrx_word' id='word_1_135' title='bbox 316 1182 438 1209; x_wconf 90' lang='lat' dir='ltr'>contra</span> <span class='ocrx_word' id='word_1_136' title='bbox 455 1173 652 1214; x_wconf 87' lang='lat' dir='ltr'>iusticiam,</span> <span class='ocrx_word' id='word_1_137' title='bbox 679 1179 713 1205; x_wconf 87' lang='lat' dir='ltr'>et</span> <span class='ocrx_word' id='word_1_138' title='bbox 729 1180 878 1221; x_wconf 77' lang='lat' dir='ltr'>augeant</span> <span class='ocrx_word' id='word_1_139' title='bbox 895 1173 985 1206; x_wconf 90' lang='lat' dir='ltr'>mala</span> <span class='ocrx_word' id='word_1_140' title='bbox 1004 1173 1154 1216; x_wconf 83' lang='lat' dir='ltr'>publica,</span> 
     </span>
    </p>
   </div>
   <div class='ocr_carea' id='block_1_5' title="bbox 193 1249 1190 1640">
    <p class='ocr_par' dir='ltr' id='par_1_5' title="bbox 193 1249 1190 1640">
     <span class='ocr_line' id='line_1_21' title="bbox 295 1249 1187 1295; baseline -0.004 -9"><span class='ocrx_word' id='word_1_141' title='bbox 295 1251 446 1295; x_wconf 84' lang='lat' dir='ltr'>Magnae</span> <span class='ocrx_word' id='word_1_142' title='bbox 471 1256 554 1284; x_wconf 88' lang='lat' dir='ltr'>sunt</span> <span class='ocrx_word' id='word_1_143' title='bbox 579 1249 728 1282; x_wconf 81' lang='lat' dir='ltr'>insidiae</span> <span class='ocrx_word' id='word_1_144' title='bbox 752 1249 903 1291; x_wconf 88' lang='lat' dir='ltr'>diaboli,</span> <span class='ocrx_word' id='word_1_145' title='bbox 937 1250 998 1295; x_wconf 92' lang='lat' dir='ltr'>qui</span> <span class='ocrx_word' id='word_1_146' title='bbox 1023 1249 1187 1294; x_wconf 89' lang='lat' dir='ltr'>dissipari</span> 
     </span>
     <span class='ocr_line' id='line_1_22' title="bbox 193 1299 1187 1347; baseline -0.003 -11"><span class='ocrx_word' id='word_1_147' title='bbox 193 1315 301 1347; x_wconf 89' lang='lat' dir='ltr'>genus</span> <span class='ocrx_word' id='word_1_148' title='bbox 321 1301 518 1336; x_wconf 90' lang='lat' dir='ltr'>humanum</span> <span class='ocrx_word' id='word_1_149' title='bbox 540 1307 699 1335; x_wconf 87' lang='lat' dir='ltr'>conatur.</span> <span class='ocrx_word' id='word_1_150' title='bbox 761 1299 893 1343; x_wconf 86' lang='lat' dir='ltr'>Magna</span> <span class='ocrx_word' id='word_1_151' title='bbox 913 1300 1028 1334; x_wconf 86' lang='lat' dir='ltr'>rabies</span> <span class='ocrx_word' id='word_1_152' title='bbox 1045 1308 1096 1335; x_wconf 85' lang='lat' dir='ltr'>est</span> <span class='ocrx_word' id='word_1_153' title='bbox 1111 1301 1187 1334; x_wconf 85' lang='lat' dir='ltr'>dia-</span> 
     </span>
     <span class='ocr_line' id='line_1_23' title="bbox 194 1350 1187 1398; baseline -0.003 -11"><span class='ocrx_word' id='word_1_154' title='bbox 194 1355 378 1393; x_wconf 89' lang='lat' dir='ltr'>bolorum,</span> <span class='ocrx_word' id='word_1_155' title='bbox 407 1353 467 1398; x_wconf 91' lang='lat' dir='ltr'>qni</span> <span class='ocrx_word' id='word_1_156' title='bbox 493 1351 575 1385; x_wconf 91' lang='lat' dir='ltr'>odio</span> <span class='ocrx_word' id='word_1_157' title='bbox 593 1350 659 1384; x_wconf 87' lang='lat' dir='ltr'>Dei</span> <span class='ocrx_word' id='word_1_158' title='bbox 684 1350 864 1384; x_wconf 89' lang='lat' dir='ltr'>saevitiam</span> <span class='ocrx_word' id='word_1_159' title='bbox 885 1358 1048 1385; x_wconf 85' lang='lat' dir='ltr'>exercent</span> <span class='ocrx_word' id='word_1_160' title='bbox 1065 1358 1187 1385; x_wconf 89' lang='lat' dir='ltr'>contra</span> 
     </span>
     <span class='ocr_line' id='line_1_24' title="bbox 195 1400 1188 1438; baseline -0.003 0"><span class='ocrx_word' id='word_1_161' title='bbox 195 1403 284 1438; x_wconf 90' lang='lat' dir='ltr'>hanc</span> <span class='ocrx_word' id='word_1_162' title='bbox 309 1404 487 1437; x_wconf 89' lang='lat' dir='ltr'>infirmam</span> <span class='ocrx_word' id='word_1_163' title='bbox 508 1400 694 1435; x_wconf 88' lang='lat' dir='ltr'>bominum</span> <span class='ocrx_word' id='word_1_164' title='bbox 714 1409 886 1436; x_wconf 88' lang='lat' dir='ltr'>naturam.</span> <span class='ocrx_word' id='word_1_165' title='bbox 943 1401 1025 1435; x_wconf 88' lang='lat' dir='ltr'>ldeo</span> <span class='ocrx_word' id='word_1_166' title='bbox 1043 1402 1118 1435; x_wconf 92' lang='lat' dir='ltr'>sitis</span> <span class='ocrx_word' id='word_1_167' title='bbox 1135 1402 1188 1435; x_wconf 90' lang='lat' dir='ltr'>vi-</span> 
     </span>
     <span class='ocr_line' id='line_1_25' title="bbox 194 1451 1188 1498; baseline -0.002 -10"><span class='ocrx_word' id='word_1_168' title='bbox 194 1455 412 1498; x_wconf 87' lang='lat' dir='ltr'>gilantiores.</span> <span class='ocrx_word' id='word_1_169' title='bbox 473 1452 604 1498; x_wconf 87' lang='lat' dir='ltr'>Aliqua</span> <span class='ocrx_word' id='word_1_170' title='bbox 632 1464 672 1485; x_wconf 88' lang='lat' dir='ltr'>ex</span> <span class='ocrx_word' id='word_1_171' title='bbox 700 1459 798 1496; x_wconf 85' lang='lat' dir='ltr'>parte</span> <span class='ocrx_word' id='word_1_172' title='bbox 822 1451 858 1485; x_wconf 93' lang='lat' dir='ltr'>in</span> <span class='ocrx_word' id='word_1_173' title='bbox 884 1459 996 1486; x_wconf 84' lang='lat' dir='ltr'>vestra</span> <span class='ocrx_word' id='word_1_174' title='bbox 1021 1460 1188 1497; x_wconf 87' lang='lat' dir='ltr'>potestate</span> 
     </span>
     <span class='ocr_line' id='line_1_26' title="bbox 195 1503 1190 1549; baseline -0.003 -9"><span class='ocrx_word' id='word_1_175' title='bbox 195 1513 264 1545; x_wconf 88' lang='lat' dir='ltr'>est,</span> <span class='ocrx_word' id='word_1_176' title='bbox 292 1513 330 1540; x_wconf 91' lang='lat' dir='ltr'>ut</span> <span class='ocrx_word' id='word_1_177' title='bbox 352 1516 514 1538; x_wconf 88' lang='lat' dir='ltr'>normam</span> <span class='ocrx_word' id='word_1_178' title='bbox 542 1505 658 1547; x_wconf 85' lang='lat' dir='ltr'>legum</span> <span class='ocrx_word' id='word_1_179' title='bbox 681 1503 894 1548; x_wconf 88' lang='lat' dir='ltr'>sequamini:</span> <span class='ocrx_word' id='word_1_180' title='bbox 923 1511 956 1538; x_wconf 89' lang='lat' dir='ltr'>et</span> <span class='ocrx_word' id='word_1_181' title='bbox 980 1504 1109 1549; x_wconf 89' lang='lat' dir='ltr'>aliquis</span> <span class='ocrx_word' id='word_1_182' title='bbox 1136 1504 1190 1537; x_wconf 88' lang='lat' dir='ltr'>lo-</span> 
     </span>
     <span class='ocr_line' id='line_1_27' title="bbox 195 1553 1189 1598; baseline -0.002 -8"><span class='ocrx_word' id='word_1_183' title='bbox 195 1569 254 1590; x_wconf 91' lang='lat' dir='ltr'>cus</span> <span class='ocrx_word' id='word_1_184' title='bbox 278 1563 329 1590; x_wconf 90' lang='lat' dir='ltr'>est</span> <span class='ocrx_word' id='word_1_185' title='bbox 355 1555 559 1598; x_wconf 88' lang='lat' dir='ltr'>diligentiae</span> <span class='ocrx_word' id='word_1_186' title='bbox 589 1560 724 1588; x_wconf 89' lang='lat' dir='ltr'>vestrae</span> <span class='ocrx_word' id='word_1_187' title='bbox 748 1553 785 1586; x_wconf 93' lang='lat' dir='ltr'>in</span> <span class='ocrx_word' id='word_1_188' title='bbox 808 1554 976 1588; x_wconf 89' lang='lat' dir='ltr'>discendo</span> <span class='ocrx_word' id='word_1_189' title='bbox 1003 1561 1036 1588; x_wconf 89' lang='lat' dir='ltr'>et</span> <span class='ocrx_word' id='word_1_190' title='bbox 1059 1554 1095 1587; x_wconf 91' lang='lat' dir='ltr'>in</span> <span class='ocrx_word' id='word_1_191' title='bbox 1121 1555 1189 1588; x_wconf 87' lang='lat' dir='ltr'>fre-</span> 
     </span>
     <span class='ocr_line' id='line_1_28' title="bbox 197 1607 537 1640; baseline 0 0"><span class='ocrx_word' id='word_1_192' title='bbox 197 1607 324 1640; x_wconf 89' lang='lat' dir='ltr'>nandis</span> <span class='ocrx_word' id='word_1_193' title='bbox 342 1607 537 1640; x_wconf 79' lang='lat' dir='ltr'>affectibus-</span> 
     </span>
    </p>
   </div>
   <div class='ocr_carea' id='block_1_6' title="bbox 198 1678 1191 1974">
    <p class='ocr_par' dir='ltr' id='par_1_6' title="bbox 198 1678 1191 1974">
     <span class='ocr_line' id='line_1_29' title="bbox 299 1678 1189 1724; baseline -0.003 -8"><span class='ocrx_word' id='word_1_194' title='bbox 299 1682 367 1717; x_wconf 89' lang='lat' dir='ltr'>Sed</span> <span class='ocrx_word' id='word_1_195' title='bbox 399 1681 544 1723; x_wconf 89' lang='lat' dir='ltr'>adiungi</span> <span class='ocrx_word' id='word_1_196' title='bbox 578 1686 715 1724; x_wconf 85' lang='lat' dir='ltr'>oportet</span> <span class='ocrx_word' id='word_1_197' title='bbox 747 1679 1006 1712; x_wconf 84' lang='lat' dir='ltr'>invocationem</span> <span class='ocrx_word' id='word_1_198' title='bbox 1032 1678 1114 1712; x_wconf 86' lang='lat' dir='ltr'>Dei:</span> <span class='ocrx_word' id='word_1_199' title='bbox 1157 1686 1189 1713; x_wconf 90' lang='lat' dir='ltr'>et</span> 
     </span>
     <span class='ocr_line' id='line_1_30' title="bbox 198 1729 1191 1779; baseline -0.005 -12"><span class='ocrx_word' id='word_1_200' title='bbox 198 1733 361 1779; x_wconf 86' lang='lat' dir='ltr'>promisit</span> <span class='ocrx_word' id='word_1_201' title='bbox 385 1732 478 1766; x_wconf 83' lang='lat' dir='ltr'>Dens</span> <span class='ocrx_word' id='word_1_202' title='bbox 507 1743 544 1764; x_wconf 89' lang='lat' dir='ltr'>se</span> <span class='ocrx_word' id='word_1_203' title='bbox 568 1737 661 1764; x_wconf 90' lang='lat' dir='ltr'>certo</span> <span class='ocrx_word' id='word_1_204' title='bbox 687 1729 944 1774; x_wconf 84' lang='lat' dir='ltr'>opitulaturum</span> <span class='ocrx_word' id='word_1_205' title='bbox 978 1742 1050 1763; x_wconf 90' lang='lat' dir='ltr'>esse</span> <span class='ocrx_word' id='word_1_206' title='bbox 1077 1731 1191 1771; x_wconf 82' lang='lat' dir='ltr'>nobis,</span> 
     </span>
     <span class='ocr_line' id='line_1_31' title="bbox 198 1781 1190 1825; baseline -0.003 -8"><span class='ocrx_word' id='word_1_207' title='bbox 198 1784 446 1818; x_wconf 75' lang='lat' dir='ltr'>invocantibus</span> <span class='ocrx_word' id='word_1_208' title='bbox 482 1794 562 1815; x_wconf 91' lang='lat' dir='ltr'>eum</span> <span class='ocrx_word' id='word_1_209' title='bbox 592 1782 683 1814; x_wconf 91' lang='lat' dir='ltr'>bona</span> <span class='ocrx_word' id='word_1_210' title='bbox 712 1781 942 1814; x_wconf 84' lang='lat' dir='ltr'>conscientia:</span> <span class='ocrx_word' id='word_1_211' title='bbox 981 1792 1070 1825; x_wconf 83' lang='lat' dir='ltr'>qnae</span> <span class='ocrx_word' id='word_1_212' title='bbox 1097 1788 1190 1814; x_wconf 88' lang='lat' dir='ltr'>certe</span> 
     </span>
     <span class='ocr_line' id='line_1_32' title="bbox 199 1831 1190 1879; baseline -0.005 -10"><span class='ocrx_word' id='word_1_213' title='bbox 199 1837 292 1879; x_wconf 84' lang='lat' dir='ltr'>fugat</span> <span class='ocrx_word' id='word_1_214' title='bbox 316 1835 510 1867; x_wconf 85' lang='lat' dir='ltr'>affectatam</span> <span class='ocrx_word' id='word_1_215' title='bbox 536 1831 783 1875; x_wconf 82' lang='lat' dir='ltr'>negligentiam</span> <span class='ocrx_word' id='word_1_216' title='bbox 812 1837 844 1864; x_wconf 89' lang='lat' dir='ltr'>et</span> <span class='ocrx_word' id='word_1_217' title='bbox 872 1832 1067 1875; x_wconf 77' lang='lat' dir='ltr'>perfidiam.</span> <span class='ocrx_word' id='word_1_218' title='bbox 1133 1832 1190 1866; x_wconf 89' lang='lat' dir='ltr'>Si-</span> 
     </span>
     <span class='ocr_line' id='line_1_33' title="bbox 198 1882 1191 1929; baseline -0.005 -9"><span class='ocrx_word' id='word_1_219' title='bbox 198 1893 254 1920; x_wconf 92' lang='lat' dir='ltr'>cut</span> <span class='ocrx_word' id='word_1_220' title='bbox 279 1885 446 1929; x_wconf 89' lang='lat' dir='ltr'>scriptum</span> <span class='ocrx_word' id='word_1_221' title='bbox 472 1890 537 1917; x_wconf 87' lang='lat' dir='ltr'>est:</span> <span class='ocrx_word' id='word_1_222' title='bbox 574 1883 610 1917; x_wconf 90' lang='lat' dir='ltr'>Si</span> <span class='ocrx_word' id='word_1_223' title='bbox 637 1882 720 1927; x_wconf 89' lang='lat' dir='ltr'>qnid</span> <span class='ocrx_word' id='word_1_224' title='bbox 745 1882 898 1927; x_wconf 87' lang='lat' dir='ltr'>petimus</span> <span class='ocrx_word' id='word_1_225' title='bbox 915 1883 1109 1916; x_wconf 88' lang='lat' dir='ltr'>secundum</span> <span class='ocrx_word' id='word_1_226' title='bbox 1128 1895 1191 1916; x_wconf 84' lang='lat' dir='ltr'>vo-</span> 
     </span>
     <span class='ocr_line' id='line_1_34' title="bbox 199 1934 705 1974; baseline -0.006 -3"><span class='ocrx_word' id='word_1_227' title='bbox 199 1938 368 1971; x_wconf 86' lang='lat' dir='ltr'>luntatem</span> <span class='ocrx_word' id='word_1_228' title='bbox 389 1936 483 1974; x_wconf 80' lang='lat' dir='ltr'>eius,</span> <span class='ocrx_word' id='word_1_229' title='bbox 510 1934 610 1968; x_wconf 87' lang='lat' dir='ltr'>audit</span> <span class='ocrx_word' id='word_1_230' title='bbox 631 1945 705 1968; x_wconf 86' lang='lat' dir='ltr'>nos.</span> 
     </span>
    </p>
   </div>
   <div class='ocr_carea' id='block_1_7' title="bbox 199 2006 1191 2458">
    <p class='ocr_par' dir='ltr' id='par_1_7' title="bbox 199 2006 1191 2458">
     <span class='ocr_line' id='line_1_35' title="bbox 301 2006 1191 2050; baseline -0.007 -5"><span class='ocrx_word' id='word_1_231' title='bbox 301 2010 546 2045; x_wconf 75' lang='lat' dir='ltr'>Cei-tissimum</span> <span class='ocrx_word' id='word_1_232' title='bbox 575 2015 642 2048; x_wconf 86' lang='lat' dir='ltr'>est,</span> <span class='ocrx_word' id='word_1_233' title='bbox 679 2007 835 2041; x_wconf 87' lang='lat' dir='ltr'>exaudiri</span> <span class='ocrx_word' id='word_1_234' title='bbox 863 2014 942 2041; x_wconf 86' lang='lat' dir='ltr'>vota</span> <span class='ocrx_word' id='word_1_235' title='bbox 975 2014 1008 2041; x_wconf 90' lang='lat' dir='ltr'>et</span> <span class='ocrx_word' id='word_1_236' title='bbox 1041 2006 1191 2050; x_wconf 81' lang='lat' dir='ltr'>gemitus</span> 
     </span>
     <span class='ocr_line' id='line_1_36' title="bbox 202 2058 1190 2104; baseline -0.002 -12"><span class='ocrx_word' id='word_1_237' title='bbox 202 2069 349 2095; x_wconf 79' lang='lat' dir='ltr'>nostros.</span> <span class='ocrx_word' id='word_1_238' title='bbox 402 2061 470 2095; x_wconf 74' lang='lat' dir='ltr'>Sed</span> <span class='ocrx_word' id='word_1_239' title='bbox 502 2067 678 2104; x_wconf 85' lang='lat' dir='ltr'>petamus,</span> <span class='ocrx_word' id='word_1_240' title='bbox 708 2071 778 2091; x_wconf 90' lang='lat' dir='ltr'>non</span> <span class='ocrx_word' id='word_1_241' title='bbox 808 2065 843 2091; x_wconf 89' lang='lat' dir='ltr'>ut</span> <span class='ocrx_word' id='word_1_242' title='bbox 871 2058 954 2091; x_wconf 76' lang='lat' dir='ltr'>vitia</span> <span class='ocrx_word' id='word_1_243' title='bbox 979 2066 1037 2092; x_wconf 92' lang='lat' dir='ltr'>ant</span> <span class='ocrx_word' id='word_1_244' title='bbox 1062 2059 1190 2091; x_wconf 87' lang='lat' dir='ltr'>scelera</span> 
     </span>
     <span class='ocr_line' id='line_1_37' title="bbox 201 2107 1191 2149; baseline -0.005 -3"><span class='ocrx_word' id='word_1_245' title='bbox 201 2116 469 2146; x_wconf 74' lang='lat' dir='ltr'>continuentur:</span> <span class='ocrx_word' id='word_1_246' title='bbox 508 2112 564 2143; x_wconf 87' lang='lat' dir='ltr'>sed</span> <span class='ocrx_word' id='word_1_247' title='bbox 594 2117 628 2143; x_wconf 82' lang='lat' dir='ltr'>nt</span> <span class='ocrx_word' id='word_1_248' title='bbox 651 2116 903 2142; x_wconf 74' lang='lat' dir='ltr'>conserventur</span> <span class='ocrx_word' id='word_1_249' title='bbox 926 2107 1099 2149; x_wconf 75' lang='lat' dir='ltr'>Ecclesia,</span> <span class='ocrx_word' id='word_1_250' title='bbox 1134 2120 1191 2141; x_wconf 86' lang='lat' dir='ltr'>so-</span> 
     </span>
     <span class='ocr_line' id='line_1_38' title="bbox 199 2159 1191 2206; baseline -0.005 -10"><span class='ocrx_word' id='word_1_251' title='bbox 199 2165 303 2196; x_wconf 84' lang='lat' dir='ltr'>cietas</span> <span class='ocrx_word' id='word_1_252' title='bbox 324 2163 477 2206; x_wconf 78' lang='lat' dir='ltr'>politica,</span> <span class='ocrx_word' id='word_1_253' title='bbox 507 2161 662 2198; x_wconf 82' lang='lat' dir='ltr'>iusticia,</span> <span class='ocrx_word' id='word_1_254' title='bbox 688 2161 892 2203; x_wconf 71' lang='lat' dir='ltr'>disciplina,</span> <span class='ocrx_word' id='word_1_255' title='bbox 919 2172 1001 2203; x_wconf 80' lang='lat' dir='ltr'>pax,</span> <span class='ocrx_word' id='word_1_256' title='bbox 1029 2159 1191 2192; x_wconf 81' lang='lat' dir='ltr'>salutaris</span> 
     </span>
     <span class='ocr_line' id='line_1_39' title="bbox 200 2210 1190 2257; baseline -0.006 -10"><span class='ocrx_word' id='word_1_257' title='bbox 200 2214 407 2257; x_wconf 75' lang='lat' dir='ltr'>gubernatio</span> <span class='ocrx_word' id='word_1_258' title='bbox 434 2213 572 2256; x_wconf 79' lang='lat' dir='ltr'>publica</span> <span class='ocrx_word' id='word_1_259' title='bbox 600 2220 629 2245; x_wconf 87' lang='lat' dir='ltr'>et</span> <span class='ocrx_word' id='word_1_260' title='bbox 658 2212 803 2254; x_wconf 84' lang='lat' dir='ltr'>privata.</span> <span class='ocrx_word' id='word_1_261' title='bbox 856 2210 956 2243; x_wconf 64' lang='lat' dir='ltr'>Hanc</span> <span class='ocrx_word' id='word_1_262' title='bbox 974 2210 1190 2243; x_wconf 86' lang='lat' dir='ltr'>admonitio-</span> 
     </span>
     <span class='ocr_line' id='line_1_40' title="bbox 202 2261 1189 2309; baseline -0.006 -12"><span class='ocrx_word' id='word_1_263' title='bbox 202 2278 298 2304; x_wconf 77' lang='lat' dir='ltr'>nem,</span> <span class='ocrx_word' id='word_1_264' title='bbox 320 2277 422 2309; x_wconf 75' lang='lat' dir='ltr'>quani</span> <span class='ocrx_word' id='word_1_265' title='bbox 449 2264 482 2295; x_wconf 90' lang='lat' dir='ltr'>in</span> <span class='ocrx_word' id='word_1_266' title='bbox 502 2262 563 2296; x_wconf 77' lang='lat' dir='ltr'>bac</span> <span class='ocrx_word' id='word_1_267' title='bbox 588 2262 726 2306; x_wconf 83' lang='lat' dir='ltr'>publica</span> <span class='ocrx_word' id='word_1_268' title='bbox 747 2262 1013 2294; x_wconf 83' lang='lat' dir='ltr'>renunciatione.</span> <span class='ocrx_word' id='word_1_269' title='bbox 1033 2261 1189 2295; x_wconf 78' lang='lat' dir='ltr'>testiino-</span> 
     </span>
     <span class='ocr_line' id='line_1_41' title="bbox 202 2312 1190 2356; baseline -0.006 -7"><span class='ocrx_word' id='word_1_270' title='bbox 202 2317 249 2349; x_wconf 86' lang='lat' dir='ltr'>nii</span> <span class='ocrx_word' id='word_1_271' title='bbox 270 2317 434 2348; x_wconf 63' lang='lat' dir='ltr'>mandato</span> <span class='ocrx_word' id='word_1_272' title='bbox 453 2315 595 2353; x_wconf 77' lang='lat' dir='ltr'>divino,</span> <span class='ocrx_word' id='word_1_273' title='bbox 624 2321 653 2346; x_wconf 84' lang='lat' dir='ltr'>et</span> <span class='ocrx_word' id='word_1_274' title='bbox 674 2313 818 2345; x_wconf 87' lang='lat' dir='ltr'>nomine</span> <span class='ocrx_word' id='word_1_275' title='bbox 839 2312 1067 2356; x_wconf 73' lang='lat' dir='ltr'>Reipublicae</span> <span class='ocrx_word' id='word_1_276' title='bbox 1093 2312 1190 2344; x_wconf 69' lang='lat' dir='ltr'>vobis</span> 
     </span>
     <span class='ocr_line' id='line_1_42' title="bbox 202 2363 1190 2410; baseline -0.003 -12"><span class='ocrx_word' id='word_1_277' title='bbox 202 2380 374 2410; x_wconf 73' lang='lat' dir='ltr'>propono,</span> <span class='ocrx_word' id='word_1_278' title='bbox 401 2373 512 2398; x_wconf 81' lang='lat' dir='ltr'>tenete</span> <span class='ocrx_word' id='word_1_279' title='bbox 532 2365 672 2397; x_wconf 82' lang='lat' dir='ltr'>infixam</span> <span class='ocrx_word' id='word_1_280' title='bbox 693 2363 838 2399; x_wconf 82' lang='lat' dir='ltr'>animis.</span> <span class='ocrx_word' id='word_1_281' title='bbox 867 2370 897 2396; x_wconf 83' lang='lat' dir='ltr'>et</span> <span class='ocrx_word' id='word_1_282' title='bbox 915 2376 1016 2407; x_wconf 80' lang='lat' dir='ltr'>saepe</span> <span class='ocrx_word' id='word_1_283' title='bbox 1031 2363 1190 2404; x_wconf 77' lang='lat' dir='ltr'>cogitate,</span> 
     </span>
     <span class='ocr_line' id='line_1_43' title="bbox 200 2414 1087 2458; baseline -0.002 -9"><span class='ocrx_word' id='word_1_284' title='bbox 200 2426 229 2450; x_wconf 85' lang='lat' dir='ltr'>et</span> <span class='ocrx_word' id='word_1_285' title='bbox 250 2419 291 2451; x_wconf 86' lang='lat' dir='ltr'>ad</span> <span class='ocrx_word' id='word_1_286' title='bbox 312 2431 385 2451; x_wconf 86' lang='lat' dir='ltr'>eam</span> <span class='ocrx_word' id='word_1_287' title='bbox 404 2417 543 2458; x_wconf 79' lang='lat' dir='ltr'>dirigite</span> <span class='ocrx_word' id='word_1_288' title='bbox 561 2415 705 2448; x_wconf 80' lang='lat' dir='ltr'>consilia</span> <span class='ocrx_word' id='word_1_289' title='bbox 727 2421 757 2448; x_wconf 90' lang='lat' dir='ltr'>et</span> <span class='ocrx_word' id='word_1_290' title='bbox 776 2414 930 2449; x_wconf 81' lang='lat' dir='ltr'>actiones</span> <span class='ocrx_word' id='word_1_291' title='bbox 949 2422 1087 2447; x_wconf 70' lang='lat' dir='ltr'>vestras.</span> 
     </span>
    </p>
   </div>
   <div class='ocr_carea' id='block_1_8' title="bbox 197 2489 1188 2686">
    <p class='ocr_par' dir='ltr' id='par_1_8' title="bbox 197 2489 1188 2686">
     <span class='ocr_line' id='line_1_44' title="bbox 297 2489 1188 2534; baseline -0.004 -8"><span class='ocrx_word' id='word_1_292' title='bbox 297 2492 374 2526; x_wconf 76' lang='lat' dir='ltr'>Oro</span> <span class='ocrx_word' id='word_1_293' title='bbox 393 2500 506 2525; x_wconf 84' lang='lat' dir='ltr'>autem</span> <span class='ocrx_word' id='word_1_294' title='bbox 528 2492 658 2532; x_wconf 79' lang='lat' dir='ltr'>Deum,</span> <span class='ocrx_word' id='word_1_295' title='bbox 688 2497 867 2523; x_wconf 83' lang='lat' dir='ltr'>aeternnm</span> <span class='ocrx_word' id='word_1_296' title='bbox 894 2498 1024 2534; x_wconf 80' lang='lat' dir='ltr'>patrem</span> <span class='ocrx_word' id='word_1_297' title='bbox 1044 2489 1188 2523; x_wconf 81' lang='lat' dir='ltr'>Domini</span> 
     </span>
     <span class='ocr_line' id='line_1_45' title="bbox 199 2539 1188 2583; baseline -0.006 -5"><span class='ocrx_word' id='word_1_298' title='bbox 199 2553 227 2578; x_wconf 80' lang='lat' dir='ltr'>et</span> <span class='ocrx_word' id='word_1_299' title='bbox 248 2545 430 2577; x_wconf 66' lang='lat' dir='ltr'>sulvatoris</span> <span class='ocrx_word' id='word_1_300' title='bbox 445 2544 553 2576; x_wconf 82' lang='lat' dir='ltr'>nostri</span> <span class='ocrx_word' id='word_1_301' title='bbox 576 2543 648 2575; x_wconf 69' lang='lat' dir='ltr'>lcsu</span> <span class='ocrx_word' id='word_1_302' title='bbox 667 2539 820 2582; x_wconf 67' lang='lat' dir='ltr'>(Ilnristi,</span> <span class='ocrx_word' id='word_1_303' title='bbox 847 2543 1066 2574; x_wconf 79' lang='lat' dir='ltr'>conditorem</span> <span class='ocrx_word' id='word_1_304' title='bbox 1085 2554 1188 2583; x_wconf 66' lang='lat' dir='ltr'>gene-</span> 
     </span>
     <span class='ocr_line' id='line_1_46' title="bbox 199 2594 1187 2629; baseline -0.005 -1"><span class='ocrx_word' id='word_1_305' title='bbox 199 2596 244 2628; x_wconf 77' lang='lat' dir='ltr'>ris</span> <span class='ocrx_word' id='word_1_306' title='bbox 280 2594 423 2628; x_wconf 61' lang='lat' dir='ltr'>inminui</span> <span class='ocrx_word' id='word_1_307' title='bbox 461 2601 491 2626; x_wconf 83' lang='lat' dir='ltr'>et</span> <span class='ocrx_word' id='word_1_308' title='bbox 527 2594 675 2626; x_wconf 68' lang='lat' dir='ltr'>aliaruui</span> <span class='ocrx_word' id='word_1_309' title='bbox 704 2600 963 2629; x_wconf 74' lang='lat' dir='ltr'>creaturarum,</span> <span class='ocrx_word' id='word_1_310' title='bbox 1007 2606 1074 2625; x_wconf 72' lang='lat' dir='ltr'>nna</span> <span class='ocrx_word' id='word_1_311' title='bbox 1109 2605 1187 2624; x_wconf 74' lang='lat' dir='ltr'>curn</span> 
     </span>
     <span class='ocr_line' id='line_1_47' title="bbox 197 2641 1186 2686; baseline -0.005 -8"><span class='ocrx_word' id='word_1_312' title='bbox 197 2647 267 2678; x_wconf 64' lang='lat' dir='ltr'>filio</span> <span class='ocrx_word' id='word_1_313' title='bbox 295 2658 356 2678; x_wconf 84' lang='lat' dir='ltr'>suo</span> <span class='ocrx_word' id='word_1_314' title='bbox 384 2644 537 2679; x_wconf 82' lang='lat' dir='ltr'>Domino</span> <span class='ocrx_word' id='word_1_315' title='bbox 566 2651 686 2677; x_wconf 80' lang='lat' dir='ltr'>nostro</span> <span class='ocrx_word' id='word_1_316' title='bbox 719 2643 791 2676; x_wconf 71' lang='lat' dir='ltr'>lesu</span> <span class='ocrx_word' id='word_1_317' title='bbox 820 2641 961 2676; x_wconf 73' lang='lat' dir='ltr'>(Ibristo</span> <span class='ocrx_word' id='word_1_318' title='bbox 991 2651 1022 2677; x_wconf 86' lang='lat' dir='ltr'>et</span> <span class='ocrx_word' id='word_1_319' title='bbox 1052 2643 1186 2686; x_wconf 74' lang='lat' dir='ltr'>Spiritu</span> 
     </span>
    </p>
   </div>
   <div class='ocr_carea' id='block_1_9' title="bbox 195 2695 1184 2738">
    <p class='ocr_par' dir='ltr' id='par_1_9' title="bbox 195 2695 1184 2738">
     <span class='ocr_line' id='line_1_48' title="bbox 195 2695 1184 2738; baseline -0.003 -10"><span class='ocrx_word' id='word_1_320' title='bbox 195 2711 257 2730; x_wconf 65' lang='lat' dir='ltr'>sno</span> <span class='ocrx_word' id='word_1_321' title='bbox 278 2705 414 2735; x_wconf 59' lang='lat' dir='ltr'>sancto,</span> <span class='ocrx_word' id='word_1_322' title='bbox 440 2704 512 2729; x_wconf 82' lang='lat' dir='ltr'>toto</span> <span class='ocrx_word' id='word_1_323' title='bbox 534 2703 692 2738; x_wconf 74' lang='lat' dir='ltr'>pectore,</span> <span class='ocrx_word' id='word_1_324' title='bbox 723 2702 756 2727; x_wconf 88' lang='lat' dir='ltr'>ut</span> <span class='ocrx_word' id='word_1_325' title='bbox 777 2703 886 2727; x_wconf 73' lang='lat' dir='ltr'>vestra</span> <span class='ocrx_word' id='word_1_326' title='bbox 907 2695 1019 2727; x_wconf 67' lang='lat' dir='ltr'>studia</span> <span class='ocrx_word' id='word_1_327' title='bbox 1046 2702 1075 2726; x_wconf 80' lang='lat' dir='ltr'>et</span> <span class='ocrx_word' id='word_1_328' title='bbox 1102 2706 1184 2726; x_wconf 79' lang='lat' dir='ltr'>con—</span> 
     </span>
    </p>
   </div>
   <div class='ocr_carea' id='block_1_10' title="bbox 774 99 1627 162">
    <p class='ocr_par' dir='ltr' id='par_1_10' title="bbox 774 99 1627 162">
     <span class='ocr_line' id='line_1_49' title="bbox 774 99 1627 162; baseline 0.002 -3"><span class='ocrx_word' id='word_1_329' title='bbox 774 122 938 160; x_wconf 87' lang='lat' dir='ltr'>DECL.</span> <span class='ocrx_word' id='word_1_330' title='bbox 979 122 1054 159; x_wconf 85' lang='lat' dir='ltr'>DE</span> <span class='ocrx_word' id='word_1_331' title='bbox 1094 122 1305 161; x_wconf 84' lang='lat' dir='ltr'><strong>LEGUM</strong></span> <span class='ocrx_word' id='word_1_332' title='bbox 1339 99 1627 162; x_wconf 66' lang='lat' dir='ltr'>ms&#39;rlTiA.</span> 
     </span>
    </p>
   </div>
   <div class='ocr_carea' id='block_1_11' title="bbox 2120 126 2219 162">
    <p class='ocr_par' dir='ltr' id='par_1_11' title="bbox 2120 126 2219 162">
     <span class='ocr_line' id='line_1_50' title="bbox 2120 126 2219 162; baseline 0.02 -2"><span class='ocrx_word' id='word_1_333' title='bbox 2120 126 2219 162; x_wconf 90' lang='grc'>1016</span> 
     </span>
    </p>
   </div>
   <div class='ocr_carea' id='block_1_12' title="bbox 1226 209 2223 308">
    <p class='ocr_par' dir='ltr' id='par_1_12' title="bbox 1226 209 2223 308">
     <span class='ocr_line' id='line_1_51' title="bbox 1227 209 2223 254; baseline 0.003 -11"><span class='ocrx_word' id='word_1_334' title='bbox 1227 209 1306 244; x_wconf 87' lang='lat' dir='ltr'>silia</span> <span class='ocrx_word' id='word_1_335' title='bbox 1329 210 1521 253; x_wconf 89' lang='lat' dir='ltr'>gubernet,</span> <span class='ocrx_word' id='word_1_336' title='bbox 1563 216 1596 244; x_wconf 91' lang='lat' dir='ltr'>et</span> <span class='ocrx_word' id='word_1_337' title='bbox 1621 222 1684 244; x_wconf 81' lang='lat' dir='ltr'>vos</span> <span class='ocrx_word' id='word_1_338' title='bbox 1708 210 1812 245; x_wconf 80' lang='lat' dir='ltr'>faciat</span> <span class='ocrx_word' id='word_1_339' title='bbox 1837 223 1919 247; x_wconf 85' lang='lat' dir='ltr'>vasa</span> <span class='ocrx_word' id='word_1_340' title='bbox 1943 212 2223 254; x_wconf 82' lang='lat' dir='ltr'>misericordiae,</span> 
     </span>
     <span class='ocr_line' id='line_1_52' title="bbox 1226 259 2195 308; baseline 0.001 -13"><span class='ocrx_word' id='word_1_341' title='bbox 1226 261 1395 295; x_wconf 84' lang='lat' dir='ltr'>salutaria</span> <span class='ocrx_word' id='word_1_342' title='bbox 1415 260 1539 302; x_wconf 89' lang='lat' dir='ltr'>nobis,</span> <span class='ocrx_word' id='word_1_343' title='bbox 1565 259 1746 296; x_wconf 87' lang='lat' dir='ltr'>Ecclesiae</span> <span class='ocrx_word' id='word_1_344' title='bbox 1765 269 1800 296; x_wconf 88' lang='lat' dir='ltr'>et</span> <span class='ocrx_word' id='word_1_345' title='bbox 1816 261 2061 308; x_wconf 81' lang='lat' dir='ltr'>Reipublicae.</span> <span class='ocrx_word' id='word_1_346' title='bbox 2099 262 2195 298; x_wconf 82' lang='lat' dir='ltr'>Dixi.</span> 
     </span>
    </p>
   </div>
   <div class='ocr_carea' id='block_1_13' title="bbox 1228 445 2224 483">
    <p class='ocr_par' dir='ltr' id='par_1_13' title="bbox 1228 445 2224 483">
     <span class='ocr_line' id='line_1_53' title="bbox 1228 445 2224 483; baseline 0 -2"><span class='ocrx_word' id='word_1_347' title='bbox 1228 446 1294 481; x_wconf 83' lang='lat' dir='ltr'>No.</span> <span class='ocrx_word' id='word_1_348' title='bbox 1314 445 1397 481; x_wconf 76' lang='lat'>129.</span> <span class='ocrx_word' id='word_1_349' title='bbox 2065 462 2114 483; x_wconf 75' lang='lat' dir='ltr'>an.</span> <span class='ocrx_word' id='word_1_350' title='bbox 2129 452 2224 482; x_wconf 81' lang='lat'>1552.</span> 
     </span>
    </p>
   </div>
   <div class='ocr_carea' id='block_1_14' title="bbox 1239 494 1407 508">
    <p class='ocr_par' dir='ltr' id='par_1_14' title="bbox 1239 494 1407 508">
     <span class='ocr_line' id='line_1_54' title="bbox 1239 494 1407 508; baseline 0 2450"><span class='ocrx_word' id='word_1_351' title='bbox 1239 494 1407 508; x_wconf 95' lang='lat' dir='ltr'> </span> 
     </span>
    </p>
   </div>
   <div class='ocr_carea' id='block_1_15' title="bbox 1480 552 1962 608">
    <p class='ocr_par' dir='ltr' id='par_1_15' title="bbox 1480 552 1962 608">
     <span class='ocr_line' id='line_1_55' title="bbox 1480 552 1962 608; baseline -0.002 -15"><span class='ocrx_word' id='word_1_352' title='bbox 1480 552 1557 594; x_wconf 83' lang='lat' dir='ltr'>De</span> <span class='ocrx_word' id='word_1_353' title='bbox 1586 553 1741 608; x_wconf 66' lang='lat' dir='ltr'>leyum</span> <span class='ocrx_word' id='word_1_354' title='bbox 1771 554 1962 595; x_wconf 69' lang='lat' dir='ltr'>iustitia.</span> 
     </span>
    </p>
   </div>
   <div class='ocr_carea' id='block_1_16' title="bbox 1299 629 2225 700">
    <p class='ocr_par' dir='ltr' id='par_1_16' title="bbox 1299 629 2225 700">
     <span class='ocr_line' id='line_1_56' title="bbox 1299 629 2225 668; baseline 0.004 -12"><span class='ocrx_word' id='word_1_355' title='bbox 1299 631 1329 656; x_wconf 84' lang='lat' dir='ltr'>ln</span> <span class='ocrx_word' id='word_1_356' title='bbox 1344 629 1436 656; x_wconf 80' lang='lat' dir='ltr'>select.</span> <span class='ocrx_word' id='word_1_357' title='bbox 1450 630 1574 658; x_wconf 76' lang='lat' dir='ltr'>Deelam.</span> <span class='ocrx_word' id='word_1_358' title='bbox 1588 631 1618 658; x_wconf 85' lang='lat' dir='ltr'>T.</span> <span class='ocrx_word' id='word_1_359' title='bbox 1631 631 1677 659; x_wconf 76' lang='lat' dir='ltr'>[V.</span> <span class='ocrx_word' id='word_1_360' title='bbox 1696 639 1722 666; x_wconf 86' lang='lat' dir='ltr'>p.</span> <span class='ocrx_word' id='word_1_361' title='bbox 1736 631 1787 657; x_wconf 78' lang='lat'>142</span> <span class='ocrx_word' id='word_1_362' title='bbox 1797 641 1856 667; x_wconf 73' lang='lat' dir='ltr'>sqq.</span> <span class='ocrx_word' id='word_1_363' title='bbox 1888 632 2006 661; x_wconf 81' lang='lat' dir='ltr'>Servest.</span> <span class='ocrx_word' id='word_1_364' title='bbox 2020 632 2051 661; x_wconf 85' lang='lat' dir='ltr'>T.</span> <span class='ocrx_word' id='word_1_365' title='bbox 2066 633 2112 660; x_wconf 88' lang='lat' dir='ltr'>1V.</span> <span class='ocrx_word' id='word_1_366' title='bbox 2127 642 2151 668; x_wconf 89' lang='lat' dir='ltr'>p.</span> <span class='ocrx_word' id='word_1_367' title='bbox 2166 635 2225 662; x_wconf 78' lang='lat'>130.</span> 
     </span>
     <span class='ocr_line' id='line_1_57' title="bbox 1336 665 1641 700; baseline 0.003 -10"><span class='ocrx_word' id='word_1_368' title='bbox 1336 665 1466 693; x_wconf 74' lang='lat' dir='ltr'>Richard.</span> <span class='ocrx_word' id='word_1_369' title='bbox 1485 665 1517 692; x_wconf 88' lang='lat' dir='ltr'>ll.</span> <span class='ocrx_word' id='word_1_370' title='bbox 1537 675 1564 700; x_wconf 85' lang='lat' dir='ltr'>p.</span> <span class='ocrx_word' id='word_1_371' title='bbox 1580 665 1641 692; x_wconf 76' lang='lat'>461.</span> 
     </span>
    </p>
   </div>
   <div class='ocr_carea' id='block_1_17' title="bbox 1233 752 2228 842">
    <p class='ocr_par' dir='ltr' id='par_1_17' title="bbox 1233 752 2228 842">
     <span class='ocr_line' id='line_1_58' title="bbox 1233 752 2228 802; baseline 0.003 -13"><span class='ocrx_word' id='word_1_372' title='bbox 1233 756 1361 789; x_wconf 81' lang='lat' dir='ltr'>Oratio</span> <span class='ocrx_word' id='word_1_373' title='bbox 1392 752 1436 787; x_wconf 84' lang='lat' dir='ltr'>de</span> <span class='ocrx_word' id='word_1_374' title='bbox 1464 753 1589 799; x_wconf 67' lang='lat' dir='ltr'>legum</span> <span class='ocrx_word' id='word_1_375' title='bbox 1619 755 1771 788; x_wconf 79' lang='lat' dir='ltr'>iusticia</span> <span class='ocrx_word' id='word_1_376' title='bbox 1799 758 1835 788; x_wconf 84' lang='lat' dir='ltr'>et</span> <span class='ocrx_word' id='word_1_377' title='bbox 1862 753 2088 799; x_wconf 71' lang='lat' dir='ltr'>disciplinae</span> <span class='ocrx_word' id='word_1_378' title='bbox 2116 768 2228 802; x_wconf 80' lang='lat' dir='ltr'>prae-</span> 
     </span>
     <span class='ocr_line' id='line_1_59' title="bbox 1377 806 2079 842; baseline 0.004 -5"><span class='ocrx_word' id='word_1_379' title='bbox 1377 806 1523 838; x_wconf 79' lang='lat' dir='ltr'>stantia</span> <span class='ocrx_word' id='word_1_380' title='bbox 1544 814 1589 838; x_wconf 84' lang='lat' dir='ltr'>ac</span> <span class='ocrx_word' id='word_1_381' title='bbox 1612 806 1848 839; x_wconf 73' lang='lat' dir='ltr'>necessitate.</span> <span class='ocrx_word' id='word_1_382' title='bbox 1901 808 1966 840; x_wconf 87' lang='lat' dir='ltr'>Au.</span> <span class='ocrx_word' id='word_1_383' title='bbox 1988 809 2079 842; x_wconf 79' lang='lat'>1552.</span> 
     </span>
    </p>
   </div>
   <div class='ocr_carea' id='block_1_18' title="bbox 1234 879 2235 2303">
    <p class='ocr_par' dir='ltr' id='par_1_18' title="bbox 1234 879 2235 2303">
     <span class='ocr_line' id='line_1_60' title="bbox 1234 879 2229 935; baseline 0.005 -15"><span class='ocrx_word' id='word_1_384' title='bbox 1234 879 1317 921; x_wconf 76' lang='lat' dir='ltr'>Etsi</span> <span class='ocrx_word' id='word_1_385' title='bbox 1348 884 1638 922; x_wconf 78' lang='lat' dir='ltr'>honestissimum</span> <span class='ocrx_word' id='word_1_386' title='bbox 1676 893 1746 929; x_wconf 88' lang='lat' dir='ltr'>est,</span> <span class='ocrx_word' id='word_1_387' title='bbox 1796 895 1831 922; x_wconf 87' lang='lat' dir='ltr'>et</span> <span class='ocrx_word' id='word_1_388' title='bbox 1864 888 1951 923; x_wconf 89' lang='lat' dir='ltr'>utile</span> <span class='ocrx_word' id='word_1_389' title='bbox 1981 888 2229 935; x_wconf 85' lang='lat' dir='ltr'>Reipublicae,</span> 
     </span>
     <span class='ocr_line' id='line_1_61' title="bbox 1236 937 2228 983; baseline 0.005 -12"><span class='ocrx_word' id='word_1_390' title='bbox 1236 937 1422 982; x_wconf 75' lang='lat' dir='ltr'>praecipue</span> <span class='ocrx_word' id='word_1_391' title='bbox 1439 949 1539 972; x_wconf 90' lang='lat' dir='ltr'>senes</span> <span class='ocrx_word' id='word_1_392' title='bbox 1555 950 1595 972; x_wconf 92' lang='lat' dir='ltr'>ac</span> <span class='ocrx_word' id='word_1_393' title='bbox 1610 946 1852 983; x_wconf 85' lang='lat' dir='ltr'>praeceptores</span> <span class='ocrx_word' id='word_1_394' title='bbox 1867 939 2024 974; x_wconf 85' lang='lat' dir='ltr'>iudicare</span> <span class='ocrx_word' id='word_1_395' title='bbox 2041 942 2084 975; x_wconf 93' lang='lat' dir='ltr'>de</span> <span class='ocrx_word' id='word_1_396' title='bbox 2101 943 2228 976; x_wconf 87' lang='lat' dir='ltr'>studiis</span> 
     </span>
     <span class='ocr_line' id='line_1_62' title="bbox 1235 989 2228 1034; baseline 0.006 -13"><span class='ocrx_word' id='word_1_397' title='bbox 1235 989 1450 1030; x_wconf 86' lang='lat' dir='ltr'>auditorum,</span> <span class='ocrx_word' id='word_1_398' title='bbox 1473 996 1506 1023; x_wconf 86' lang='lat' dir='ltr'>et</span> <span class='ocrx_word' id='word_1_399' title='bbox 1521 989 1601 1034; x_wconf 90' lang='lat' dir='ltr'>plus</span> <span class='ocrx_word' id='word_1_400' title='bbox 1616 989 1817 1024; x_wconf 89' lang='lat' dir='ltr'>autoritatis</span> <span class='ocrx_word' id='word_1_401' title='bbox 1833 997 1884 1023; x_wconf 90' lang='lat' dir='ltr'>est</span> <span class='ocrx_word' id='word_1_402' title='bbox 1899 990 1936 1023; x_wconf 88' lang='lat' dir='ltr'>in</span> <span class='ocrx_word' id='word_1_403' title='bbox 1955 991 2155 1026; x_wconf 87' lang='lat' dir='ltr'>testimonio</span> <span class='ocrx_word' id='word_1_404' title='bbox 2173 1005 2228 1027; x_wconf 88' lang='lat' dir='ltr'>se—</span> 
     </span>
     <span class='ocr_line' id='line_1_63' title="bbox 1236 1039 2231 1086; baseline 0.005 -14"><span class='ocrx_word' id='word_1_405' title='bbox 1236 1039 1319 1072; x_wconf 86' lang='lat' dir='ltr'>nili:</span> <span class='ocrx_word' id='word_1_406' title='bbox 1347 1046 1465 1073; x_wconf 89' lang='lat' dir='ltr'>tamen</span> <span class='ocrx_word' id='word_1_407' title='bbox 1491 1040 1714 1074; x_wconf 86' lang='lat' dir='ltr'>excusatione</span> <span class='ocrx_word' id='word_1_408' title='bbox 1734 1041 1875 1081; x_wconf 58' lang='lat' dir='ltr'>aetam,</span> <span class='ocrx_word' id='word_1_409' title='bbox 1902 1042 2174 1086; x_wconf 88' lang='lat' dir='ltr'>occupationum</span> <span class='ocrx_word' id='word_1_410' title='bbox 2197 1050 2231 1078; x_wconf 87' lang='lat' dir='ltr'>et</span> 
     </span>
     <span class='ocr_line' id='line_1_64' title="bbox 1237 1089 2231 1138; baseline 0.006 -16"><span class='ocrx_word' id='word_1_411' title='bbox 1237 1089 1434 1124; x_wconf 88' lang='lat' dir='ltr'>moestitiae</span> <span class='ocrx_word' id='word_1_412' title='bbox 1452 1091 1504 1124; x_wconf 87' lang='lat' dir='ltr'>uti</span> <span class='ocrx_word' id='word_1_413' title='bbox 1523 1097 1701 1135; x_wconf 88' lang='lat' dir='ltr'>poteram,</span> <span class='ocrx_word' id='word_1_414' title='bbox 1730 1103 1774 1124; x_wconf 93' lang='lat' dir='ltr'>ne</span> <span class='ocrx_word' id='word_1_415' title='bbox 1791 1089 1881 1124; x_wconf 81' lang='lat' dir='ltr'>mihi</span> <span class='ocrx_word' id='word_1_416' title='bbox 1899 1089 1956 1125; x_wconf 85' lang='lat' dir='ltr'>hie</span> <span class='ocrx_word' id='word_1_417' title='bbox 1972 1092 2074 1126; x_wconf 81' lang='lat' dir='ltr'>labor</span> <span class='ocrx_word' id='word_1_418' title='bbox 2090 1094 2231 1138; x_wconf 88' lang='lat' dir='ltr'>publice</span> 
     </span>
     <span class='ocr_line' id='line_1_65' title="bbox 1237 1140 2229 1185; baseline 0.005 -12"><span class='ocrx_word' id='word_1_419' title='bbox 1237 1140 1378 1174; x_wconf 87' lang='lat' dir='ltr'>dicendi</span> <span class='ocrx_word' id='word_1_420' title='bbox 1396 1141 1647 1185; x_wconf 86' lang='lat' dir='ltr'>imponeretur.</span> <span class='ocrx_word' id='word_1_421' title='bbox 1683 1140 1836 1174; x_wconf 87' lang='lat' dir='ltr'>Memini</span> <span class='ocrx_word' id='word_1_422' title='bbox 1852 1153 1971 1175; x_wconf 90' lang='lat' dir='ltr'>senem</span> <span class='ocrx_word' id='word_1_423' title='bbox 1988 1145 2229 1178; x_wconf 88' lang='lat' dir='ltr'>venerandum</span> 
     </span>
     <span class='ocr_line' id='line_1_66' title="bbox 1237 1190 2231 1240; baseline 0.004 -16"><span class='ocrx_word' id='word_1_424' title='bbox 1237 1192 1416 1224; x_wconf 87' lang='lat' dir='ltr'>doctorem</span> <span class='ocrx_word' id='word_1_425' title='bbox 1441 1191 1600 1235; x_wconf 88' lang='lat' dir='ltr'>Ebinger</span> <span class='ocrx_word' id='word_1_426' title='bbox 1623 1192 1661 1224; x_wconf 91' lang='lat' dir='ltr'>in</span> <span class='ocrx_word' id='word_1_427' title='bbox 1685 1190 1876 1225; x_wconf 85' lang='lat' dir='ltr'>Academia</span> <span class='ocrx_word' id='word_1_428' title='bbox 1896 1191 2140 1237; x_wconf 85' lang='lat' dir='ltr'>Tubingensi‚</span> <span class='ocrx_word' id='word_1_429' title='bbox 2168 1195 2231 1240; x_wconf 88' lang='lat' dir='ltr'>qui</span> 
     </span>
     <span class='ocr_line' id='line_1_67' title="bbox 1238 1241 2229 1287; baseline 0.004 -12"><span class='ocrx_word' id='word_1_430' title='bbox 1238 1253 1351 1275; x_wconf 89' lang='lat' dir='ltr'>annos</span> <span class='ocrx_word' id='word_1_431' title='bbox 1373 1241 1632 1287; x_wconf 86' lang='lat' dir='ltr'>qninquaginta</span> <span class='ocrx_word' id='word_1_432' title='bbox 1659 1253 1717 1274; x_wconf 84' lang='lat' dir='ltr'>sex</span> <span class='ocrx_word' id='word_1_433' title='bbox 1740 1242 1880 1286; x_wconf 89' lang='lat' dir='ltr'>publice</span> <span class='ocrx_word' id='word_1_434' title='bbox 1906 1243 2041 1277; x_wconf 85' lang='lat' dir='ltr'>docuit:</span> <span class='ocrx_word' id='word_1_435' title='bbox 2076 1243 2124 1279; x_wconf 87' lang='lat' dir='ltr'>Et</span> <span class='ocrx_word' id='word_1_436' title='bbox 2149 1257 2229 1279; x_wconf 87' lang='lat' dir='ltr'>cum</span> 
     </span>
     <span class='ocr_line' id='line_1_68' title="bbox 1239 1292 2230 1337; baseline 0.003 -12"><span class='ocrx_word' id='word_1_437' title='bbox 1239 1299 1382 1337; x_wconf 92' lang='lat' dir='ltr'>propter</span> <span class='ocrx_word' id='word_1_438' title='bbox 1411 1299 1557 1326; x_wconf 85' lang='lat' dir='ltr'>naturae</span> <span class='ocrx_word' id='word_1_439' title='bbox 1583 1292 1779 1326; x_wconf 89' lang='lat' dir='ltr'>bonitatem</span> <span class='ocrx_word' id='word_1_440' title='bbox 1811 1299 1846 1326; x_wconf 92' lang='lat' dir='ltr'>et</span> <span class='ocrx_word' id='word_1_441' title='bbox 1870 1294 2156 1336; x_wconf 85' lang='lat' dir='ltr'>temperantiam,</span> <span class='ocrx_word' id='word_1_442' title='bbox 2195 1302 2230 1329; x_wconf 87' lang='lat' dir='ltr'>et</span> 
     </span>
     <span class='ocr_line' id='line_1_69' title="bbox 1240 1341 2231 1388; baseline 0.002 -11"><span class='ocrx_word' id='word_1_443' title='bbox 1240 1351 1352 1378; x_wconf 89' lang='lat' dir='ltr'>totum</span> <span class='ocrx_word' id='word_1_444' title='bbox 1369 1343 1461 1376; x_wconf 88' lang='lat' dir='ltr'>vitae</span> <span class='ocrx_word' id='word_1_445' title='bbox 1475 1342 1639 1377; x_wconf 89' lang='lat' dir='ltr'>ordinem</span> <span class='ocrx_word' id='word_1_446' title='bbox 1662 1343 1752 1376; x_wconf 90' lang='lat' dir='ltr'>vires</span> <span class='ocrx_word' id='word_1_447' title='bbox 1778 1343 1936 1388; x_wconf 90' lang='lat' dir='ltr'>corporis</span> <span class='ocrx_word' id='word_1_448' title='bbox 1958 1341 2103 1379; x_wconf 87' lang='lat' dir='ltr'>baberet</span> <span class='ocrx_word' id='word_1_449' title='bbox 2126 1346 2231 1379; x_wconf 89' lang='lat' dir='ltr'>etiam</span> 
     </span>
     <span class='ocr_line' id='line_1_70' title="bbox 1240 1393 2232 1440; baseline 0.002 -13"><span class='ocrx_word' id='word_1_450' title='bbox 1240 1395 1276 1427; x_wconf 92' lang='lat' dir='ltr'>in</span> <span class='ocrx_word' id='word_1_451' title='bbox 1295 1400 1433 1428; x_wconf 88' lang='lat' dir='ltr'>senecta</span> <span class='ocrx_word' id='word_1_452' title='bbox 1450 1393 1569 1427; x_wconf 90' lang='lat' dir='ltr'>minus</span> <span class='ocrx_word' id='word_1_453' title='bbox 1585 1393 1839 1437; x_wconf 84' lang='lat' dir='ltr'>languefactas,</span> <span class='ocrx_word' id='word_1_454' title='bbox 1865 1405 1938 1427; x_wconf 91' lang='lat' dir='ltr'>non</span> <span class='ocrx_word' id='word_1_455' title='bbox 1957 1395 2075 1429; x_wconf 79' lang='lat' dir='ltr'>omisit</span> <span class='ocrx_word' id='word_1_456' title='bbox 2092 1395 2232 1440; x_wconf 87' lang='lat' dir='ltr'>legendi</span> 
     </span>
     <span class='ocr_line' id='line_1_71' title="bbox 1241 1444 2232 1491; baseline 0.002 -12"><span class='ocrx_word' id='word_1_457' title='bbox 1241 1452 1273 1479; x_wconf 90' lang='lat' dir='ltr'>et</span> <span class='ocrx_word' id='word_1_458' title='bbox 1294 1445 1533 1489; x_wconf 84' lang='lat' dir='ltr'>respondendi</span> <span class='ocrx_word' id='word_1_459' title='bbox 1552 1444 1722 1479; x_wconf 87' lang='lat' dir='ltr'>laborem.</span> <span class='ocrx_word' id='word_1_460' title='bbox 1776 1444 1845 1479; x_wconf 86' lang='lat' dir='ltr'>Sed</span> <span class='ocrx_word' id='word_1_461' title='bbox 1868 1444 1954 1478; x_wconf 83' lang='lat' dir='ltr'>vixit</span> <span class='ocrx_word' id='word_1_462' title='bbox 1978 1445 2038 1479; x_wconf 89' lang='lat' dir='ltr'>ille</span> <span class='ocrx_word' id='word_1_463' title='bbox 2060 1445 2097 1479; x_wconf 91' lang='lat' dir='ltr'>in</span> <span class='ocrx_word' id='word_1_464' title='bbox 2115 1445 2232 1491; x_wconf 85' lang='lat' dir='ltr'>Repu.</span> 
     </span>
     <span class='ocr_line' id='line_1_72' title="bbox 1240 1493 2232 1543; baseline 0.002 -14"><span class='ocrx_word' id='word_1_465' title='bbox 1240 1495 1453 1540; x_wconf 88' lang='lat' dir='ltr'>tranquilla,</span> <span class='ocrx_word' id='word_1_466' title='bbox 1484 1507 1524 1529; x_wconf 88' lang='lat' dir='ltr'>ac</span> <span class='ocrx_word' id='word_1_467' title='bbox 1548 1495 1698 1530; x_wconf 86' lang='lat' dir='ltr'>florente</span> <span class='ocrx_word' id='word_1_468' title='bbox 1720 1495 1837 1540; x_wconf 88' lang='lat' dir='ltr'>potius</span> <span class='ocrx_word' id='word_1_469' title='bbox 1853 1493 2067 1537; x_wconf 81' lang='lat' dir='ltr'>Germania,</span> <span class='ocrx_word' id='word_1_470' title='bbox 2099 1497 2136 1530; x_wconf 92' lang='lat' dir='ltr'>in</span> <span class='ocrx_word' id='word_1_471' title='bbox 2163 1509 2232 1543; x_wconf 85' lang='lat' dir='ltr'>qua</span> 
     </span>
     <span class='ocr_line' id='line_1_73' title="bbox 1240 1545 2234 1590; baseline 0.001 -10"><span class='ocrx_word' id='word_1_472' title='bbox 1240 1546 1446 1590; x_wconf 87' lang='lat' dir='ltr'>Principum</span> <span class='ocrx_word' id='word_1_473' title='bbox 1460 1546 1746 1580; x_wconf 84' lang='lat' dir='ltr'>coniunctionem</span> <span class='ocrx_word' id='word_1_474' title='bbox 1758 1545 1933 1590; x_wconf 89' lang='lat' dir='ltr'>sapienter</span> <span class='ocrx_word' id='word_1_475' title='bbox 1943 1547 2107 1581; x_wconf 82' lang='lat' dir='ltr'>tuebatur</span> <span class='ocrx_word' id='word_1_476' title='bbox 2117 1547 2234 1581; x_wconf 79' lang='lat' dir='ltr'>Maxi-</span> 
     </span>
     <span class='ocr_line' id='line_1_74' title="bbox 1240 1595 2233 1642; baseline 0.002 -12"><span class='ocrx_word' id='word_1_477' title='bbox 1240 1597 1410 1630; x_wconf 88' lang='lat' dir='ltr'>milianus</span> <span class='ocrx_word' id='word_1_478' title='bbox 1426 1597 1517 1642; x_wconf 85' lang='lat' dir='ltr'>Imp.</span> <span class='ocrx_word' id='word_1_479' title='bbox 1557 1595 1603 1631; x_wconf 86' lang='lat' dir='ltr'>Et</span> <span class='ocrx_word' id='word_1_480' title='bbox 1622 1596 1786 1641; x_wconf 88' lang='lat' dir='ltr'>inprimis</span> <span class='ocrx_word' id='word_1_481' title='bbox 1802 1597 1948 1631; x_wconf 78' lang='lat' dir='ltr'>florebat</span> <span class='ocrx_word' id='word_1_482' title='bbox 1965 1598 2112 1631; x_wconf 90' lang='lat' dir='ltr'>ducatus</span> <span class='ocrx_word' id='word_1_483' title='bbox 2122 1597 2233 1632; x_wconf 75' lang='lat' dir='ltr'>Wit-</span> 
     </span>
     <span class='ocr_line' id='line_1_75' title="bbox 1242 1646 2233 1692; baseline 0.003 -12"><span class='ocrx_word' id='word_1_484' title='bbox 1242 1647 1474 1690; x_wconf 85' lang='lat' dir='ltr'>tebergensis,</span> <span class='ocrx_word' id='word_1_485' title='bbox 1510 1647 1647 1690; x_wconf 83' lang='lat' dir='ltr'>legibus</span> <span class='ocrx_word' id='word_1_486' title='bbox 1669 1655 1701 1681; x_wconf 88' lang='lat' dir='ltr'>et</span> <span class='ocrx_word' id='word_1_487' title='bbox 1725 1647 1911 1692; x_wconf 87' lang='lat' dir='ltr'>disciplina</span> <span class='ocrx_word' id='word_1_488' title='bbox 1934 1648 2034 1682; x_wconf 88' lang='lat' dir='ltr'>ducis</span> <span class='ocrx_word' id='word_1_489' title='bbox 2056 1646 2233 1683; x_wconf 82' lang='lat' dir='ltr'>Eberardi</span> 
     </span>
     <span class='ocr_line' id='line_1_76' title="bbox 1241 1697 2233 1742; baseline 0.002 -11"><span class='ocrx_word' id='word_1_490' title='bbox 1241 1698 1418 1742; x_wconf 83' lang='lat' dir='ltr'>Principis</span> <span class='ocrx_word' id='word_1_491' title='bbox 1435 1698 1717 1734; x_wconf 85' lang='lat' dir='ltr'>moderatissimi.</span> <span class='ocrx_word' id='word_1_492' title='bbox 1760 1697 1840 1731; x_wconf 84' lang='lat' dir='ltr'>Non</span> <span class='ocrx_word' id='word_1_493' title='bbox 1858 1698 1946 1732; x_wconf 86' lang='lat' dir='ltr'>vidit</span> <span class='ocrx_word' id='word_1_494' title='bbox 1962 1698 2022 1732; x_wconf 87' lang='lat' dir='ltr'>ille</span> <span class='ocrx_word' id='word_1_495' title='bbox 2038 1711 2142 1733; x_wconf 86' lang='lat' dir='ltr'>senex</span> <span class='ocrx_word' id='word_1_496' title='bbox 2160 1702 2233 1733; x_wconf 87' lang='lat' dir='ltr'>dis-</span> 
     </span>
     <span class='ocr_line' id='line_1_77' title="bbox 1242 1747 2234 1795; baseline 0.002 -13"><span class='ocrx_word' id='word_1_497' title='bbox 1242 1749 1332 1783; x_wconf 90' lang='lat' dir='ltr'>sidia</span> <span class='ocrx_word' id='word_1_498' title='bbox 1354 1751 1559 1795; x_wconf 85' lang='lat' dir='ltr'>dogmatum</span> <span class='ocrx_word' id='word_1_499' title='bbox 1584 1749 1621 1781; x_wconf 93' lang='lat' dir='ltr'>in</span> <span class='ocrx_word' id='word_1_500' title='bbox 1646 1747 1821 1790; x_wconf 86' lang='lat' dir='ltr'>Ecclesia,</span> <span class='ocrx_word' id='word_1_501' title='bbox 1849 1760 1921 1781; x_wconf 92' lang='lat' dir='ltr'>non</span> <span class='ocrx_word' id='word_1_502' title='bbox 1943 1749 2125 1784; x_wconf 86' lang='lat' dir='ltr'>seditiosas</span> <span class='ocrx_word' id='word_1_503' title='bbox 2148 1763 2234 1784; x_wconf 90' lang='lat' dir='ltr'>con-</span> 
     </span>
     <span class='ocr_line' id='line_1_78' title="bbox 1242 1798 2234 1844; baseline 0 -10"><span class='ocrx_word' id='word_1_504' title='bbox 1242 1800 1452 1844; x_wconf 83' lang='lat' dir='ltr'>spirationes</span> <span class='ocrx_word' id='word_1_505' title='bbox 1477 1799 1683 1843; x_wconf 88' lang='lat' dir='ltr'>Principum</span> <span class='ocrx_word' id='word_1_506' title='bbox 1711 1806 1831 1833; x_wconf 83' lang='lat' dir='ltr'>contra</span> <span class='ocrx_word' id='word_1_507' title='bbox 1859 1798 2129 1843; x_wconf 85' lang='lat' dir='ltr'>Imperatorem,</span> <span class='ocrx_word' id='word_1_508' title='bbox 2160 1813 2234 1834; x_wconf 89' lang='lat' dir='ltr'>non</span> 
     </span>
     <span class='ocr_line' id='line_1_79' title="bbox 1243 1849 2233 1895; baseline 0.001 -11"><span class='ocrx_word' id='word_1_509' title='bbox 1243 1851 1506 1895; x_wconf 85' lang='lat' dir='ltr'>peregrinarum</span> <span class='ocrx_word' id='word_1_510' title='bbox 1522 1851 1679 1893; x_wconf 88' lang='lat' dir='ltr'>gentium</span> <span class='ocrx_word' id='word_1_511' title='bbox 1697 1850 1869 1884; x_wconf 82' lang='lat' dir='ltr'>exercitus</span> <span class='ocrx_word' id='word_1_512' title='bbox 1884 1849 1920 1882; x_wconf 93' lang='lat' dir='ltr'>in</span> <span class='ocrx_word' id='word_1_513' title='bbox 1936 1849 2144 1885; x_wconf 80' lang='lat' dir='ltr'>Germania:</span> <span class='ocrx_word' id='word_1_514' title='bbox 2172 1855 2233 1885; x_wconf 86' lang='lat' dir='ltr'>sed</span> 
     </span>
     <span class='ocr_line' id='line_1_80' title="bbox 1244 1900 2235 1946; baseline 0.003 -12"><span class='ocrx_word' id='word_1_515' title='bbox 1244 1914 1324 1935; x_wconf 89' lang='lat' dir='ltr'>cnm</span> <span class='ocrx_word' id='word_1_516' title='bbox 1348 1901 1535 1934; x_wconf 88' lang='lat' dir='ltr'>mediocris</span> <span class='ocrx_word' id='word_1_517' title='bbox 1562 1908 1648 1934; x_wconf 89' lang='lat' dir='ltr'>esset</span> <span class='ocrx_word' id='word_1_518' title='bbox 1672 1900 1891 1944; x_wconf 86' lang='lat' dir='ltr'>reipublicae</span> <span class='ocrx_word' id='word_1_519' title='bbox 1914 1901 2169 1946; x_wconf 81' lang='lat' dir='ltr'>tranquillitas,</span> <span class='ocrx_word' id='word_1_520' title='bbox 2201 1909 2235 1937; x_wconf 87' lang='lat' dir='ltr'>et</span> 
     </span>
     <span class='ocr_line' id='line_1_81' title="bbox 1245 1951 2233 1997; baseline 0.001 -11"><span class='ocrx_word' id='word_1_521' title='bbox 1245 1953 1455 1986; x_wconf 78' lang='lat' dir='ltr'>domesticae</span> <span class='ocrx_word' id='word_1_522' title='bbox 1488 1963 1541 1984; x_wconf 86' lang='lat' dir='ltr'>res</span> <span class='ocrx_word' id='word_1_523' title='bbox 1573 1952 1649 1984; x_wconf 89' lang='lat' dir='ltr'>sine</span> <span class='ocrx_word' id='word_1_524' title='bbox 1678 1951 1806 1994; x_wconf 82' lang='lat' dir='ltr'>insigni</span> <span class='ocrx_word' id='word_1_525' title='bbox 1840 1951 2054 1993; x_wconf 84' lang='lat' dir='ltr'>calamitate,</span> <span class='ocrx_word' id='word_1_526' title='bbox 2096 1953 2233 1997; x_wconf 88' lang='lat' dir='ltr'>placide</span> 
     </span>
     <span class='ocr_line' id='line_1_82' title="bbox 1245 2002 2233 2037; baseline 0.001 -1"><span class='ocrx_word' id='word_1_527' title='bbox 1245 2004 1428 2037; x_wconf 88' lang='lat' dir='ltr'>fruebatur</span> <span class='ocrx_word' id='word_1_528' title='bbox 1453 2003 1580 2036; x_wconf 87' lang='lat' dir='ltr'>studiis</span> <span class='ocrx_word' id='word_1_529' title='bbox 1604 2003 1785 2035; x_wconf 87' lang='lat' dir='ltr'>doctrinae.</span> <span class='ocrx_word' id='word_1_530' title='bbox 1809 2013 1908 2035; x_wconf 89' lang='lat' dir='ltr'>suae:</span> <span class='ocrx_word' id='word_1_531' title='bbox 1947 2002 2099 2037; x_wconf 84' lang='lat' dir='ltr'>leniebat</span> <span class='ocrx_word' id='word_1_532' title='bbox 2127 2005 2233 2037; x_wconf 87' lang='lat' dir='ltr'>etiam</span> 
     </span>
     <span class='ocr_line' id='line_1_83' title="bbox 1244 2052 2233 2098; baseline 0.001 -10"><span class='ocrx_word' id='word_1_533' title='bbox 1244 2067 1345 2088; x_wconf 81' lang='lat' dir='ltr'>curas</span> <span class='ocrx_word' id='word_1_534' title='bbox 1367 2054 1564 2098; x_wconf 86' lang='lat' dir='ltr'>precatione</span> <span class='ocrx_word' id='word_1_535' title='bbox 1593 2060 1625 2087; x_wconf 87' lang='lat' dir='ltr'>et</span> <span class='ocrx_word' id='word_1_536' title='bbox 1652 2053 1864 2097; x_wconf 79' lang='lat' dir='ltr'>cogitatione</span> <span class='ocrx_word' id='word_1_537' title='bbox 1892 2055 1935 2085; x_wconf 88' lang='lat' dir='ltr'>de</span> <span class='ocrx_word' id='word_1_538' title='bbox 1957 2052 2044 2087; x_wconf 87' lang='lat' dir='ltr'>Deo.</span> <span class='ocrx_word' id='word_1_539' title='bbox 2099 2053 2233 2089; x_wconf 80' lang='lat' dir='ltr'>Habuit</span> 
     </span>
     <span class='ocr_line' id='line_1_84' title="bbox 1244 2104 2235 2146; baseline 0 -7"><span class='ocrx_word' id='word_1_540' title='bbox 1244 2113 1275 2139; x_wconf 83' lang='lat' dir='ltr'>et</span> <span class='ocrx_word' id='word_1_541' title='bbox 1293 2106 1414 2139; x_wconf 84' lang='lat' dir='ltr'>solatia</span> <span class='ocrx_word' id='word_1_542' title='bbox 1432 2105 1620 2138; x_wconf 86' lang='lat' dir='ltr'>domestica</span> <span class='ocrx_word' id='word_1_543' title='bbox 1646 2116 1716 2137; x_wconf 89' lang='lat' dir='ltr'>non</span> <span class='ocrx_word' id='word_1_544' title='bbox 1744 2104 1895 2146; x_wconf 80' lang='lat' dir='ltr'>ingrata,</span> <span class='ocrx_word' id='word_1_545' title='bbox 1922 2105 2011 2137; x_wconf 86' lang='lat' dir='ltr'>duos</span> <span class='ocrx_word' id='word_1_546' title='bbox 2034 2104 2124 2138; x_wconf 80' lang='lat' dir='ltr'>filios</span> <span class='ocrx_word' id='word_1_547' title='bbox 2146 2106 2235 2139; x_wconf 83' lang='lat' dir='ltr'>iuris</span> 
     </span>
     <span class='ocr_line' id='line_1_85' title="bbox 1244 2153 2232 2200; baseline 0.001 -11"><span class='ocrx_word' id='word_1_548' title='bbox 1244 2159 1421 2190; x_wconf 85' lang='lat' dir='ltr'>doctores:</span> <span class='ocrx_word' id='word_1_549' title='bbox 1451 2164 1483 2190; x_wconf 90' lang='lat' dir='ltr'>et</span> <span class='ocrx_word' id='word_1_550' title='bbox 1508 2168 1546 2189; x_wconf 84' lang='lat' dir='ltr'>ex</span> <span class='ocrx_word' id='word_1_551' title='bbox 1571 2153 1625 2188; x_wconf 83' lang='lat' dir='ltr'>bis</span> <span class='ocrx_word' id='word_1_552' title='bbox 1649 2155 1872 2188; x_wconf 85' lang='lat' dir='ltr'>dulcissimos</span> <span class='ocrx_word' id='word_1_553' title='bbox 1899 2162 2018 2194; x_wconf 85' lang='lat' dir='ltr'>natos,</span> <span class='ocrx_word' id='word_1_554' title='bbox 2045 2156 2106 2200; x_wconf 85' lang='lat' dir='ltr'>qni</span> <span class='ocrx_word' id='word_1_555' title='bbox 2127 2169 2232 2190; x_wconf 82' lang='lat' dir='ltr'>avum</span> 
     </span>
     <span class='ocr_line' id='line_1_86' title="bbox 1243 2203 2234 2253; baseline 0 -12"><span class='ocrx_word' id='word_1_556' title='bbox 1243 2208 1503 2241; x_wconf 86' lang='lat' dir='ltr'>comitabantur</span> <span class='ocrx_word' id='word_1_557' title='bbox 1533 2214 1673 2240; x_wconf 83' lang='lat' dir='ltr'>euntem</span> <span class='ocrx_word' id='word_1_558' title='bbox 1705 2206 1740 2239; x_wconf 92' lang='lat' dir='ltr'>in</span> <span class='ocrx_word' id='word_1_559' title='bbox 1779 2203 1938 2246; x_wconf 85' lang='lat' dir='ltr'>bortum,</span> <span class='ocrx_word' id='word_1_560' title='bbox 1974 2206 2009 2239; x_wconf 91' lang='lat' dir='ltr'>in</span> <span class='ocrx_word' id='word_1_561' title='bbox 2039 2219 2109 2253; x_wconf 89' lang='lat' dir='ltr'>quo</span> <span class='ocrx_word' id='word_1_562' title='bbox 2135 2214 2234 2241; x_wconf 84' lang='lat' dir='ltr'>erant</span> 
     </span>
     <span class='ocr_line' id='line_1_87' title="bbox 1243 2271 1546 2303; baseline -0.003 -12"><span class='ocrx_word' id='word_1_563' title='bbox 1243 2271 1429 2303; x_wconf 66' lang='lat' dir='ltr'>opel‘iil&#39;unl</span> <span class='ocrx_word' id='word_1_564' title='bbox 1449 2271 1546 2291; x_wconf 64' lang='grc'><strong>50011-</strong></span> 
     </span>
    </p>
   </div>
   <div class='ocr_carea' id='block_1_19' title="bbox 1240 2331 2234 2734">
    <p class='ocr_par' dir='ltr' id='par_1_19' title="bbox 1240 2331 2234 2734">
     <span class='ocr_line' id='line_1_88' title="bbox 1345 2331 2231 2378; baseline -0.001 -10"><span class='ocrx_word' id='word_1_565' title='bbox 1345 2333 1419 2378; x_wconf 88' lang='lat' dir='ltr'>Ego</span> <span class='ocrx_word' id='word_1_566' title='bbox 1436 2345 1513 2367; x_wconf 85' lang='lat' dir='ltr'>enm</span> <span class='ocrx_word' id='word_1_567' title='bbox 1534 2334 1600 2366; x_wconf 89' lang='lat' dir='ltr'>iam</span> <span class='ocrx_word' id='word_1_568' title='bbox 1619 2331 1682 2366; x_wconf 87' lang='lat' dir='ltr'>Dei</span> <span class='ocrx_word' id='word_1_569' title='bbox 1704 2333 1872 2365; x_wconf 76' lang='lat' dir='ltr'>beneficio</span> <span class='ocrx_word' id='word_1_570' title='bbox 1892 2332 2069 2375; x_wconf 82' lang='lat' dir='ltr'>ingressus</span> <span class='ocrx_word' id='word_1_571' title='bbox 2085 2333 2149 2367; x_wconf 88' lang='lat' dir='ltr'>sim</span> <span class='ocrx_word' id='word_1_572' title='bbox 2167 2347 2231 2367; x_wconf 86' lang='lat' dir='ltr'>an-</span> 
     </span>
     <span class='ocr_line' id='line_1_89' title="bbox 1243 2383 2234 2427; baseline 0 -9"><span class='ocrx_word' id='word_1_573' title='bbox 1243 2399 1326 2418; x_wconf 90' lang='lat' dir='ltr'>unm</span> <span class='ocrx_word' id='word_1_574' title='bbox 1362 2387 1554 2419; x_wconf 86' lang='lat' dir='ltr'>secundnm</span> <span class='ocrx_word' id='word_1_575' title='bbox 1588 2391 1619 2418; x_wconf 84' lang='lat' dir='ltr'>et</span> <span class='ocrx_word' id='word_1_576' title='bbox 1654 2383 1971 2427; x_wconf 70' lang='lat' dir='ltr'>septuagesimum,</span> <span class='ocrx_word' id='word_1_577' title='bbox 2003 2396 2082 2418; x_wconf 83' lang='lat' dir='ltr'>cnm</span> <span class='ocrx_word' id='word_1_578' title='bbox 2113 2392 2145 2418; x_wconf 81' lang='lat' dir='ltr'>et</span> <span class='ocrx_word' id='word_1_579' title='bbox 2169 2387 2234 2419; x_wconf 77' lang='lat' dir='ltr'>‹lo—</span> 
     </span>
     <span class='ocr_line' id='line_1_90' title="bbox 1242 2434 2234 2480; baseline -0.002 -10"><span class='ocrx_word' id='word_1_580' title='bbox 1242 2438 1363 2475; x_wconf 68' lang='lat' dir='ltr'>cendi,</span> <span class='ocrx_word' id='word_1_581' title='bbox 1416 2443 1449 2470; x_wconf 88' lang='lat' dir='ltr'>et</span> <span class='ocrx_word' id='word_1_582' title='bbox 1484 2435 1721 2480; x_wconf 84' lang='lat' dir='ltr'>respondendi</span> <span class='ocrx_word' id='word_1_583' title='bbox 1756 2434 2003 2467; x_wconf 81' lang='lat' dir='ltr'>adsiduitatem</span> <span class='ocrx_word' id='word_1_584' title='bbox 2031 2436 2234 2476; x_wconf 79' lang='lat' dir='ltr'>sustineam,</span> 
     </span>
     <span class='ocr_line' id='line_1_91' title="bbox 1241 2484 2231 2532; baseline 0 -13"><span class='ocrx_word' id='word_1_585' title='bbox 1241 2496 1371 2532; x_wconf 76' lang='lat' dir='ltr'>quanta</span> <span class='ocrx_word' id='word_1_586' title='bbox 1396 2488 1432 2520; x_wconf 92' lang='lat' dir='ltr'>in</span> <span class='ocrx_word' id='word_1_587' title='bbox 1456 2487 1633 2519; x_wconf 82' lang='lat' dir='ltr'>moesticia</span> <span class='ocrx_word' id='word_1_588' title='bbox 1659 2486 1761 2519; x_wconf 75' lang='lat' dir='ltr'>snm?</span> <span class='ocrx_word' id='word_1_589' title='bbox 1797 2484 1923 2519; x_wconf 80' lang='lat' dir='ltr'>incidit</span> <span class='ocrx_word' id='word_1_590' title='bbox 1941 2486 2033 2519; x_wconf 84' lang='lat' dir='ltr'>enim</span> <span class='ocrx_word' id='word_1_591' title='bbox 2054 2484 2137 2519; x_wconf 83' lang='lat' dir='ltr'>baec</span> <span class='ocrx_word' id='word_1_592' title='bbox 2156 2499 2231 2519; x_wconf 85' lang='lat' dir='ltr'>mea</span> 
     </span>
     <span class='ocr_line' id='line_1_92' title="bbox 1241 2535 2233 2581; baseline 0 -11"><span class='ocrx_word' id='word_1_593' title='bbox 1241 2547 1394 2572; x_wconf 77' lang='lat' dir='ltr'>senestas</span> <span class='ocrx_word' id='word_1_594' title='bbox 1420 2539 1454 2570; x_wconf 91' lang='lat' dir='ltr'>in</span> <span class='ocrx_word' id='word_1_595' title='bbox 1480 2550 1622 2579; x_wconf 66' lang='lat' dir='ltr'>magnas</span> <span class='ocrx_word' id='word_1_596' title='bbox 1645 2535 1819 2570; x_wconf 72' lang='lat' dir='ltr'>Ecclesiae</span> <span class='ocrx_word' id='word_1_597' title='bbox 1843 2543 1872 2569; x_wconf 91' lang='lat' dir='ltr'>et</span> <span class='ocrx_word' id='word_1_598' title='bbox 1901 2536 2127 2581; x_wconf 82' lang='lat' dir='ltr'>imperiorum</span> <span class='ocrx_word' id='word_1_599' title='bbox 2148 2550 2233 2570; x_wconf 80' lang='lat' dir='ltr'>ron-</span> 
     </span>
     <span class='ocr_line' id='line_1_93' title="bbox 1240 2588 2232 2634; baseline 0.001 -12"><span class='ocrx_word' id='word_1_600' title='bbox 1240 2591 1412 2626; x_wconf 74' lang='lat' dir='ltr'>susiones.</span> <span class='ocrx_word' id='word_1_601' title='bbox 1464 2601 1612 2634; x_wconf 69' lang='lat' dir='ltr'>quat-nui</span> <span class='ocrx_word' id='word_1_602' title='bbox 1651 2588 1862 2629; x_wconf 67' lang='lat' dir='ltr'>cogitatione.</span> <span class='ocrx_word' id='word_1_603' title='bbox 1900 2588 1998 2620; x_wconf 79' lang='lat' dir='ltr'>valde</span> <span class='ocrx_word' id='word_1_604' title='bbox 2040 2591 2232 2623; x_wconf 73' lang='lat' dir='ltr'>excrucior.</span> 
     </span>
     <span class='ocr_line' id='line_1_94' title="bbox 1240 2639 2231 2683; baseline 0.001 -12"><span class='ocrx_word' id='word_1_605' title='bbox 1240 2642 1306 2672; x_wconf 68' lang='lat' dir='ltr'>Sed</span> <span class='ocrx_word' id='word_1_606' title='bbox 1330 2640 1390 2673; x_wconf 80' lang='lat' dir='ltr'>bac</span> <span class='ocrx_word' id='word_1_607' title='bbox 1410 2654 1463 2672; x_wconf 71' lang='lat' dir='ltr'>uu·</span> <span class='ocrx_word' id='word_1_608' title='bbox 1483 2639 1724 2673; x_wconf 74' lang='lat' dir='ltr'>consolatione</span> <span class='ocrx_word' id='word_1_609' title='bbox 1743 2640 1858 2677; x_wconf 74' lang='lat' dir='ltr'>lirina,</span> <span class='ocrx_word' id='word_1_610' title='bbox 1887 2644 1916 2670; x_wconf 82' lang='lat' dir='ltr'>et</span> <span class='ocrx_word' id='word_1_611' title='bbox 1937 2650 2157 2683; x_wconf 78' lang='lat' dir='ltr'>nequaqnam</span> <span class='ocrx_word' id='word_1_612' title='bbox 2184 2641 2231 2672; x_wconf 83' lang='lat' dir='ltr'>ir-</span> 
     </span>
     <span class='ocr_line' id='line_1_95' title="bbox 1241 2687 2229 2734; baseline -0.002 -11"><span class='ocrx_word' id='word_1_613' title='bbox 1241 2693 1303 2725; x_wconf 76' lang='lat' dir='ltr'>rita</span> <span class='ocrx_word' id='word_1_614' title='bbox 1318 2718 1326 2728; x_wconf 78' lang='grc'><strong>.</strong></span> <span class='ocrx_word' id='word_1_615' title='bbox 1355 2693 1450 2733; x_wconf 66' lang='lat' dir='ltr'>erigo</span> <span class='ocrx_word' id='word_1_616' title='bbox 1469 2699 1499 2724; x_wconf 87' lang='lat' dir='ltr'>et</span> <span class='ocrx_word' id='word_1_617' title='bbox 1518 2698 1692 2729; x_wconf 61' lang='lat' dir='ltr'>sustento,</span> <span class='ocrx_word' id='word_1_618' title='bbox 1721 2690 1813 2734; x_wconf 84' lang='lat' dir='ltr'>quod</span> <span class='ocrx_word' id='word_1_619' title='bbox 1833 2688 1904 2722; x_wconf 77' lang='lat' dir='ltr'>scio</span> <span class='ocrx_word' id='word_1_620' title='bbox 1924 2689 2033 2722; x_wconf 75' lang='lat' dir='ltr'>filiuni</span> <span class='ocrx_word' id='word_1_621' title='bbox 2055 2687 2132 2725; x_wconf 73' lang='lat' dir='ltr'>Dei.</span> <span class='ocrx_word' id='word_1_622' title='bbox 2159 2689 2229 2722; x_wconf 86' lang='lat' dir='ltr'>Do-</span> 
     </span>
    </p>
   </div>
   <div class='ocr_carea' id='block_1_20' title="bbox 2330 415 2338 647">
    <p class='ocr_par' dir='ltr' id='par_1_20' title="bbox 2330 415 2338 647">
     <span class='ocr_line' id='line_1_96' title="bbox 2330 415 2338 647; textangle 90"><span class='ocrx_word' id='word_1_623' title='bbox 2330 638 2338 647; x_wconf 75' lang='grc' dir='ltr'>ι</span> <span class='ocrx_word' id='word_1_624' title='bbox 2334 600 2338 619; x_wconf 84' lang='grc'>.-</span> <span class='ocrx_word' id='word_1_625' title='bbox 2330 415 2338 586; x_wconf 43' lang='grc' dir='ltr'>..μμ-μ..-</span> 
     </span>
    </p>
   </div>
  </div>
 </body>
</html>
