2338 2958
193 126 264 163 115

193 224 357 247 enarrare
373 219 406 246 et
424 212 614 257 explicare,
639 210 776 256 quoties
792 208 905 254 poscit
921 205 989 243 hoc
1014 208 1180 252 publicus

193 276 294 305 usus,
322 263 513 308 possimus,
541 261 636 295 varie
649 261 884 304 subigendum
914 266 965 294 est
983 259 1179 303 ingenium,

194 323 227 350 et
243 315 409 349 omnibus
426 313 621 357 disciplinis
644 312 888 346 excolendum.
940 310 1030 344 Nam
1056 318 1094 344 ut
1118 322 1181 343 ne-

193 367 315 410 glectis
333 366 404 398 filix
422 364 615 398 innascitur
631 364 740 407 agris,
756 363 804 398 ita
819 363 857 396 in
873 362 1024 406 ingeniis
1040 361 1108 395 nisi
1124 372 1182 394 re·-

195 424 390 462 purgentur
423 415 635 458 elegantiore
669 415 869 455 literatura,
906 413 1003 446 velut
1037 412 1181 446 inutiles

194 466 323 502 herbae
349 473 466 507 natae,
492 466 564 498 vim
588 466 716 500 mentis
740 477 881 499 omnem
897 463 1119 507 strangulant
1147 469 1182 496 et

195 525 360 559 enecant,
387 529 432 551 ne
449 523 509 551 aut
527 518 710 561 pervidere
731 528 784 550 res
802 517 968 550 obscuras
985 522 1045 549 aut
1063 514 1179 559 publi-

195 581 271 604 care
284 595 293 610 ‚
320 575 354 602 et
370 568 406 601 in
423 575 578 613 apertam
594 568 707 602 lucem
730 567 886 611 proferre
906 573 1046 612 queant.
1102 565 1183 599 Ma-

194 632 262 663 gna
289 620 462 665 quaedam
485 619 597 654 virtus
621 626 671 653 est
693 617 912 663 eloquentia,
940 624 973 651 et
1000 624 1039 651 ut
1060 617 1120 650 ille
1144 617 1181 649 in

195 671 395 715 Tragoedia
412 671 518 711 dixit,
546 682 663 704 rerum
681 669 844 710 domina,
871 680 941 713 quo
959 669 1003 701 de
1025 667 1183 701 obscuris

195 723 302 757 rebus
331 722 457 756 ordine
482 733 520 755 ac
543 721 698 755 dilucide
724 720 895 753 dicamus.
961 717 1013 753 Ea
1048 718 1183 752 nemini

196 774 272 808 sine
297 785 425 817 magno
447 784 512 806 usu
538 784 657 805 earum
674 771 820 812 artium,
849 782 937 816 quae
952 767 1184 804 humanitatis

196 825 432 871 appellatione
455 823 701 864 continentur,
736 822 904 867 variaque
936 821 1184 855 exercitatione

197 875 380 919 contingit.
414 874 510 908 Haec
528 886 604 908 mea
621 874 712 907 ratio
733 880 802 912 est,
831 885 894 906 cur
911 870 974 906 has
994 879 1084 906 artes
1100 884 1184 917 pro-

200 927 336 961 futuras
354 926 457 959 etiam
477 925 603 959 studiis
617 924 798 969 religionis
817 924 1028 962 existimem,
1057 936 1124 970 qua
1143 924 1186 955 de

196 990 234 1012 re
248 990 321 1011 non
338 977 452 1011 dicam
471 974 528 1010 hic
546 977 706 1020 longius,
730 988 774 1009 ne
792 975 913 1008 videar
928 972 985 1014 δὶς
998 971 1186 1022 κράμβην,

197 1030 292 1075 quod
310 1029 450 1069 dicunt,
466 1028 621 1067 adferre,
638 1039 716 1061 cum
736 1027 822 1061 alias
839 1024 931 1060 hanc
949 1038 1086 1060 causam
1105 1038 1186 1070 ege-

197 1081 278 1115 rim.
333 1079 405 1112 Vos
434 1086 551 1113 autem
586 1085 757 1124 quantum
792 1089 934 1122 possum
969 1074 1115 1119 hortor,
1148 1085 1187 1112 ut

197 1131 497 1177 quemadmodum
523 1129 627 1164 initio
652 1129 746 1170 dixi,
781 1128 1002 1163 constituatis
1028 1129 1095 1174 ipsi
1124 1141 1186 1163 vo-

195 1182 351 1221 biscum,
380 1193 485 1227 quem
509 1181 663 1215 fructum
682 1193 721 1214 ex
739 1180 866 1214 studiis
881 1186 999 1224 petere
1023 1192 1085 1213 vos
1101 1193 1187 1214 con—

196 1233 333 1274 veniat,
360 1239 393 1267 et
421 1239 460 1267 ut
482 1244 558 1266 eam
588 1231 762 1266 rationem
790 1231 990 1265 studiorum
1009 1231 1187 1275 ingredia-

197 1284 307 1325 mini,
338 1284 434 1317 unde
459 1283 655 1328 plurimum
675 1282 839 1317 utilitatis
863 1283 907 1315 ad
930 1293 993 1315 vos
1018 1283 1185 1327 privatim

196 1343 229 1371 et
245 1336 289 1369 ad
307 1334 485 1379 Rempub.
502 1334 604 1369 redit.

245 1405 299 1436 Est
315 1405 429 1446 aliquid
447 1415 506 1445 quo
525 1404 637 1440 tendis,
666 1404 764 1444 inquit
781 1401 862 1434 Pers.
874 1427 882 1442 ,
909 1410 938 1434 et
957 1406 987 1433 in
1004 1403 1087 1444 quod
1111 1402 1187 1432 diri-

608 1457 653 1493 gis
670 1465 782 1492 arcum,

247 1508 300 1539 An
315 1510 424 1549 passim
443 1517 550 1537 corvos
566 1507 697 1546 sequeris
712 1511 844 1546 testaque
863 1507 1000 1546 lutoque,

246 1559 376 1590 Securus
391 1569 452 1601 quo
468 1569 520 1598 pes
538 1558 613 1587 serat
635 1563 724 1598 atque
741 1567 779 1586 ex
794 1563 928 1597 tempore
945 1558 1033 1588 vivis.

197 1634 248 1669 lta
266 1631 353 1667 mibi
375 1632 480 1666 multi
503 1638 690 1676 postquam
713 1630 846 1663 bonam
874 1630 966 1664 vitae
991 1636 1126 1673 partem
1148 1629 1186 1662 in

197 1685 324 1720 studiis
349 1688 664 1727 consumpserunt,
699 1685 860 1714 nondum
896 1681 1102 1725 expendisse
1132 1681 1185 1713 vi-

196 1739 342 1777 dentur,
369 1735 455 1780 quid
479 1740 602 1778 agant,
631 1739 692 1767 aut
715 1745 784 1778 qua
811 1732 849 1765 in
876 1744 914 1765 re
938 1732 1111 1766 collocent
1134 1732 1183 1765 la-

196 1790 316 1822 borem
328 1814 336 1827 ‚
354 1798 460 1831 quam
482 1796 628 1819 messem
647 1795 664 1817 a
682 1783 809 1817 studiis
825 1789 1027 1828 expectent,
1045 1795 1083 1817 ea
1101 1795 1184 1817 vero

197 1852 268 1873 non
287 1838 434 1881 simplex
456 1837 593 1870 insania
610 1841 677 1875 est,
705 1835 812 1880 fitque
835 1841 873 1868 ut
896 1835 981 1868 dum
1005 1835 1067 1868 diu
1090 1835 1184 1868 didi—

196 1903 293 1931 cere,
320 1886 435 1922 nihilo
460 1887 589 1922 certius
615 1887 659 1920 de
683 1886 854 1929 religione
881 1887 994 1932 deque
1023 1885 1102 1919 aliis
1128 1898 1182 1919 re-

194 1943 260 1976 bus
286 1940 460 1981 iudicent,
494 1951 600 1985 quam
623 1938 760 1981 vulgus.
823 1935 898 1971 Etsi
924 1938 1066 1983 quando
1091 1937 1183 1971 Res-

196 1993 279 2037 pub.
305 2003 426 2025 vocem
454 1991 508 2024 vel
537 1988 725 2024 consilium
762 2001 884 2022 eorum
921 1989 1075 2033 flagitat,
1107 1996 1182 2022 tum

196 2057 278 2077 vero
298 2043 407 2086 magis
422 2042 508 2076 muti
526 2049 607 2076 sunt
625 2053 730 2087 quam
747 2040 867 2084 pisces.
903 2039 1036 2073 Verum
1053 2047 1092 2074 ut
1109 2040 1183 2073 via-

196 2102 251 2129 tor
275 2094 427 2138 primnm
455 2093 665 2132 constituet,
693 2104 763 2137 quo
788 2089 914 2125 habeat
932 2091 1020 2132 iter,
1048 2091 1095 2125 ita
1117 2104 1183 2124 no-

194 2147 248 2181 bis
267 2146 302 2178 in
322 2145 448 2178 studiis
463 2152 544 2178 ante
560 2143 679 2178 omnia
698 2149 771 2176 erat
790 2142 965 2176 defructu
982 2143 1181 2176 studiorum

193 2197 480 2230 deliberandum:
513 2202 631 2240 postea
656 2194 811 2228 ineunda
838 2193 927 2227 ratio
953 2194 1183 2238 compendia-

195 2249 244 2282 ria
268 2248 484 2292 peragendae
510 2247 659 2281 fabulae.
721 2244 771 2279 Ita
806 2245 1038 2289 cognoscendi
1065 2246 1183 2289 legen-

192 2300 298 2345 dique
342 2298 528 2343 scriptores
569 2309 708 2337 omues,
760 2303 799 2330 ut
835 2297 879 2330 (le
917 2297 1087 2339 religione
1120 2297 1182 2330 de-

193 2363 259 2395 que
284 2356 406 2383 natura
434 2356 613 2383 teneamus
637 2355 769 2382 certum
787 2348 956 2393 quiddam
980 2349 1073 2393 quod
1101 2360 1182 2393 pro-

194 2413 349 2440 mamus,
377 2401 515 2445 quoties
533 2411 615 2434 usus
632 2400 723 2433 vitae
747 2399 876 2444 poscit,
904 2406 937 2433 et
954 2400 1110 2443 paranda
1133 2406 1183 2433 est

192 2453 290 2497 copia
307 2452 499 2491 sermonis,
516 2464 621 2497 quam
640 2451 766 2496 possis,
792 2463 871 2484 cnm
887 2451 1005 2495 aliqua
1025 2463 1079 2485 res
1095 2463 1181 2484 con·

193 2503 417 2542 uox-erutor,
445 2503 617 2546 explicare
641 2503 750 2536 animi
768 2514 880 2536 seusa.
937 2501 1043 2536 Hunc
1063 2508 1181 2547 putate

192 2567 336 2599 scopum
376 2554 573 2587 studiorum
604 2561 799 2587 vestrorum
839 2554 1059 2598 propositum
1097 2557 1208 2591 essi-‚¹

190 2608 230 2640 ad
250 2618 353 2652 quem
375 2617 496 2638 omues
514 2606 746 2648 cogitationes
766 2604 967 2638 animorum
983 2612 1178 2639 vestrorum
1206 2605 1208 2617 '

415 2655 507 2690 Dixi.

189 2657 361 2699 dirigatis.

665 122 824 160 DECL.
877 120 951 157 DE
987 117 1320 158 UTILITATE
1355 118 1742 156 FABULARUM.

2151 120 2170 155 1
2179 119 2228 157 16

1999 205 2043 252 (a.
2073 208 2155 239 1526
2165 205 2201 253 ε’)

1270 206 1337 241 No.
1367 205 1425 241 14.

1418 314 1494 356 De
1523 314 1730 356 utilitate
1754 312 2040 372 fabularum.

1303 403 1383 439 Apud
1404 404 1477 431 Crat.
1496 403 1566 438 Myl.
1584 411 1612 437 p.
1631 402 1708 436 606„
1734 403 1762 429 in
1781 403 1933 430 Declamat.
1956 404 1991 429 T.
2010 401 2031 430 1.
2050 412 2076 438 p.
2095 403 2173 438 656.,
2197 403 2225 430 iu

1335 439 1379 465 ed·
1397 438 1517 466 Servest.
1536 438 1558 464 I.
1578 448 1603 473 p.
1622 438 1696 469 574„
1715 437 1786 472 apud
1805 437 1936 465 Richard.
1955 437 1988 465 T.
2008 437 2030 465 Ι.
2048 446 2077 473 p.
2095 438 2155 465 800.

1393 536 1453 570 De
1478 535 1651 570 utilitate
1673 532 1903 580 fabularum
1929 538 2064 571 oratio.

1234 611 1328 653 Non
1344 619 1490 659 dubito,
1518 620 1605 665 quin
1629 627 1669 654 ut
1686 620 1836 666 quisque
1853 620 2136 654 modestissimus
2160 626 2224 662 est,

1236 671 1285 704 ita
1317 671 1468 704 maxime
1495 671 1664 711 miretur,
1698 672 1807 717 idque
1836 671 1982 713 merito,
2015 671 2104 717 quid
2136 668 2228 705 mihi

1237 733 1371 766 puero,
1404 723 1567 756 nondum
1593 722 1726 767 primos
1745 722 1857 756 oblito
1881 723 2036 766 vagitus,
2064 723 2102 756 in
2125 734 2228 756 men-

1237 779 1307 806 tem
1327 773 1483 814 venerit,
1507 785 1570 807 cur
1587 771 1646 807 hic
1661 773 1699 806 in
1719 786 1850 807 corona
1867 773 2154 808 doctissimorum
2172 773 2229 807 iu-

1238 835 1368 856 venum
1411 824 1527 858 dicere
1571 825 1828 861 constituerim.
1886 823 2009 870 Neque
2041 836 2125 858 vero
2161 823 2230 869 ipsi

1237 875 1365 908 frontis
1380 875 1467 909 adeo
1484 875 1670 920 perfrictae
1686 887 1826 918 sumus,
1847 882 1887 910 ut
1903 876 1940 909 in
1956 874 2022 910 hoc
2038 875 2230 917 auditorio,

1238 926 1295 959 vel
1314 926 1446 960 mutire
1463 927 1640 966 ausimus,
1667 927 1706 959 ni
1730 935 1856 971 cogant
1878 925 2148 962 honestissimae
2170 938 2230 960 ra-

1239 977 1366 1010 tiones.
1423 976 1514 1011 Nam
1541 989 1620 1011 cum
1655 975 1725 1012 huc
1755 978 1900 1023 prodire
1929 985 2032 1023 turpe
2061 978 2125 1020 sit,
2158 977 2230 1012 nisi

1240 1040 1318 1061 cum
1344 1028 1567 1074 eloquentia,
1588 1035 1663 1063 tum
1688 1029 1897 1070 autoritate,
1922 1029 2039 1063 locum
2063 1040 2143 1062 cum
2167 1029 2230 1062 de-

1240 1091 1322 1113 coro
1350 1079 1440 1113 tueri
1462 1080 1593 1125 possiS,
1626 1092 1838 1126 verererque
1872 1080 1948 1114 fore
1971 1079 2164 1119 ridiculus,
2200 1079 2230 1113 si

1241 1131 1308 1164 tale
1335 1131 1505 1176 quiddam
1533 1128 1597 1165 hac
1622 1138 1733 1165 aetate
1759 1131 1990 1176 susciperem,
2026 1142 2116 1177 quae
2142 1130 2230 1176 quid

1242 1181 1366 1225 possit,
1395 1188 1568 1227 quantum
1591 1182 1719 1227 sapiat,
1753 1194 1859 1216 nemo
1883 1183 2035 1226 ignorat.
2088 1180 2162 1215 lam
2191 1187 2232 1215 ut

1240 1232 1478 1266 eruditionem
1498 1245 1572 1266 non
1590 1233 1786 1274 desideres,
1811 1233 1961 1278 primam
1978 1233 2016 1267 in
2032 1232 2231 1278 puerilibus

1241 1283 1393 1327 ingeniis
1425 1283 1565 1318 laudem
1588 1284 1800 1318 verecundia
1829 1291 2004 1326 meretur,
2037 1284 2075 1317 in
2099 1295 2168 1329 qua
2192 1283 2232 1316 ni

1241 1335 1389 1368 sentiam
1408 1347 1514 1379 quam
1538 1335 1645 1378 longo
1669 1336 1758 1369 absit
1779 1332 1864 1369 haec
1887 1333 2058 1370 theatrica
2076 1340 2231 1369 ostenta-

1241 1385 1311 1423 tio,
1345 1396 1410 1418 nae
1435 1397 1497 1429 ego
1521 1386 1627 1430 plane
1650 1387 1813 1431 stupidus
1835 1386 1912 1422 sim.
1965 1385 2035 1421 Sed
2060 1385 2146 1419 vicit
2167 1383 2232 1419 has

1240 1436 1396 1470 rationes
1411 1436 1652 1481 praeceptoris
1669 1437 1738 1470 mei
1757 1437 1948 1479 autoritas,
1976 1437 2038 1483 qui
2062 1437 2106 1470 de
2130 1436 2232 1480 inge-

1240 1487 1300 1520 nio
1326 1499 1405 1520 meo
1429 1487 1628 1532 periculum
1652 1487 1829 1528 facturus,
1861 1486 1953 1522 hanc
1978 1487 2122 1522 dicendi
2145 1499 2231 1533 pro-

1240 1537 1393 1571 vinciam
1429 1538 1604 1576 iniunxit,
1640 1550 1746 1583 quam
1778 1538 1807 1572 si
1841 1551 2073 1580 recusassem,
2103 1550 2230 1583 parum

1239 1588 1318 1633 pius
1339 1588 1451 1623 videri
1469 1589 1672 1634 potuissem.
1723 1588 1782 1623 Sic
1803 1590 1897 1622 enim
1919 1590 2101 1631 existimo,
2128 1601 2231 1635 prae-

1239 1639 1373 1684 ceptori
1388 1640 1443 1673 vel
1460 1640 1498 1673 in
1516 1652 1552 1673 re
1576 1640 1697 1685 iniqua
1714 1641 1867 1685 probum
1888 1642 2148 1676 adolescentem
2167 1652 2231 1686 pa-

1239 1702 1315 1724 rere
1331 1698 1503 1735 oportere.
1540 1690 1663 1737 Itaque
1680 1692 1789 1725 malui
1808 1692 1951 1738 quidvis
1966 1692 2098 1731 videri,
2123 1703 2230 1738 quam

1238 1748 1485 1786 praecptorum
1508 1743 1733 1776 autoritatem
1762 1743 1964 1780 detrectare.
2026 1742 2127 1787 Quae
2153 1743 2231 1789 pie·-

1240 1799 1291 1826 tas
1315 1805 1411 1832 mea,
1440 1793 1558 1834 facile,
1586 1800 1624 1827 ut
1648 1805 1767 1838 spero,
1794 1807 1850 1828 me
1873 1795 1917 1828 ab
1935 1794 2033 1828 omni
2052 1794 2230 1829 calumnia

1237 1844 1421 1885 liberabit,
1447 1845 1721 1890 impetrabitque
1747 1857 1764 1878 a
1789 1845 1908 1884 vobis,
1935 1846 2080 1880 utboni
2101 1857 2230 1879 consu-

1236 1895 1335 1936 latis,
1374 1896 1469 1941 quod
1498 1896 1675 1929 nonnullo
1708 1908 1787 1930 meo
1822 1897 1978 1940 periculo
2011 1896 2230 1943 praeceptori

1236 1958 1369 1979 morem
1395 1958 1515 1989 gerere
1539 1948 1674 1981 studeo.
1730 1946 1875 1981 luterim
1902 1961 1972 1994 quo
1999 1959 2056 1981 me
2079 1947 2230 1981 consilio

1238 1998 1430 2042 periclitari
1456 1998 1626 2039 voluerit,
1664 1998 1736 2043 ipse
1762 1998 1901 2034 viderit.
1969 1997 2074 2032 Iussit
2098 2005 2229 2038 autem,

1236 2056 1273 2083 ut
1294 2050 1337 2082 de
1357 2050 1556 2083 fabularum
1576 2049 1680 2083 lande
1702 2049 1834 2089 dicam,
1859 2050 1954 2094 quod
1980 2057 2228 2093 argumentum

1236 2100 1272 2133 in
1309 2101 1460 2144 speciem
1494 2100 1637 2146 quidem
1674 2100 1809 2145 puerile
1845 2107 1913 2141 est,
1946 2107 1979 2134 et
2010 2098 2094 2135 huic
2123 2100 2228 2136 aetati

1238 2158 1370 2195 aptum.
1424 2152 1607 2186 Caeterum
1633 2151 1660 2184 si
1683 2151 1762 2197 quis
1786 2151 1932 2196 propius
1959 2152 2230 2196 contempletur,

1237 2203 1408 2246 intelliget
1427 2203 1457 2236 ei
1477 2203 1834 2248 prudentissimorum
1850 2200 2038 2237 hominum
2056 2203 2227 2249 eloquen-

1239 2254 1323 2288 tiam
1341 2255 1397 2287 vix
1413 2267 1532 2299 parem
1553 2266 1636 2289 esse.
1688 2253 1789 2297 Quae
1808 2254 1901 2287 enim
1919 2255 2120 2295 literarum,
2138 2266 2227 2301 quae

1235 2305 1327 2339 vitae
1352 2318 1432 2350 pars
1457 2318 1530 2339 non
1556 2305 1690 2351 aliquid
1718 2317 1737 2339 a
1762 2305 1880 2339 sabula
1897 2306 2105 2341 mutuatur?
2156 2304 2225 2341 Sed

1235 2369 1300 2390 uos
1318 2370 1381 2401 pro
1397 2357 1529 2401 ingenii
1547 2357 1656 2390 nostri
1678 2357 1823 2390 modulo
1840 2369 1912 2390 rem
1932 2369 2091 2401 agemus,
2119 2358 2226 2391 modo

1235 2409 1409 2452 puerilem
1425 2409 1622 2442 orationem
1642 2409 1765 2441 audire
1783 2421 1854 2441 non
1876 2409 1919 2442 sit
1935 2409 2134 2444 molestum.
2162 2405 2226 2442 Es·

1236 2460 1348 2492 liciam
1379 2467 1516 2502 autem,
1550 2459 1585 2493 ni
1617 2471 1695 2503 spes
1718 2471 1774 2493 me
1797 2460 1915 2498 sallat,
1947 2465 1983 2493 ut
2011 2459 2226 2503 intelligatis,

1237 2523 1309 2543 non
1334 2512 1429 2544 alind
1458 2522 1567 2554 genus
1595 2510 1776 2544 literarum
1801 2511 1925 2544 utilius
1948 2523 2020 2544 esse
2036 2518 2227 2556 repertum,

1234 2575 1338 2607 qnam
1358 2563 1506 2597 s.·.bnlns.
1560 2561 1665 2605 Quod
1688 2569 1726 2596 ut
1744 2561 1935 2595 verisimile
1961 2563 2040 2601 liat,
2070 2562 2226 2607 primum

1235 2626 1354 2646 causas
1372 2614 1590 2659 aperiemus,
1618 2625 1681 2647 cur
1702 2626 1719 2646 a
1745 2613 1940 2647 maioribus
1963 2614 2128 2647 confictas
2153 2624 2226 2647 esse

1235 2664 1439 2699 iudicemus.
1492 2665 1670 2699 Vidi-luant
1687 2664 1738 2698 illi
1756 2665 1936 2698 communi
1957 2665 2123 2699 mortales
2140 2676 2226 2699 con-

1235 2716 1387 2758 ditione,
1415 2729 1487 2750 non
1505 2716 1714 2762 corporibus
1731 2717 1858 2754 modo,
1887 2716 1947 2750 sed
1969 2716 2098 2750 animis
2121 2716 2225 2751 etiam
