2338 2958
142 131 216 169 885

241 216 322 250 Non
345 222 427 250 sunt
451 216 591 259 ignotae
616 229 758 257 causae,
795 229 904 262 quare
929 216 1026 251 Deus
1050 229 1133 261 pro-

136 265 292 313 phanam
310 267 575 301 multitudinem
592 268 727 313 puniat.
765 267 851 302 Vult
866 268 960 301 enim
976 268 1133 311 conspici

138 331 236 353 suam
258 318 444 353 iusticiam.
504 317 588 352 Ideo
612 319 742 352 atrocia
767 319 896 352 scelera
920 319 1133 353 comitantur

136 376 268 403 atroces
286 380 431 414 poenae.
485 368 555 403 Sed
573 381 636 402 cur
653 369 690 402 in
706 367 861 402 Ecclesia
883 381 944 402 sua
972 367 1132 402 homines

134 420 232 464 pios,
259 420 477 464 inculpatos,
505 426 651 461 matres,
687 420 862 459 infantes,
899 427 969 454 tam
996 420 1132 453 duriter

136 470 329 504 excruciari
360 470 469 503 sinit?
528 470 626 512 Quid
655 470 770 504 simile
807 470 1008 504 crudelitati
1041 470 1131 513 regis

135 521 301 566 Aegyptii
328 521 474 564 legitur,
510 521 572 566 qui
596 522 740 555 mandat
773 521 926 555 infantes
957 521 1131 554 masculos

135 584 256 605 recens
275 572 389 605 editos
406 571 550 605 necari?

218 630 308 665 Cum
326 637 442 665 autem
458 631 575 664 sciatis
591 641 711 664 causas
727 642 800 664 esse
817 631 958 669 multas,
986 637 1130 675 propter

135 694 221 729 quas
240 681 395 716 Ecclesia
411 682 506 715 cruci
524 681 678 715 subiecta
694 688 763 721 est,
790 693 863 714 non
879 693 938 714 ero
956 681 1129 725 prolixior

133 734 171 767 in
191 731 296 767 huius
311 733 419 777 partis
437 732 669 767 enarratione.
724 730 881 765 Tantum
900 730 966 765 hoc
990 744 1131 774 moneo,

134 791 173 818 ut
191 784 321 828 singuli
337 790 493 817 nostram
512 782 704 816 molliciem
731 790 763 816 et
786 794 986 816 accusemus
1014 791 1047 818 et
1069 784 1128 816 de-

134 836 330 880 ploremus:
360 835 454 879 quod
480 845 559 866 cum
585 833 808 876 gravioribus
835 834 1025 868 sceleribus
1051 834 1129 878 pol-

134 886 200 920 luti
217 886 343 926 simus,
371 884 520 918 leviores
537 896 724 918 aerumnas
743 884 862 918 minus
886 885 1020 929 placide
1044 885 1128 918 seri-

133 948 228 970 mus:
265 948 304 969 ae
327 935 507 968 flectamus
533 936 671 968 animos
695 936 739 968 ad
762 935 1024 969 invocationem
1046 936 1128 974 Dei,

132 999 176 1020 ne
200 987 341 1031 penitus
365 986 474 1019 deleri
493 984 686 1019 Ecclesiam
711 986 813 1019 sinat.
868 986 986 1020 Venio
1011 994 1127 1020 autem

131 1039 174 1071 ad
194 1038 340 1071 alteram
356 1035 526 1071 historiae
546 1043 694 1081 partem.
743 1035 994 1071 Exaudiuntur
1011 1037 1126 1083 Moysi

132 1096 165 1122 et
183 1089 377 1122 multorum
396 1088 537 1132 piorum
556 1094 634 1121 vota
653 1094 686 1121 et
701 1087 861 1130 gemitus.

236 1147 338 1181 Talia
359 1147 514 1190 exempla
538 1147 745 1186 ostendunt,
776 1158 849 1179 non
874 1146 989 1179 deseri
1006 1144 1128 1179 Eccle-

131 1199 230 1234 siam.
282 1197 364 1231 Non
382 1198 591 1240 frangantur
607 1197 717 1229 animi
736 1197 773 1229 in
789 1197 985 1238 aerumnis,
1012 1204 1051 1230 ut
1068 1204 1129 1230 aut

131 1249 296 1283 dubitent
312 1259 384 1281 esse
395 1246 521 1286 Deum,
549 1254 609 1281 aut
625 1247 656 1280 ei
673 1248 885 1281 irascantur:
914 1248 974 1280 sed
993 1248 1128 1281 discant

130 1301 163 1334 ei
181 1299 421 1333 obediendum
438 1309 522 1338 esse,
550 1305 583 1331 et
603 1299 794 1342 petendum
814 1311 852 1332 ac
871 1300 1127 1343 expectandum

129 1351 311 1385 auxilium.
364 1347 422 1382 Ad
440 1346 535 1382 hunc
559 1360 663 1382 usum
690 1356 723 1383 et
748 1346 815 1383 hoc
843 1350 1060 1393 exemplum,
1095 1356 1127 1383 ct

129 1402 199 1436 alia
219 1399 348 1435 similia
366 1400 470 1433 nobis
492 1400 620 1433 tradita
645 1406 739 1434 sunt.
796 1399 836 1433 Id
864 1400 967 1434 initio
993 1412 1033 1433 ex
1062 1398 1127 1433 hac

129 1452 341 1486 liberatione
365 1446 574 1484 discendum
601 1456 661 1485 est.
727 1449 852 1484 Postea
877 1451 1037 1496 sequitur
1058 1451 1127 1484 alia

129 1502 383 1543 consideratio,
411 1502 498 1547 quid
513 1499 598 1534 haec
616 1501 690 1546 ipsa
715 1501 830 1545 imago
856 1501 1048 1546 significet,
1084 1503 1126 1535 de

130 1566 198 1600 qua
216 1560 334 1598 postea
356 1553 482 1588 dicam.
536 1551 640 1585 Prius
658 1553 751 1585 enim
769 1565 879 1596 pauca
897 1553 940 1586 de
958 1553 1041 1587 facti
1059 1553 1127 1586 cir-

129 1604 349 1639 cumstantiis
364 1604 505 1638 addam.

229 1663 328 1697 Nova
349 1670 399 1697 est
416 1662 453 1695 in
471 1661 596 1708 Moyse
619 1663 829 1708 trepidatio,
857 1661 918 1708 qui
938 1662 1126 1696 confirma-

127 1722 184 1749 tus
201 1715 315 1748 suerat
338 1720 440 1751 antea
467 1720 538 1747 tam
564 1713 687 1747 multis
711 1714 892 1758 prioribus
915 1714 1126 1747 testimoniis

127 1765 345 1810 praesentiae
359 1763 438 1798 Dei.
491 1763 561 1798 Sed
583 1762 641 1797 hic
664 1765 861 1805 cernimus,
890 1771 1020 1809 quanta
1047 1765 1127 1797 vul-

128 1828 213 1849 nera
229 1816 267 1848 in
285 1815 414 1848 animis
429 1815 707 1857 gubernatorum
726 1816 857 1848 faciant
882 1815 1126 1854 contumeliae,

127 1879 207 1900 cum
232 1866 376 1912 quidem
400 1877 474 1898 non
500 1865 566 1909 ipsi
591 1872 726 1898 tantum
753 1865 1025 1904 conculcantur,
1065 1866 1125 1898 sed

125 1917 229 1951 etiam
247 1916 469 1950 sermonibus
485 1914 669 1959 Epicureis
687 1916 839 1948 laeditur
854 1916 964 1959 gloria
983 1915 1068 1957 Dei,
1093 1922 1126 1950 et

127 1968 306 2002 sauciatur
318 1965 474 2001 Ecclesia
494 1966 624 2000 talibus
643 1966 866 2001 clamoribus.
911 1966 1015 1999 Fides
1035 1967 1126 2000 alio-

127 2019 190 2065 qui
206 2019 333 2052 ardens
353 2018 390 2051 in
408 2017 553 2063 Moyse,
580 2017 649 2049 iam
677 2029 837 2050 moerore
864 2024 896 2050 et
921 2024 1125 2051 consterna-

125 2071 222 2105 tione
239 2069 457 2113 languesacta
477 2075 537 2102 est.
574 2068 626 2101 Ac
643 2068 813 2102 similium
832 2068 996 2102 dolorum
1015 2069 1125 2112 signi-

125 2121 306 2155 ficationes
324 2127 406 2154 sunt
425 2119 462 2152 in
480 2118 640 2152 Ieremia.

215 2179 430 2225 Quanquam
448 2185 564 2213 autem
584 2184 721 2211 accusat
731 2176 826 2211 Deus
843 2178 1122 2213 imbecillitatem

127 2230 258 2277 Moysi,
276 2239 308 2265 et
325 2242 473 2275 poenam
492 2230 524 2263 ei
541 2229 747 2263 denunciat:
777 2236 897 2262 tamen
915 2236 948 2264 et
962 2230 1123 2263 rabiosae

125 2281 350 2317 multitudini
386 2281 564 2321 irascitur,
602 2280 719 2323 vcuius
756 2280 970 2314 clamoribus
1003 2287 1123 2325 peetus

127 2332 244 2378 Moysi
263 2333 456 2366 sauciatum
475 2332 600 2365 fuerat.
638 2330 810 2364 Videmus
827 2338 942 2365 autem
961 2331 1067 2365 etiam
1086 2332 1122 2364 in

126 2383 273 2417 summis
298 2383 384 2416 viris
409 2383 548 2427 aliquos
573 2394 702 2415 naevos
729 2393 821 2420 esse,
864 2383 993 2428 quibus
1026 2395 1122 2416 com-

127 2435 324 2468 monefiunt
343 2435 386 2467 de
402 2445 463 2467 sua
480 2433 685 2467 infirmitate
697 2460 705 2473 ,
734 2445 778 2466 ne
795 2444 867 2467 sese
887 2433 1044 2468 efferant.

228 2502 440 2536 Audistisin
467 2501 557 2534 sacto
586 2500 737 2544 proponi
764 2501 919 2544 exempla
948 2501 991 2534 de
1018 2513 1122 2545 prae-

124 2555 247 2588 standa
266 2552 466 2587 obedientia
485 2552 521 2584 in
541 2551 682 2596 poenis,
718 2552 762 2584 de
781 2562 841 2594 spe
857 2551 978 2585 auxilii
997 2552 1121 2593 divini,

125 2606 168 2637 de
192 2604 436 2644 invocatione,
464 2604 506 2636 de
531 2602 766 2646 reprimendis
792 2602 966 2636 seditiosis
989 2603 1122 2636 clamo-

123 2655 241 2695 ribus,
283 2656 326 2688 de
355 2653 597 2688 imbecillitate
623 2650 776 2685 humana
806 2653 962 2698 reliqua,
1004 2654 1041 2687 in
1066 2652 1121 2688 his

127 2707 231 2741 etiam
279 2717 429 2751 quorum
446 2705 560 2739 virtus
577 2711 627 2738 est
645 2704 828 2738 excellens.

614 129 772 168 DECL.
807 130 879 167 DE
914 129 1076 168 MOSE
1112 131 1420 168 FERIENTE
1456 131 1712 171 PETRAM.

2109 137 2183 173 886

1286 217 1389 252 Hane
1412 219 1665 263 amplissimam
1686 226 1718 253 et
1737 220 1961 255 utilissimam
1985 222 2182 256 doctrinam

1185 269 1336 313 proponi
1365 269 1403 302 in
1435 267 1500 303 hac
1533 267 1682 304 historia
1707 283 1781 304 non
1806 272 1955 306 dubium
1981 279 2049 306 est:
2092 286 2181 318 quae

1183 319 1327 364 quidem
1345 332 1386 353 eo
1403 321 1531 364 scripta
1548 327 1618 363 est,
1644 328 1683 355 ut
1709 323 1752 355 de
1778 319 1834 356 his
1857 323 1963 357 tantis
1986 324 2090 357 rebus
2116 336 2180 358 nos

1183 370 1331 404 erudiat.
1392 370 1460 404 Sed
1489 378 1605 404 tamen
1637 379 1669 406 et
1700 384 1930 417 personarum
1955 375 2177 420 quarundam

1183 418 1241 454 hie
1261 422 1299 454 fit
1321 422 1557 457 adumbratio,
1611 421 1713 456 Petra
1741 423 1913 467 significat
1937 425 2179 466 mediatorem,

1183 471 1243 516 qui
1262 477 1293 504 et
1311 471 1348 504 in
1364 471 1424 504 illa
1443 472 1516 515 ipsa
1542 484 1629 515 rupe
1651 479 1736 506 tune
1762 475 1915 516 adstitit,
1948 483 1980 509 et
2005 477 2177 521 populum

1183 522 1371 555 comitatus
1403 529 1470 562 est,
1514 529 1553 555 ut
1576 523 1693 567 inquit
1718 522 1866 558 Paulus:
1911 524 2047 559 Omnes
2077 527 2178 560 bibe

1182 579 1266 606 runt
1294 573 1336 606 de
1369 573 1558 606 comitante
1591 585 1650 606 eos
1680 581 1796 618 petra,
1839 583 1935 620 petra
1962 585 2076 611 autem
2106 585 2178 612 erat

1181 621 1354 657 Christus.

1284 673 1427 719 Moyses
1444 673 1616 717 siguificat
1635 683 1667 709 et
1686 675 1815 719 legem,
1843 684 1876 711 et
1893 675 1984 711 hanc
2004 680 2177 722 politiam.

1181 724 1342 758 Primum
1372 724 1465 757 enim
1497 725 1623 759 feritur
1653 726 1747 760 filius
1777 725 1843 760 Dei
1874 735 2020 772 propter
2057 731 2178 773 legem,

1182 776 1272 809 sicut
1294 776 1366 820 ipse
1392 775 1523 820 iuquit:
1564 775 1645 809 Non
1665 777 1747 810 veni
1772 778 1924 820 solvere,
1951 782 2010 813 sed
2030 781 2178 825 implere

1181 827 1304 870 legem.
1357 825 1498 869 Recipit
1519 827 1662 871 quidem
1688 828 1857 863 divinitas
1879 830 2049 865 immensa
2074 833 2179 867 mise-

1181 877 1333 911 ricordia
1351 888 1460 920 genus
1478 874 1686 911 humanum.
1746 878 1813 913 Sed
1841 887 1958 914 tamen
1985 895 2064 915 cum
2089 883 2178 918 iusta

1181 929 1243 969 sit,
1271 935 1304 962 et
1321 927 1388 971 legi
1405 926 1471 960 Dei
1487 928 1646 962 satisfieri
1665 941 1802 963 necesse
1820 931 1875 972 sit,
1903 933 1957 965 vel
1974 933 2177 969 obedientia

1181 980 1236 1013 vel
1254 991 1377 1024 poena,
1402 975 1547 1022 propter
1563 980 1725 1013 ordinem
1743 981 1896 1016 iustitiae
1914 984 2092 1017 decretum
2112 994 2174 1026 est,

1180 1037 1219 1064 ut
1252 1030 1380 1074 aliquis
1414 1030 1452 1061 in
1486 1041 1611 1073 genere
1644 1029 1801 1066 humano
1828 1045 1971 1076 prorsus
1996 1035 2178 1076 innocens,

1181 1093 1243 1124 pro
1265 1079 1410 1114 caeteris
1431 1081 1592 1114 sontibus
1609 1093 1760 1125 poenam
1780 1084 1942 1119 solveret.

1283 1129 1361 1164 Etsi
1393 1137 1509 1163 autem
1545 1129 1651 1165 huius
1683 1133 1839 1167 mirandi
1872 1135 2013 1169 consilii
2048 1149 2178 1180 causas,

1181 1183 1359 1227 quomodo
1383 1181 1648 1216 misericordiae
1668 1183 1801 1217 iustitia
1828 1191 2018 1229 temperata
2043 1189 2106 1230 sit,
2141 1190 2177 1223 in

1180 1231 1245 1266 hac
1272 1231 1422 1275 caligine
1450 1234 1611 1266 nondum
1650 1234 1791 1278 penitus
1822 1235 2074 1280 intelligimus,
2118 1242 2178 1274 sed

1181 1290 1284 1317 erunt
1304 1280 1388 1316 haec
1414 1283 1530 1316 studia
1556 1284 1652 1317 illius
1678 1292 1840 1319 aeternae
1858 1287 2071 1323 Academiae
2095 1303 2179 1335 pro-

1179 1335 1273 1378 pria:
1294 1341 1411 1367 tamen
1425 1332 1482 1366 hic
1499 1332 1699 1369 inchoanda
1723 1343 1816 1370 sunt.
1870 1335 2104 1381 Agnoscenda
2128 1350 2178 1377 est

1180 1385 1230 1418 ira
1246 1384 1313 1418 Dei
1331 1385 1421 1418 iusta
1441 1385 1608 1419 adversus
1627 1393 1785 1430 peccata,
1810 1389 1938 1422 deinde
1957 1394 2178 1434 agnoscenda

1179 1435 1438 1469 misericordia:
1481 1448 1545 1469 nec
1569 1436 1842 1472 existimandum
1869 1446 1937 1482 est,
1970 1443 2109 1477 decreta
2135 1445 2178 1477 de

1180 1488 1284 1520 rebus
1306 1486 1431 1527 tantis,
1457 1487 1500 1519 de
1523 1488 1730 1522 remissione
1754 1488 1997 1534 peccatorum,
2025 1494 2068 1526 de
2094 1495 2178 1529 mit-

1178 1538 1286 1571 tendo
1313 1538 1403 1578 filio,
1444 1538 1485 1570 de
1511 1538 1734 1572 restitutione
1757 1541 1894 1583 generis
1921 1540 2093 1585 humani,
2135 1547 2178 1579 de

1179 1589 1284 1621 modo
1301 1588 1516 1631 colligendae
1533 1587 1710 1623 Ecclesiae
1728 1590 1803 1624 sine
1827 1592 2096 1637 sapientissimis
2115 1597 2178 1630 de-

1178 1639 1452 1672 liberationibus
1470 1639 1559 1673 facta
1578 1651 1661 1673 esse.

1280 1689 1353 1723 Lex
1377 1689 1486 1732 igitur
1513 1702 1601 1734 quae
1627 1691 1820 1726 iustissimo
1855 1694 1989 1729 iudicio
2019 1709 2083 1731 nos
2114 1712 2177 1743 op-

1180 1752 1340 1784 pressura
1366 1747 1462 1783 erat,
1504 1740 1617 1773 filium
1646 1743 1744 1784 ferit,
1785 1757 1829 1777 ne
1861 1757 1924 1778 nos
1958 1747 2069 1784 feriat,
2130 1748 2177 1784 Et

1178 1791 1294 1824 ssuunt
1311 1803 1350 1823 ex
1368 1803 1457 1834 rupe
1475 1791 1623 1824 flumina
1634 1791 1832 1837 Evangelii,
1860 1797 1990 1841 quibus
2008 1796 2091 1832 llaec
2110 1802 2177 1833 mi-

1177 1853 1251 1875 sera
1274 1848 1421 1881 natura,
1449 1841 1505 1874 siti
1526 1843 1730 1885 torrefacta,
1755 1854 1943 1883 recreatur.

1279 1891 1332 1925 De
1349 1889 1405 1924 his
1422 1891 1528 1925 tantis
1551 1893 1655 1926 rebus
1683 1896 1868 1929 admoneri
1894 1905 1926 1931 te
1955 1899 2083 1941 cogites
2112 1898 2175 1935 hac

1177 1943 1249 1986 ipsa
1272 1943 1425 1985 imagine
1443 1942 1581 1988 Moysi,
1606 1944 1742 1988 ingenti
1769 1954 1800 1980 et
1825 1949 1962 1983 ardenti
1994 1957 2092 1984 motu
2116 1964 2175 1985 ex-

1177 1993 1302 2026 celsam
1322 2005 1443 2038 rupem
1462 1993 1631 2029 ferientis,

1278 2043 1394 2078 Simul
1422 2045 1525 2077 etiam
1550 2052 1662 2079 astare
1681 2047 1716 2079 in
1736 2049 1917 2083 cacumine
1935 2051 2032 2095 rupis
2050 2052 2174 2087 Domi-

1176 2107 1261 2128 num
1282 2095 1390 2135 scias,
1419 2092 1524 2128 huius
1541 2096 1632 2130 tanti
1651 2098 1773 2141 agonis
1792 2100 2083 2142 gubernatorem,
2112 2104 2174 2139 ,

1175 2144 1511 2193 ,
1557 2154 1590 2180 et
1624 2149 1830 2193 sapientiam
1857 2158 1889 2185 et
1914 2152 2084 2187 iustitiam
2107 2154 2172 2189 Dei

1175 2197 1393 2238 consideres,
1421 2209 1510 2242 quae
1526 2198 1602 2231 sine
1621 2201 1909 2244 compensatione
1936 2215 2000 2237 nos
2024 2205 2174 2240 liberare

1175 2247 1297 2291 poenis
1315 2247 1448 2281 noluit:
1478 2249 1536 2280 sed
1557 2249 1594 2281 in
1612 2251 1858 2293 magnitudine
1881 2265 2014 2297 poenae
2038 2263 2069 2290 et
2095 2270 2173 2301 per-

1174 2310 1279 2332 sonae
1435 2299 1688 2342 persolventis,
1716 2303 1829 2336 voluit
1847 2303 2016 2338 iustitiam
2037 2314 2069 2341 et
2085 2307 2172 2341 iram

1173 2361 1271 2383 suam
1288 2349 1443 2393 conspici
1463 2356 1495 2383 et
1514 2349 1636 2385 metui.

1274 2398 1353 2433 Etsi
1384 2407 1500 2433 autem
1527 2401 1626 2433 nulla
1657 2402 1764 2435 ullius
1789 2405 1904 2445 angeli
1932 2414 1991 2440 aut
2018 2405 2172 2442 hominis

1173 2451 1371 2495 eloquentia
1401 2462 1464 2494 par
1490 2462 1562 2484 esse
1592 2458 1706 2495 potest
1728 2456 1968 2498 magnitudini
1996 2466 2171 2492 tantarum

1173 2513 1289 2534 rerum
1317 2502 1559 2545 exponendae:
1604 2509 1723 2536 tamen
1751 2502 1834 2539 baec
1860 2510 2171 2555 quantulacunque

1172 2552 1406 2585 consideratio
1428 2552 1464 2584 in
1484 2553 1664 2587 mentibus
1682 2556 1812 2589 nostris
1831 2559 2012 2591 excitanda
2035 2567 2102 2599 est,
2141 2569 2170 2594 et

1172 2603 1381 2636 celebranda
1400 2615 1505 2647 opera
1525 2604 1664 2637 divina:
1693 2610 1880 2641 metuenda
1906 2616 1957 2642 est
1984 2610 2170 2644 iustissima

1172 2654 1235 2694 ira,
1260 2654 1425 2697 fugienda
1443 2654 1604 2694 offensio,
1633 2663 1665 2689 et
1676 2654 1752 2690 Deo
1772 2659 1902 2700 gratiae
1922 2662 2075 2701 agendae
2092 2670 2172 2697 sunt

1143 2693 1147 2746 l
1172 2716 1235 2749 pro
1254 2705 1449 2744 beneficiis,
1479 2707 1572 2749 quod
1595 2715 1738 2751 propter
1758 2708 1868 2742 filium
2032 2724 2095 2746 nos
2118 2726 2171 2746 re-

1480 2754 1564 2790 56*
