2338 2958
177 120 274 156 1029
581 118 736 156 DECL.
784 119 857 157 DE
892 119 1258 159 EBERHARDO
1284 121 1434 160 DUCE
1471 124 1796 168 WURTEMB.
2107 140 2204 174 1030

275 204 436 249 Augebat
455 204 486 238 ei
511 205 792 239 benevolentiam
808 207 901 250 apud
920 205 1102 252 Principes
1130 214 1161 242 et
1215 208 1306 241 velle
1321 215 1359 242 ut
1380 209 1444 242 tibi
1462 211 1654 248 credamus.
1703 212 1793 248 Cum
1811 215 1918 259 igitur
1941 217 2025 253 haec
2051 229 2108 256 tua
2135 237 2202 258 vox

172 257 341 294 civitates,
369 256 461 301 quod
481 255 517 288 in
534 257 765 291 conventibus
781 257 854 301 ipse
869 257 1062 291 multorum
1080 270 1162 291 cau-
1214 258 1272 291 sit:
1316 258 1443 293 Venite
1463 262 1506 293 ad
1530 273 1583 294 me
1607 275 1746 305 omnes,
1781 267 1841 311 qui
1866 268 2032 303 laboratis
2061 280 2093 306 et
2116 287 2201 308 one-

172 318 226 340 sas
250 307 398 341 dicebat.
451 305 540 340 Cum
565 306 660 339 enim
679 314 711 340 et
728 307 899 340 facundus
916 314 1021 347 esset,
1047 315 1080 342 et
1097 306 1161 342 ha·
1213 309 1281 342 rati
1305 310 1405 350 estis,
1447 321 1509 353 ego
1536 323 1597 344 vos
1620 314 1789 357 reficiam,
1823 323 1855 350 te
1883 318 2026 361 invoco,
2058 322 2123 355 tibi
2147 337 2201 358 me

171 358 269 392 beret
292 358 384 401 apud
410 369 445 391 se
464 354 624 390 homines
644 357 781 396 doctos,
809 370 827 391 a
845 357 976 402 quibus
993 365 1161 399 armatus,
1185 338 1190 395 l
1213 361 1444 400 commendo,
1471 373 1489 394 a
1507 368 1538 395 te
1553 369 1632 405 peto
1648 370 1681 397 et
1696 373 1836 409 expecto
1852 369 1998 403 salutem
2013 379 2199 409 aeternam.

171 419 253 441 suae
279 408 388 451 partis
410 408 463 441 ius
487 419 660 451 exponere
688 415 721 441 et
746 408 922 442 illustrare
947 415 1099 452 poterat,
1127 415 1160 442 et
1211 406 1259 441 Et
1276 416 1388 442 errata
1402 422 1478 444 mea
1494 411 1530 444 in
1551 413 1807 454 gubernatione
1826 425 1858 452 et
1874 419 1962 453 alios
1980 421 2097 466 lapsus
2111 422 2199 457 mihi

171 458 301 491 scirent
334 458 437 491 multi
471 458 636 491 delectari
668 470 747 492 eum
773 456 836 492 hac
861 459 1014 492 oratoria
1043 459 1159 499 laude,
1213 459 1392 493 remittito.

171 508 322 541 libenter
335 509 378 542 ad
396 520 473 542 eum
492 520 612 541 causas
635 509 849 543 deferebant.
903 508 975 542 Has
999 521 1078 542 cum
1102 520 1158 542 re-
1313 516 1436 551 Postea
1460 518 1578 553 triduo
1603 522 1739 564 placide
1766 537 1843 558 cum
1867 528 1986 562 amicis
2006 531 2199 567 collocutus

170 559 335 602 cepisset,
363 560 500 603 Petebat
523 570 542 591 a
561 557 772 592 DOClOPibUS
798 561 911 593 sontes
934 566 1158 603 argllmemo-
1210 572 1271 606 est,
1297 574 1329 600 et
1346 568 1388 600 de
1405 569 1614 612 quibusdam
1633 573 1737 606 rebus
1754 578 1916 610 mandata
1931 580 2038 616 dedit,
2074 580 2198 618 Adfuit

169 621 248 643 rum
271 616 303 643 et
327 617 552 651 ornamenta,
580 610 756 654 exempla,
784 607 964 650 historias,
992 616 1052 644 aut
1072 610 1157 643 alias
1209 617 1374 650 morienti
1394 618 1639 654 xvendelinus
1655 619 1871 667 Theologiae
1885 625 2017 662 Doctor
2039 631 2093 664 vir
2116 645 2197 667 san—

169 660 390 694 narrationes
424 659 673 694 convenientes
707 671 769 693 suo
806 660 957 703 negotio.
1031 659 1155 694 Postea
1208 673 1301 707 ctus,
1328 680 1431 712 quem
1447 670 1553 703 audio
1580 669 1669 705 hanc
1694 670 1897 717 historiam,
1933 684 2098 724 tanquam
2122 684 2195 717 sin-

168 717 265 744 tanta
281 711 444 745 facultate
466 710 642 755 exposuit,
668 716 709 744 ut
733 722 812 743 cum
836 710 1069 744 admiratione
1092 723 1155 744 au·
1206 717 1326 759 gulare
1343 721 1540 764 exemplum
1558 732 1658 765 saepe
1677 724 1821 758 recitare
1837 727 1978 762 solitum
1996 741 2079 765 esse.
2132 733 2195 767 Vi-

168 761 319 795 ditetur.
1207 769 1330 801 demus
1353 777 1468 804 autem
1493 771 1591 814 signa
1622 773 1731 806 animi
1760 788 1841 809 vere
1863 789 1882 810 a
1909 778 1983 812 Deo
2017 780 2193 826 illustrati,

270 825 360 861 Cum
378 826 485 870 igitur
501 833 590 861 esset
605 827 704 860 aulae
721 827 906 872 disciplina
923 828 1025 872 plena
1043 825 1154 862 hone,
1207 830 1316 876 quare
1332 819 1572 876 ‘iudicandum
1603 830 1671 863 est,
1706 821 1797 859 hanc
1825 827 1899 861 eius
1931 838 2078 865 mortem
2112 846 2193 869 vere

168 884 301 911 storum
319 877 575 920 exemplorum,
597 878 699 911 multi
714 876 867 911 Comites
891 880 933 911 ad
960 891 1040 912 eum
1063 880 1153 912 filios
1209 870 1314 903 fuisse
1330 876 1398 903 iter
1414 873 1456 904 ad
1475 873 1657 906 coelestem
1673 872 1877 915 Ecclesiam.

166 928 366 961 mittebant.
416 926 491 960 Hos
509 928 581 971 ipse
595 927 772 962 interdum
787 929 952 963 audiebat
969 929 1152 964 recitantes
1270 944 1275 951 ·
1307 927 1412 962 Tales
1445 942 1523 963 cum
1556 932 1719 966 audimus
1747 931 1926 978 historias,
1960 939 2134 975 bonorum
2160 951 2193 978 et

165 976 442 1018 Catechismum,
470 985 502 1012 et
519 979 752 1022 precationes,
779 986 811 1012 et
828 980 954 1013 dictata
971 992 1044 1013 non
1061 988 1153 1014 recte
1206 978 1412 1012 salutarium
1448 979 1673 1025 Principum,
1725 986 1834 1019 multa
1876 989 2060 1032 cogitanda
2099 1002 2192 1031 sunt.

166 1030 363 1069 reddentes,
391 1041 463 1062 non
479 1029 593 1062 solum
610 1029 854 1072 obiurgatione
871 1041 931 1063 sua
950 1043 1152 1064 commone-
1204 1028 1363 1062 Primum
1381 1042 1459 1063 cum
1485 1031 1630 1075 imperia
1657 1033 1727 1068 Sint
1743 1034 1808 1068 Dei
1825 1049 1930 1081 Opus,
1955 1041 2064 1086 aliqui
2089 1044 2192 1078 etiam

165 1079 315 1113 faciebat
339 1079 461 1119 officii,
489 1081 546 1112 scd
569 1079 672 1112 etiam
698 1080 777 1112 aliis
799 1080 964 1124 exemplis
990 1081 1150 1124 castigari
1204 1079 1371 1112 salutares
1392 1079 1572 1126 Principes
1595 1094 1613 1115 a
1630 1082 1704 1117 Deo
1734 1085 1769 1118 in
1795 1084 1861 1121 hoc
1883 1089 2058 1134 fastigium
2082 1095 2193 1128 collo-

165 1129 318 1164 iubebat.
370 1129 478 1174 Saepe
498 1130 678 1162 inculcans
702 1129 901 1163 iunioribus
928 1128 1018 1164 hanc
1041 1132 1150 1175 ipsam
1204 1137 1345 1170 cantur,
1372 1142 1416 1163 ne
1441 1137 1551 1165 totum
1580 1130 1645 1166 hoc
1662 1147 1750 1178 opus
1766 1135 1831 1170 Dei
1859 1138 1985 1174 frustra
2009 1144 2190 1178 conditum

164 1180 392 1214 sententiam:
423 1179 568 1213 Initium
586 1179 774 1224 sapientiae
791 1181 899 1214 timor
917 1179 1076 1217 Domini.
1124 1185 1126 1188 ’
1203 1179 1257 1213 sit.
1317 1180 1454 1214 Deinde
1478 1193 1618 1225 agamus
1642 1183 1715 1218 Deo
1741 1187 1887 1229 gratias,
1928 1193 2020 1235 quod
2049 1202 2191 1238 propter

1202 1241 1300 1262 suam
1319 1231 1487 1274 gloriam,
1515 1240 1547 1267 et
1570 1241 1714 1278 propter
1737 1240 2035 1275 conservationem
2055 1246 2190 1286 generis

1203 1277 1351 1314 humani
1367 1293 1438 1315 non
1463 1283 1547 1317 sinit
1570 1296 1711 1328 prorsus
1735 1288 1896 1333 dissipari
1923 1288 2104 1328 honestam
2132 1308 2190 1329 so-

1202 1331 1381 1372 cietatem,
1404 1340 1436 1367 et
1457 1333 1493 1366 in
1519 1335 1625 1368 tantis
1649 1336 1830 1372 furoribus
1854 1341 2077 1377 diabolorum
2097 1346 2189 1379 lace-

1202 1382 1271 1414 rari
1296 1395 1417 1416 omnes
1446 1396 1573 1418 nervos
1600 1384 1767 1421 honestae
1800 1391 1991 1434 societatis,
2030 1401 2062 1429 et
2093 1399 2188 1441 quod

1202 1432 1378 1466 interdum
1401 1434 1538 1473 fideles,
1566 1443 1598 1470 et
1621 1437 1761 1472 foelices
1784 1443 1943 1475 custodes
1964 1444 2098 1487 legum,
2133 1448 2188 1480 iu-

1201 1483 1318 1516 sticiae
1346 1491 1379 1518 et
1410 1486 1504 1529 pacis
1536 1486 1714 1531 aliquibus
1743 1491 1946 1533 regionibns
1974 1495 2116 1537 tribuit,
2155 1505 2187 1531 et

1200 1534 1407 1568 ardentibus
1425 1536 1512 1569 votis
1530 1549 1687 1579 oremus,
1714 1546 1754 1573 ut
1770 1541 1872 1575 etiam
1894 1540 1977 1577 haec
1994 1554 2112 1580 nostra
2131 1556 2187 1582 tu-

1200 1584 1335 1625 guriola
1361 1593 1534 1629 protegat,
1561 1595 1601 1632 et*
1614 1589 1715 1622 nobis
1733 1591 1789 1624 det
1808 1592 1976 1627 salutares
1995 1595 2186 1643 Principes.

1200 1633 1360 1667 Omnino
1379 1637 1472 1668 enim
1492 1649 1571 1670 vera
1595 1651 1660 1671 vox
1679 1647 1745 1673 est:
1781 1642 1855 1675 Nisi
1873 1642 2046 1679 Dominus
2071 1657 2186 1682 custo-

1199 1685 1302 1718 ‹lierit
1323 1686 1518 1728 civitatem,
1542 1688 1670 1723 frustra
1689 1690 1824 1734 vigilat,
1851 1694 1910 1738 qui
1928 1698 2079 1731 custodit
2098 1711 2185 1736 eam.

264 1244 342 1280 Etsi
361 1258 435 1280 non
451 1253 552 1280 teneo
571 1246 740 1289 integram
757 1247 865 1291 ipsius
881 1245 1076 1289 historiam,
1099 1256 1151 1283 ta-

163 1308 244 1331 men
268 1297 376 1330 multa
395 1297 523 1330 addere
546 1309 681 1341 possem
705 1298 880 1342 sapienter
903 1299 947 1331 ab
965 1298 1039 1343 ipso
1059 1299 1150 1333 dicta

164 1354 196 1382 et
211 1348 314 1382 facta.
366 1346 436 1381 Sed
460 1359 555 1380 nunc
572 1348 616 1380 de
634 1348 758 1381 ultimo
781 1349 872 1382 vitae
888 1356 978 1382 actu.
1031 1349 1149 1383 Maxi-

162 1399 331 1432 milianus
352 1397 453 1431 initio
471 1410 553 1432 suae
575 1399 841 1441 gubernationis
863 1399 1014 1433 multum
1041 1400 1149 1444 ipsius

162 1449 312 1483 consilio
336 1449 517 1489 utebatur,
544 1461 693 1494 cumque
719 1449 889 1484 iudicaret
915 1450 1063 1494 imperio
1082 1449 1149 1484 ho-

161 1500 348 1533 norificum
365 1510 448 1539 esse,
467 1500 570 1533 talem
587 1500 701 1532 virum
718 1500 755 1533 in
770 1511 932 1534 consessu
941 1500 1147 1546 Principum

161 1551 278 1584 dicere
295 1550 521 1591 sententiam,
544 1557 577 1584 et
593 1551 745 1593 regionis
761 1551 956 1596 amplitudo
976 1552 1148 1585 sustinere

160 1599 300 1635 Ducum
320 1607 480 1644 sumptus
504 1608 637 1645 posset,
664 1601 759 1635 auxit
785 1599 874 1634 hanc
898 1602 1069 1635 familiam
1093 1603 1147 1635 di-

160 1651 292 1696 gnitate
308 1651 457 1686 Ducum.
511 1650 590 1693 Qua
611 1653 654 1684 de
671 1663 708 1684 re
726 1663 804 1684 cum
821 1652 1027 1685 deliberatio
1046 1660 1146 1692 esset,

160 1709 194 1735 et
217 1701 455 1743 intelligerent
477 1702 667 1746 sapientes,
701 1713 865 1745 magnum
898 1714 988 1735 onus
1012 1703 1145 1747 imponi

159 1752 311 1796 patriae,
339 1751 421 1784 vicit
446 1758 562 1784 tamen
588 1759 622 1786 et
644 1752 881 1785 Maximiliani
905 1753 1087 1793 voluntas,
1115 1761 1147 1787 et
1198 1733 1291 1770 D¹X¹·

159 1802 322 1847 publicae
339 1801 500 1835 utilitatis
516 1802 617 1840 ratio,
637 1803 718 1846 quia
734 1802 980 1836 existimabant
996 1815 1144 1848 aequum

159 1864 250 1893 esse,
278 1859 317 1885 ut
334 1852 412 1886 talis
425 1851 520 1894 regio
543 1852 615 1885 sere
638 1852 673 1884 in
699 1853 815 1886 medio
836 1851 1047 1886 Germaniae
1069 1854 1145 1893 situ,

159 1904 237 1948 plus
251 1903 369 1937 oneris
385 1903 572 1937 sustineret
588 1903 624 1935 in
642 1903 890 1937 communibus
915 1903 1054 1948 imperii
1080 1917 1144 1937 ue—
1199 1915 1263 1950 NO-
1286 1916 1368 1949 131,
1995 1930 2046 1967 (an
2075 1932 2183 1972 ¹552)

157 1954 272 1999 gotiis.
2008 1977 2175 1989 Μ

260 2019 348 2055 Cum
367 2020 541 2064 ingressus
558 2027 646 2054 esset
661 2032 794 2054 annum
818 2021 964 2054 alterum
986 2029 1016 2055 et
1038 2022 1143 2067 quin-

156 2072 415 2119 quagesimum,
441 2071 552 2104 vesica
575 2071 726 2105 sauciata
746 2084 763 2104 a
780 2072 912 2105 calculo
937 2072 1142 2117 aliquandiu

156 2122 370 2166 aegrotavit,
410 2129 443 2156 et
475 2122 590 2155 morbi
619 2122 765 2155 saevicia
798 2123 937 2156 tandem
971 2123 1142 2156 extinctus

157 2180 217 2207 est.
286 2171 354 2207 Sed
387 2173 493 2216 digna
527 2179 576 2206 est
604 2173 771 2205 memoria
805 2173 958 2206 narratio
993 2175 1036 2206 de
1068 2174 1142 2206 eius

157 2236 280 2268 agone.
326 2222 465 2256 Triduo
485 2223 579 2256 visus
597 2230 645 2255 est
665 2223 737 2266 ipse
755 2235 868 2256 secum
890 2224 990 2256 valde
1008 2224 1142 2264 luctari,

155 2282 364 2319 tantumque
392 2281 566 2307 certarnen
598 2273 684 2314 suit,
725 2281 762 2308 1¹1
791 2273 889 2319 loqui
914 2286 986 2331 §¹0¹¹
1015 2282 1139 2318 posset.
1195 2289 1323 2321 Oratio
1346 2288 1391 2321 de
1414 2291 1618 2323 nativitate
1648 2289 1720 2337 filii
1747 2292 1841 2334 Dei,
1877 2295 2030 2330 Domina·
2058 2303 2175 2334 nostri

157 2325 272 2360 Amici
297 2332 413 2358 tamen
441 2325 696 2382 lmeffflgjffltv·
720 2336 763 2357 ³¹¹
794 2331 994 2368 ⁵¹¹¹¹³P¹¹⁰¹¹²
1017 2337 1141 2368 εΟΓΡΟ·
1193 2340 1279 2372 Iesu
1302 2337 1463 2380 Christi,
1497 2338 1567 2373 hoc
1595 2344 1671 2384 est,
1707 2341 1752 2376 de
1774 2343 2002 2380 admiranda
2027 2351 2174 2393 copula-

157 2377 204 2410 ris
229 2374 377 2409 Domini
404 2375 602 2408 confirmari
631 2375 732 2415 velit,
770 2382 857 2432 nutu
890 2376 1076 2432 respondet
1106 2387 1141 2408 se
1193 2390 1294 2422 5507ae
1316 2389 1464 2423 dim-„ae
1485 2394 1521 2424 et
1547 2389 1739 2426 humanae
1759 2398 1923 2428 naturae
1940 2400 1976 2432 5„
1993 2396 2068 2443 fill-0
2086 2401 2159 2434 De,-

154 2427 257 2460 vell?—
321 2424 482 2470 cumque
505 2432 705 2459 reverenter
726 2432 925 2483 ⁵¹¹mP⁵¹⁵⁵⁸J
939 2452 948 2466 2
983 2422 1039 2458 luc
1064 2433 1141 2459 ²³¹¹*
1194 2445 1406 2474 assumente
1427 2439 1630 2476 humanam
1652 2448 1827 2478 viaturam
1844 2447 1882 2478 in
1901 2452 2003 2480 utero
2022 2427 2173 2495 virgini}

155 2489 260 2523 q¹¹³m
288 2476 458 2509 effetatus
487 2487 525 2507 θ’(
554 2482 683 2515 “¹⁰¹¹e’
717 2483 825 2509 “⁸¹st
849 2487 884 2508 ⁵⁸
908 2488 944 2508 ¹¹¹
968 2475 1075 2515 “⁶¹⁰⁹
1109 2482 1139 2509 e'
1227 2492 1396 2533 Mariae,
1423 2497 1458 2525 ee
1477 2491 1522 2525 de
1537 2496 1658 2527 causis
1672 2505 1737 2527 cm·
1750 2497 1882 2529 missus
1899 2499 1950 2530 sit
1996 2503 2032 2531 et
2049 2510 2137 2544 quo-

155 2528 247 2561 rlara
266 2539 349 2560 voce
365 2525 438 2560 Deo
458 2525 585 2569 gratias
603 2526 689 2569 egit,
714 2526 956 2560 remissionem
980 2525 1139 2559 omnium
1467 2542 1570 2577 modo
1586 2546 1635 2577 δῦ
1650 2546 1892 2590 excipiendus
1956 2522 1967 2539 ’

156 2585 395 2622 peccatorum,
421 2584 455 2610 et
479 2576 704 2610 donationem
729 2577 850 2610 salutis
872 2584 1031 2610 aeternae
1058 2589 1140 2622 pro·
1895 2573 1902 2580 ’

156 2635 231 2673 pter
258 2627 368 2661 filium
403 2627 544 2672 petivit,
579 2634 611 2660 et
635 2639 669 2660 se
684 2625 758 2660 Deo
776 2627 1052 2664 commendavit,
1086 2627 1139 2659 in·
1194 2619 1307 2659 Instat
1324 2633 1359 2658 ut
1377 2627 1488 2664 scitis,
1516 2628 1621 2661 festus
1635 2627 1725 2670 dies,
1752 2641 1821 2674 quo
1837 2630 2002 2663 memoria
2019 2632 2172 2667 celebra-

155 2679 296 2725 quiens:
332 2677 434 2719 Scio,
466 2677 619 2712 Domine
638 2677 714 2710 lesu
738 2676 897 2716 Christe,
924 2678 973 2710 fili
991 2676 1072 2716 Dei,
1109 2684 1140 2710 te
1194 2685 1250 2710 tur
1283 2677 1397 2720 operis
1425 2678 1539 2710 divini
1567 2679 1724 2712 omnium
1750 2680 1908 2719 maximi,
1943 2683 2036 2725 quod
2063 2684 2171 2717 multo

1485 2725 1563 2764 65*

1410 2024 1484 2065 De
1515 2027 1755 2069 nativitate
1789 2030 1966 2073 Christi.

1265 2105 1296 2130 ln
1321 2105 1411 2131 select.
1431 2107 1507 2134 Dect,
1526 2108 1558 2132 Τ.
1573 2107 1617 2133 ΙΗ.
1638 2117 1662 2142 p.
1676 2108 1726 2134 890
1740 2119 1814 2144 sqq„
1846 2111 1971 2138 Richard.
1987 2114 2032 2142 ΙΙΙ.
2053 2117 2133 2148 11⁸3-
2153 2125 2179 2145 et

1295 2140 1411 2179 Serv-est.
1426 2140 1512 2166 T.lll.
1532 2152 1559 2180 p.
1573 2141 1630 2167 870.
1652 2157 1684 2162 -
1715 2144 1850 2177 Scriptam
1871 2152 1938 2180 puto
1958 2157 2000 2173 an.
2018 2150 2091 2176 1552.
2111 2153 2179 2179 hanc

1296 2179 1462 2234 ἓζῖιιιιῗὶιεηι,
1494 2185 1556 2209 quia
1582 2185 1614 2202 eo
1640 2185 1711 2202 anno
1740 2178 1898 2205 Melanthea
1924 2181 2015 2208 eadem
2041 2184 2067 2209 in
2087 2186 2177 2213 schola

1165 1705 1174 2268 -m-m-
1170 1315 1178 1700 ——-——.—-.-—
