2338 2958
255 127 329 166 259

259 219 302 252 de
325 217 486 252 moribus
506 215 688 254 civilibus,
715 218 818 258 atque
840 209 927 245 haec
944 222 1069 255 magna
1087 223 1127 244 ex
1145 218 1244 256 parte

257 266 428 303 Oratorio
446 279 560 307 more,
593 264 754 309 populari
770 274 895 307 genere
910 262 1098 303 orationis,
1129 269 1170 296 ut
1187 263 1244 295 in—

258 320 414 364 telligere
432 331 470 352 ea
487 325 519 352 et
535 317 572 349 in
589 314 770 349 communi
787 314 878 348 vitae
893 313 1147 347 consuetudine
1163 313 1244 346 imi-

258 371 324 404 tari
358 368 520 403 homines
554 365 704 411 praediti
739 364 920 399 communi
955 375 1059 397 sensu
1093 366 1242 407 possiut3

257 433 338 454 nam
362 420 466 453 exiles
491 417 764 462 disputationes,
791 415 910 461 quales
935 421 1016 448 sunt
1043 415 1136 458 apud
1161 413 1244 447 Ari-

257 471 414 506 stotelem
426 497 434 510 ‚
458 469 654 503 doctrinam
671 468 814 513 quidem
831 466 1013 500 continent
1031 477 1102 497 non
1128 465 1243 497 illibe-

257 522 386 564 talem,
413 520 472 553 sed
487 519 739 553 subobscuram
757 525 789 551 et
810 517 1066 562 propemodum
1083 516 1243 549 consulto

256 573 474 606 recedentem
499 570 639 613 longius
663 570 707 602 ab
726 568 970 612 imperitorum
992 567 1171 600 intellectu
1192 574 1242 600 at-

255 635 323 669 que
355 622 498 656 iudicio.
564 620 638 654 Hae
672 619 897 653 definitiones
928 617 1066 650 facilius
1093 617 1243 660 intelligi

254 681 287 708 et
312 674 355 707 ad
373 672 621 718 quotidianum
644 682 747 704 usum
766 670 856 702 vitae
882 668 1140 702 accommodari
1164 679 1244 711 pos-

254 731 348 759 sunt.
392 723 502 757 Porro
520 720 587 756 hoc
603 722 640 754 in
658 721 814 754 confesso
833 726 894 760 est,
920 719 1152 751 necessarium
1172 730 1244 751 esse

253 775 421 809 omnibns
448 774 625 819 quandam
652 773 694 805 de
722 771 881 804 moribus
907 769 1102 803 doctrinam
1125 775 1157 802 et
1183 769 1244 801 dc-

254 826 479 870 scriptionem
496 825 666 857 virtutum
680 850 688 863 ,
714 829 752 855 ut
770 821 806 854 in
823 821 952 854 nostris
974 819 1132 853 moribus
1155 827 1187 853 ct
1206 820 1242 852 in

253 875 439 911 hominum
456 874 609 918 negociis
627 873 826 905 iudicandis
846 872 1043 914 intelligere
1060 871 1244 914 possimus,

252 928 337 974 quid
348 928 479 966 deceat,
494 926 577 970 quid
596 937 666 957 non
679 925 810 963 deceat,
831 935 919 968 quae
934 928 1017 955 sunt
1034 928 1138 961 recte,
1156 933 1243 966 quae

253 990 351 1020 secus
368 977 466 1011 sacta.
519 975 658 1008 Tenere
675 986 756 1017 ergo
779 974 908 1007 formas
926 979 959 1006 ct
986 972 1153 1015 imagines
1170 972 1243 1004 vir-

252 1036 369 1063 tutum
400 1033 555 1071 oportet,
597 1037 683 1071 quas
717 1025 753 1057 in
789 1025 954 1057 omnibus
986 1023 1162 1063 consiliis,
1186 1023 1241 1079 ,111

253 1079 419 1114 omnibus
451 1077 605 1121 negociis
643 1075 843 1109 iudicandis
873 1086 1072 1120 sequamur.
1126 1073 1242 1119 Atque

251 1128 337 1164 haec
361 1128 521 1162 doctrina
543 1127 684 1172 proprie
710 1127 864 1159 vocanda
885 1133 935 1160 est
959 1123 1179 1165 humanitas,
1204 1136 1241 1157 ac

251 1187 342 1215 recte
364 1187 399 1214 et
423 1179 562 1212 civilem
589 1178 732 1211 vivendi
757 1177 929 1210 rationem
948 1176 1102 1209 ostendit
1125 1176 1241 1208 omni-

250 1233 316 1266 bus
340 1230 529 1270 aetatibus,
556 1241 659 1275 quam
679 1228 739 1274 qui
763 1239 836 1261 non
860 1233 1012 1265 norunt,
1038 1238 1160 1270 parum
1179 1227 1240 1259 ad-

249 1282 395 1317 modum
412 1281 544 1314 distant
563 1293 580 1313 a
598 1280 727 1313 bestiis.
787 1278 1011 1323 Quamquam
1029 1284 1143 1311 autem
1163 1278 1240 1310 aliis

249 1334 334 1367 locis
358 1332 468 1375 magis
493 1331 639 1364 sortasse
663 1330 846 1369 convenit,
873 1329 1056 1362 ostendere
1080 1329 1174 1372 quod
1197 1328 1240 1361 sit

249 1383 436 1418 discrimen
463 1379 569 1415 huius
587 1381 769 1414 doctrinae
789 1387 821 1413 et
838 1377 1044 1423 Evangelii,
1070 1386 1187 1412 tamen
1207 1386 1239 1412 et

249 1432 333 1468 haec
357 1433 440 1467 duxi
464 1429 528 1465 hac
553 1432 595 1465 de
619 1443 655 1464 re
680 1431 924 1465 admonendos
951 1441 1025 1462 esse
1051 1429 1239 1468 auditores,

248 1492 287 1519 ut
310 1485 483 1518 eximatur
509 1483 557 1516 eis
589 1494 706 1522 error,
742 1481 803 1526 qui
833 1480 900 1512 iam
929 1479 1076 1513 istorum
1103 1479 1240 1510 animos

249 1535 450 1580 occupavit,
477 1531 561 1566 haec
584 1530 819 1566 Ethnicorum
847 1530 973 1573 scripta
1000 1529 1143 1572 indigna
1168 1540 1240 1562 esse

247 1598 336 1633 quae
354 1583 547 1619 Christiani
564 1580 726 1616 homines
742 1583 877 1625 legant,
911 1588 944 1615 et
968 1577 1237 1623 Philosophiam

248 1636 370 1683 procul
396 1635 596 1678 fugiendam
615 1643 686 1667 esse
703 1631 924 1667 Christianis.
975 1630 1097 1676 Itaque
1122 1631 1239 1663 brevi-

249 1696 302 1723 ter
329 1685 392 1719 hac
427 1687 470 1719 de
505 1698 542 1718 re
576 1685 784 1718 sententiam
822 1681 1238 1725 nostramtexponemus.

248 1735 479 1783 Philosophia
498 1734 588 1768 nihil
606 1736 765 1768 adfirmat
783 1735 824 1767 dc
843 1734 1024 1766 voluntate
1040 1731 1118 1771 Dei,
1149 1730 1237 1764 nihil

248 1789 417 1834 praecipit
436 1789 477 1820 de
497 1787 621 1821 timore
639 1794 670 1820 et
687 1786 811 1819 fiducia
831 1785 864 1817 in
884 1783 1013 1817 Deum:
1054 1781 1137 1816 haec
1158 1795 1238 1826 pro-

248 1840 322 1885 prie
347 1840 388 1872 ad
409 1836 639 1881 Evangelium
662 1837 851 1882 pertinent.
903 1835 971 1869 Sed
997 1841 1132 1878 praeter
1155 1832 1239 1867 haec

248 1891 361 1925 civilis
381 1890 471 1922 vitae
494 1895 696 1933 praecepta,
724 1887 916 1920 necessaria
939 1892 1038 1922 sunt,
1067 1898 1156 1930 quae
1175 1885 1238 1917 do-

248 1949 347 1976 ceant
365 1941 543 1986 quomodo
565 1937 727 1972 homines
747 1938 838 1971 iuter
854 1950 889 1970 se
914 1936 1102 1982 tranquille
1123 1936 1238 1968 vivere

249 1993 397 2038 possint:
428 1989 512 2023 haec
530 1991 564 2022 in
585 1987 814 2033 Philosophia
834 1989 1042 2025 traduntur,
1069 1994 1100 2019 et
1118 1999 1135 2018 a
1155 1987 1239 2018 viris

250 2042 500 2077 excellentibus
521 2054 642 2074 causae
671 2053 791 2072 eoruui
816 2039 851 2071 iu
876 2038 1011 2071 ratione
1030 2037 1161 2080 positae
1178 2038 1239 2069 de-

251 2092 440 2138 prehensae
458 2099 549 2126 suut.
603 2091 722 2136 Neque
746 2090 1016 2123 existimandum
1041 2096 1107 2127 est,
1135 2085 1238 2121 shri-

251 2152 342 2178 stum
364 2143 496 2175 venisse
522 2143 557 2175 in
574 2144 746 2174 muudum
765 2148 800 2174 ut
821 2138 904 2173 haec
925 2146 1105 2182 praecepta
1124 2140 1237 2172 trade-

251 2203 318 2233 ret,
346 2195 441 2226 aliud
466 2194 633 2238 quiddam
657 2194 698 2225 de
723 2193 901 2225 voluntate
920 2191 980 2224 Dei
1004 2198 1034 2223 et
1055 2192 1097 2223 de
1113 2190 1238 2222 fiducia

251 2247 285 2278 in
303 2245 416 2278 Deum
437 2244 611 2287 exposuit,
640 2256 728 2288 quae
747 2243 834 2276 ratio
856 2240 1008 2275 humana
1029 2255 1100 2273 uon
1126 2241 1238 2284 potuit

251 2293 520 2340 deprehendere.
575 2293 719 2327 Interim
756 2301 870 2327 tamen
909 2300 939 2326 et
975 2293 1091 2326 civilia
1126 2291 1237 2325 officia

252 2348 342 2379 vitae
357 2347 524 2390 approbat
545 2343 637 2380 Deus
656 2353 685 2378 et
711 2345 857 2390 requirit
873 2345 916 2376 ab
933 2343 1099 2377 1111111111115
1118 2342 1239 2377 aetati-

252 2399 337 2437 bus,
372 2395 434 2429 bac
464 2396 648 2440 disciplina
677 2394 853 2429 coherceri
881 2396 954 2428 vult
982 2393 1143 2427 homines
1167 2406 1237 2426 non

253 2449 354 2482 aliter
385 2455 486 2492 atque
517 2446 786 2489 magistratuum
824 2447 958 2488 legibus
992 2452 1024 2478 et
1059 2445 1239 2482 institutis,

253 2513 340 2546 quae
357 2511 434 2532 cum
455 2499 496 2529 iis
515 2498 704 2541 praereptis
726 2510 885 2538 magnam
912 2495 1042 2529 hahent
1060 2496 1239 2539 cognatio-

254 2563 353 2587 nem,
380 2561 460 2582 uam
481 2561 518 2581 ex
539 2549 578 2580 iis
598 2556 762 2592 tauquam
780 2561 817 2581 ex
838 2549 993 2581 sontibus
1010 2559 1131 2580 «nunes
1150 2547 1239 2587 leges

253 2609 284 2635 et
310 2600 427 2633 omnia
456 2600 530 2631 iura
548 2598 817 2638 Magi-stratuum
840 2606 918 2632 nata
942 2605 1068 2633 suntet
1088 2599 1134 2630 ob
1150 2595 1239 2630 haur

253 2664 390 2685 causam
424 2661 583 2693 magnam
613 2647 712 2681 babet
741 2649 926 2683 utilitatem
960 2648 1042 2682 haer
1067 2648 1239 2684 doctriua.

254 2703 333 2747 quia
357 2714 434 2735 cum
463 2701 620 2734 ostendat
651 2711 769 2733 causas
791 2701 904 2743 legum
929 2708 959 2734 et
986 2700 1117 2746 publici
1144 2700 1240 2740 iuris,
1264 2724 1267 2734 .

733 124 891 162 DECL.
941 122 1016 159 DE
1055 122 1259 160 PRAEF.
1300 123 1356 159 IN
1393 121 1642 158 OFFICIA
1681 123 1785 160 ClC.

2209 126 2283 163 260

1295 209 1446 243 multum
1464 209 1634 243 adiuvant
1649 210 1693 242 ad
1711 209 1981 254 intelligendum
1999 222 2121 244 omnes
2135 212 2179 244 de
2195 211 2283 246 civi-

1294 261 1387 294 libus
1412 260 1515 293 rebus
1534 259 1801 304 disputationes.
1856 259 1903 294 Ut
1927 261 2035 305 igitur
2059 263 2157 296 decet
2177 260 2284 296 Chri-

1295 311 1428 345 stianos
1445 308 1536 343 hanc
1552 310 1690 344 civilem
1708 311 1906 344 societatem
1923 312 2037 346 colere
2054 320 2088 347 et
2105 313 2284 355 adiuvare,

1294 363 1341 395 ita
1360 359 1445 394 haec
1463 361 1622 395 doctrina
1648 363 1692 394 de
1713 361 1878 395 civilibus
1899 363 2059 397 moribus
2082 371 2186 409 atque
2205 364 2285 398 offi-

1295 413 1358 446 ciis
1380 412 1620 455 cognoscenda
1643 419 1703 447 est.
1755 411 1836 446 Non
1859 419 1909 446 est
1929 413 2056 457 pietas,
2088 413 2283 460 Cyclopum

1295 475 1392 497 more
1410 463 1547 503 vivere,
1572 462 1648 496 sine
1664 463 1759 503 iure,
1785 463 1860 496 sine
1877 463 2033 507 legibus,
2058 464 2134 497 sine
2151 465 2284 499 doctri-

1295 526 1357 555 na,
1395 513 1471 547 sine
1503 513 1582 546 aliis
1605 514 1697 547 vitae
1727 514 1911 558 praesidiis
1935 526 2024 560 quae
2057 515 2285 550 continentur

1295 565 1418 600 literis,
1472 564 1591 608 Quare
1617 564 1672 598 isti
1699 565 1758 610 qui
1782 565 1982 608 vituperant
2006 563 2285 610 Philosophiam,

1295 628 1368 649 non
1396 622 1533 649 tantum
1569 615 1824 658 belligerantur
1857 628 1937 648 cum
1965 623 2089 650 natura
2120 614 2285 659 humana,

1296 668 1354 699 sed
1388 666 1490 699 etiam
1527 666 1679 709 graviter
1716 666 1860 700 laedunt
1895 664 2080 710 Evangelii
2113 667 2283 710 gloriam,

1296 718 1390 762 quod
1406 717 1502 751 iubet
1520 724 1559 750 ut
1572 717 1758 761 disciplina
1776 717 1872 750 civili
1894 715 2056 751 homines
2072 716 2285 752 cohercean-

1297 774 1366 807 tur,
1388 774 1420 801 et
1439 768 1600 800 maximis
1619 768 1783 812 praemiis
1801 775 1903 802 ornat
1920 775 2044 802 natura
2065 765 2211 802 honesta
2227 769 2285 802 in-

1295 818 1436 859 stituta,
1464 830 1553 863 quae
1576 819 1758 852 continent
1782 819 1920 852 civilem
1947 819 2144 852 societatem
2169 817 2285 853 homi-

1297 881 1394 903 num.
1447 867 1527 902 Non
1553 881 1635 914 ergo
1651 870 1898 903 contemnendi
1923 877 2004 903 sunt
2023 867 2228 914 Philosophi
2251 877 2286 906 et

1296 920 1357 952 alii
1374 919 1560 963 scriptores
1576 919 1636 964 qui
1653 917 1799 953 honesta
1818 921 1910 954 vitae
1928 927 2110 965 praecepta
2128 922 2285 960 tradunt,

1296 972 1353 1004 sed
1370 970 1559 1013 diligenter
1576 971 1724 1013 legendi,
1750 977 1788 1004 nt
1806 978 1933 1005 acuant
1948 971 2118 1005 indicium
2136 973 2179 1005 de
2198 972 2285 1005 civi·
2331 966 2334 969 ’

1294 1022 1387 1054 libus
1413 1021 1566 1064 negociis
1590 1028 1623 1054 et
1649 1021 1818 1056 moribus.
1877 1021 1992 1055 Multa
2020 1029 2186 1066 poterunt
2209 1034 2285 1056 mo-

1295 1084 1377 1105 nere
1403 1072 1469 1105 viri
1494 1072 1668 1116 sapientes
1699 1072 1734 1105 in
1763 1071 1904 1117 Repub.
1929 1073 2074 1112 versati,
2107 1085 2196 1118 quae
2219 1085 2286 1107 usu

1294 1130 1554 1167 cognoverunt,
1581 1135 1732 1168 quorum
1757 1124 1910 1167 cognitio
1928 1135 1992 1156 nos
2010 1124 2132 1158 reddet
2150 1123 2286 1158 cautio-

1293 1186 1347 1208 res
1373 1174 1409 1206 in
1434 1174 1570 1217 magnis
1594 1175 1699 1207 rebus
1723 1175 1894 1217 gerendis.
1953 1172 2110 1219 Exposui
2137 1175 2222 1220 quid
2247 1171 2285 1208 bi

1294 1225 1405 1258 libelli
1430 1232 1462 1258 et
1486 1226 1527 1258 ad
1548 1225 1737 1258 verborum
1764 1225 1900 1269 copiam
1917 1233 1948 1260 et
1966 1226 2008 1257 ad
2034 1237 2151 1258 rerum
2171 1225 2286 1258 scien-

1293 1276 1376 1309 tiam
1401 1277 1602 1316 conferaut,
1628 1288 1709 1309 nam
1734 1283 1767 1309 et
1790 1277 1924 1320 copiam
1943 1276 2115 1309 sermonis
2133 1276 2233 1310 alunt
2252 1283 2286 1310 et

1293 1327 1438 1360 firmant
1457 1327 1626 1360 iudicium
1653 1328 1696 1359 de
1723 1328 1901 1365 moribus,
1929 1339 2081 1371 quorum
2105 1335 2285 1372 utrunque

1292 1377 1394 1410 valde
1410 1377 1644 1410 necessarium
1662 1384 1708 1410 est
1734 1377 1771 1410 in
1789 1378 1870 1410 vita.
1924 1377 1993 1411 Sed
2019 1385 2068 1411 est
2093 1377 2161 1410 alia
2178 1388 2286 1422 quae-

1292 1428 1373 1461 dam
1394 1427 1528 1461 utilitas
1547 1425 1675 1460 horum
1695 1426 1916 1466 libellorum,
1944 1438 2033 1472 quae
2052 1427 2095 1459 ad
2114 1427 2286 1472 eloquen—

1292 1476 1375 1510 tiam
1397 1477 1565 1521 pertinet,
1592 1489 1680 1522 quae
1699 1477 1754 1510 vel
1773 1489 1850 1510 meo
1872 1477 2001 1510 iudicio
2020 1478 2072 1511 vel
2099 1478 2286 1522 praecipua

1292 1534 1352 1561 est.
1406 1526 1542 1561 Omnes
1561 1528 1653 1562 docti
1672 1528 1740 1561 viri
1758 1528 1995 1572 praecipiunt,
2021 1535 2059 1561 ut
2077 1528 2170 1562 locos
2187 1540 2284 1562 com·-

1291 1590 1415 1611 munes
1438 1576 1629 1611 habeamus
1652 1579 1861 1619 instructos,
1889 1591 1928 1612 ex
1953 1579 2082 1624 quibus
2105 1590 2285 1614 sumamus

1291 1630 1488 1663 orationem
1518 1630 1560 1662 de
1593 1627 1748 1663 honestis
1773 1630 1894 1669 rebus,
1929 1629 2067 1674 quoties
2093 1642 2182 1674 opus
2204 1630 2285 1665 erit.

1290 1679 1379 1713 Nam
1403 1680 1521 1713 omnia
1553 1680 1693 1724 negocia
1721 1681 1756 1713 111
1781 1681 1869 1721 vita,
1904 1680 2107 1715 iudicantur
2130 1693 2170 1714 ex
2199 1680 2286 1715 locis

1291 1731 1540 1764 communibus
1573 1732 1744 1764 virtutum
1776 1739 1808 1765 et
1839 1731 2028 1771 vitiorum,
2062 1743 2209 1777 eamque
2238 1731 2285 1767 ob

1291 1794 1429 1815 causam
1453 1783 1494 1814 ad
1521 1782 1599 1814 illos
1628 1782 1807 1815 reserenda
1831 1788 1881 1815 est
1901 1783 2036 1821 oratio,
2063 1783 2106 1815 de
2124 1794 2284 1828 quoeun-

1291 1845 1358 1878 que
1375 1833 1519 1876 negocio
1537 1833 1695 1866 instituta
1713 1833 1829 1868 suerit.
1882 1831 1950 1866 Hie
1968 1833 2122 1877 primum
2142 1834 2285 1878 prodest

1292 1885 1385 1917 locos
1403 1884 1553 1927 perfecte
1573 1884 1730 1925 cognitos
1748 1881 1895 1923 habere,
1922 1896 2003 1916 nam
2021 1895 2076 1917 res
2093 1884 2186 1928 ipsae
2203 1896 2284 1929 per-

1291 1935 1376 1969 fecte
1393 1935 1561 1978 cognitae,
1581 1935 1728 1977 gignunt
1746 1935 1954 1973 orationem,
1973 1935 2034 1968 sed
2053 1935 2161 1978 magis
2178 1935 2282 1969 etiam

1291 1987 1433 2028 prodest
1451 1983 1577 2017 habere
1597 1985 1632 2017 iu
1652 1992 1817 2028 promptu
1836 1985 1884 2017 sic
1901 1991 2061 2018 tractatas
2084 1992 2118 2019 et
2141 1992 2284 2020 ornatas

1291 2050 1308 2068 a
1334 2035 1521 2075 Cicerone,
1549 2043 1585 2069 ut
1609 2036 1692 2068 iude
1716 2036 1820 2068 verba
1846 2042 1950 2079 atque
1973 2043 2178 2069 ornamenta
2203 2048 2283 2070 mu-

1291 2087 1380 2120 tuari
1403 2087 1590 2130 possimus,
1618 2094 1675 2120 aut
1691 2094 1783 2119 certe
1802 2086 1944 2119 imitari.
1985 2085 2081 2128 Quid
2099 2087 2193 2120 enim
2211 2087 2282 2131 agit

1292 2135 1347 2170 hic
1373 2138 1468 2170 aliud
1494 2137 1638 2175 Cicero.
1675 2137 1742 2170 uisi
1768 2144 1804 2170 ut
1831 2137 1925 2170 locos
1956 2149 2181 2177 communes,
2214 2135 2282 2172 hoc

1291 2196 1351 2227 est,
1368 2189 1539 2222 virtutum
1555 2188 1778 2221 ‹letiuitiones
1792 2188 1994 2230 colligeret?
2013 2189 2056 2221 ad
2073 2201 2159 2234 quas
2177 2201 2281 2223 revo-

1290 2242 1398 2273 canda
1413 2247 1494 2273 suut
1510 2240 1627 2273 omnia
1646 2239 1760 2273 civilia
1779 2239 1934 2282 negocia,
1953 2240 1995 2272 de
2013 2239 2143 2285 quibus
2159 2239 2283 2274 dicen-

1290 2295 1373 2323 dum
1393 2298 1454 2325 est.
1507 2291 1544 2325 Si
1563 2291 1686 2324 scribis
1701 2290 1902 2334 epistolam,
1929 2290 1963 2322 iu
1982 2303 2049 2335 qua
2068 2290 2140 2333 agis
2155 2291 2282 2334 gratias

1291 2342 1401 2375 :unico
1429 2343 1517 2375 bene
1535 2343 1577 2374 de
1602 2349 1634 2375 te
1653 2342 1796 2379 merito,
1824 2354 1928 2387 quarn
1947 2341 2057 2375 multa
2074 2348 2282 2376 ornamenta

1289 2393 1526 2437 suppeditabit
1543 2392 1665 2426 Cicero
1684 2393 1719 2425 111
1736 2393 1797 2425 11111
1815 2393 1902 2432 loco,
1929 2393 1989 2437 11111
2006 2392 2161 2426 continet
2178 2404 2280 2437 prae-

1290 2452 1386 2487 repta
1415 2446 1458 2477 de
1490 2444 1729 2487 gratitudine?
1767 2444 1898 2477 multae
1933 2443 1982 2476 ibi
2016 2443 2281 2483 similitudines.

1291 2496 1399 2528 inulta
1436 2503 1638 2539 argumenta
1672 2503 1751 2527 sunt
1781 2507 1869 2540 quae
1903 2495 1946 2528 ad
1978 2505 2081 2527 usum
2118 2501 2278 2528 nostrum

1291 2548 1478 2580 transferre
1504 2558 1700 2591 possumus.
1751 2545 1789 2579 Si
1816 2546 1851 2578 in
1875 2545 2128 2579 deliberatione
2148 2545 2281 2579 incidat

1290 2599 1452 2631 utilitatis
1485 2610 1563 2630 cuin
1595 2595 1775 2630 honestate
1803 2595 2003 2635 contentio,
2038 2603 2073 2629 ut
2105 2607 2205 2641 saepe
2229 2596 2279 2635 fit.

1290 2662 1394 2693 quain
1414 2650 1521 2682 multa
1540 2649 1628 2681 sumi
1647 2651 1865 2692 poterunt'ex
1884 2647 1986 2681 tertio
2010 2647 2127 2680 libro?
2181 2646 2277 2690 Quid

1289 2700 1430 2743 gravius
1456 2701 1491 2734 in
1526 2699 1585 2733 tali
1614 2698 1850 2733 controversia
1882 2698 1951 2731 dici
1986 2704 2098 2741 potest
2130 2695 2275 2733 historia
