2338 2958
157 127 252 163 1031

160 213 270 256 magis
293 219 416 244 ornnes
433 203 580 248 Angeli‚
605 212 711 247 quarn
734 210 852 232 rerum
874 195 1037 230 omnium
1054 204 1151 227 crea-

160 266 295 299 tionem
326 260 566 294 admirantur‚
594 252 760 297 quodque
789 249 856 293 ipsi
880 257 1069 291 praecones
1093 255 1151 287 ge-

161 315 239 349 neri
271 310 425 346 humano
457 304 722 339 annunciarunt
751 298 817 333 hac
842 298 1030 331 laetissima
1058 305 1153 351 voc-e,

163 376 268 411 quam
299 361 382 405 ipsis
411 357 515 391 etiam
548 352 735 387 admiratio
764 356 879 383 tantae
904 348 954 381 rei
977 352 1154 401 expressit.

163 415 254 451 Ecce
279 409 458 446 annuncio
483 405 583 438 vobis
609 403 775 447 gaudium
798 400 942 443 ingens,
969 397 1064 442 quod
1089 401 1156 428 erit

165 467 330 501 universo
355 459 504 504 populo,
532 455 627 500 quod
655 460 757 486 natus
781 451 826 484 sit
846 448 953 483 hodie
971 447 1071 481 vobis
1087 446 1155 503 sal:

168 524 286 554 vator,
312 513 371 557 qui
391 517 440 542 est
451 503 808 542 ChristusDominus.
862 499 909 534 Ut
924 500 1031 542 igitur
1047 509 1156 531 anmu

168 564 456 601 scholasticorum
480 558 522 591 ad
541 555 645 590 huius
661 552 773 587 divini
796 550 956 585 beneficii
974 548 1158 591 cogitatio-

170 629 249 651 nem
280 627 319 647 ac
348 607 666 646 considerationem
698 604 753 636 vel
787 607 1080 646 praepararentur
1104 597 1158 630 vel

170 666 462 702 accenderentur,
487 658 646 691 instituta
668 662 719 688 est
742 652 826 686 haec
849 651 992 685 dicendi
1013 660 1160 683 consue-

171 720 268 753 tudo.
323 713 369 748 L’t
401 711 494 745 enim
528 709 564 741 in
592 707 688 740 coelo
714 717 785 737 non
809 710 859 736 est
883 702 979 735 aliud
1004 699 1160 733 studium

172 769 284 802 maius
296 793 304 806 ‚
332 775 436 809 quam
459 759 563 794 liuius
579 757 760 790 mirandae
777 753 951 788 societatis
970 751 1112 785 divinae
1129 755 1162 806 et

173 818 347 853 humanae
371 820 515 846 naturae
536 806 803 850 contemplatio,
831 811 863 837 et
887 804 1079 836 immensae
1097 813 1163 832 nn-

174 867 382 904 sericordiae
399 875 477 906 erga
494 859 656 894 homines
672 855 904 901 praedicatio,
931 854 978 887 sic
995 853 1029 885 in
1043 850 1165 885 Eccle-

175 921 235 955 siis
260 932 297 952 ac
315 914 471 953 Scholis,
495 922 584 957 quae
605 908 790 954 praecipue
813 913 894 939 sunt
918 905 1032 946 imago
1055 901 1165 946 agmi-

177 983 262 1005 num
277 965 490 1003 coelestium,
517 962 638 995 eadem
653 959 768 992 studia
782 956 974 995 excitanda,
997 961 1030 987 et
1046 953 1166 986 eadem

178 1033 261 1055 voce
277 1030 356 1052 cum
376 1014 519 1057 Angelis
535 1010 742 1045 celebranda
761 1014 812 1041 est
829 1006 896 1040 Dei
913 1005 1045 1039 aeterni
1061 1003 1168 1060 boni-

179 1081 249 1112 tas,
288 1066 491 1114 praesertim
523 1075 602 1096 cum
636 1059 846 1094 beneficium
877 1058 919 1091 ad
954 1067 1018 1089 nos
1051 1064 1168 1087 vernis

181 1134 286 1168 quam
310 1120 352 1152 ad
370 1115 525 1159 Angelos
545 1111 732 1157 pertineat.
784 1107 860 1142 Etsi
879 1114 994 1141 autem
1012 1118 1075 1138 nec
1093 1104 1169 1162 etn—

181 1173 268 1216 geli,
301 1182 365 1203 nec
386 1172 518 1200 mentes
542 1162 716 1196 humanae
738 1157 830 1192 hanc
853 1159 1049 1191 societatem
1078 1157 1171 1188 dwl-

182 1236 248 1258 nae
269 1229 302 1255 et
319 1218 494 1253 humanae
512 1220 656 1247 naturae
673 1210 868 1255 perspicere
885 1220 924 1241 ac
940 1203 1172 1251 comprehen-

184 1277 266 1309 dere
285 1275 449 1316 possunt,
477 1273 593 1300 tamen
611 1263 691 1309 quia
709 1260 868 1306 patefecit
885 1271 960 1292 eam
976 1257 1071 1291 Deus
1089 1256 1172 1289 illu—

185 1325 314 1360 stribus
347 1316 577 1356 testimoniis,
613 1326 652 1347 ac
682 1313 856 1346 celebrare
884 1309 1001 1350 iussit,
1034 1317 1172 1340 necesse

186 1383 236 1410 est
262 1384 326 1407 nos
352 1369 435 1405 haec
454 1379 597 1406 arcana,
625 1375 712 1409 quae
731 1362 897 1407 patefacta
911 1366 1009 1398 sunt,
1038 1356 1172 1392 etiamsi

187 1424 334 1460 infantia
359 1427 480 1454 nostra
504 1415 622 1462 eloqui
644 1427 682 1448 ea
709 1426 780 1447 non
809 1419 939 1456 potest,
972 1410 1117 1443 recitare
1142 1415 1175 1441 et

188 1486 367 1523 spargere,
401 1478 439 1505 ut
463 1468 529 1503 Dei
558 1466 724 1500 beneficia
754 1464 872 1508 plures
896 1467 1107 1506 agnoscant,
1144 1465 1175 1492 et

189 1527 294 1573 gratis
309 1522 486 1557 mentibus
503 1518 769 1561 amplectantur.
809 1514 849 1547 ln
866 1513 1005 1547 Psalmo
1022 1511 1176 1544 secundo

190 1578 307 1623 inquit
338 1575 409 1618 ipse
446 1571 538 1604 filius
571 1568 654 1608 Dei,
692 1566 908 1600 Praedicabo
938 1568 1176 1608 praeceptum:

190 1628 365 1665 Dominus
388 1622 476 1657 dixit
500 1622 542 1654 ad
569 1631 641 1659 me,
675 1617 788 1651 Filius
811 1627 908 1649 meus
934 1626 967 1647 es
992 1621 1040 1647 tu.
1101 1611 1178 1655 lpse

192 1681 298 1725 igitur
325 1675 416 1709 hanc
440 1684 559 1705 vocem
581 1670 616 1702 in
641 1666 796 1701 Ecclesia
824 1672 942 1703 sonat,
976 1664 1049 1707 ipse
1073 1662 1179 1695 mittit

191 1729 346 1773 Angelos
368 1733 573 1770 praecones,
602 1720 674 1763 ipse
697 1715 882 1751 hominum
903 1722 1040 1760 pectora
1061 1720 1093 1747 et
1111 1713 1180 1745 lin-

193 1793 277 1827 guas
310 1774 483 1813 accendit,
517 1779 555 1805 nt
586 1768 653 1803 hoc
683 1775 819 1801 tanturn
846 1765 1049 1811 mysterium
1073 1763 1180 1808 profi-

194 1838 333 1868 teantur
362 1839 400 1861 ac
428 1824 617 1858 celebrent.
678 1818 754 1863 lpse
778 1818 919 1851 diabolo
942 1815 1102 1849 irascitur
1127 1814 1181 1847 in-

195 1880 330 1917 videnti
352 1876 474 1915 nobis,
501 1872 566 1906 hoc
590 1883 667 1905 cum
694 1877 818 1903 natura
842 1868 962 1901 divina
979 1867 1122 1905 foedus,
1149 1872 1182 1898 et

193 1931 399 1969 memoriam
418 1927 492 1960 eius
509 1924 624 1957 delere
643 1920 808 1966 cupienti.

299 2034 376 2078 lpse
397 2029 605 2064 ludaeorum
622 2032 654 2058 et
672 2020 868 2057 Maliometi
885 2021 1021 2054 furores
1039 2017 1182 2051 refutari

198 2088 291 2127 vult,
318 2083 378 2130 qui
403 2079 508 2123 impie
535 2077 724 2110 reclamant
751 2072 958 2106 testimoniis
975 2071 1038 2104 Dei
1058 2077 1090 2103 et
1108 2069 1183 2101 voci

196 2136 349 2175 Christi,
375 2144 412 2166 ac
430 2136 557 2173 negant
575 2127 699 2160 saetam
717 2136 788 2158 esse
806 2121 894 2156 hanc
911 2122 1053 2155 divinae
1069 2127 1099 2153 et
1117 2117 1185 2152 ltu-

198 2200 322 2224 manae
342 2191 484 2217 naturae
502 2180 712 2213 societatem.
766 2175 884 2218 Quare
902 2173 964 2206 etsi
983 2183 1102 2205 sumus
1119 2171 1184 2202 im-

198 2239 357 2276 becilles,
394 2242 507 2267 tamen
540 2229 730 2262 excitemur
760 2237 843 2257 voce
875 2222 1026 2262 Christi,
1062 2234 1186 2278 sequa-

198 2303 288 2329 mur,
312 2286 506 2322 recitemus,
526 2287 798 2324 propuguemus,
819 2275 1012 2308 inseramus
1026 2284 1186 2306 omnium

199 2341 326 2379 animis
341 2342 511 2382 quantum
530 2340 725 2376 possumus.
775 2326 845 2360 Nec
861 2325 1099 2359 existimemus
1112 2324 1187 2356 sru-

201 2404 269 2429 stra
299 2390 343 2423 ah
369 2401 408 2419 eo
432 2385 562 2417 dictum
587 2392 674 2413 esse:
710 2377 925 2411 l‘raedicabo
955 2381 1188 2420 praeceptum.

201 2445 286 2478 Vult
305 2447 420 2474 extare
439 2433 544 2468 liuius
564 2431 650 2465 tanti
671 2429 828 2462 muneris
843 2427 1058 2460 memoriam.
1112 2423 1187 2457 lloc

201 2493 384 2543 praecipue
402 2486 517 2520 „ssu-io
534 2483 599 2515 coli
620 2482 730 2515 lleum
747 2480 913 2518 affirmat,
941 2490 1018 2510 rom
1037 2488 1116 2508 vere
1131 2487 1187 2508 ce·-

202 2549 356 2583 lebratur
379 2539 444 2572 huc
469 2533 696 2571 beneficium,
723 2543 800 2563 cum
823 2527 905 2562 haec
926 2541 989 2560 vox
1007 2528 1073 2560 late
1091 2538 1187 2569 spar-

200 2601 309 2641 gitur.
338 2600 366 2625 et
386 2590 469 2623 sides
485 2599 521 2618 ac
537 2583 712 2625 gratitudo
731 2582 765 2614 in
784 2581 959 2613 mentibus
975 2578 1187 2611 accenditur.

1210 2614 1213 2626 l

199 2651 411 2689 onanquam
438 2637 543 2678 igitur
568 2634 751 2667 infantiam
772 2645 884 2664 meam
904 2642 1052 2673 agnosco
1070 2640 1108 2661 ac
1126 2629 1187 2660 de-
1209 2635 1213 2656 t

199 2703 299 2746 ploro
311 2722 319 2735 .

695 110 857 149 DECL.
886 107 962 145 DE
995 102 1374 144 NATIVITATE
1406 101 1660 140 CHRts'rt.

2094 103 2190 144 1032

1199 191 1386 237 praecipuo
1404 188 1582 224 Ecclesiae
1599 200 1805 233 congressu,
1828 186 1895 223 hae
1913 196 2029 234 partes
2047 188 2189 223 dicendi

1200 244 1300 276 datae
1317 248 1418 280 sunt,
1446 241 1641 274 verecunde
1657 242 1873 284 obtempero.
1924 239 1994 274 Sed
2012 252 2051 274 ex
2068 240 2189 273 animo

1202 300 1241 326 ut
1272 292 1396 325 iisdem
1429 291 1471 324 de
1501 292 1607 324 rebus
1635 290 1695 323 alii
1719 290 1840 323 dicant
1861 291 2069 325 eruditiores
2092 297 2192 335 opto.

1200 343 1309 377 Nulla
1340 343 1382 375 de
1407 353 1444 375 re
1467 341 1590 374 audire
1616 341 1735 374 malim
1759 342 1872 374 bonos
1896 347 1929 374 et
1952 342 2073 376 doctos
2096 341 2192 375 viros

1203 406 1308 439 quam
1326 394 1368 426 de
1385 390 1450 425 hac
1467 403 1569 425 causa
1586 392 1739 436 graviter
1755 391 1975 426 disserentes,

1306 460 1402 494 Haec
1432 471 1578 503 operum
1602 459 1806 492 divinorum
1831 470 2007 492 summum
2029 466 2062 493 et
2082 459 2195 492 maxi-

1205 523 1302 545 mum
1331 511 1515 555 proponit:
1549 507 1632 543 haec
1657 509 1938 552 magnitudinem
1963 509 2104 542 divinae
2127 510 2194 542 mi-

1206 561 1414 596 sericordIae
1435 572 1512 604 erga
1529 571 1593 593 nos
1611 560 1776 593 illustrat:
1804 557 1888 593 haec
1906 560 2111 603 dignitatem
2127 557 2197 594 bu-

1207 624 1330 646 manae
1355 619 1500 645 naturae
1523 611 1718 645 restitutam
1737 617 1769 644 et
1786 617 1921 644 auctam
1940 622 2010 643 esse
2026 610 2196 645 ostendit:

1208 662 1293 696 haec
1319 664 1419 695 (locet
1443 662 1621 707 quomodo
1648 674 1687 694 ex
1713 668 1852 695 aeterna
1880 668 1990 694 morte
2016 663 2057 694 ad
2083 662 2196 694 lucem

1210 713 1378 748 iustitiam
1394 719 1426 746 et
1441 714 1549 746 vitam
1567 719 1740 745 aeternam
1759 713 1977 745 reducamur.
2019 712 2099 746 Sint
2116 723 2198 744 sane

1210 765 1270 798 alii
1295 764 1486 807 sapientes,
1511 763 1571 807 qui
1597 760 1892 806 philosophantur
1914 763 1955 795 de
1975 763 2108 806 legibus
2124 774 2199 795 mo—

1213 823 1312 850 tuum
1333 814 1557 851 coelestium,
1590 814 1649 858 qui
1675 814 1858 855 explorant
1883 811 2071 847 herbarum
2095 821 2200 846 natu-

1212 879 1288 907 ras,
1331 872 1366 898 et
1397 864 1550 898 remedia
1582 864 1746 897 salutaria
1779 861 1833 896 his
1864 864 2012 897 infirmis
2043 864 2201 908 corpori-

1213 918 1280 950 bus
1311 921 1482 961 querunt,
1514 915 1574 959 qui
1601 921 1729 947 terram
1755 915 1857 948 certis
1880 927 1918 948 ac
1944 915 2052 948 finitis
2077 915 2202 959 spaciis

1214 968 1414 1001 includunt.
1463 965 1545 999 Non
1569 965 1728 1009 vitupero
1749 963 1833 998 haec
1852 965 1978 1001 studia.
2031 965 2099 1000 Sed
2119 962 2204 998 haec

1216 1017 1376 1063 quamvis
1391 1017 1530 1059 elegans
1549 1023 1581 1049 et
1596 1017 1712 1049 suavis
1727 1017 1885 1049 doctrina
1896 1043 1905 1056 ,
1930 1023 2047 1050 tamen
2065 1023 2203 1049 tautum

1216 1067 1299 1102 huic
1325 1067 1464 1101 mortali
1492 1067 1582 1100 vitae
1605 1067 1731 1107 seruit,
1764 1079 1836 1099 non
1860 1074 2031 1101 monstrat
2050 1066 2116 1100 Dei
2141 1079 2206 1099 na-

1217 1127 1332 1154 turam
1350 1125 1383 1152 et
1400 1117 1616 1151 voluntatem
1636 1129 1714 1160 erga
1733 1129 1814 1155 ηοε,
1842 1129 1914 1150 non
1931 1118 2084 1151 restituit
2103 1117 2206 1151 nobis

1219 1171 1331 1203 lucem
1363 1168 1533 1202 iustitiam
1565 1175 1597 1201 et
1622 1168 1728 1201 vitam
1749 1175 1937 1204 aeternam.
1990 1168 2206 1202 'l'ribuamus

1220 1232 1301 1263 ergo
1334 1227 1367 1253 et
1392 1217 1475 1252 huic
1497 1218 1632 1251 utiliori
1657 1218 1837 1251 doctrinae
1862 1219 1904 1251 de
1926 1219 2030 1252 rebus
2054 1218 2207 1253 aeternis

1220 1270 1354 1316 aliquid
1392 1269 1515 1304 studii:
1560 1281 1632 1302 non
1663 1269 1900 1303 existimemus
1933 1269 2090 1303 fabulosa
2121 1267 2208 1302 baec

1221 1334 1311 1359 esse,
1339 1332 1426 1366 quae
1451 1321 1494 1353 de
1519 1320 1681 1353 societate
1703 1320 1844 1353 divinae
1863 1326 1895 1353 et
1914 1317 2089 1353 humanae
2104 1327 2209 1353 natu-

1222 1385 1279 1406 rae
1301 1369 1462 1406 Christus
1493 1371 1740 1411 concionatur,
1773 1383 1852 1404 cum
1878 1383 1976 1404 suam
2004 1371 2209 1404 concionem

1223 1431 1273 1458 tot
1299 1422 1507 1458 testimoniis
1530 1422 1745 1455 confirmarit
1770 1421 2032 1455 resuscitatione
2054 1428 2211 1455 mortno-

1225 1487 1320 1515 rum,
1347 1485 1408 1507 sua
1432 1473 1706 1513 resurrectione,
1731 1479 1762 1506 et
1780 1479 1882 1506 testes
1899 1469 2023 1505 harum
2042 1472 2211 1506 maxima-

1225 1538 1302 1559 rum
1326 1537 1462 1564 rerum,
1486 1531 1557 1558 tam
1582 1523 1686 1557 multi
1711 1524 1841 1557 suerint
1860 1522 2020 1567 Apostoli
2045 1531 2076 1557 et
2102 1523 2212 1557 colle-

1225 1588 1304 1619 gae,
1337 1576 1407 1608 imo
1439 1575 1639 1608 testimonia
1672 1575 1790 1607 omnia
1823 1575 1951 1619 quibus
1984 1586 2019 1607 se
2043 1575 2086 1608 ab
2110 1574 2212 1608 initio

1227 1627 1319 1661 Deus
1343 1625 1520 1670 patefecit:
1559 1625 1710 1658 servatio
1735 1623 1857 1658 Nullae
1879 1625 1914 1657 in
1939 1625 2094 1665 diluvio,
2127 1626 2213 1658 edu-

1226 1678 1294 1712 ctio
1320 1675 1559 1709 Israelitarum
1593 1687 1632 1708 ex
1662 1674 1839 1720 Aegypto,
1873 1676 2026 1720 denique
2057 1676 2212 1709 defensio

1227 1729 1333 1762 totius
1350 1726 1498 1760 Politiae
1520 1725 1698 1768 Iudaicae,
1726 1728 1766 1759 ad
1790 1723 1856 1759 hoc
1879 1726 2106 1771 praecipuum
2126 1737 2214 1770 opus

1228 1780 1436 1812 reserantur.

1332 1844 1464 1880 Omnia
1484 1843 1568 1879 haec
1584 1845 1671 1878 facta
1690 1852 1878 1886 testantur,
1902 1858 2020 1879 veram
2038 1857 2108 1879 esse
2126 1843 2217 1879 lianc

1230 1898 1437 1932 concionem
1463 1897 1505 1929 de
1532 1896 1604 1928 filio
1631 1894 1715 1935 Dei,
1751 1909 1879 1931 arcano
1905 1897 2055 1930 consilio
2084 1897 2216 1930 aeterni

1232 1949 1359 1992 patris,
1388 1947 1468 1988 filii,
1494 1954 1526 1980 et
1550 1946 1703 1991 Spiritus
1728 1948 1837 1980 sancti
1862 1949 2040 1982 decretum
2065 1959 2156 1987 esse,
2179 1955 2217 1982 nt

1233 1998 1289 2033 hic
1330 1999 1422 2031 silius
1461 2004 1651 2031 assumeret
1683 1995 1872 2031 humanam
1902 2007 2062 2032 naturam
2090 2006 2122 2032 et
2155 2011 2217 2043 pro

1233 2050 1335 2084 nobis
1359 2049 1498 2082 victima
1525 2048 1639 2086 fieret,
1666 2056 1702 2082 ut
1727 2048 1775 2081 ira
1793 2047 1858 2082 Dei
1877 2049 1963 2082 iusta
1982 2050 2134 2092 placata,
2161 2062 2219 2090 ge-

1234 2114 1299 2135 nus
1316 2098 1510 2133 lnnnanum
1528 2111 1648 2132 rursus
1666 2100 1701 2132 in
1717 2100 1863 2142 gratiam
1881 2101 2105 2145 reciperetur.
2148 2100 2221 2134 Noc

1236 2165 1318 2185 vero
1342 2152 1415 2184 fieri
1435 2151 1536 2183 aliter
1556 2157 1687 2194 potest,
1715 2151 1801 2195 quin
1818 2151 1865 2195 pii
1883 2151 2116 2184 admiratione
2133 2151 2220 2185 tanti

1235 2202 1392 2237 muneris
1416 2201 1575 2240 attoniti,
1610 2213 1627 2233 a
1654 2199 1726 2234 Deo
1751 2208 1888 2244 petant,
1920 2209 1958 2235 ut
1985 2202 2020 2235 iu
2043 2203 2221 2236 mentibus

1236 2253 1365 2287 nostris
1389 2253 1491 2285 fidem
1517 2259 1547 2285 et
1571 2252 1821 2295 gratitudinem
1845 2254 2021 2286 accendat.

1236 2305 1308 2349 ipse
1324 2310 1397 2338 toto
1416 2310 1553 2347 pectore
1569 2315 1642 2335 oro.

2075 2251 2170 2286 ldem
2189 2261 2222 2288 et

1694 2300 1739 2336 Et
1756 2303 1922 2348 quoniam
1942 2302 2023 2338 haec
2039 2305 2082 2337 ad
2101 2304 2224 2337 iuven-

1236 2362 1344 2390 tutem
1365 2355 1476 2387 oratio
1494 2354 1678 2397 praecipue
1694 2350 1861 2393 habetur,
1889 2367 1948 2387 vos
1965 2367 2105 2400 qunque
2120 2353 2223 2389 scho-

1236 2406 1346 2440 lastici
1373 2402 1559 2445 adhortor,
1587 2412 1623 2438 ut
1649 2402 1717 2438 hnc
1737 2405 1902 2439 adferatis
1925 2413 1958 2439 et
1983 2407 2120 2439 animos
2138 2406 2223 2450 pios.

1236 2464 1267 2490 et
1287 2469 1364 2489 vera
1384 2463 1462 2489 vota
1475 2483 1483 2497 ,
1513 2463 1549 2488 ut
1565 2453 1659 2488 Deus
1675 2467 1736 2488 sua
1755 2469 1837 2489 voce
1854 2465 1991 2500 pectora
2011 2464 2127 2491 nostr-t
2143 2469 2223 2490 eru-

1237 2509 1305 2541 «tin
1327 2516 1356 2541 et
1375 2507 1537 2540 exuscitet
1555 2508 1597 2539 ad
1615 2506 1861 2547 cogitationem
1881 2505 1984 2541 liuius
2000 2508 2053 2541 sui
2074 2507 2225 2551 ingentis

1237 2559 1395 2593 benelirii
1410 2585 1418 2597 ,
1445 2557 1533 2591 etad
1552 2557 1814 2599 gratitudinem.

1340 2625 1409 2657 Noc
1442 2631 1559 2668 putate
1589 2621 1652 2657 lios
1677 2623 1780 2657 festos
1803 2625 1894 2662 dies,
1937 2623 1997 2668 qui
2023 2634 2224 2670 sequentur,

354 2701 468 2727 tamen
502 2687 582 2732 quia
612 2682 698 2717 miln
726 2684 760 2715 in
787 2681 924 2721 schola,
958 2679 1021 2714 hoc
1047 2687 1114 2719 est,
1150 2679 1185 2711 in
1208 2709 1214 2723 ὁ
1237 2678 1401 2710 ludorum
1442 2685 1472 2708 et
1512 2675 1757 2709 conviviorum
1797 2688 1898 2709 causa
1934 2675 2111 2710 institutos
2143 2691 2225 2711 esse.
