2338 2958
78 147 153 185 653

77 236 157 267 dam
176 232 327 276 potitur,
353 229 391 262 in
410 240 478 274 qua
493 229 603 263 multa
624 235 723 262 erant
739 228 940 263 Aristotelis
954 228 1055 261 volu-

77 284 184 318 mina.
235 280 355 314 Motus
380 280 487 322 igitur
505 280 594 313 fama
617 280 704 313 tanti
727 280 814 318 viri,
849 286 880 312 et
901 278 1055 312 fortassis

76 347 95 367 a
111 331 259 367 Lucullo
278 330 497 370 admonitus,
525 330 584 375 qui
596 327 845 373 Philosophiae
861 329 975 363 studia
992 340 1054 372 ap-

74 382 223 428 petebat,
246 380 373 425 passim
393 380 429 413 in
448 387 517 414 tota
527 379 673 413 Graecia
684 380 924 413 Aristotelicos
944 379 1053 412 libros

73 431 205 477 inquiri
225 431 343 470 iussit,
371 430 751 475 deditqueAndronico
768 431 988 470 mandatum,
1015 436 1054 462 ut

74 482 237 516 collectos
253 488 344 514 recte
359 481 603 524 distribueret,
636 493 673 514 ac
698 486 842 513 venuste
866 486 899 513 et
921 479 1053 522 integre

74 539 244 577 quantum
268 531 340 563 fieri
365 538 496 575 posset,
532 531 739 574 descriptos,
775 530 812 562 in
830 526 1052 563 bibliothecis

72 582 224 627 publicis
242 582 437 615 collocaret.
490 580 607 626 Syllae
624 581 730 623 igitur
744 580 931 612 foelicitate
949 586 981 612 et
997 579 1052 611 di·-

72 632 236 675 ligentia,
263 639 295 665 et
311 631 419 674 ipsius
438 631 628 664 amicorum
648 630 796 663 consilio
813 635 916 673 atque
937 641 1053 673 opera,

71 689 227 715 servatus
244 689 293 714 est
309 679 366 714 hic
385 679 576 714 thesaurus.
628 678 676 713 Et
692 678 891 712 Andronici
909 691 1052 712 enarra-

70 733 185 767 tiones
201 732 316 765 studia
328 732 526 776 aliquorum
544 732 586 763 ad
596 729 820 763 Aristotelem
838 741 1052 772 cognoscen-

71 784 157 816 dum
175 783 378 815 invitarunt.
430 779 598 813 Nondum
623 788 738 814 tamen
766 780 910 813 lectores
925 780 1053 813 multos

68 830 214 873 habuit,
257 832 350 877 quod
384 830 556 864 florebant
587 831 625 863 in
655 828 803 863 Graecia
831 837 862 863 et
890 830 928 862 in
958 830 1054 871 Asia,

72 881 286 922 Carneades,
313 881 520 925 Antipater,
547 879 669 921 Philo,
693 878 893 921 Phaedrus,
918 878 1053 924 Epicu-

70 944 167 973 reus,
216 932 275 976 qui
314 931 410 964 aliud
447 931 629 965 doctrinae
663 942 771 974 genus
805 931 1052 975 sequebantur.

70 980 193 1015 Postea
216 993 298 1014 vero
316 979 517 1014 Alexander
541 979 830 1025 Aphrodisiensis
849 980 1052 1014 Antonino—

69 1043 148 1065 rum
183 1038 358 1074 tempore,
404 1044 483 1065 cum
519 1031 714 1065 luculentas
744 1030 984 1064 enarrationes
1015 1031 1051 1063 in

69 1079 165 1115 hunc
181 1081 364 1120 edidisset,
406 1081 598 1115 multorum
625 1081 740 1115 studia
766 1081 974 1121 commovit,
1013 1088 1053 1114 ut

69 1131 212 1165 abiectis
237 1132 477 1164 deliramentis
501 1130 700 1165 Stoicorum
726 1137 759 1163 et
782 1128 1052 1174 Epicureorum,

69 1180 292 1215 Aristotelica
309 1182 611 1225 amplecterentur.
657 1181 740 1215 Fuit
756 1181 877 1213 eodem
896 1187 1051 1227 tempore

69 1239 102 1266 et
120 1231 297 1273 Galenus,
324 1232 421 1265 cuius
438 1231 608 1264 iudicium
628 1231 781 1264 arbitror
803 1231 905 1264 etiam
922 1232 1052 1264 multos

68 1283 112 1315 ad
128 1279 353 1315 Aristotelem
370 1293 558 1316 revocasse.
602 1281 690 1314 Nam
708 1281 858 1313 subinde
874 1281 970 1315 velut
988 1294 1050 1314 au—

70 1331 211 1365 toritate
230 1332 406 1370 censoria,
435 1330 572 1365 Stoicos
592 1338 626 1364 et
641 1330 835 1375 Epicureos
850 1331 1052 1373 gravissime

71 1381 250 1423 obiurgat,
277 1388 309 1414 et
331 1388 480 1414 veterem
499 1379 785 1424 Philosophiam,
809 1378 876 1414 hoc
893 1387 963 1420 est,
991 1393 1051 1414 ve-

70 1432 228 1471 ritatem,
254 1432 419 1464 adversus
439 1443 559 1464 eorum
577 1432 699 1464 deliria
716 1437 924 1474 propugnat.
959 1431 1051 1465 Gra-

69 1482 226 1515 tulemur
240 1481 347 1524 igitur
363 1480 484 1522 nobis,
511 1493 582 1515 non
597 1482 709 1514 solum
727 1487 859 1524 partem
877 1481 1049 1525 insignem

69 1531 243 1565 librorum
261 1538 430 1564 servatam
455 1543 542 1564 esse:
570 1533 629 1566 sed
653 1532 754 1565 etiam
780 1531 931 1564 extitisse
955 1543 1050 1565 sum-

68 1582 136 1615 mis
162 1582 312 1625 ingeniis
335 1579 514 1622 homines,
551 1583 611 1627 qui
638 1579 721 1614 haec
746 1588 975 1615 monumenta
1006 1582 1050 1614 il-

68 1632 212 1665 lustrata
229 1637 520 1675 propagaverunt.

170 1680 276 1724 Quod
305 1688 420 1715 autem
444 1679 570 1714 Gallus
598 1680 741 1726 quidam
765 1682 965 1719 contendit,
1006 1693 1049 1713 ne

67 1732 204 1766 tabulas
221 1731 361 1777 quidem
386 1743 425 1764 ex
449 1731 511 1764 illo
530 1731 727 1764 Aristotelis
754 1732 935 1774 naufragio
959 1731 1049 1764 ullas

67 1788 221 1826 receptas
237 1793 328 1820 esse,
354 1793 393 1814 ac
416 1793 558 1825 prorsus
581 1781 725 1814 amissos
750 1793 821 1814 esse
850 1781 1050 1814 dialecticos

68 1833 195 1866 libros:
228 1832 357 1864 deinde
374 1828 438 1864 hos
455 1831 514 1875 qui
533 1829 599 1864 hoc
616 1831 717 1864 titulo
741 1831 1048 1868 circumferuntur,

68 1883 194 1916 rudera
225 1881 424 1920 continere,
466 1893 539 1913 non
567 1881 651 1914 artis
681 1882 834 1923 integrae
863 1881 1050 1915 extructio-

68 1944 168 1973 nem,
201 1943 279 1969 seu,
314 1938 351 1964 ut
377 1931 422 1964 ita
449 1931 581 1971 dicam,
616 1931 827 1963 aedificium:
862 1931 962 1964 illum
983 1928 1048 1963 hoc

69 1994 133 2017 suo
157 1981 294 2015 somnio
321 1981 483 2014 delectari
505 1981 668 2015 sinamus.
721 1980 792 2014 Nos
818 1979 902 2014 haec
921 1993 1049 2014 monu-

67 2039 196 2072 menta,
214 2031 451 2076 cuiuscunque
465 2038 557 2072 sunt,
580 2031 641 2064 etsi
654 2030 852 2064 Aristotelis
868 2043 939 2065 esse
956 2031 1047 2064 mul-

67 2089 122 2117 tae
142 2089 222 2116 sunt
240 2093 359 2124 graves
375 2081 613 2119 coniecturae,
641 2093 814 2121 amemus,
841 2089 872 2115 et
889 2081 937 2114 eis
953 2082 1048 2114 frua-

69 2145 158 2167 mur.
219 2131 267 2165 Et
289 2129 371 2164 hinc
397 2143 514 2164 veram
540 2129 696 2164 methodi
720 2131 868 2164 formam
891 2131 928 2164 in
950 2132 1046 2164 omni

69 2182 306 2227 disputatione
331 2182 534 2216 sumendam
560 2193 631 2214 esse
657 2182 815 2215 sciamus.
873 2181 941 2216 Sed
965 2179 1047 2215 haec

67 2240 186 2278 postea
204 2233 360 2266 fortasse.

169 2281 258 2316 Cum
276 2288 389 2315 autem
407 2280 615 2316 Aristoteles
633 2294 743 2315 annos
757 2283 922 2315 tredecim
937 2280 1047 2316 Athe-

68 2332 124 2366 nis
143 2332 336 2372 docuisset,
370 2339 401 2365 et
419 2344 491 2365 non
510 2334 624 2365 solum
643 2334 765 2365 urbem
789 2334 891 2366 laude
916 2333 1047 2366 doctri-

70 2394 135 2415 nae
159 2382 384 2416 celebriorem
417 2383 642 2423 reddidisset,
675 2384 733 2416 sed
759 2384 861 2416 etiam
883 2384 991 2416 multa
1015 2383 1046 2416 ei

69 2433 235 2467 beneficia
254 2433 298 2465 ab
309 2432 495 2475 Antipatro
514 2434 740 2476 impetrasset,
757 2434 816 2478 qui
837 2441 917 2467 tunc
929 2433 1047 2467 Mace-'

70 2483 210 2516 doniam
228 2484 386 2526 regebat,
412 2484 550 2516 tandem
570 2484 650 2516 inde
663 2482 862 2517 Chalcidem
881 2484 1047 2519 discessit.

72 2532 160 2566 Nam
189 2545 267 2567 cum
296 2540 372 2577 post
398 2531 587 2567 Alexandri
611 2541 757 2567 mortem
783 2536 949 2568 adversus
971 2533 1047 2567 An-

71 2583 236 2626 tipatrum
254 2583 408 2628 inquieta
426 2584 546 2618 civitas
564 2585 694 2617 bellum
719 2585 860 2618 infoelix
881 2591 1047 2623 moveret,

69 2639 213 2677 propter
227 2634 414 2667 amicitiam
430 2634 620 2678 Antipatri,
642 2631 791 2667 Athenis
807 2647 877 2667 non
895 2636 970 2668 sine
987 2646 1047 2678 pe-

70 2683 181 2717 riculo
199 2695 270 2717 esse
292 2691 436 2728 poterat.
496 2683 540 2719 Et
564 2693 659 2719 erant
688 2682 847 2719 homines
871 2685 1046 2726 malevoli,

750 142 907 179 DECL.
939 142 1014 178 DE
1045 142 1435 180 ARISTOTELE.

2012 149 2086 184 654

1105 227 1165 273 qui
1182 229 1337 262 fortassis
1357 229 1394 262 in
1411 230 1484 262 eius
1503 229 1680 263 facultates
1704 230 1861 264 involare
1887 232 2084 276 cupiebant,

1105 279 1164 323 qui
1188 279 1218 312 ei
1242 279 1371 312 iudicia
1395 280 1666 319 minitabantur,
1701 288 1740 314 ut
1757 280 1913 324 Socrati,
1946 283 2081 317 obiecto

1104 329 1250 362 crimine
1277 329 1478 372 impietatis:
1521 332 1613 374 quod
1641 330 1796 364 Deorum
1833 333 1971 365 turbam
2010 346 2082 366 non

1104 379 1288 422 probaret,
1316 380 1375 412 sed
1392 380 1520 412 diceret
1532 407 1540 419 ‚
1571 393 1676 413 unam
1693 383 1868 426 quandam
1884 394 1956 416 esse
1972 391 2083 416 aeter-

1104 441 1184 462 nam
1203 436 1375 469 mentem,
1395 429 1528 462 viribus
1556 429 1752 472 immensis,
1784 444 1920 465 causam
1946 434 2082 466 ordinis

1104 480 1140 512 in
1156 479 1317 512 universa
1333 485 1469 519 natura,
1498 479 1534 511 in
1553 492 1656 523 quam
1673 483 1876 515 sententiam
1895 482 2082 516 etHomeri

1103 529 1313 562 versiculum
1349 529 1487 570 citavit,
1532 528 1599 564 οὐκ
1628 528 1776 577 ἀγαθὸν
1810 531 2080 579 πολυκοιρανίη,

1103 577 1152 618 εἷς
1179 577 1351 625 κοίρανος
1374 578 1467 614 ἕστο.
1535 579 1701 613 Discessit
1730 581 1837 623 igitur
1864 584 1905 615 ad
1930 590 2081 616 veterem

1103 630 1251 662 amicum
1271 626 1492 671 Chalcidem,
1518 630 1580 662 uhi
1597 642 1668 663 non
1687 631 1797 664 multo
1813 639 1890 674 post
1909 633 2081 666 climacte-

1101 680 1174 713 rico
1192 691 1285 713 anno
1303 680 1513 723 sexagesimo
1531 681 1632 714 tertio
1649 688 1807 714 mortuus
1823 688 1883 716 est.

1202 753 1377 789 Recensui
1394 756 1546 789 breviter
1561 754 1754 797 historiam,
1772 756 1809 788 in
1828 767 1895 801 qua
1914 757 2000 789 utile
2018 757 2083 790 erit

1103 804 1306 838 aviditatem
1324 805 1504 844 discendi,
1531 808 1658 849 gradus
1674 807 1870 840 studiorum
1883 833 1892 847 ,
1920 807 2083 840 volunta-

1102 863 1170 889 tem
1188 855 1362 888 iuvandae
1380 857 1574 889 communis
1594 857 1701 895 vitae,
1729 857 1875 897 labores,
1902 863 1934 890 et
1951 857 1988 889 in
2004 868 2083 900 per-

1102 906 1253 938 ferendis
1276 906 1541 939 difficultatibus
1558 919 1596 939 ac
1613 908 1704 939 odiis
1723 907 1831 939 animi
1852 907 2081 940 constantiam

1103 963 1134 989 et
1152 956 1427 989 moderationem
1446 957 1686 1000 contemplari.
1727 956 1774 990 Ut
1793 957 1884 989 enim
1905 957 1986 989 libri
2003 969 2083 989 eru-

1102 1006 1272 1039 ditionem
1291 1007 1407 1046 alunt,
1434 1007 1480 1040 ita
1503 1008 1658 1050 exempla
1682 1007 1829 1039 excitare
1857 1008 2012 1039 animum
2038 1007 2081 1039 ad

1101 1054 1226 1089 harum
1245 1056 1414 1090 virtutum
1437 1056 1668 1090 imitationem
1687 1057 1809 1090 solent.
1854 1054 1901 1089 Et
1916 1064 1953 1090 ut
1972 1056 2083 1099 picto-

1101 1107 1199 1139 ribus
1225 1106 1456 1150 praecipitur,
1489 1114 1527 1140 ut
1556 1107 1726 1140 discentes
1757 1107 1917 1150 pingere,
1954 1107 2082 1149 eligant

1101 1156 1168 1189 sihi
1186 1163 1296 1189 certos
1319 1157 1483 1195 artifices,
1517 1169 1665 1201 quorum
1691 1157 1958 1190 similitudinem
1984 1156 2083 1188 effin-

1101 1219 1179 1250 gere
1211 1207 1391 1245 studeant,
1432 1208 1526 1251 quod
1552 1208 1643 1240 idem
1669 1207 1705 1239 in
1733 1207 1881 1240 Musicis
1907 1214 1939 1240 et
1962 1206 2083 1239 multis

1101 1257 1179 1289 aliis
1197 1257 1388 1289 artificibus
1408 1257 1548 1299 probari
1569 1258 1670 1290 solet:
1700 1258 1747 1289 ita
1772 1258 1808 1289 in
1827 1257 1988 1300 regendis
2008 1264 2082 1290 stu-

1101 1308 1168 1340 diis
1185 1313 1218 1340 et
1233 1307 1390 1340 moribus
1407 1319 1614 1351 quaeramus
1632 1308 1742 1340 nostri
1760 1308 1871 1350 gregis
1890 1307 2056 1350 exempla.

1201 1377 1273 1411 Diu
1296 1378 1432 1412 audivit
1454 1377 1659 1412 Aristoteles
1689 1379 1803 1411 virum
1827 1391 1962 1412 summo
1986 1379 2082 1421 inge-

1100 1428 1179 1469 nio,
1206 1435 1240 1462 et
1257 1428 1528 1472 locupletissima
1545 1429 1704 1462 doctrina
1726 1430 1930 1473 praeditum.
2001 1428 2081 1462 Non

1101 1479 1168 1511 cito
1184 1479 1314 1518 docuit,
1340 1479 1429 1511 mira
1444 1479 1510 1512 fuit
1527 1479 1720 1522 diligentia,
1746 1480 1812 1513 suit
1831 1486 1863 1513 et
1880 1479 1987 1511 animi
2004 1491 2081 1512 mo-

1101 1528 1234 1561 deratio
1255 1528 1293 1560 in
1308 1529 1405 1561 omni
1423 1529 1565 1563 fortuna
1585 1530 1780 1572 singularis.
1831 1528 1920 1563 Cum
1938 1527 2081 1562 haberet

1099 1589 1215 1621 regem
1239 1578 1526 1612 florentissimum
1553 1579 1724 1619 amicum,
1750 1577 1842 1612 nihil
1864 1580 1907 1612 ab
1930 1591 1969 1612 eo
1993 1579 2081 1623 peti-

1100 1629 1168 1668 vit,
1195 1628 1263 1660 nisi
1286 1629 1380 1672 quod
1398 1630 1606 1662 conduceret
1623 1629 1677 1661 vel
1696 1630 1738 1662 ad
1760 1630 1905 1663 salutem
1921 1629 2082 1669 aliorum,

1101 1679 1155 1711 vel
1174 1679 1216 1711 ad
1234 1679 1393 1711 ornanda
1408 1679 1532 1713 studia.
1586 1678 1709 1712 Postea
1728 1679 1765 1712 in
1782 1680 1925 1712 adversa
1941 1679 2081 1713 fortuna

1101 1728 1204 1761 etiam
1224 1729 1339 1771 gravis
1355 1729 1434 1762 fuit.

1203 1800 1293 1835 Cum
1312 1799 1546 1847 sycophantae
1563 1802 1593 1835 ei
1613 1802 1755 1836 exitium
1770 1803 1991 1842 molirentur,
2008 1814 2080 1835 non

1101 1852 1229 1885 muniit
1247 1863 1282 1885 se
1300 1851 1522 1892 factionibus,
1549 1864 1620 1884 non
1639 1852 2082 1896 turbavitRempublicam,

1101 1903 1160 1936 sed
1188 1902 1323 1945 placide
1346 1914 1386 1935 ex
1411 1902 1498 1934 urbe
1522 1901 1637 1936 Attica
1668 1903 1704 1935 in
1736 1904 1810 1936 loca
1835 1903 2080 1948 tranquilliora

1101 1952 1280 1987 concessit.
1320 1951 1377 1986 Sic
1394 1953 1490 1985 decet
1506 1949 1684 1986 hominem
1703 1951 1952 1997 philosophum
1971 1953 2081 1996 impe-

1100 2015 1176 2036 rare
1192 2003 1405 2042 iracundiae,
1427 2009 1461 2035 et
1479 2002 1629 2045 privatas
1647 2003 1793 2036 iniurias
1810 2003 1968 2047 publicae
1983 2010 2080 2036 tran-

1101 2053 1265 2099 quillitati
1286 2054 1496 2085 condonare.
1530 2051 1577 2086 Et
1594 2059 1632 2086 ut
1651 2053 1686 2085 in
1703 2054 1830 2086 fabulis
1845 2054 1956 2094 aiunt,
1981 2052 2080 2086 Mar-

1100 2111 1176 2138 tem'
1192 2104 1235 2136 ab
1259 2101 1331 2136 Oto
1356 2100 1520 2146 Ephialte
1545 2104 1721 2144 vinctum,
1757 2111 1788 2136 et
1817 2104 1853 2136 in
1886 2103 1991 2136 ollam
2024 2103 2080 2135 in—

1100 2155 1228 2188 clusam
1248 2164 1334 2186 esse:
1362 2153 1407 2186 ita
1432 2164 1495 2186 nos
1520 2153 1626 2185 bilem
1654 2161 1685 2187 et
1708 2154 1882 2187 vindictae
1907 2153 2080 2197 cupidita-

1100 2212 1166 2239 tem
1198 2203 1366 2237 domitam
1400 2203 1491 2236 intra
1523 2210 1640 2247 pectus
1673 2216 1712 2237 ac
1744 2215 1934 2248 repressam
1966 2203 2079 2237 conti-

1099 2265 1254 2289 neamus.

1199 2329 1378 2363 Hactenus
1397 2331 1438 2362 de
1457 2329 1525 2362 vita
1544 2329 1632 2362 dixi:
1660 2341 1754 2362 nunc
1769 2330 1938 2374 quaedam
1956 2330 1998 2362 de
2019 2340 2076 2372 ge-

1098 2393 1180 2414 nere
1197 2378 1447 2423 Philosophiae
1463 2380 1607 2420 addam,
1643 2391 1705 2412 cur
1721 2378 1983 2413 Aristotelicum
2003 2392 2076 2412 ma-

1097 2432 1187 2465 xime
1205 2431 1307 2463 nobis
1324 2430 1359 2462 in
1371 2428 1524 2463 Ecclesia
1542 2429 1620 2462 usui
1637 2441 1708 2462 esse
1722 2430 1942 2463 arbitremur.
1983 2429 2077 2464 Con-

1098 2489 1187 2515 stare
1203 2481 1356 2514 arbitror
1371 2480 1461 2513 inter
1479 2491 1609 2520 omnes,
1625 2480 1774 2512 maxime
1788 2480 1890 2513 nobis
1909 2481 1943 2513 in
1955 2478 2076 2513 Eccle-

1098 2534 1145 2565 sia
1165 2543 1252 2576 opus
1268 2543 1338 2564 esse
1356 2530 1565 2570 Dialectica,
1589 2541 1677 2574 qnae
1699 2528 1882 2564 methodos
1908 2537 1997 2563 recte
2020 2529 2075 2561 in-

1096 2584 1240 2620 format,
1276 2593 1363 2626 quae
1385 2582 1503 2614 dextre
1521 2581 1662 2621 definit,
1693 2580 1780 2613 iuste
1799 2581 1962 2625 partitur,
1998 2586 2074 2621 apte

1096 2632 1282 2672 connectit,
1309 2632 1438 2665 iudicat
1458 2638 1489 2664 et
1505 2630 1642 2664 divellit
1658 2638 1868 2663 monstrosas
1885 2629 2074 2662 connexio-

1095 2696 1166 2719 nes.
1219 2682 1318 2715 llanc
1334 2689 1440 2715 artem
1459 2681 1517 2726 qui
1534 2693 1604 2714 non
1624 2688 1772 2718 norunt,
1800 2681 1946 2715 lacerant
1966 2685 2072 2710 mate-
