2338 2958
177 127 251 162 727
764 122 800 156 D
809 118 876 156 EC
885 118 926 155 L.

182 223 271 258 quae
288 212 479 246 ostendunt
496 209 569 243 eius
587 207 784 242 doctrinam
803 217 877 240 non
893 217 966 239 esse
987 206 1169 241 seditiosas

183 263 378 308 opiniones,
405 271 539 304 sparsas
555 270 657 292 coeco
676 258 824 302 impetu,
849 263 888 291 ut
903 254 1066 291 homines
1079 256 1169 302 Epi-

182 315 278 348 curei
296 313 468 346 iudicant:
495 310 553 343 sed
573 307 909 343 demonstrationem
924 307 1118 342 voluntatis
1137 314 1171 342 et

183 365 256 397 veri
275 364 386 397 cultus
406 360 492 399 Dei,
519 367 554 394 et
571 360 838 404 explicationem
857 370 1035 392 sacrarum
1052 359 1172 393 litera-

183 427 281 454 rum,
308 419 340 446 et
356 411 582 456 praeconium
600 411 699 444 verbi
716 409 802 451 Dei,
828 409 865 443 id
891 416 961 451 est,
983 407 1172 454 Evangelii

185 465 261 499 lesu
277 461 420 497 Christi.

284 512 360 547 Etsi
382 513 489 556 igitur
514 511 550 544 in
568 508 623 544 his
645 510 888 552 orationibus,
913 522 1002 557 quae
1020 511 1080 545 tali
1094 510 1171 544 loco

184 564 371 605 habentur,
393 564 503 596 multa
520 564 562 596 de
579 562 796 595 ornamentis
812 562 958 606 privatis
971 573 1094 595 eorum
1110 561 1173 606 qui

184 617 386 655 laudantur,
413 614 481 647 dici
501 614 627 647 solent:
657 620 774 647 tamen
791 623 853 655 ego
871 625 909 646 ea
924 619 1022 657 parte
1041 612 1173 646 oratio-

184 667 240 700 nis
263 666 403 706 relicta,
430 672 567 698 tantum
595 665 637 697 de
661 661 728 696 hoc
745 663 930 707 praecipuo
951 664 1028 697 loco
1047 663 1173 701 dicam,

184 717 347 750 videlicet
371 717 413 749 de
439 727 584 748 munere
612 714 857 747 ecclesiastico.
916 712 968 747 Ita
992 713 1087 746 enim
1109 713 1174 746 bo-

185 780 251 801 nae
273 774 406 800 mentes
423 777 558 810 semper
580 771 747 798 statuent:
776 763 813 797 Si
834 764 1031 797 doctrinam
1051 764 1088 796 in
1104 762 1174 797 Ec-

184 819 286 852 clesia
321 818 507 851 salutarem
535 823 568 849 et
598 815 827 848 necessariam
856 814 1065 853 illustravit,
1098 812 1174 847 Deo

183 869 312 912 gratias
346 869 497 911 agendas
532 878 622 906 esse,
656 866 752 910 quod
777 877 857 897 eum
886 866 1104 906 excitaverit,
1142 871 1175 898 et

186 920 295 964 ipsius
309 920 458 959 labores,
481 917 598 957 fidem,
616 915 860 956 constantiam,
888 922 921 949 et
936 921 1088 950 caeteras
1102 916 1175 948 vir-

183 977 275 1005 tutes
306 970 502 1003 laudandas
537 979 629 1008 esse,
670 979 710 1000 ac
735 966 940 1000 memoriam
970 966 1044 1000 eius
1071 966 1176 1000 bonis

184 1021 350 1055 omnibus
365 1018 606 1053 charissimam
622 1029 705 1053 esse.

286 1071 342 1106 Sit
357 1071 463 1114 igitur
480 1067 546 1102 hoc
562 1069 732 1102 orationis
749 1074 888 1101 nostrae
905 1067 1060 1103 initium.
1111 1066 1176 1102 Se-

184 1124 260 1164 det,
282 1128 321 1156 ut
338 1120 468 1154 Paulus
488 1120 616 1165 inquit,
640 1120 733 1153 filius
750 1117 816 1152 Dei
832 1119 875 1151 ad
890 1119 1047 1153 dextram
1064 1125 1176 1152 aeter-

183 1174 222 1207 ni
241 1173 369 1218 patris,
396 1179 427 1205 et
446 1171 593 1214 largitur
609 1171 699 1204 bona
719 1167 942 1210 hominibus,
970 1170 1004 1203 id
1023 1177 1089 1210 est,
1112 1181 1177 1202 vo—

185 1237 260 1258 cem
278 1222 463 1265 Evangelii
489 1228 521 1254 et
540 1220 712 1264 Spiritum
735 1227 910 1253 sanctum:
938 1231 1028 1263 quae
1046 1227 1086 1253 ut
1108 1220 1177 1252 im-

184 1275 329 1320 pertiat,
364 1273 488 1306 excitat
520 1269 729 1315 Prophetas,
767 1268 974 1314 Apostolos,
1007 1270 1177 1304 Doctores

186 1333 218 1359 et
241 1325 421 1365 Pastores‚
449 1329 482 1356 et
508 1320 572 1355 hos
593 1321 699 1355 sumit
722 1333 762 1354 ex
785 1318 852 1355 hoc
876 1327 1016 1363 nostro,
1050 1321 1085 1355 id
1115 1327 1177 1360 est,

185 1375 395 1410 discentium
430 1380 549 1413 coetu,
586 1373 647 1418 qui
676 1372 818 1416 legunt,
853 1373 1024 1413 audiunt,
1059 1379 1178 1406 amant

185 1427 312 1470 scripta
337 1422 540 1470 prophetica
558 1430 590 1456 et
614 1423 814 1468 apostolica.
854 1422 927 1456 Nec
943 1430 1080 1457 tantum
1097 1423 1177 1456 illos

184 1484 285 1511 vocat
316 1478 358 1510 ad
392 1474 483 1509 hanc
515 1475 699 1515 militiam,
733 1473 794 1520 qui
817 1480 938 1508 tenent
959 1474 1176 1508 ordinariam

185 1535 407 1573 potestatem:
437 1527 494 1559 sed
513 1538 612 1570 saepe
631 1526 700 1558 illis
724 1525 808 1570 ipsis
829 1525 962 1558 bellum
986 1526 1093 1559 insert
1116 1536 1178 1569 per

184 1579 355 1613 Doctores
377 1591 415 1611 ex
439 1577 517 1610 aliis
540 1577 727 1610 ordinibus
749 1575 911 1611 delectos.
964 1573 1098 1621 Estque
1120 1576 1177 1608 iu—

186 1631 343 1664 cundum
368 1637 401 1662 et
426 1628 512 1661 utile
538 1628 793 1671 spectaculum,
828 1626 959 1659 intueri
983 1624 1175 1659 Ecclesiam

186 1681 345 1713 omnium
373 1686 540 1713 aetatum:
577 1685 608 1712 et
632 1677 853 1711 considerare
877 1676 1072 1709 bonitatem
1098 1676 1178 1716 Dei,

187 1731 246 1776 qui
265 1731 416 1763 subinde
433 1730 601 1762 salutares
618 1727 805 1768 Doctores,
835 1727 880 1760 ita
897 1727 1103 1760 continuato
1120 1739 1178 1759 or—

188 1782 269 1815 dine
285 1782 397 1821 misit,
424 1787 461 1813 ut
478 1787 644 1824 tanquam
661 1779 697 1811 in
713 1779 787 1811 acie
812 1777 991 1821 prioribus
1004 1778 1176 1811 deceden-

188 1834 300 1871 tibus,
328 1844 407 1864 mox
427 1831 486 1863 alii
506 1830 542 1863 in
566 1827 693 1863 horum
711 1828 855 1871 vestigia
875 1828 1090 1864 insisterent.

286 1883 377 1916 ‘Nota
396 1882 499 1915 series
514 1887 563 1914 est
578 1881 771 1925 primorum
784 1885 935 1923 patrum,
950 1877 1059 1921 Adae,
1079 1876 1179 1920 Seth,

188 1932 336 1973 Enoch,
367 1930 610 1971 Medius-alem,
638 1931 724 1971 Noe,
751 1929 854 1971 Sem,
881 1927 947 1963 hoc
963 1930 1062 1971 vivo,
1091 1930 1178 1964 etin

187 1985 314 2018 vicinia
340 1983 578 2017 Sodomorum
605 1980 807 2022 habitante,
841 1993 920 2014 cum
949 1981 1017 2014 iam
1047 1981 1176 2014 oblitae

188 2043 305 2077 gentes
328 2035 506 2067 doctrinae
524 2032 601 2066 Noe
627 2041 658 2066 et
682 2033 782 2073 Sem,
817 2032 943 2075 passim
967 2032 1059 2065 idola
1083 2031 1177 2065 cole-

189 2094 277 2125 rent,
304 2087 471 2119 excitatns
489 2092 537 2117 est
557 2082 750 2124 Abraham,
777 2089 815 2116 ut
831 2089 918 2116 esset
936 2083 1066 2126 collega
1083 2085 1178 2124 Sem,

189 2145 220 2171 et
240 2138 353 2170 socius
373 2135 476 2169 huius
502 2136 627 2168 sunnni
653 2135 785 2179 operis,
813 2135 1058 2178 propagandae
1076 2146 1177 2167 verae

188 2189 376 2220 doctrinae.
441 2187 531 2219 lluic
554 2192 793 2219 successerunt
817 2184 930 2223 isaac,
967 2184 1087 2226 Iacob,
1122 2184 1177 2219 lo-

191 2236 294 2281 seph,
329 2239 388 2283 qui
417 2239 450 2270 in
485 2238 645 2270 universa
675 2237 853 2281 AegyptO,
887 2248 977 2281 qnae
1001 2243 1086 2270 tunc
1110 2236 1175 2269 fnit

191 2290 474 2321 llorentissinunn
497 2301 642 2329 regnum
668 2295 741 2321 toto
767 2287 852 2320 orbe
882 2293 1076 2328 terrarum,
1113 2288 1177 2320 (lo-

190 2342 320 2372 rtrinae
339 2342 446 2372 luco-n·
465 2339 634 2372 accendit.
673 2339 807 2371 Deinde
824 2337 953 2381 Moses,
980 2337 1088 2377 losne,
1112 2338 1174 2371 Sa-

188 2393 298 2429 nnwl,
331 2391 457 2427 thuid,
492 2387 606 2428 Elias,
641 2387 795 2428 Eliseus,
833 2402 936 2433 quern
962 2389 1098 2423 audivit
1126 2387 1176 2421 le-

188 2443 294 2479 saias,
325 2441 465 2473 luminu»
499 2440 676 2477 leri-mim.
706 2439 797 2473 hunc
820 2438 965 2479 Daniel,
993 2439 1175 2473 Danielem

189 2491 385 2525 Zacharias.
453 2493 584 2524 Deinde·
610 2490 756 2531 Esdras,
792 2491 915 2526 ()nias.
977 2491 1059 2524 Post
1082 2489 1175 2524 huuc

188 2541 392 2576 Machala-wi
454 2542 756 2582 Deinde-Simeon,
783 2539 981 2581 Zacharias,
1010 2541 1174 2585 Baptista,

185 2593 363 2632 Christus,
393 2593 562 2637 Apostoli.
618 2593 715 2625 lianc
741 2594 945 2626 continuam
971 2594 1095 2626 seriem
1120 2593 1174 2625 in-

186 2653 239 2677 νην
264 2647 430 2689 aspicere,
469 2657 555 2689 quae
580 2652 626 2677 est
657 2645 788 2677 illustre
813 2645 1051 2678 testimoninm
1073 2656 1172 2688 prae-

184 2698 314 2729 sentia·-
329 2696 393 2730 Dei
414 2696 447 2727 in
468 2695 633 2728 Ereta-sia.

977 118 1035 155 IN
1076 117 1314 157 FUNERE
1354 116 1636 157 LUTHERI.

2126 123 2201 162 728

1321 203 1372 239 Ac
1388 211 1466 250 post
1484 202 1676 250 Apostolos
1693 208 1851 252 sequitur
1866 220 2010 254 agmen,
2033 210 2128 256 quod
2142 211 2207 245 etsi

1216 255 1285 291 suit
1308 255 1543 298 imbecillius,
1576 263 1694 290 tamen
1716 254 1784 291 Dei
1807 260 2017 294 testimoniis
2043 267 2208 295 ornatum

1218 314 1286 342 est:
1319 306 1554 352 Polycarpus,
1587 306 1771 349 Irenaeus,
1798 307 1994 356 Gregorius
2017 311 2210 346 Neocaesa-

1218 357 1364 399 riensis,
1401 356 1572 398 Basilius,
1605 355 1846 402 Augustinus,
1888 359 2056 406 Prosper,
2091 361 2209 396 Maxi-

1218 420 1316 450 mus,
1342 407 1466 451 Hugo,
1497 407 1721 450 Bernardus,
1754 408 1947 453 Taulerus,
1972 419 2007 446 et
2026 413 2112 447 alibi
2135 412 2209 449 alii.

1219 458 1298 494 Etsi
1326 459 1420 493 enim
1444 457 1529 493 haec
1558 465 1733 503 postrema
1757 467 1894 495 senecta
1920 463 2115 507 squalidior
2142 469 2210 497 est:

1221 518 1338 545 tamen
1354 510 1449 544 Deus
1465 521 1602 554 semper
1618 510 1754 556 aliquas
1769 511 1936 559 reliquias
1951 513 2112 547 servavit.
2162 512 2212 548 Et

1221 562 1334 595 lucem
1349 559 1534 604 Evangelii
1549 561 1826 605 splendidiorem
1844 574 2024 597 accensam
2040 574 2112 597 esse
2126 576 2211 598 voce

1220 609 1391 650 Lutheri,
1416 611 1640 645 manifestum
1659 619 1720 648 est.
1759 649 1761 652 ,

1319 660 1621 696 Annumerandus
1655 669 1707 697 est
1742 662 1850 706 igitur
1884 663 1936 696 illi
1972 661 2212 708 pulcherrimo

1221 713 1354 756 agmini
1374 724 1593 747 summorum
1617 713 1796 754 virorum,
1823 725 1911 759 quos
1926 713 2022 748 Deus
2043 715 2086 748 ad
2112 715 2214 748 colli-

1222 764 1372 807 gendam
1402 770 1434 797 et
1463 764 1726 797 instaurandam
1753 763 1946 798 Ecclesiam
1977 765 2091 806 misit,
2125 776 2214 811 quos

1223 815 1367 859 quidem
1392 814 1619 858 praecipuum
1645 815 1768 848 ssorem
1799 826 1871 848 esse
1896 816 2036 859 generis
2065 813 2214 850 humani

1223 865 1472 907 intelligamus.
1508 863 1656 899 Fuerint
1668 876 1750 898 sane
1765 866 1883 909 magni
1900 865 1968 899 viri
1979 865 2101 907 Solon,
2117 864 2216 900 The-

1223 915 1411 956 mistocles,
1432 914 1564 960 Scipio,
1579 914 1769 959 Augustus,
1790 923 1823 950 et
1840 916 1984 958 similes,
2009 917 2072 963 qui
2088 928 2215 961 magna

1224 966 1372 1010 imperia
1400 965 1456 999 vel
1484 966 1761 1008 constituerunt,
1791 967 1845 1000 vel
1871 975 2055 1002 rexerunt:
2097 975 2215 1002 tamen

1224 1017 1327 1060 longe
1355 1016 1540 1050 inferiores
1569 1023 1652 1050 sunt
1681 1014 1737 1050 his
1767 1017 1897 1051 nostris
1917 1019 2068 1052 ducibus
2095 1017 2217 1060 Iesaia,

1222 1066 1393 1112 Baptista,
1419 1066 1542 1106 Paulo,
1570 1065 1784 1111 Augustino,
1810 1066 1982 1104 Luthero.
2021 1068 2118 1103 Haec
2133 1080 2216 1103 vera

1223 1118 1427 1153 discrimina
1444 1117 1640 1161 intelligere
1657 1131 1721 1152 nos
1738 1119 1776 1151 in
1792 1116 1950 1153 Ecclesia
1966 1121 2074 1155 decet.

1325 1167 1426 1212 Quae
1450 1168 1558 1211 igitur
1582 1180 1637 1202 res
1661 1180 1807 1212 magnae
1831 1176 1865 1203 et
1887 1182 1989 1204 verae
2014 1182 2033 1204 a
2056 1167 2215 1204 Luthero

1223 1220 1412 1264 patefactae
1440 1225 1539 1259 sunt,
1575 1231 1664 1263 quae
1686 1220 1878 1254 ostendunt
1901 1221 1975 1254 eius
1991 1221 2215 1254 'curriculum

1225 1270 1443 1303 laudandum
1466 1269 1562 1303 esse?
1605 1267 1771 1304 Clamant
1793 1270 1888 1303 enim
1912 1272 2015 1305 multi
2038 1272 2217 1306 turbatam

1224 1319 1436 1361 Ecclesiam,
1463 1327 1495 1354 et
1519 1321 1776 1354 controversias
1800 1320 2058 1355 inextricabiles
2081 1333 2217 1366 sparsas

1225 1383 1308 1406 esse.
1361 1370 1429 1404 Hic
1459 1372 1655 1415 respondeo
1685 1371 1789 1404 talem
1823 1382 1896 1405 esse
1926 1372 2217 1415 gubernationem

1225 1420 1413 1457 Ecclesiae.
1465 1420 1556 1455 Cum
1575 1422 1729 1466 Spiritus
1743 1429 1884 1456 sanctus
1900 1423 2016 1465 arguit
2032 1423 2219 1463 mundum,

1225 1473 1370 1507 dissidia
1396 1480 1540 1518 propter
1564 1473 1754 1517 impiorum
1782 1473 2011 1517 pertinaciam
2039 1474 2217 1513 oriuntur,

1225 1531 1259 1558 et
1282 1524 1385 1568 culpa
1411 1530 1461 1557 est
1486 1535 1608 1557 eorum
1634 1524 1694 1569 qui
1719 1524 1843 1557 audire
1867 1524 1978 1558 filium
1995 1523 2060 1558 Dei
2078 1525 2219 1566 nolunt,

1225 1576 1268 1608 de
1292 1587 1362 1620 quo
1380 1575 1539 1608 coelestis
1563 1581 1660 1619 pater
1679 1574 1811 1619 inquit:
1839 1573 1945 1609 Hunc
1961 1575 2092 1610 audite.
2143 1574 2218 1610 Lu-

1226 1623 1346 1658 therus
1370 1636 1488 1657 veram
1512 1631 1545 1658 et
1569 1625 1798 1658 necessariam
1822 1626 2019 1659 doctrinam
2044 1626 2218 1671 patefecit.

1225 1675 1347 1709 Fuisse
1379 1675 1473 1708 enim
1498 1675 1658 1709 tenebras
1688 1675 1724 1708 in
1748 1675 1908 1709 doctrina
1931 1677 1974 1709 de
2000 1677 2218 1721 poenitentia

1225 1725 1460 1766 densissimas,
1488 1726 1711 1760 manifestum
1728 1733 1787 1760 est.
1835 1724 1901 1759 llis
1919 1727 2082 1761 discussis
2098 1734 2218 1761 osten—

1227 1777 1296 1817 dit,
1324 1787 1414 1821 quae
1439 1776 1483 1810 sit
1498 1788 1580 1809 vera
1600 1776 1834 1820 poenitentia,
1857 1783 1890 1810 et
1913 1777 1992 1823 quis
2015 1778 2061 1812 sit
2083 1785 2218 1823 portus.

1226 1838 1315 1873 qnae
1340 1827 1438 1860 firma
1457 1827 1651 1861 consolatio
1670 1827 1816 1868 mentis,
1843 1839 1932 1872 quae
1954 1828 2095 1873 expavit.
2113 1839 2218 1863 sensu

1227 1879 1298 1911 irae
1320 1876 1400 1911 Dei.
1454 1875 1646 1911 Illustravit
1668 1876 1769 1912 Pauli
1795 1878 2012 1920 doctrinam,
2047 1890 2138 1925 quae
2158 1879 2220 1921 ait,

1227 1930 1293 1962 fide
1314 1928 1493 1962 iustificari
1517 1925 1708 1964 hominem.
1761 1926 1930 1963 Ostendit
1944 1930 2133 1964 discrimen
2150 1929 2220 1964 Le-

1227 1980 1277 2023 gis
1301 1986 1335 2013 et
1359 1977 1564 2023 Evangelii,
1600 1979 1752 2014 iustitiae
1775 1978 1948 2024 Spiritus,
1986 1988 2018 2015 et
2042 1981 2218 2026 politicae.

1227 2028 1395 2065 Ostendit
1426 2038 1459 2064 et
1486 2042 1604 2064 veram
1634 2030 1892 2064 invocationem
1916 2029 2001 2073 Dei,
2040 2044 2079 2066 ac
2106 2038 2217 2066 totam

1226 2080 1417 2115 Ecclesiam
1443 2082 1487 2115 ab
1514 2079 1654 2115 ethnico
1680 2082 1799 2115 surore
1816 2082 2012 2122 revocavit,
2037 2083 2099 2128 qui
2117 2082 2219 2127 fingit

1226 2131 1339 2166 Deum
1363 2132 1536 2172 invocari,
1571 2132 1706 2166 etiamsi
1734 2139 1868 2166 mentes
1889 2133 2087 2168 academica
2111 2133 2219 2167 dubi-

1227 2184 1358 2217 tatione
1375 2195 1558 2227 oppressae
1572 2183 1707 2228 fugiant
1723 2182 1849 2217 Denm.
1902 2182 2006 2219 lussit
2022 2185 2089 2218 fide
2105 2191 2138 2219 et
2152 2184 2218 2219 bo-

1226 2246 1270 2267 na
1295 2235 1506 2268 conscientia
1534 2234 1606 2267 fieri
1640 2234 1917 2275 invocationem,
1950 2241 1983 2269 et
2007 2236 2150 2281 quidem
2170 2236 2217 2269 ad

1227 2298 1337 2319 unum
1354 2286 1582 2319 mediatorem
1598 2285 1708 2318 filium
1720 2284 1784 2318 Dei
1803 2286 1981 2320 sedentem
1997 2287 2041 2320 ad
2057 2287 2217 2321 dextram

1226 2337 1357 2370 aeterni
1384 2337 1511 2381 patris,
1545 2343 1577 2370 et
1603 2336 1884 2381 interpellantem
1912 2349 1976 2381 pro
2000 2337 2121 2379 nobis,
2154 2338 2217 2372 deh

1227 2388 1328 2421 duxit
1351 2399 1429 2420 nos:
1464 2400 1535 2421 non
1557 2388 1599 2420 ad
1628 2393 1757 2421 statuas
1773 2394 1832 2421 ant
1856 2385 2017 2423 homines
2042 2395 2217 2431 mortuos,

1226 2446 1263 2472 ut
1282 2437 1443 2472 horribili
1462 2440 1579 2472 surore
1603 2435 1764 2472 homines
1783 2439 1881 2483 impii
1903 2445 2032 2473 statuas
2049 2446 2082 2474 et
2100 2437 2216 2472 homi-

1226 2502 1285 2523 nes
1303 2497 1462 2523 mortuos
1487 2490 1662 2523 invocant.

1329 2541 1540 2574 Nlonstraxit
1564 2547 1596 2574 et
1614 2541 1682 2573 alia
1701 2553 1781 2574 vera
1808 2541 1920 2574 officia
1940 2539 2015 2574 Deo
2042 2547 2157 2583 grata,
2183 2548 2217 2575 et

1226 2593 1331 2625 vitam
1358 2592 1496 2624 civilem
1520 2592 1564 2624 ita
1591 2592 1729 2626 ornavit
1753 2599 1785 2626 et
1808 2591 1977 2630 munivit,
2017 2598 2052 2625 ut
2082 2591 2216 2626 nullius

1223 2656 1379 2688 unquam
1408 2643 1515 2677 literis
1535 2643 1579 2676 ita
1597 2650 1719 2677 ornata
1741 2650 1771 2677 et
1790 2643 1926 2676 munita
1943 2642 1998 2677 sit.
2051 2641 2216 2688 Denique

1222 2695 1374 2728 seiunxit
1396 2706 1413 2727 a
1438 2694 1640 2728 necessariis
1658 2693 1824 2739 operibns
1847 2693 2017 2737 puerilem
2041 2694 2215 2739 paedago-
