<?xml version="1.0" encoding="UTF-8"?>
<!DOCTYPE html PUBLIC "-//W3C//DTD XHTML 1.0 Transitional//EN"
    "http://www.w3.org/TR/xhtml1/DTD/xhtml1-transitional.dtd">
<html xmlns="http://www.w3.org/1999/xhtml" xml:lang="en" lang="en">
 <head>
  <title>
</title>
<meta http-equiv="Content-Type" content="text/html;charset=utf-8" />
  <meta name='ocr-system' content='tesseract 3.04.00' />
  <meta name='ocr-capabilities' content='ocr_page ocr_carea ocr_par ocr_line ocrx_word'/>
</head>
<body>
  <div class='ocr_page' id='page_1' title='image "./operaquaesupersu11melauoft/operaquaesupersu11melauoft_0182.png"; bbox 0 0 2338 2958; ppageno 0'>
   <div class='ocr_carea' id='block_1_1' title="bbox 180 155 255 191">
    <p class='ocr_par' dir='ltr' id='par_1_1' title="bbox 180 155 255 191">
     <span class='ocr_line' id='line_1_1' title="bbox 180 155 255 191; baseline -0.04 0"><span class='ocrx_word' id='word_1_1' title='bbox 180 155 255 191; x_wconf 74' lang='lat'>347</span> 
     </span>
    </p>
   </div>
   <div class='ocr_carea' id='block_1_2' title="bbox 180 230 1181 1709">
    <p class='ocr_par' dir='ltr' id='par_1_2' title="bbox 180 230 1179 936">
     <span class='ocr_line' id='line_1_2' title="bbox 284 230 1175 272; baseline -0.011 1"><span class='ocrx_word' id='word_1_2' title='bbox 284 237 410 272; x_wconf 82' lang='lat' dir='ltr'><strong>Docuit</strong></span> <span class='ocrx_word' id='word_1_3' title='bbox 434 233 584 269; x_wconf 79' lang='lat' dir='ltr'>Athenis</span> <span class='ocrx_word' id='word_1_4' title='bbox 608 243 720 265; x_wconf 90' lang='lat' dir='ltr'>annos</span> <span class='ocrx_word' id='word_1_5' title='bbox 748 230 934 272; x_wconf 74' lang='lat' dir='ltr'>tredecim,</span> <span class='ocrx_word' id='word_1_6' title='bbox 972 242 1036 264; x_wconf 89' lang='lat' dir='ltr'>nec</span> <span class='ocrx_word' id='word_1_7' title='bbox 1059 230 1175 265; x_wconf 90' lang='lat' dir='ltr'>solum</span> 
     </span>
     <span class='ocr_line' id='line_1_3' title="bbox 181 281 1175 327; baseline -0.011 -1"><span class='ocrx_word' id='word_1_8' title='bbox 181 290 362 327; x_wconf 87' lang='lat' dir='ltr'>doctrinae</span> <span class='ocrx_word' id='word_1_9' title='bbox 386 288 488 320; x_wconf 86' lang='lat' dir='ltr'>laude</span> <span class='ocrx_word' id='word_1_10' title='bbox 516 285 638 318; x_wconf 86' lang='lat' dir='ltr'>urbem</span> <span class='ocrx_word' id='word_1_11' title='bbox 660 282 889 316; x_wconf 83' lang='lat' dir='ltr'>celebriorem</span> <span class='ocrx_word' id='word_1_12' title='bbox 912 281 1088 324; x_wconf 83' lang='lat' dir='ltr'>reddidit,</span> <span class='ocrx_word' id='word_1_13' title='bbox 1114 282 1175 316; x_wconf 88' lang='lat' dir='ltr'>sed</span> 
     </span>
     <span class='ocr_line' id='line_1_4' title="bbox 182 332 1176 378; baseline -0.011 -1"><span class='ocrx_word' id='word_1_14' title='bbox 182 343 286 377; x_wconf 83' lang='lat' dir='ltr'>etiam</span> <span class='ocrx_word' id='word_1_15' title='bbox 308 339 442 373; x_wconf 88' lang='lat' dir='ltr'>civibus</span> <span class='ocrx_word' id='word_1_16' title='bbox 464 346 590 378; x_wconf 85' lang='lat' dir='ltr'>magna</span> <span class='ocrx_word' id='word_1_17' title='bbox 608 334 774 368; x_wconf 83' lang='lat' dir='ltr'>beneficia</span> <span class='ocrx_word' id='word_1_18' title='bbox 792 333 995 378; x_wconf 85' lang='lat' dir='ltr'>impetravit</span> <span class='ocrx_word' id='word_1_19' title='bbox 1010 333 1054 366; x_wconf 91' lang='lat' dir='ltr'>ab</span> <span class='ocrx_word' id='word_1_20' title='bbox 1068 332 1176 367; x_wconf 89' lang='lat' dir='ltr'>Anti-</span> 
     </span>
     <span class='ocr_line' id='line_1_5' title="bbox 184 384 1176 438; baseline -0.009 -11"><span class='ocrx_word' id='word_1_21' title='bbox 184 400 295 438; x_wconf 80' lang='lat' dir='ltr'>patro,</span> <span class='ocrx_word' id='word_1_22' title='bbox 320 389 380 435; x_wconf 92' lang='lat' dir='ltr'>qui</span> <span class='ocrx_word' id='word_1_23' title='bbox 398 385 647 421; x_wconf 84' lang='lat' dir='ltr'>&#39;Macedoniam</span> <span class='ocrx_word' id='word_1_24' title='bbox 664 385 897 428; x_wconf 87' lang='lat' dir='ltr'>gubernabat,</span> <span class='ocrx_word' id='word_1_25' title='bbox 924 391 957 417; x_wconf 88' lang='lat' dir='ltr'>et</span> <span class='ocrx_word' id='word_1_26' title='bbox 973 384 1076 418; x_wconf 88' lang='lat' dir='ltr'>unice</span> <span class='ocrx_word' id='word_1_27' title='bbox 1091 384 1176 418; x_wconf 83' lang='lat' dir='ltr'>Ari-</span> 
     </span>
     <span class='ocr_line' id='line_1_6' title="bbox 181 434 1176 483; baseline -0.008 -6"><span class='ocrx_word' id='word_1_28' title='bbox 181 443 338 480; x_wconf 87' lang='lat' dir='ltr'>stotelem</span> <span class='ocrx_word' id='word_1_29' title='bbox 356 444 615 483; x_wconf 84' lang='lat' dir='ltr'>praeceptorem</span> <span class='ocrx_word' id='word_1_30' title='bbox 633 436 812 480; x_wconf 77' lang='lat' dir='ltr'>diligebat.</span> <span class='ocrx_word' id='word_1_31' title='bbox 860 434 950 470; x_wconf 90' lang='lat' dir='ltr'>Cum</span> <span class='ocrx_word' id='word_1_32' title='bbox 967 443 1083 469; x_wconf 88' lang='lat' dir='ltr'>autem</span> <span class='ocrx_word' id='word_1_33' title='bbox 1100 448 1176 469; x_wconf 89' lang='lat' dir='ltr'>cer-</span> 
     </span>
     <span class='ocr_line' id='line_1_7' title="bbox 181 485 1176 532; baseline -0.007 -6"><span class='ocrx_word' id='word_1_34' title='bbox 181 495 313 530; x_wconf 73' lang='lat' dir='ltr'>tamina</span> <span class='ocrx_word' id='word_1_35' title='bbox 337 487 612 524; x_wconf 78' lang='lat' dir='ltr'>Atheniensium</span> <span class='ocrx_word' id='word_1_36' title='bbox 637 500 715 521; x_wconf 92' lang='lat' dir='ltr'>cum</span> <span class='ocrx_word' id='word_1_37' title='bbox 741 485 931 531; x_wconf 74' lang='lat' dir='ltr'>Antipatro</span> <span class='ocrx_word' id='word_1_38' title='bbox 957 494 1076 532; x_wconf 88' lang='lat' dir='ltr'>postea</span> <span class='ocrx_word' id='word_1_39' title='bbox 1101 499 1176 520; x_wconf 90' lang='lat' dir='ltr'>cre-</span> 
     </span>
     <span class='ocr_line' id='line_1_8' title="bbox 181 535 1176 585; baseline -0.01 -6"><span class='ocrx_word' id='word_1_40' title='bbox 181 550 334 582; x_wconf 86' lang='lat' dir='ltr'>scerent,</span> <span class='ocrx_word' id='word_1_41' title='bbox 362 553 406 574; x_wconf 92' lang='lat' dir='ltr'>ne</span> <span class='ocrx_word' id='word_1_42' title='bbox 423 540 495 584; x_wconf 88' lang='lat' dir='ltr'>ipse</span> <span class='ocrx_word' id='word_1_43' title='bbox 511 539 654 585; x_wconf 89' lang='lat' dir='ltr'>quidem</span> <span class='ocrx_word' id='word_1_44' title='bbox 671 545 769 572; x_wconf 87' lang='lat' dir='ltr'>tutus</span> <span class='ocrx_word' id='word_1_45' title='bbox 785 538 854 571; x_wconf 87' lang='lat' dir='ltr'>fuit</span> <span class='ocrx_word' id='word_1_46' title='bbox 869 535 1032 573; x_wconf 87' lang='lat' dir='ltr'>Athenis.</span> <span class='ocrx_word' id='word_1_47' title='bbox 1085 537 1176 571; x_wconf 84' lang='lat' dir='ltr'>Nam</span> 
     </span>
     <span class='ocr_line' id='line_1_9' title="bbox 180 590 1177 634; baseline -0.01 -4"><span class='ocrx_word' id='word_1_48' title='bbox 180 608 260 630; x_wconf 85' lang='lat' dir='ltr'>cum</span> <span class='ocrx_word' id='word_1_49' title='bbox 292 592 453 626; x_wconf 88' lang='lat' dir='ltr'>homiues</span> <span class='ocrx_word' id='word_1_50' title='bbox 483 590 598 624; x_wconf 87' lang='lat' dir='ltr'>invidi</span> <span class='ocrx_word' id='word_1_51' title='bbox 630 595 812 634; x_wconf 76' lang='lat' dir='ltr'>sperarent</span> <span class='ocrx_word' id='word_1_52' title='bbox 841 601 921 622; x_wconf 90' lang='lat' dir='ltr'>eum</span> <span class='ocrx_word' id='word_1_53' title='bbox 950 590 1051 622; x_wconf 75' lang='lat' dir='ltr'>facile</span> <span class='ocrx_word' id='word_1_54' title='bbox 1077 600 1177 633; x_wconf 88' lang='lat' dir='ltr'>posse</span> 
     </span>
     <span class='ocr_line' id='line_1_10' title="bbox 181 638 1178 692; baseline -0.01 -11"><span class='ocrx_word' id='word_1_55' title='bbox 181 645 356 692; x_wconf 80' lang='lat' dir='ltr'>opprimi,</span> <span class='ocrx_word' id='word_1_56' title='bbox 396 642 551 677; x_wconf 84' lang='lat' dir='ltr'>invisum</span> <span class='ocrx_word' id='word_1_57' title='bbox 584 641 651 674; x_wconf 89' lang='lat' dir='ltr'>iam</span> <span class='ocrx_word' id='word_1_58' title='bbox 682 647 825 684; x_wconf 83' lang='lat' dir='ltr'>propter</span> <span class='ocrx_word' id='word_1_59' title='bbox 849 638 1031 683; x_wconf 78' lang='lat' dir='ltr'>Antipatri</span> <span class='ocrx_word' id='word_1_60' title='bbox 1056 639 1178 672; x_wconf 89' lang='lat' dir='ltr'>amici-</span> 
     </span>
     <span class='ocr_line' id='line_1_11' title="bbox 183 690 1178 734; baseline -0.009 -2"><span class='ocrx_word' id='word_1_61' title='bbox 183 699 288 734; x_wconf 85' lang='lat' dir='ltr'>tiam,</span> <span class='ocrx_word' id='word_1_62' title='bbox 323 696 503 729; x_wconf 87' lang='lat' dir='ltr'>finxerunt</span> <span class='ocrx_word' id='word_1_63' title='bbox 523 693 690 725; x_wconf 77' lang='lat' dir='ltr'>adversus</span> <span class='ocrx_word' id='word_1_64' title='bbox 714 703 791 724; x_wconf 89' lang='lat' dir='ltr'>eum</span> <span class='ocrx_word' id='word_1_65' title='bbox 818 690 1009 734; x_wconf 76' lang='lat' dir='ltr'>impietatis</span> <span class='ocrx_word' id='word_1_66' title='bbox 1032 690 1178 730; x_wconf 88' lang='lat' dir='ltr'>crimen,</span> 
     </span>
     <span class='ocr_line' id='line_1_12' title="bbox 182 739 1178 795; baseline -0.01 -12"><span class='ocrx_word' id='word_1_67' title='bbox 182 749 278 795; x_wconf 90' lang='lat' dir='ltr'>qnod</span> <span class='ocrx_word' id='word_1_68' title='bbox 302 746 498 781; x_wconf 74' lang='lat' dir='ltr'>fabulosam</span> <span class='ocrx_word' id='word_1_69' title='bbox 517 743 674 777; x_wconf 87' lang='lat' dir='ltr'>Deorum</span> <span class='ocrx_word' id='word_1_70' title='bbox 697 742 963 775; x_wconf 84' lang='lat' dir='ltr'>multitudinem</span> <span class='ocrx_word' id='word_1_71' title='bbox 985 739 1178 786; x_wconf 89' lang='lat' dir='ltr'>reprehen-</span> 
     </span>
     <span class='ocr_line' id='line_1_13' title="bbox 182 792 1176 839; baseline -0.01 -5"><span class='ocrx_word' id='word_1_72' title='bbox 182 801 305 839; x_wconf 85' lang='lat' dir='ltr'>debat,</span> <span class='ocrx_word' id='word_1_73' title='bbox 332 804 366 831; x_wconf 86' lang='lat' dir='ltr'>et</span> <span class='ocrx_word' id='word_1_74' title='bbox 383 808 490 831; x_wconf 89' lang='lat' dir='ltr'>unam</span> <span class='ocrx_word' id='word_1_75' title='bbox 509 795 665 839; x_wconf 81' lang='lat' dir='ltr'>aliquam</span> <span class='ocrx_word' id='word_1_76' title='bbox 683 800 861 826; x_wconf 87' lang='lat' dir='ltr'>aeternam</span> <span class='ocrx_word' id='word_1_77' title='bbox 879 799 983 837; x_wconf 86' lang='lat' dir='ltr'>atque</span> <span class='ocrx_word' id='word_1_78' title='bbox 1002 792 1176 826; x_wconf 89' lang='lat' dir='ltr'>infinitam</span> 
     </span>
     <span class='ocr_line' id='line_1_14' title="bbox 181 844 1179 888; baseline -0.009 -3"><span class='ocrx_word' id='word_1_79' title='bbox 181 857 357 888; x_wconf 89' lang='lat' dir='ltr'>mentem,</span> <span class='ocrx_word' id='word_1_80' title='bbox 385 858 524 881; x_wconf 86' lang='lat' dir='ltr'>causam</span> <span class='ocrx_word' id='word_1_81' title='bbox 549 845 710 878; x_wconf 90' lang='lat' dir='ltr'>omnium</span> <span class='ocrx_word' id='word_1_82' title='bbox 734 856 853 877; x_wconf 88' lang='lat' dir='ltr'>rerum</span> <span class='ocrx_word' id='word_1_83' title='bbox 878 855 950 877; x_wconf 92' lang='lat' dir='ltr'>esse</span> <span class='ocrx_word' id='word_1_84' title='bbox 968 844 1179 884; x_wconf 85' lang='lat' dir='ltr'>affirmabat,</span> 
     </span>
     <span class='ocr_line' id='line_1_15' title="bbox 182 895 788 936; baseline -0.013 0"><span class='ocrx_word' id='word_1_85' title='bbox 182 902 271 936; x_wconf 91' lang='lat' dir='ltr'>illud</span> <span class='ocrx_word' id='word_1_86' title='bbox 291 901 394 934; x_wconf 71' lang='lat' dir='ltr'>etiam</span> <span class='ocrx_word' id='word_1_87' title='bbox 414 896 641 930; x_wconf 88' lang='lat' dir='ltr'>Homericum</span> <span class='ocrx_word' id='word_1_88' title='bbox 660 895 788 929; x_wconf 86' lang='lat' dir='ltr'>citans:</span> 
     </span>
    </p>

    <p class='ocr_par' dir='ltr' id='par_1_3' title="bbox 181 941 1181 1709">
     <span class='ocr_line' id='line_1_16' title="bbox 274 941 1083 987; baseline -0.007 -7"><span class='ocrx_word' id='word_1_89' title='bbox 274 948 330 981; x_wconf 80' lang='grc' dir='ltr'>οὐκ</span> <span class='ocrx_word' id='word_1_90' title='bbox 350 946 474 987; x_wconf 75' lang='grc' dir='ltr'><em>ἀγαθὸν</em></span> <span class='ocrx_word' id='word_1_91' title='bbox 495 944 735 986; x_wconf 71' lang='grc' dir='ltr'><strong><em>πολυκοιρανίη,</em></strong></span> <span class='ocrx_word' id='word_1_92' title='bbox 765 943 807 979; x_wconf 77' lang='grc' dir='ltr'>εἷς</span> <span class='ocrx_word' id='word_1_93' title='bbox 826 943 970 984; x_wconf 81' lang='grc' dir='ltr'><strong><em>κοίρανος</em></strong></span> <span class='ocrx_word' id='word_1_94' title='bbox 994 941 1083 975; x_wconf 66' lang='grc' dir='ltr'><em>ἴστω.</em></span> 
     </span>
     <span class='ocr_line' id='line_1_17' title="bbox 181 993 1179 1042; baseline -0.01 -4"><span class='ocrx_word' id='word_1_95' title='bbox 181 1002 394 1039; x_wconf 85' lang='lat' dir='ltr'>Formidans</span> <span class='ocrx_word' id='word_1_96' title='bbox 411 1000 518 1042; x_wconf 82' lang='lat' dir='ltr'>igitur</span> <span class='ocrx_word' id='word_1_97' title='bbox 535 998 656 1042; x_wconf 87' lang='lat' dir='ltr'>iniqua</span> <span class='ocrx_word' id='word_1_98' title='bbox 674 996 816 1037; x_wconf 88' lang='lat' dir='ltr'>iudicia,</span> <span class='ocrx_word' id='word_1_99' title='bbox 840 997 1011 1030; x_wconf 83' lang='lat' dir='ltr'>concessit</span> <span class='ocrx_word' id='word_1_100' title='bbox 1024 993 1179 1030; x_wconf 87' lang='lat' dir='ltr'>inChal-</span> 
     </span>
     <span class='ocr_line' id='line_1_18' title="bbox 184 1045 1179 1097; baseline -0.009 -8"><span class='ocrx_word' id='word_1_101' title='bbox 184 1056 320 1091; x_wconf 85' lang='lat' dir='ltr'>cidem,</span> <span class='ocrx_word' id='word_1_102' title='bbox 345 1063 433 1097; x_wconf 89' lang='lat' dir='ltr'>quae</span> <span class='ocrx_word' id='word_1_103' title='bbox 458 1057 531 1083; x_wconf 86' lang='lat' dir='ltr'>erat</span> <span class='ocrx_word' id='word_1_104' title='bbox 556 1049 593 1082; x_wconf 86' lang='lat' dir='ltr'>iu</span> <span class='ocrx_word' id='word_1_105' title='bbox 618 1049 683 1081; x_wconf 86' lang='lat' dir='ltr'>fide</span> <span class='ocrx_word' id='word_1_106' title='bbox 701 1045 894 1091; x_wconf 80' lang='lat' dir='ltr'>Antipatri.</span> <span class='ocrx_word' id='word_1_107' title='bbox 947 1047 1070 1092; x_wconf 72' lang='lat' dir='ltr'>Neque</span> <span class='ocrx_word' id='word_1_108' title='bbox 1095 1045 1179 1080; x_wconf 89' lang='lat' dir='ltr'>haec</span> 
     </span>
     <span class='ocr_line' id='line_1_19' title="bbox 183 1096 1179 1146; baseline -0.009 -6"><span class='ocrx_word' id='word_1_109' title='bbox 183 1103 378 1143; x_wconf 88' lang='lat' dir='ltr'>calumnia,</span> <span class='ocrx_word' id='word_1_110' title='bbox 406 1113 521 1146; x_wconf 88' lang='lat' dir='ltr'>neque</span> <span class='ocrx_word' id='word_1_111' title='bbox 545 1098 630 1133; x_wconf 90' lang='lat' dir='ltr'>haec</span> <span class='ocrx_word' id='word_1_112' title='bbox 653 1099 753 1142; x_wconf 83' lang='lat' dir='ltr'>suga,</span> <span class='ocrx_word' id='word_1_113' title='bbox 779 1098 847 1131; x_wconf 78' lang='lat' dir='ltr'>viri</span> <span class='ocrx_word' id='word_1_114' title='bbox 871 1096 1082 1142; x_wconf 83' lang='lat' dir='ltr'>Philosophi</span> <span class='ocrx_word' id='word_1_115' title='bbox 1104 1098 1179 1141; x_wconf 88' lang='lat' dir='ltr'>glo-</span> 
     </span>
     <span class='ocr_line' id='line_1_20' title="bbox 183 1147 1180 1194; baseline -0.009 -3"><span class='ocrx_word' id='word_1_116' title='bbox 183 1158 272 1192; x_wconf 86' lang='lat' dir='ltr'>riam</span> <span class='ocrx_word' id='word_1_117' title='bbox 307 1155 508 1188; x_wconf 77' lang='lat' dir='ltr'>obscurant.</span> <span class='ocrx_word' id='word_1_118' title='bbox 584 1150 652 1185; x_wconf 87' lang='lat' dir='ltr'>Sed</span> <span class='ocrx_word' id='word_1_119' title='bbox 688 1147 755 1183; x_wconf 88' lang='lat' dir='ltr'>hoc</span> <span class='ocrx_word' id='word_1_120' title='bbox 787 1161 896 1192; x_wconf 85' lang='lat' dir='ltr'>genus</span> <span class='ocrx_word' id='word_1_121' title='bbox 929 1150 1180 1194; x_wconf 85' lang='lat' dir='ltr'>periculorum,</span> 
     </span>
     <span class='ocr_line' id='line_1_21' title="bbox 184 1201 1179 1255; baseline -0.009 -13"><span class='ocrx_word' id='word_1_122' title='bbox 184 1209 279 1255; x_wconf 88' lang='lat' dir='ltr'>quod</span> <span class='ocrx_word' id='word_1_123' title='bbox 303 1216 490 1239; x_wconf 89' lang='lat' dir='ltr'>commune</span> <span class='ocrx_word' id='word_1_124' title='bbox 516 1210 566 1236; x_wconf 90' lang='lat' dir='ltr'>est</span> <span class='ocrx_word' id='word_1_125' title='bbox 589 1201 756 1235; x_wconf 89' lang='lat' dir='ltr'>omnibns</span> <span class='ocrx_word' id='word_1_126' title='bbox 780 1201 869 1233; x_wconf 87' lang='lat' dir='ltr'>bene</span> <span class='ocrx_word' id='word_1_127' title='bbox 895 1201 1113 1234; x_wconf 83' lang='lat' dir='ltr'>merentibus</span> <span class='ocrx_word' id='word_1_128' title='bbox 1137 1201 1179 1233; x_wconf 89' lang='lat' dir='ltr'>de</span> 
     </span>
     <span class='ocr_line' id='line_1_22' title="bbox 183 1252 1178 1304; baseline -0.008 -12"><span class='ocrx_word' id='word_1_129' title='bbox 183 1270 309 1304; x_wconf 80' lang='lat' dir='ltr'>genere</span> <span class='ocrx_word' id='word_1_130' title='bbox 333 1255 511 1294; x_wconf 89' lang='lat' dir='ltr'>humano,</span> <span class='ocrx_word' id='word_1_131' title='bbox 540 1253 657 1296; x_wconf 84' lang='lat' dir='ltr'>potius</span> <span class='ocrx_word' id='word_1_132' title='bbox 682 1263 849 1294; x_wconf 86' lang='lat' dir='ltr'>maguum</span> <span class='ocrx_word' id='word_1_133' title='bbox 874 1252 974 1285; x_wconf 83' lang='lat' dir='ltr'>addit</span> <span class='ocrx_word' id='word_1_134' title='bbox 998 1252 1178 1285; x_wconf 86' lang='lat' dir='ltr'>cumulum</span> 
     </span>
     <span class='ocr_line' id='line_1_23' title="bbox 184 1303 1180 1346; baseline -0.009 -2"><span class='ocrx_word' id='word_1_135' title='bbox 184 1312 227 1345; x_wconf 89' lang='lat' dir='ltr'>ad</span> <span class='ocrx_word' id='word_1_136' title='bbox 252 1309 325 1343; x_wconf 86' lang='lat' dir='ltr'>eius</span> <span class='ocrx_word' id='word_1_137' title='bbox 349 1307 482 1340; x_wconf 90' lang='lat' dir='ltr'>laudes.</span> <span class='ocrx_word' id='word_1_138' title='bbox 538 1304 698 1338; x_wconf 84' lang='lat' dir='ltr'>Primum</span> <span class='ocrx_word' id='word_1_139' title='bbox 717 1303 810 1335; x_wconf 90' lang='lat' dir='ltr'>enim</span> <span class='ocrx_word' id='word_1_140' title='bbox 828 1303 900 1346; x_wconf 86' lang='lat' dir='ltr'>ipsa</span> <span class='ocrx_word' id='word_1_141' title='bbox 921 1303 1079 1337; x_wconf 73' lang='lat' dir='ltr'>veritatis</span> <span class='ocrx_word' id='word_1_142' title='bbox 1098 1315 1180 1346; x_wconf 92' lang='lat' dir='ltr'>pro-</span> 
     </span>
     <span class='ocr_line' id='line_1_24' title="bbox 183 1351 1180 1398; baseline -0.011 -2"><span class='ocrx_word' id='word_1_143' title='bbox 183 1361 286 1397; x_wconf 79' lang='lat' dir='ltr'>fessio</span> <span class='ocrx_word' id='word_1_144' title='bbox 313 1356 559 1392; x_wconf 81' lang='lat' dir='ltr'>honestissima</span> <span class='ocrx_word' id='word_1_145' title='bbox 585 1361 654 1395; x_wconf 82' lang='lat' dir='ltr'>est3</span> <span class='ocrx_word' id='word_1_146' title='bbox 691 1351 782 1386; x_wconf 87' lang='lat' dir='ltr'>hanc</span> <span class='ocrx_word' id='word_1_147' title='bbox 809 1360 925 1386; x_wconf 91' lang='lat' dir='ltr'>autem</span> <span class='ocrx_word' id='word_1_148' title='bbox 952 1354 988 1386; x_wconf 92' lang='lat' dir='ltr'>in</span> <span class='ocrx_word' id='word_1_149' title='bbox 1014 1354 1180 1398; x_wconf 89' lang='lat' dir='ltr'>periculis</span> 
     </span>
     <span class='ocr_line' id='line_1_25' title="bbox 183 1405 1180 1450; baseline -0.01 -3"><span class='ocrx_word' id='word_1_150' title='bbox 183 1413 358 1450; x_wconf 87' lang='lat' dir='ltr'>retinere,</span> <span class='ocrx_word' id='word_1_151' title='bbox 387 1420 449 1442; x_wconf 90' lang='lat' dir='ltr'>nec</span> <span class='ocrx_word' id='word_1_152' title='bbox 470 1407 554 1441; x_wconf 90' lang='lat' dir='ltr'>ullis</span> <span class='ocrx_word' id='word_1_153' title='bbox 572 1405 686 1438; x_wconf 85' lang='lat' dir='ltr'>-minis</span> <span class='ocrx_word' id='word_1_154' title='bbox 711 1411 772 1437; x_wconf 89' lang='lat' dir='ltr'>aut</span> <span class='ocrx_word' id='word_1_155' title='bbox 796 1405 952 1438; x_wconf 87' lang='lat' dir='ltr'>cruciatu</span> <span class='ocrx_word' id='word_1_156' title='bbox 972 1405 1046 1438; x_wconf 88' lang='lat' dir='ltr'>ullo</span> <span class='ocrx_word' id='word_1_157' title='bbox 1065 1406 1180 1438; x_wconf 89' lang='lat' dir='ltr'>deter-</span> 
     </span>
     <span class='ocr_line' id='line_1_26' title="bbox 184 1453 1181 1505; baseline -0.01 -7"><span class='ocrx_word' id='word_1_158' title='bbox 184 1464 253 1500; x_wconf 86' lang='lat' dir='ltr'>reri</span> <span class='ocrx_word' id='word_1_159' title='bbox 271 1475 309 1496; x_wconf 90' lang='lat' dir='ltr'>ac</span> <span class='ocrx_word' id='word_1_160' title='bbox 324 1460 452 1505; x_wconf 87' lang='lat' dir='ltr'>depelli</span> <span class='ocrx_word' id='word_1_161' title='bbox 469 1471 486 1491; x_wconf 90' lang='lat' dir='ltr'>a</span> <span class='ocrx_word' id='word_1_162' title='bbox 504 1464 597 1491; x_wconf 76' lang='lat' dir='ltr'>recta</span> <span class='ocrx_word' id='word_1_163' title='bbox 614 1455 800 1495; x_wconf 86' lang='lat' dir='ltr'>sententia,</span> <span class='ocrx_word' id='word_1_164' title='bbox 828 1453 912 1489; x_wconf 87' lang='lat' dir='ltr'>haec</span> <span class='ocrx_word' id='word_1_165' title='bbox 928 1456 1080 1499; x_wconf 86' lang='lat' dir='ltr'>gravitas</span> <span class='ocrx_word' id='word_1_166' title='bbox 1097 1468 1181 1489; x_wconf 90' lang='lat' dir='ltr'>con-</span> 
     </span>
     <span class='ocr_line' id='line_1_27' title="bbox 184 1504 1178 1558; baseline -0.01 -9"><span class='ocrx_word' id='word_1_167' title='bbox 184 1514 380 1558; x_wconf 83' lang='lat' dir='ltr'>stantiaque</span> <span class='ocrx_word' id='word_1_168' title='bbox 398 1509 539 1557; x_wconf 87' lang='lat' dir='ltr'>proprie</span> <span class='ocrx_word' id='word_1_169' title='bbox 554 1509 658 1550; x_wconf 79' lang='lat' dir='ltr'>digna</span> <span class='ocrx_word' id='word_1_170' title='bbox 675 1515 724 1541; x_wconf 89' lang='lat' dir='ltr'>est</span> <span class='ocrx_word' id='word_1_171' title='bbox 740 1507 815 1539; x_wconf 76' lang='lat' dir='ltr'>viro</span> <span class='ocrx_word' id='word_1_172' title='bbox 825 1504 1056 1550; x_wconf 87' lang='lat' dir='ltr'>Philosopho.</span> <span class='ocrx_word' id='word_1_173' title='bbox 1091 1505 1178 1540; x_wconf 88' lang='lat' dir='ltr'>Glo-</span> 
     </span>
     <span class='ocr_line' id='line_1_28' title="bbox 185 1558 1179 1605; baseline -0.012 -4"><span class='ocrx_word' id='word_1_174' title='bbox 185 1569 319 1602; x_wconf 87' lang='lat' dir='ltr'>riosum</span> <span class='ocrx_word' id='word_1_175' title='bbox 344 1570 394 1596; x_wconf 91' lang='lat' dir='ltr'>est</span> <span class='ocrx_word' id='word_1_176' title='bbox 414 1562 522 1605; x_wconf 85' lang='lat' dir='ltr'>igitur</span> <span class='ocrx_word' id='word_1_177' title='bbox 539 1558 741 1597; x_wconf 80' lang='lat' dir='ltr'>Aristoteli,</span> <span class='ocrx_word' id='word_1_178' title='bbox 769 1558 950 1590; x_wconf 83' lang='lat' dir='ltr'>numerari</span> <span class='ocrx_word' id='word_1_179' title='bbox 972 1558 1064 1591; x_wconf 90' lang='lat' dir='ltr'>inter</span> <span class='ocrx_word' id='word_1_180' title='bbox 1083 1570 1179 1590; x_wconf 86' lang='lat' dir='ltr'>sum-</span> 
     </span>
     <span class='ocr_line' id='line_1_29' title="bbox 184 1607 1180 1658; baseline -0.009 -8"><span class='ocrx_word' id='word_1_181' title='bbox 184 1629 261 1652; x_wconf 85' lang='lat' dir='ltr'>mos</span> <span class='ocrx_word' id='word_1_182' title='bbox 278 1616 389 1654; x_wconf 81' lang='lat' dir='ltr'>viros,</span> <span class='ocrx_word' id='word_1_183' title='bbox 416 1612 477 1658; x_wconf 91' lang='lat' dir='ltr'>qui</span> <span class='ocrx_word' id='word_1_184' title='bbox 495 1616 639 1655; x_wconf 85' lang='lat' dir='ltr'>propter</span> <span class='ocrx_word' id='word_1_185' title='bbox 656 1607 821 1642; x_wconf 80' lang='lat' dir='ltr'>honestas</span> <span class='ocrx_word' id='word_1_186' title='bbox 837 1609 1025 1653; x_wconf 87' lang='lat' dir='ltr'>opiniones</span> <span class='ocrx_word' id='word_1_187' title='bbox 1040 1616 1073 1642; x_wconf 91' lang='lat' dir='ltr'>et</span> <span class='ocrx_word' id='word_1_188' title='bbox 1090 1615 1180 1642; x_wconf 88' lang='lat' dir='ltr'>recta</span> 
     </span>
     <span class='ocr_line' id='line_1_30' title="bbox 186 1659 1180 1709; baseline -0.008 -7"><span class='ocrx_word' id='word_1_189' title='bbox 186 1667 335 1703; x_wconf 88' lang='lat' dir='ltr'>consilia</span> <span class='ocrx_word' id='word_1_190' title='bbox 367 1678 384 1698; x_wconf 91' lang='lat' dir='ltr'>a</span> <span class='ocrx_word' id='word_1_191' title='bbox 409 1659 644 1709; x_wconf 82' lang='lat' dir='ltr'>Sycophantis</span> <span class='ocrx_word' id='word_1_192' title='bbox 675 1659 789 1693; x_wconf 83' lang='lat' dir='ltr'>vexati</span> <span class='ocrx_word' id='word_1_193' title='bbox 821 1667 881 1693; x_wconf 87' lang='lat' dir='ltr'>aut</span> <span class='ocrx_word' id='word_1_194' title='bbox 908 1660 1064 1704; x_wconf 84' lang='lat' dir='ltr'>oppressi</span> <span class='ocrx_word' id='word_1_195' title='bbox 1089 1666 1180 1694; x_wconf 88' lang='lat' dir='ltr'>sunt.</span> 
     </span>
    </p>
   </div>
   <div class='ocr_carea' id='block_1_3' title="bbox 186 1709 1209 1764">
    <p class='ocr_par' dir='ltr' id='par_1_4' title="bbox 186 1709 1209 1764">
     <span class='ocr_line' id='line_1_31' title="bbox 186 1709 1209 1764; baseline -0.01 -11"><span class='ocrx_word' id='word_1_196' title='bbox 186 1719 234 1754; x_wconf 85' lang='lat' dir='ltr'>Et</span> <span class='ocrx_word' id='word_1_197' title='bbox 254 1717 424 1764; x_wconf 87' lang='lat' dir='ltr'>quoniam</span> <span class='ocrx_word' id='word_1_198' title='bbox 448 1713 616 1747; x_wconf 88' lang='lat' dir='ltr'>omnihus</span> <span class='ocrx_word' id='word_1_199' title='bbox 639 1711 812 1744; x_wconf 82' lang='lat' dir='ltr'>aetatibus</span> <span class='ocrx_word' id='word_1_200' title='bbox 838 1709 1084 1756; x_wconf 76' lang='lat' dir='ltr'>Sycophantae</span> <span class='ocrx_word' id='word_1_201' title='bbox 1108 1711 1179 1743; x_wconf 81' lang='lat' dir='ltr'>bcl-</span> <span class='ocrx_word' id='word_1_202' title='bbox 1208 1716 1209 1719; x_wconf 76' lang='grc'>’</span> 
     </span>
    </p>
   </div>
   <div class='ocr_carea' id='block_1_4' title="bbox 186 1760 1188 2781">
    <p class='ocr_par' dir='ltr' id='par_1_5' title="bbox 186 1760 1188 2781">
     <span class='ocr_line' id='line_1_32' title="bbox 186 1760 1182 1813; baseline -0.012 -8"><span class='ocrx_word' id='word_1_203' title='bbox 186 1772 259 1805; x_wconf 92' lang='lat' dir='ltr'>lum</span> <span class='ocrx_word' id='word_1_204' title='bbox 291 1774 417 1813; x_wconf 84' lang='lat' dir='ltr'>gerunt</span> <span class='ocrx_word' id='word_1_205' title='bbox 449 1777 528 1798; x_wconf 86' lang='lat' dir='ltr'>cum</span> <span class='ocrx_word' id='word_1_206' title='bbox 560 1763 705 1796; x_wconf 86' lang='lat' dir='ltr'>veritate</span> <span class='ocrx_word' id='word_1_207' title='bbox 738 1760 962 1803; x_wconf 69' lang='grc' dir='ltr'>ἄσπονδιον,</span> <span class='ocrx_word' id='word_1_208' title='bbox 1008 1762 1182 1805; x_wconf 83' lang='lat' dir='ltr'>erigamus</span> 
     </span>
     <span class='ocr_line' id='line_1_33' title="bbox 186 1813 1182 1861; baseline -0.011 -5"><span class='ocrx_word' id='word_1_209' title='bbox 186 1823 322 1856; x_wconf 89' lang='lat' dir='ltr'>animos</span> <span class='ocrx_word' id='word_1_210' title='bbox 355 1816 523 1861; x_wconf 86' lang='lat' dir='ltr'>exemplis</span> <span class='ocrx_word' id='word_1_211' title='bbox 555 1813 808 1858; x_wconf 83' lang='lat' dir='ltr'>praestantium</span> <span class='ocrx_word' id='word_1_212' title='bbox 842 1813 984 1846; x_wconf 88' lang='lat' dir='ltr'>illorum</span> <span class='ocrx_word' id='word_1_213' title='bbox 1013 1813 1182 1853; x_wconf 69' lang='lat' dir='ltr'>virorum,</span> 
     </span>
     <span class='ocr_line' id='line_1_34' title="bbox 188 1864 1180 1915; baseline -0.011 -8"><span class='ocrx_word' id='word_1_214' title='bbox 188 1886 250 1907; x_wconf 87' lang='lat' dir='ltr'>nec</span> <span class='ocrx_word' id='word_1_215' title='bbox 269 1870 454 1915; x_wconf 84' lang='lat' dir='ltr'>iniquitate</span> <span class='ocrx_word' id='word_1_216' title='bbox 473 1865 658 1900; x_wconf 87' lang='lat' dir='ltr'>hominum</span> <span class='ocrx_word' id='word_1_217' title='bbox 677 1865 833 1897; x_wconf 83' lang='lat' dir='ltr'>sinamus</span> <span class='ocrx_word' id='word_1_218' title='bbox 852 1876 914 1897; x_wconf 88' lang='lat' dir='ltr'>nos</span> <span class='ocrx_word' id='word_1_219' title='bbox 929 1865 972 1896; x_wconf 89' lang='lat' dir='ltr'>ah</span> <span class='ocrx_word' id='word_1_220' title='bbox 988 1864 1103 1897; x_wconf 84' lang='lat' dir='ltr'>officio</span> <span class='ocrx_word' id='word_1_221' title='bbox 1120 1865 1180 1896; x_wconf 90' lang='lat' dir='ltr'>ab—</span> 
     </span>
     <span class='ocr_line' id='line_1_35' title="bbox 188 1917 1179 1960; baseline -0.01 -2"><span class='ocrx_word' id='word_1_222' title='bbox 188 1924 280 1959; x_wconf 87' lang='lat' dir='ltr'>duci.</span> <span class='ocrx_word' id='word_1_223' title='bbox 337 1921 375 1955; x_wconf 93' lang='lat' dir='ltr'>ln</span> <span class='ocrx_word' id='word_1_224' title='bbox 404 1929 538 1953; x_wconf 87' lang='lat' dir='ltr'>secessu</span> <span class='ocrx_word' id='word_1_225' title='bbox 562 1917 622 1949; x_wconf 89' lang='lat' dir='ltr'>illo</span> <span class='ocrx_word' id='word_1_226' title='bbox 649 1917 830 1960; x_wconf 87' lang='lat' dir='ltr'>aliquanto</span> <span class='ocrx_word' id='word_1_227' title='bbox 858 1922 933 1960; x_wconf 83' lang='lat' dir='ltr'>post</span> <span class='ocrx_word' id='word_1_228' title='bbox 956 1922 1117 1948; x_wconf 88' lang='lat' dir='ltr'>mortuus</span> <span class='ocrx_word' id='word_1_229' title='bbox 1134 1922 1179 1948; x_wconf 88' lang='lat' dir='ltr'>est</span> 
     </span>
     <span class='ocr_line' id='line_1_36' title="bbox 188 1966 1182 2015; baseline -0.011 -5"><span class='ocrx_word' id='word_1_230' title='bbox 188 1988 303 2015; x_wconf 81' lang='lat' dir='ltr'>anun,</span> <span class='ocrx_word' id='word_1_231' title='bbox 331 1979 370 2006; x_wconf 90' lang='lat' dir='ltr'>nt</span> <span class='ocrx_word' id='word_1_232' title='bbox 398 1972 535 2008; x_wconf 81' lang='lat' dir='ltr'>serunt,</span> <span class='ocrx_word' id='word_1_233' title='bbox 562 1967 817 2005; x_wconf 75' lang='lat' dir='ltr'>climacterico,</span> <span class='ocrx_word' id='word_1_234' title='bbox 844 1966 1056 2009; x_wconf 76' lang='lat' dir='ltr'>sexagesimo</span> <span class='ocrx_word' id='word_1_235' title='bbox 1080 1966 1182 1999; x_wconf 86' lang='lat' dir='ltr'>tertio</span> 
     </span>
     <span class='ocr_line' id='line_1_37' title="bbox 189 2017 1181 2061; baseline -0.011 0"><span class='ocrx_word' id='word_1_236' title='bbox 189 2026 309 2061; x_wconf 86' lang='lat' dir='ltr'>aetatis</span> <span class='ocrx_word' id='word_1_237' title='bbox 326 2035 419 2057; x_wconf 89' lang='lat' dir='ltr'>suae.</span> <span class='ocrx_word' id='word_1_238' title='bbox 452 2021 571 2055; x_wconf 76' lang='lat' dir='ltr'>Mores</span> <span class='ocrx_word' id='word_1_239' title='bbox 587 2020 661 2051; x_wconf 90' lang='lat' dir='ltr'>eius</span> <span class='ocrx_word' id='word_1_240' title='bbox 675 2018 738 2051; x_wconf 85' lang='lat' dir='ltr'>etsi</span> <span class='ocrx_word' id='word_1_241' title='bbox 757 2017 792 2050; x_wconf 87' lang='lat' dir='ltr'>in</span> <span class='ocrx_word' id='word_1_242' title='bbox 809 2018 969 2051; x_wconf 84' lang='lat' dir='ltr'>oratione</span> <span class='ocrx_word' id='word_1_243' title='bbox 984 2017 1092 2061; x_wconf 89' lang='lat' dir='ltr'>ipsius</span> <span class='ocrx_word' id='word_1_244' title='bbox 1104 2029 1181 2061; x_wconf 89' lang='lat' dir='ltr'>per—</span> 
     </span>
     <span class='ocr_line' id='line_1_38' title="bbox 188 2068 1183 2116; baseline -0.012 -4"><span class='ocrx_word' id='word_1_245' title='bbox 188 2081 325 2116; x_wconf 81' lang='lat' dir='ltr'>lucent,</span> <span class='ocrx_word' id='word_1_246' title='bbox 359 2083 475 2109; x_wconf 87' lang='lat' dir='ltr'>tamen</span> <span class='ocrx_word' id='word_1_247' title='bbox 502 2070 651 2105; x_wconf 86' lang='lat' dir='ltr'>iudicari</span> <span class='ocrx_word' id='word_1_248' title='bbox 675 2076 819 2113; x_wconf 89' lang='lat' dir='ltr'>possunt</span> <span class='ocrx_word' id='word_1_249' title='bbox 842 2081 879 2101; x_wconf 82' lang='lat' dir='ltr'>ex</span> <span class='ocrx_word' id='word_1_250' title='bbox 907 2076 955 2102; x_wconf 91' lang='lat' dir='ltr'>tot</span> <span class='ocrx_word' id='word_1_251' title='bbox 981 2068 1120 2112; x_wconf 82' lang='lat' dir='ltr'>Regum</span> <span class='ocrx_word' id='word_1_252' title='bbox 1145 2080 1183 2102; x_wconf 91' lang='lat' dir='ltr'>ac</span> 
     </span>
     <span class='ocr_line' id='line_1_39' title="bbox 188 2120 1184 2171; baseline -0.011 -8"><span class='ocrx_word' id='word_1_253' title='bbox 188 2128 396 2171; x_wconf 76' lang='lat' dir='ltr'>Principum</span> <span class='ocrx_word' id='word_1_254' title='bbox 414 2125 571 2157; x_wconf 87' lang='lat' dir='ltr'>virorum</span> <span class='ocrx_word' id='word_1_255' title='bbox 588 2120 832 2155; x_wconf 66' lang='lat' dir='ltr'>benevolentia</span> <span class='ocrx_word' id='word_1_256' title='bbox 850 2131 928 2163; x_wconf 81' lang='lat' dir='ltr'>erga</span> <span class='ocrx_word' id='word_1_257' title='bbox 948 2132 1040 2159; x_wconf 75' lang='lat' dir='ltr'>eum,</span> <span class='ocrx_word' id='word_1_258' title='bbox 1068 2131 1184 2165; x_wconf 86' lang='lat' dir='ltr'>quam,</span> 
     </span>
     <span class='ocr_line' id='line_1_40' title="bbox 190 2171 1184 2216; baseline -0.012 -2"><span class='ocrx_word' id='word_1_259' title='bbox 190 2180 257 2214; x_wconf 86' lang='lat' dir='ltr'>nisi</span> <span class='ocrx_word' id='word_1_260' title='bbox 280 2179 397 2211; x_wconf 80' lang='lat' dir='ltr'>suisset</span> <span class='ocrx_word' id='word_1_261' title='bbox 417 2175 453 2208; x_wconf 89' lang='lat' dir='ltr'>in</span> <span class='ocrx_word' id='word_1_262' title='bbox 471 2186 510 2207; x_wconf 91' lang='lat' dir='ltr'>eo</span> <span class='ocrx_word' id='word_1_263' title='bbox 528 2172 717 2216; x_wconf 78' lang='lat' dir='ltr'>singularis</span> <span class='ocrx_word' id='word_1_264' title='bbox 734 2171 896 2214; x_wconf 68' lang='lat' dir='ltr'>gravitas,</span> <span class='ocrx_word' id='word_1_265' title='bbox 924 2171 1014 2204; x_wconf 86' lang='lat' dir='ltr'>tueri</span> <span class='ocrx_word' id='word_1_266' title='bbox 1032 2184 1104 2204; x_wconf 93' lang='lat' dir='ltr'>non</span> <span class='ocrx_word' id='word_1_267' title='bbox 1122 2183 1184 2215; x_wconf 91' lang='lat' dir='ltr'>po-</span> 
     </span>
     <span class='ocr_line' id='line_1_41' title="bbox 190 2223 1182 2267; baseline -0.011 -1"><span class='ocrx_word' id='word_1_268' title='bbox 190 2231 321 2266; x_wconf 79' lang='lat' dir='ltr'>tuisset.</span> <span class='ocrx_word' id='word_1_269' title='bbox 374 2226 642 2260; x_wconf 71' lang='lat' dir='ltr'>Testamentum</span> <span class='ocrx_word' id='word_1_270' title='bbox 663 2223 736 2256; x_wconf 86' lang='lat' dir='ltr'>eius</span> <span class='ocrx_word' id='word_1_271' title='bbox 755 2223 858 2256; x_wconf 79' lang='lat' dir='ltr'>ctiam</span> <span class='ocrx_word' id='word_1_272' title='bbox 879 2223 1050 2259; x_wconf 79' lang='lat' dir='ltr'>declarat,</span> <span class='ocrx_word' id='word_1_273' title='bbox 1079 2235 1182 2267; x_wconf 88' lang='lat' dir='ltr'>quam</span> 
     </span>
     <span class='ocr_line' id='line_1_42' title="bbox 189 2274 1184 2326; baseline -0.011 -10"><span class='ocrx_word' id='word_1_274' title='bbox 189 2282 294 2316; x_wconf 81' lang='lat' dir='ltr'>suerit</span> <span class='ocrx_word' id='word_1_275' title='bbox 313 2275 572 2326; x_wconf 71' lang='lat' dir='ltr'>(sti.‹ioro(›70,·:</span> <span class='ocrx_word' id='word_1_276' title='bbox 602 2274 872 2315; x_wconf 67' lang='lat' dir='ltr'>diligentissime</span> <span class='ocrx_word' id='word_1_277' title='bbox 891 2274 983 2307; x_wconf 88' lang='lat' dir='ltr'>enim</span> <span class='ocrx_word' id='word_1_278' title='bbox 1005 2285 1184 2306; x_wconf 85' lang='lat' dir='ltr'>commen-</span> 
     </span>
     <span class='ocr_line' id='line_1_43' title="bbox 191 2324 1184 2370; baseline -0.011 -2"><span class='ocrx_word' id='word_1_279' title='bbox 191 2336 249 2367; x_wconf 90' lang='lat' dir='ltr'>dat</span> <span class='ocrx_word' id='word_1_280' title='bbox 279 2342 422 2365; x_wconf 62' lang='lat' dir='ltr'>uxorem</span> <span class='ocrx_word' id='word_1_281' title='bbox 451 2336 485 2362; x_wconf 83' lang='lat' dir='ltr'>ct</span> <span class='ocrx_word' id='word_1_282' title='bbox 513 2329 642 2360; x_wconf 82' lang='lat' dir='ltr'>liberos</span> <span class='ocrx_word' id='word_1_283' title='bbox 671 2325 870 2370; x_wconf 76' lang='lat' dir='ltr'>Antipatro.</span> <span class='ocrx_word' id='word_1_284' title='bbox 941 2324 1033 2358; x_wconf 79' lang='lat' dir='ltr'>Sunt</span> <span class='ocrx_word' id='word_1_285' title='bbox 1057 2332 1090 2358; x_wconf 88' lang='lat' dir='ltr'>et</span> <span class='ocrx_word' id='word_1_286' title='bbox 1117 2324 1184 2357; x_wconf 90' lang='lat' dir='ltr'>alia</span> 
     </span>
     <span class='ocr_line' id='line_1_44' title="bbox 190 2375 1184 2424; baseline -0.01 -6"><span class='ocrx_word' id='word_1_287' title='bbox 190 2381 421 2419; x_wconf 84' lang='lat' dir='ltr'>humanitatis</span> <span class='ocrx_word' id='word_1_288' title='bbox 452 2381 555 2424; x_wconf 86' lang='lat' dir='ltr'>plena</span> <span class='ocrx_word' id='word_1_289' title='bbox 592 2378 627 2410; x_wconf 87' lang='lat' dir='ltr'>iu</span> <span class='ocrx_word' id='word_1_290' title='bbox 661 2384 886 2416; x_wconf 79' lang='lat' dir='ltr'>testamento,</span> <span class='ocrx_word' id='word_1_291' title='bbox 928 2388 1016 2421; x_wconf 82' lang='lat' dir='ltr'>quae</span> <span class='ocrx_word' id='word_1_292' title='bbox 1048 2388 1093 2409; x_wconf 88' lang='lat' dir='ltr'>ue</span> <span class='ocrx_word' id='word_1_293' title='bbox 1120 2375 1184 2409; x_wconf 87' lang='lat' dir='ltr'>sim</span> 
     </span>
     <span class='ocr_line' id='line_1_45' title="bbox 192 2432 525 2481; baseline -0.018 -14"><span class='ocrx_word' id='word_1_294' title='bbox 192 2434 364 2481; x_wconf 69' lang='lat' dir='ltr'>prolixior</span> <span class='ocrx_word' id='word_1_295' title='bbox 389 2432 525 2466; x_wconf 69' lang='lat' dir='ltr'>omitto,</span> 
     </span>
     <span class='ocr_line' id='line_1_46' title="bbox 191 2476 1184 2529; baseline -0.01 -8"><span class='ocrx_word' id='word_1_296' title='bbox 191 2486 294 2521; x_wconf 73' lang='lat' dir='ltr'>nohis</span> <span class='ocrx_word' id='word_1_297' title='bbox 316 2490 490 2529; x_wconf 63' lang='lat' dir='ltr'>proposita</span> <span class='ocrx_word' id='word_1_298' title='bbox 513 2481 577 2513; x_wconf 70' lang='lat' dir='ltr'>xiri</span> <span class='ocrx_word' id='word_1_299' title='bbox 600 2477 830 2523; x_wconf 75' lang='lat' dir='ltr'>Philosophi,</span> <span class='ocrx_word' id='word_1_300' title='bbox 858 2491 917 2511; x_wconf 83' lang='lat' dir='ltr'>seu</span> <span class='ocrx_word' id='word_1_301' title='bbox 938 2476 1093 2511; x_wconf 86' lang='lat' dir='ltr'>hominis</span> <span class='ocrx_word' id='word_1_302' title='bbox 1110 2489 1184 2511; x_wconf 85' lang='lat' dir='ltr'>ver-</span> 
     </span>
     <span class='ocr_line' id='line_1_47' title="bbox 190 2530 1185 2575; baseline -0.01 -3"><span class='ocrx_word' id='word_1_303' title='bbox 190 2537 300 2573; x_wconf 81' lang='lat' dir='ltr'>santis</span> <span class='ocrx_word' id='word_1_304' title='bbox 328 2536 362 2568; x_wconf 92' lang='lat' dir='ltr'>in</span> <span class='ocrx_word' id='word_1_305' title='bbox 390 2534 534 2568; x_wconf 80' lang='lat' dir='ltr'>studiis,</span> <span class='ocrx_word' id='word_1_306' title='bbox 562 2544 670 2575; x_wconf 60' lang='lat' dir='ltr'>«mque</span> <span class='ocrx_word' id='word_1_307' title='bbox 695 2530 877 2563; x_wconf 76' lang='lat' dir='ltr'>referentis</span> <span class='ocrx_word' id='word_1_308' title='bbox 901 2531 941 2562; x_wconf 87' lang='lat' dir='ltr'>ad</span> <span class='ocrx_word' id='word_1_309' title='bbox 964 2541 1185 2562; x_wconf 83' lang='lat' dir='ltr'>cmmnunem</span> 
     </span>
     <span class='ocr_line' id='line_1_48' title="bbox 192 2581 1187 2625; baseline -0.012 -1"><span class='ocrx_word' id='word_1_310' title='bbox 192 2589 403 2623; x_wconf 76' lang='lat' dir='ltr'>utilitatem=</span> <span class='ocrx_word' id='word_1_311' title='bbox 433 2585 478 2617; x_wconf 81' lang='lat' dir='ltr'>ita</span> <span class='ocrx_word' id='word_1_312' title='bbox 505 2583 697 2622; x_wconf 63' lang='lat' dir='ltr'>intelligere</span> <span class='ocrx_word' id='word_1_313' title='bbox 727 2581 905 2625; x_wconf 79' lang='lat' dir='ltr'>poteritis,</span> <span class='ocrx_word' id='word_1_314' title='bbox 934 2581 960 2612; x_wconf 82' lang='lat' dir='ltr'>si</span> <span class='ocrx_word' id='word_1_315' title='bbox 987 2581 1108 2613; x_wconf 69' lang='lat' dir='ltr'>:inimo</span> <span class='ocrx_word' id='word_1_316' title='bbox 1133 2587 1187 2615; x_wconf 83' lang='lat' dir='ltr'>to—</span> 
     </span>
     <span class='ocr_line' id='line_1_49' title="bbox 193 2632 1185 2675; baseline -0.011 0"><span class='ocrx_word' id='word_1_317' title='bbox 193 2650 263 2675; x_wconf 86' lang='lat' dir='ltr'>tam</span> <span class='ocrx_word' id='word_1_318' title='bbox 288 2636 472 2672; x_wconf 84' lang='lat' dir='ltr'>historiam</span> <span class='ocrx_word' id='word_1_319' title='bbox 500 2633 746 2671; x_wconf 75' lang='lat' dir='ltr'>iutuehimiui,</span> <span class='ocrx_word' id='word_1_320' title='bbox 773 2640 803 2666; x_wconf 89' lang='lat' dir='ltr'>et</span> <span class='ocrx_word' id='word_1_321' title='bbox 828 2632 1098 2665; x_wconf 75' lang='lat' dir='ltr'>considerabitis</span> <span class='ocrx_word' id='word_1_322' title='bbox 1115 2632 1185 2664; x_wconf 73' lang='lat' dir='ltr'>vim</span> 
     </span>
     <span class='ocr_line' id='line_1_50' title="bbox 193 2683 1188 2737; baseline -0.008 -14"><span class='ocrx_word' id='word_1_323' title='bbox 193 2700 296 2737; x_wconf 78' lang='lat' dir='ltr'>atque</span> <span class='ocrx_word' id='word_1_324' title='bbox 315 2690 463 2733; x_wconf 82' lang='lat' dir='ltr'>impetus</span> <span class='ocrx_word' id='word_1_325' title='bbox 481 2685 610 2726; x_wconf 69' lang='lat' dir='ltr'>ingenii</span> <span class='ocrx_word' id='word_1_326' title='bbox 624 2711 632 2722; x_wconf 79' lang='grc'>,</span> <span class='ocrx_word' id='word_1_327' title='bbox 659 2685 806 2727; x_wconf 86' lang='lat' dir='ltr'>primam</span> <span class='ocrx_word' id='word_1_328' title='bbox 826 2684 899 2716; x_wconf 86' lang='lat' dir='ltr'>eius</span> <span class='ocrx_word' id='word_1_329' title='bbox 919 2683 1188 2722; x_wconf 76' lang='lat' dir='ltr'>institutionem,</span> 
     </span>
     <span class='ocr_line' id='line_1_51' title="bbox 194 2735 1188 2781; baseline -0.009 -4"><span class='ocrx_word' id='word_1_330' title='bbox 194 2742 391 2777; x_wconf 79' lang='lat' dir='ltr'>studiorum</span> <span class='ocrx_word' id='word_1_331' title='bbox 419 2738 567 2781; x_wconf 73' lang='lat' dir='ltr'>gradus,</span> <span class='ocrx_word' id='word_1_332' title='bbox 597 2735 769 2768; x_wconf 78' lang='lat' dir='ltr'>infinitam</span> <span class='ocrx_word' id='word_1_333' title='bbox 794 2735 952 2768; x_wconf 87' lang='lat' dir='ltr'>discendi</span> <span class='ocrx_word' id='word_1_334' title='bbox 974 2735 1188 2773; x_wconf 76' lang='lat' dir='ltr'>aviditatem.</span> 
     </span>
    </p>
   </div>
   <div class='ocr_carea' id='block_1_5' title="bbox 851 139 1554 179">
    <p class='ocr_par' dir='ltr' id='par_1_6' title="bbox 851 139 1554 179">
     <span class='ocr_line' id='line_1_52' title="bbox 851 139 1554 179; baseline -0.004 0"><span class='ocrx_word' id='word_1_335' title='bbox 851 142 1017 179; x_wconf 89' lang='lat' dir='ltr'><strong>DECL.</strong></span> <span class='ocrx_word' id='word_1_336' title='bbox 1049 141 1122 177; x_wconf 81' lang='lat' dir='ltr'>DE</span> <span class='ocrx_word' id='word_1_337' title='bbox 1157 139 1554 178; x_wconf 84' lang='lat' dir='ltr'>ARISTOTELE.</span> 
     </span>
    </p>
   </div>
   <div class='ocr_carea' id='block_1_6' title="bbox 1200 467 1202 528">
    <p class='ocr_par' dir='ltr' id='par_1_7' title="bbox 1200 467 1202 528">
     <span class='ocr_line' id='line_1_53' title="bbox 1200 467 1202 477; baseline 0 0"><span class='ocrx_word' id='word_1_338' title='bbox 1200 467 1202 477; x_wconf 73' lang='grc' dir='ltr'>ι</span> 
     </span>
     <span class='ocr_line' id='line_1_54' title="bbox 1200 480 1202 494; baseline 0 0"><span class='ocrx_word' id='word_1_339' title='bbox 1200 480 1202 494; x_wconf 97' lang='grc' dir='ltr'>Ι</span> 
     </span>
     <span class='ocr_line' id='line_1_55' title="bbox 1200 520 1202 528; baseline 0 0"><span class='ocrx_word' id='word_1_340' title='bbox 1200 520 1202 528; x_wconf 74' lang='lat' dir='ltr'>l</span> 
     </span>
    </p>
   </div>
   <div class='ocr_carea' id='block_1_7' title="bbox 1200 534 1203 581">
    <p class='ocr_par' dir='ltr' id='par_1_8' title="bbox 1200 534 1203 581">
     <span class='ocr_line' id='line_1_56' title="bbox 1200 534 1203 581; baseline 0 0"><span class='ocrx_word' id='word_1_341' title='bbox 1200 534 1203 581; x_wconf 85' lang='lat' dir='ltr'>l</span> 
     </span>
    </p>
   </div>
   <div class='ocr_carea' id='block_1_8' title="bbox 1208 1576 1214 2388">
    <p class='ocr_par' dir='ltr' id='par_1_9' title="bbox 1208 1576 1214 2388">
     <span class='ocr_line' id='line_1_57' title="bbox 1208 1576 1214 2388; baseline 0 0"><span class='ocrx_word' id='word_1_342' title='bbox 1208 1576 1214 2388; x_wconf 95' lang='lat' dir='ltr'> </span> 
     </span>
    </p>
   </div>
   <div class='ocr_carea' id='block_1_9' title="bbox 2146 143 2221 181">
    <p class='ocr_par' dir='ltr' id='par_1_10' title="bbox 2146 143 2221 181">
     <span class='ocr_line' id='line_1_58' title="bbox 2146 143 2221 181; baseline 0 0"><span class='ocrx_word' id='word_1_343' title='bbox 2146 143 2221 181; x_wconf 71' lang='lat'>34⁸</span> 
     </span>
    </p>
   </div>
   <div class='ocr_carea' id='block_1_10' title="bbox 1227 227 2234 2212">
    <p class='ocr_par' dir='ltr' id='par_1_11' title="bbox 1227 227 2234 2212">
     <span class='ocr_line' id='line_1_59' title="bbox 1227 227 2222 271; baseline 0.001 -8"><span class='ocrx_word' id='word_1_344' title='bbox 1227 229 1331 263; x_wconf 84' lang='lat' dir='ltr'>fidem</span> <span class='ocrx_word' id='word_1_345' title='bbox 1355 240 1393 261; x_wconf 90' lang='lat' dir='ltr'>ac</span> <span class='ocrx_word' id='word_1_346' title='bbox 1419 227 1662 265; x_wconf 85' lang='lat' dir='ltr'>dexteritatem</span> <span class='ocrx_word' id='word_1_347' title='bbox 1685 227 1722 262; x_wconf 91' lang='lat' dir='ltr'>in</span> <span class='ocrx_word' id='word_1_348' title='bbox 1747 229 1926 271; x_wconf 83' lang='lat' dir='ltr'>docendo,</span> <span class='ocrx_word' id='word_1_349' title='bbox 1951 229 2222 268; x_wconf 51' lang='lat' dir='ltr'>laboremiscrig—</span> 
     </span>
     <span class='ocr_line' id='line_1_60' title="bbox 1228 278 2221 323; baseline 0.001 -9"><span class='ocrx_word' id='word_1_350' title='bbox 1228 279 1336 314; x_wconf 88' lang='lat' dir='ltr'>bendi</span> <span class='ocrx_word' id='word_1_351' title='bbox 1358 285 1409 313; x_wconf 89' lang='lat' dir='ltr'>tot</span> <span class='ocrx_word' id='word_1_352' title='bbox 1428 278 1566 323; x_wconf 80' lang='lat' dir='ltr'>egregia</span> <span class='ocrx_word' id='word_1_353' title='bbox 1584 285 1833 320; x_wconf 81' lang='lat' dir='ltr'>monumenta,</span> <span class='ocrx_word' id='word_1_354' title='bbox 1855 285 2001 315; x_wconf 69' lang='lat' dir='ltr'>uiarum</span> <span class='ocrx_word' id='word_1_355' title='bbox 2013 280 2221 323; x_wconf 71' lang='lat' dir='ltr'>gravitatem</span> 
     </span>
     <span class='ocr_line' id='line_1_61' title="bbox 1229 328 2222 378; baseline 0.001 -13"><span class='ocrx_word' id='word_1_356' title='bbox 1229 338 1262 365; x_wconf 88' lang='lat' dir='ltr'>et</span> <span class='ocrx_word' id='word_1_357' title='bbox 1286 328 1562 371; x_wconf 86' lang='lat' dir='ltr'>humanitatem,</span> <span class='ocrx_word' id='word_1_358' title='bbox 1588 337 1767 375; x_wconf 86' lang='lat' dir='ltr'>postremo</span> <span class='ocrx_word' id='word_1_359' title='bbox 1787 331 2073 366; x_wconf 72' lang='lat' dir='ltr'>‘etiaminiurias</span> <span class='ocrx_word' id='word_1_360' title='bbox 2093 344 2182 378; x_wconf 84' lang='lat' dir='ltr'>quas</span> <span class='ocrx_word' id='word_1_361' title='bbox 2197 342 2222 366; x_wconf 69' lang='lat' dir='ltr'>e</span> 
     </span>
     <span class='ocr_line' id='line_1_62' title="bbox 1229 379 2222 428; baseline 0.002 -11"><span class='ocrx_word' id='word_1_362' title='bbox 1229 379 1465 428; x_wconf 86' lang='lat' dir='ltr'>Sycophantis</span> <span class='ocrx_word' id='word_1_363' title='bbox 1484 382 1628 427; x_wconf 86' lang='lat' dir='ltr'>accepit.</span> <span class='ocrx_word' id='word_1_364' title='bbox 1693 381 1810 425; x_wconf 86' lang='lat' dir='ltr'>Quem</span> <span class='ocrx_word' id='word_1_365' title='bbox 1828 383 2080 419; x_wconf 55' lang='lat' dir='ltr'>:nonidetme&#39;t</span> <span class='ocrx_word' id='word_1_366' title='bbox 2101 383 2222 419; x_wconf 72' lang='lat' dir='ltr'>videre</span> 
     </span>
     <span class='ocr_line' id='line_1_63' title="bbox 1229 431 2222 474; baseline 0.003 -7"><span class='ocrx_word' id='word_1_367' title='bbox 1229 440 1263 467; x_wconf 91' lang='lat' dir='ltr'>et</span> <span class='ocrx_word' id='word_1_368' title='bbox 1289 433 1512 467; x_wconf 87' lang='lat' dir='ltr'>considerare</span> <span class='ocrx_word' id='word_1_369' title='bbox 1534 433 1572 466; x_wconf 90' lang='lat' dir='ltr'>in</span> <span class='ocrx_word' id='word_1_370' title='bbox 1599 445 1672 467; x_wconf 92' lang='lat' dir='ltr'>uno</span> <span class='ocrx_word' id='word_1_371' title='bbox 1697 433 1774 467; x_wconf 87' lang='lat' dir='ltr'>viro</span> <span class='ocrx_word' id='word_1_372' title='bbox 1786 439 1803 474; x_wconf 75' lang='lat'>,&#39;</span> <span class='ocrx_word' id='word_1_373' title='bbox 1818 440 1892 468; x_wconf 78' lang='lat' dir='ltr'>tam</span> <span class='ocrx_word' id='word_1_374' title='bbox 1914 431 2222 470; x_wconf 71' lang='lat' dir='ltr'>multasheroioas</span> 
     </span>
     <span class='ocr_line' id='line_1_64' title="bbox 1228 481 2222 528; baseline 0.002 -11"><span class='ocrx_word' id='word_1_375' title='bbox 1228 485 1400 518; x_wconf 78' lang='lat' dir='ltr'>virtutes?</span> <span class='ocrx_word' id='word_1_376' title='bbox 1452 483 1542 518; x_wconf 88' lang='lat' dir='ltr'>Cum</span> <span class='ocrx_word' id='word_1_377' title='bbox 1568 484 1662 518; x_wconf 89' lang='lat' dir='ltr'>enim</span> <span class='ocrx_word' id='word_1_378' title='bbox 1687 483 1724 518; x_wconf 79' lang='lat' dir='ltr'>in</span> <span class='ocrx_word' id='word_1_379' title='bbox 1750 481 1817 517; x_wconf 77' lang='lat' dir='ltr'>hoc</span> <span class='ocrx_word' id='word_1_380' title='bbox 1833 490 1966 528; x_wconf 60' lang='lat' dir='ltr'>geuene</span> <span class='ocrx_word' id='word_1_381' title='bbox 1977 484 2222 527; x_wconf 51' lang='lat' dir='ltr'>pericomma-</span> 
     </span>
     <span class='ocr_line' id='line_1_65' title="bbox 1229 532 2222 580; baseline 0.002 -11"><span class='ocrx_word' id='word_1_382' title='bbox 1229 536 1313 570; x_wconf 82' lang='lat' dir='ltr'>tifex</span> <span class='ocrx_word' id='word_1_383' title='bbox 1345 535 1469 576; x_wconf 85' lang='lat' dir='ltr'>fuerit,</span> <span class='ocrx_word' id='word_1_384' title='bbox 1503 535 1586 568; x_wconf 88' lang='lat' dir='ltr'>satis</span> <span class='ocrx_word' id='word_1_385' title='bbox 1611 541 1756 580; x_wconf 85' lang='lat' dir='ltr'>apparet</span> <span class='ocrx_word' id='word_1_386' title='bbox 1780 536 1953 570; x_wconf 71' lang='lat' dir='ltr'>divinitus</span> <span class='ocrx_word' id='word_1_387' title='bbox 1975 546 2059 570; x_wconf 80' lang='lat' dir='ltr'>eum</span> <span class='ocrx_word' id='word_1_388' title='bbox 2077 532 2222 571; x_wconf 67' lang='lat' dir='ltr'>heroica</span> 
     </span>
     <span class='ocr_line' id='line_1_66' title="bbox 1230 587 2199 632; baseline 0 -11"><span class='ocrx_word' id='word_1_389' title='bbox 1230 594 1356 621; x_wconf 87' lang='lat' dir='ltr'>natura</span> <span class='ocrx_word' id='word_1_390' title='bbox 1375 587 1572 632; x_wconf 88' lang='lat' dir='ltr'>praeditum</span> <span class='ocrx_word' id='word_1_391' title='bbox 1591 587 1708 620; x_wconf 84' lang='lat' dir='ltr'>fuisse.</span> <span class='ocrx_word' id='word_1_392' title='bbox 1795 602 1797 604; x_wconf 62' lang='grc'>’</span> <span class='ocrx_word' id='word_1_393' title='bbox 1820 612 1822 616; x_wconf 68' lang='lat'>,</span> <span class='ocrx_word' id='word_1_394' title='bbox 1880 605 1882 607; x_wconf 97' lang='lat'>·</span> <span class='ocrx_word' id='word_1_395' title='bbox 1899 599 1906 614; x_wconf 89' lang='lat'>··</span> <span class='ocrx_word' id='word_1_396' title='bbox 2033 611 2036 614; x_wconf 65' lang='grc'><em>»</em></span> <span class='ocrx_word' id='word_1_397' title='bbox 2160 608 2176 619; x_wconf 85' lang='lat'>·.</span> <span class='ocrx_word' id='word_1_398' title='bbox 2196 619 2199 621; x_wconf 90' lang='lat'>.</span> 
     </span>
     <span class='ocr_line' id='line_1_67' title="bbox 1332 636 2224 682; baseline 0.001 -11"><span class='ocrx_word' id='word_1_399' title='bbox 1332 637 1512 671; x_wconf 89' lang='lat' dir='ltr'>Hactenus</span> <span class='ocrx_word' id='word_1_400' title='bbox 1534 639 1577 670; x_wconf 92' lang='lat' dir='ltr'>de</span> <span class='ocrx_word' id='word_1_401' title='bbox 1599 637 1669 671; x_wconf 88' lang='lat' dir='ltr'>vita</span> <span class='ocrx_word' id='word_1_402' title='bbox 1693 638 1786 678; x_wconf 83' lang='lat' dir='ltr'>dixi,</span> <span class='ocrx_word' id='word_1_403' title='bbox 1816 638 1937 672; x_wconf 84' lang='lat' dir='ltr'>multo·</span> <span class='ocrx_word' id='word_1_404' title='bbox 1954 636 2097 671; x_wconf 85' lang='lat' dir='ltr'>brevius</span> <span class='ocrx_word' id='word_1_405' title='bbox 2118 643 2224 682; x_wconf 82' lang='lat' dir='ltr'>quam</span> 
     </span>
     <span class='ocr_line' id='line_1_68' title="bbox 1230 685 2226 733; baseline -0.002 -11"><span class='ocrx_word' id='word_1_406' title='bbox 1230 701 1286 722; x_wconf 88' lang='lat' dir='ltr'>res</span> <span class='ocrx_word' id='word_1_407' title='bbox 1316 690 1497 732; x_wconf 84' lang='lat' dir='ltr'>poscebat3</span> <span class='ocrx_word' id='word_1_408' title='bbox 1534 701 1631 722; x_wconf 90' lang='lat' dir='ltr'>nunc</span> <span class='ocrx_word' id='word_1_409' title='bbox 1660 690 1704 722; x_wconf 89' lang='lat' dir='ltr'>de</span> <span class='ocrx_word' id='word_1_410' title='bbox 1736 689 1811 723; x_wconf 87' lang='lat' dir='ltr'>eius</span> <span class='ocrx_word' id='word_1_411' title='bbox 1833 685 2226 733; x_wconf 70' lang='lat' dir='ltr'>Pt1itosophia.dicam‚</span> 
     </span>
     <span class='ocr_line' id='line_1_69' title="bbox 1231 737 2226 784; baseline -0.001 -11"><span class='ocrx_word' id='word_1_412' title='bbox 1231 738 1319 773; x_wconf 87' lang='lat' dir='ltr'>Erat</span> <span class='ocrx_word' id='word_1_413' title='bbox 1342 747 1458 774; x_wconf 85' lang='lat' dir='ltr'>autem</span> <span class='ocrx_word' id='word_1_414' title='bbox 1482 737 1566 773; x_wconf 88' lang='lat' dir='ltr'>haec</span> <span class='ocrx_word' id='word_1_415' title='bbox 1592 752 1670 784; x_wconf 86' lang='lat' dir='ltr'>pars</span> <span class='ocrx_word' id='word_1_416' title='bbox 1695 740 1867 773; x_wconf 90' lang='lat' dir='ltr'>orationis</span> <span class='ocrx_word' id='word_1_417' title='bbox 1881 739 1996 774; x_wconf 88' lang='lat' dir='ltr'>multo</span> <span class='ocrx_word' id='word_1_418' title='bbox 2013 739 2154 782; x_wconf 79' lang='lat' dir='ltr'>longior</span> <span class='ocrx_word' id='word_1_419' title='bbox 2168 738 2226 772; x_wconf 80' lang='lat' dir='ltr'>fu·—</span> 
     </span>
     <span class='ocr_line' id='line_1_70' title="bbox 1233 789 2227 836; baseline -0.002 -12"><span class='ocrx_word' id='word_1_420' title='bbox 1233 798 1331 831; x_wconf 89' lang='lat' dir='ltr'>tura‚</span> <span class='ocrx_word' id='word_1_421' title='bbox 1358 791 1426 824; x_wconf 91' lang='lat' dir='ltr'>nisi</span> <span class='ocrx_word' id='word_1_422' title='bbox 1452 791 1612 834; x_wconf 85' lang='lat' dir='ltr'>angustia</span> <span class='ocrx_word' id='word_1_423' title='bbox 1638 791 1808 836; x_wconf 86' lang='lat' dir='ltr'>temporis</span> <span class='ocrx_word' id='word_1_424' title='bbox 1832 798 1974 825; x_wconf 80' lang='lat' dir='ltr'>vetaret.</span> <span class='ocrx_word' id='word_1_425' title='bbox 2030 789 2227 825; x_wconf 80' lang='lat' dir='ltr'>Conferen-</span> 
     </span>
     <span class='ocr_line' id='line_1_71' title="bbox 1232 840 2228 887; baseline 0 -13"><span class='ocrx_word' id='word_1_426' title='bbox 1232 843 1296 875; x_wconf 86' lang='lat' dir='ltr'>dae</span> <span class='ocrx_word' id='word_1_427' title='bbox 1318 841 1411 874; x_wconf 91' lang='lat' dir='ltr'>enim</span> <span class='ocrx_word' id='word_1_428' title='bbox 1436 848 1535 875; x_wconf 87' lang='lat' dir='ltr'>erant</span> <span class='ocrx_word' id='word_1_429' title='bbox 1551 848 1682 879; x_wconf 79' lang='lat' dir='ltr'>sectae,</span> <span class='ocrx_word' id='word_1_430' title='bbox 1710 844 1880 887; x_wconf 86' lang='lat' dir='ltr'>quaedam</span> <span class='ocrx_word' id='word_1_431' title='bbox 1898 842 2000 875; x_wconf 87' lang='lat' dir='ltr'>etiam</span> <span class='ocrx_word' id='word_1_432' title='bbox 2019 842 2063 874; x_wconf 89' lang='lat' dir='ltr'>de</span> <span class='ocrx_word' id='word_1_433' title='bbox 2079 840 2228 875; x_wconf 88' lang='lat' dir='ltr'>Platone</span> 
     </span>
     <span class='ocr_line' id='line_1_72' title="bbox 1232 890 2228 937; baseline -0.002 -12"><span class='ocrx_word' id='word_1_434' title='bbox 1232 893 1379 925; x_wconf 90' lang='lat' dir='ltr'>dicenda</span> <span class='ocrx_word' id='word_1_435' title='bbox 1416 898 1536 933; x_wconf 86' lang='lat' dir='ltr'>erant,</span> <span class='ocrx_word' id='word_1_436' title='bbox 1586 893 1644 926; x_wconf 88' lang='lat' dir='ltr'>sed</span> <span class='ocrx_word' id='word_1_437' title='bbox 1681 890 1766 927; x_wconf 88' lang='lat' dir='ltr'>haec</span> <span class='ocrx_word' id='word_1_438' title='bbox 1801 893 1954 927; x_wconf 85' lang='lat' dir='ltr'>breviter</span> <span class='ocrx_word' id='word_1_439' title='bbox 1982 892 2228 937; x_wconf 85' lang='lat' dir='ltr'>perstringam.</span> 
     </span>
     <span class='ocr_line' id='line_1_73' title="bbox 1233 942 2228 988; baseline -0.001 -11"><span class='ocrx_word' id='word_1_440' title='bbox 1233 944 1348 977; x_wconf 78' lang='lat' dir='ltr'>Tanta</span> <span class='ocrx_word' id='word_1_441' title='bbox 1365 950 1415 976; x_wconf 86' lang='lat' dir='ltr'>est</span> <span class='ocrx_word' id='word_1_442' title='bbox 1428 943 1633 988; x_wconf 88' lang='lat' dir='ltr'>eloquentia</span> <span class='ocrx_word' id='word_1_443' title='bbox 1645 943 1813 985; x_wconf 83' lang='lat' dir='ltr'>Platonis,</span> <span class='ocrx_word' id='word_1_444' title='bbox 1833 951 1874 978; x_wconf 83' lang='lat' dir='ltr'>ut</span> <span class='ocrx_word' id='word_1_445' title='bbox 1888 942 1983 978; x_wconf 89' lang='lat' dir='ltr'>haud</span> <span class='ocrx_word' id='word_1_446' title='bbox 2000 943 2108 977; x_wconf 88' lang='lat' dir='ltr'>dubie</span> <span class='ocrx_word' id='word_1_447' title='bbox 2122 943 2228 986; x_wconf 80' lang='lat' dir='ltr'>longe</span> 
     </span>
     <span class='ocr_line' id='line_1_74' title="bbox 1233 993 2228 1040; baseline 0.002 -13"><span class='ocrx_word' id='word_1_448' title='bbox 1233 995 1421 1029; x_wconf 87' lang='lat' dir='ltr'>antecellat</span> <span class='ocrx_word' id='word_1_449' title='bbox 1443 995 1610 1028; x_wconf 87' lang='lat' dir='ltr'>omnibus</span> <span class='ocrx_word' id='word_1_450' title='bbox 1632 1007 1783 1040; x_wconf 88' lang='lat' dir='ltr'>quorum</span> <span class='ocrx_word' id='word_1_451' title='bbox 1806 1001 1925 1029; x_wconf 80' lang='lat' dir='ltr'>extant</span> <span class='ocrx_word' id='word_1_452' title='bbox 1943 995 2078 1030; x_wconf 82' lang='lat' dir='ltr'>literae.</span> <span class='ocrx_word' id='word_1_453' title='bbox 2128 993 2228 1029; x_wconf 75' lang='lat' dir='ltr'>Mut-</span> 
     </span>
     <span class='ocr_line' id='line_1_75' title="bbox 1233 1045 2229 1090; baseline 0.001 -11"><span class='ocrx_word' id='word_1_454' title='bbox 1233 1053 1286 1080; x_wconf 91' lang='lat' dir='ltr'>tae</span> <span class='ocrx_word' id='word_1_455' title='bbox 1310 1046 1414 1080; x_wconf 88' lang='lat' dir='ltr'>etiam</span> <span class='ocrx_word' id='word_1_456' title='bbox 1439 1045 1714 1090; x_wconf 86' lang='lat' dir='ltr'>sapientissimae</span> <span class='ocrx_word' id='word_1_457' title='bbox 1736 1046 1966 1089; x_wconf 84' lang='lat' dir='ltr'>cogitationes</span> <span class='ocrx_word' id='word_1_458' title='bbox 1988 1055 2127 1090; x_wconf 80' lang='lat' dir='ltr'>sparsae</span> <span class='ocrx_word' id='word_1_459' title='bbox 2146 1051 2229 1080; x_wconf 77' lang='lat' dir='ltr'>sunt</span> 
     </span>
     <span class='ocr_line' id='line_1_76' title="bbox 1234 1096 2231 1140; baseline -0.001 -10"><span class='ocrx_word' id='word_1_460' title='bbox 1234 1098 1271 1130; x_wconf 92' lang='lat' dir='ltr'>in</span> <span class='ocrx_word' id='word_1_461' title='bbox 1301 1098 1377 1131; x_wconf 92' lang='lat' dir='ltr'>eius</span> <span class='ocrx_word' id='word_1_462' title='bbox 1401 1097 1664 1138; x_wconf 89' lang='lat' dir='ltr'>monumentis,</span> <span class='ocrx_word' id='word_1_463' title='bbox 1703 1098 1761 1130; x_wconf 89' lang='lat' dir='ltr'>sed</span> <span class='ocrx_word' id='word_1_464' title='bbox 1787 1097 1923 1130; x_wconf 89' lang='lat' dir='ltr'>nullam</span> <span class='ocrx_word' id='word_1_465' title='bbox 1948 1103 2058 1131; x_wconf 86' lang='lat' dir='ltr'>artem</span> <span class='ocrx_word' id='word_1_466' title='bbox 2083 1096 2231 1140; x_wconf 80' lang='lat' dir='ltr'>integre,</span> 
     </span>
     <span class='ocr_line' id='line_1_77' title="bbox 1233 1148 2230 1194; baseline 0 -12"><span class='ocrx_word' id='word_1_467' title='bbox 1233 1161 1347 1194; x_wconf 85' lang='lat' dir='ltr'>neque</span> <span class='ocrx_word' id='word_1_468' title='bbox 1368 1148 1495 1182; x_wconf 91' lang='lat' dir='ltr'>ordine</span> <span class='ocrx_word' id='word_1_469' title='bbox 1514 1148 1670 1182; x_wconf 83' lang='lat' dir='ltr'>tradidit.</span> <span class='ocrx_word' id='word_1_470' title='bbox 1724 1148 1863 1182; x_wconf 89' lang='lat' dir='ltr'>Deinde</span> <span class='ocrx_word' id='word_1_471' title='bbox 1880 1148 2032 1182; x_wconf 88' lang='lat' dir='ltr'>maxima</span> <span class='ocrx_word' id='word_1_472' title='bbox 2049 1159 2130 1192; x_wconf 88' lang='lat' dir='ltr'>pars</span> <span class='ocrx_word' id='word_1_473' title='bbox 2144 1158 2230 1191; x_wconf 45' lang='lat' dir='ltr'>ope„</span> 
     </span>
     <span class='ocr_line' id='line_1_78' title="bbox 1234 1199 2228 1245; baseline 0 -13"><span class='ocrx_word' id='word_1_474' title='bbox 1234 1212 1311 1233; x_wconf 91' lang='lat' dir='ltr'>rum</span> <span class='ocrx_word' id='word_1_475' title='bbox 1336 1199 1472 1233; x_wconf 83' lang='lat' dir='ltr'>ironica</span> <span class='ocrx_word' id='word_1_476' title='bbox 1498 1206 1565 1240; x_wconf 89' lang='lat' dir='ltr'>est,</span> <span class='ocrx_word' id='word_1_477' title='bbox 1593 1212 1682 1245; x_wconf 87' lang='lat' dir='ltr'>quae</span> <span class='ocrx_word' id='word_1_478' title='bbox 1708 1199 1816 1242; x_wconf 80' lang='lat' dir='ltr'>figura</span> <span class='ocrx_word' id='word_1_479' title='bbox 1842 1200 1885 1232; x_wconf 87' lang='lat' dir='ltr'>ad</span> <span class='ocrx_word' id='word_1_480' title='bbox 1910 1199 2147 1233; x_wconf 89' lang='lat' dir='ltr'>deridendum</span> <span class='ocrx_word' id='word_1_481' title='bbox 2169 1209 2228 1232; x_wconf 80' lang='lat' dir='ltr'>ac-</span> 
     </span>
     <span class='ocr_line' id='line_1_79' title="bbox 1234 1247 2230 1296; baseline 0.001 -13"><span class='ocrx_word' id='word_1_482' title='bbox 1234 1250 1492 1286; x_wconf 69' lang='lat' dir='ltr'>commodatior</span> <span class='ocrx_word' id='word_1_483' title='bbox 1506 1257 1568 1291; x_wconf 89' lang='lat' dir='ltr'>est,</span> <span class='ocrx_word' id='word_1_484' title='bbox 1594 1263 1699 1296; x_wconf 91' lang='lat' dir='ltr'>quam</span> <span class='ocrx_word' id='word_1_485' title='bbox 1715 1252 1756 1283; x_wconf 84' lang='lat' dir='ltr'>ad</span> <span class='ocrx_word' id='word_1_486' title='bbox 1773 1251 1985 1285; x_wconf 88' lang='lat' dir='ltr'>docendum.</span> <span class='ocrx_word' id='word_1_487' title='bbox 2024 1247 2230 1284; x_wconf 74' lang='lat' dir='ltr'>Athenaeus</span> 
     </span>
     <span class='ocr_line' id='line_1_80' title="bbox 1234 1298 2228 1347; baseline -0.002 -12"><span class='ocrx_word' id='word_1_488' title='bbox 1234 1301 1357 1335; x_wconf 87' lang='lat' dir='ltr'>scribit</span> <span class='ocrx_word' id='word_1_489' title='bbox 1397 1303 1575 1347; x_wconf 88' lang='lat' dir='ltr'>quendam</span> <span class='ocrx_word' id='word_1_490' title='bbox 1604 1301 1763 1335; x_wconf 85' lang='lat' dir='ltr'>Platonis</span> <span class='ocrx_word' id='word_1_491' title='bbox 1802 1302 2000 1335; x_wconf 85' lang='lat' dir='ltr'>auditorem</span> <span class='ocrx_word' id='word_1_492' title='bbox 2027 1298 2228 1336; x_wconf 83' lang='lat' dir='ltr'>Cheronem</span> 
     </span>
     <span class='ocr_line' id='line_1_81' title="bbox 1234 1352 2231 1398; baseline -0.001 -13"><span class='ocrx_word' id='word_1_493' title='bbox 1234 1359 1462 1386; x_wconf 88' lang='lat' dir='ltr'>consecutum</span> <span class='ocrx_word' id='word_1_494' title='bbox 1488 1352 1713 1398; x_wconf 85' lang='lat' dir='ltr'>tyrannidem</span> <span class='ocrx_word' id='word_1_495' title='bbox 1738 1353 1777 1386; x_wconf 90' lang='lat' dir='ltr'>in</span> <span class='ocrx_word' id='word_1_496' title='bbox 1802 1353 1936 1397; x_wconf 74' lang='lat' dir='ltr'>patria,</span> <span class='ocrx_word' id='word_1_497' title='bbox 1963 1352 2140 1386; x_wconf 88' lang='lat' dir='ltr'>imitatum</span> <span class='ocrx_word' id='word_1_498' title='bbox 2158 1362 2231 1385; x_wconf 87' lang='lat' dir='ltr'>esse</span> 
     </span>
     <span class='ocr_line' id='line_1_82' title="bbox 1234 1402 2231 1447; baseline -0.001 -11"><span class='ocrx_word' id='word_1_499' title='bbox 1234 1404 1404 1437; x_wconf 89' lang='lat' dir='ltr'>absurdas</span> <span class='ocrx_word' id='word_1_500' title='bbox 1429 1403 1506 1436; x_wconf 87' lang='lat' dir='ltr'>illas</span> <span class='ocrx_word' id='word_1_501' title='bbox 1530 1403 1786 1447; x_wconf 85' lang='lat' dir='ltr'>disputationes</span> <span class='ocrx_word' id='word_1_502' title='bbox 1811 1404 1854 1437; x_wconf 89' lang='lat' dir='ltr'>de</span> <span class='ocrx_word' id='word_1_503' title='bbox 1877 1402 2061 1438; x_wconf 84' lang='lat' dir='ltr'>communi</span> <span class='ocrx_word' id='word_1_504' title='bbox 2083 1413 2150 1436; x_wconf 88' lang='lat' dir='ltr'>usu</span> <span class='ocrx_word' id='word_1_505' title='bbox 2174 1413 2231 1435; x_wconf 87' lang='lat' dir='ltr'>re-</span> 
     </span>
     <span class='ocr_line' id='line_1_83' title="bbox 1234 1452 2232 1499; baseline -0.001 -12"><span class='ocrx_word' id='word_1_506' title='bbox 1234 1467 1312 1488; x_wconf 90' lang='lat' dir='ltr'>rum</span> <span class='ocrx_word' id='word_1_507' title='bbox 1337 1455 1371 1488; x_wconf 86' lang='lat' dir='ltr'>et</span> <span class='ocrx_word' id='word_1_508' title='bbox 1389 1454 1600 1495; x_wconf 90' lang='lat' dir='ltr'>mulierum;</span> <span class='ocrx_word' id='word_1_509' title='bbox 1628 1455 1749 1489; x_wconf 87' lang='lat' dir='ltr'>tulisse</span> <span class='ocrx_word' id='word_1_510' title='bbox 1767 1455 1862 1488; x_wconf 84' lang='lat' dir='ltr'>enim</span> <span class='ocrx_word' id='word_1_511' title='bbox 1880 1455 1989 1499; x_wconf 84' lang='lat' dir='ltr'>legem</span> <span class='ocrx_word' id='word_1_512' title='bbox 2001 1481 2010 1496; x_wconf 93' lang='lat'>‚</span> <span class='ocrx_word' id='word_1_513' title='bbox 2036 1460 2075 1488; x_wconf 91' lang='lat' dir='ltr'>ut</span> <span class='ocrx_word' id='word_1_514' title='bbox 2093 1452 2232 1487; x_wconf 89' lang='lat' dir='ltr'>domini</span> 
     </span>
     <span class='ocr_line' id='line_1_84' title="bbox 1235 1504 2232 1540; baseline -0.001 -2"><span class='ocrx_word' id='word_1_515' title='bbox 1235 1513 1268 1539; x_wconf 87' lang='lat' dir='ltr'>et</span> <span class='ocrx_word' id='word_1_516' title='bbox 1291 1506 1382 1539; x_wconf 93' lang='lat' dir='ltr'>servi</span> <span class='ocrx_word' id='word_1_517' title='bbox 1405 1506 1640 1540; x_wconf 90' lang='lat' dir='ltr'>communiter</span> <span class='ocrx_word' id='word_1_518' title='bbox 1656 1507 1824 1540; x_wconf 87' lang='lat' dir='ltr'>omnibns</span> <span class='ocrx_word' id='word_1_519' title='bbox 1841 1505 1994 1540; x_wconf 84' lang='lat' dir='ltr'>fortunis</span> <span class='ocrx_word' id='word_1_520' title='bbox 2012 1512 2043 1540; x_wconf 84' lang='lat' dir='ltr'>et</span> <span class='ocrx_word' id='word_1_521' title='bbox 2061 1504 2232 1539; x_wconf 84' lang='lat' dir='ltr'>uxoribus</span> 
     </span>
     <span class='ocr_line' id='line_1_85' title="bbox 1234 1555 2233 1595; baseline -0.002 -5"><span class='ocrx_word' id='word_1_522' title='bbox 1234 1563 1430 1591; x_wconf 89' lang='lat' dir='ltr'>uterentur.</span> <span class='ocrx_word' id='word_1_523' title='bbox 1494 1556 1544 1590; x_wconf 87' lang='lat' dir='ltr'>lta</span> <span class='ocrx_word' id='word_1_524' title='bbox 1568 1557 1658 1591; x_wconf 90' lang='lat' dir='ltr'>male</span> <span class='ocrx_word' id='word_1_525' title='bbox 1680 1557 1878 1591; x_wconf 86' lang='lat' dir='ltr'>intellectae</span> <span class='ocrx_word' id='word_1_526' title='bbox 1902 1556 2062 1590; x_wconf 83' lang='lat' dir='ltr'>Platonis</span> <span class='ocrx_word' id='word_1_527' title='bbox 2083 1555 2233 1595; x_wconf 84' lang='lat' dir='ltr'>ironiae,</span> 
     </span>
     <span class='ocr_line' id='line_1_86' title="bbox 1234 1605 2232 1652; baseline -0.001 -12"><span class='ocrx_word' id='word_1_528' title='bbox 1234 1608 1394 1651; x_wconf 87' lang='lat' dir='ltr'>ineptum</span> <span class='ocrx_word' id='word_1_529' title='bbox 1422 1605 1602 1640; x_wconf 87' lang='lat' dir='ltr'>hominem</span> <span class='ocrx_word' id='word_1_530' title='bbox 1625 1620 1769 1652; x_wconf 87' lang='lat' dir='ltr'>prorsus</span> <span class='ocrx_word' id='word_1_531' title='bbox 1794 1609 2022 1643; x_wconf 84' lang='lat' dir='ltr'>infatuarunt.</span> <span class='ocrx_word' id='word_1_532' title='bbox 2092 1605 2232 1641; x_wconf 83' lang='lat' dir='ltr'>Aristo-</span> 
     </span>
     <span class='ocr_line' id='line_1_87' title="bbox 1235 1658 2232 1699; baseline -0.001 -7"><span class='ocrx_word' id='word_1_533' title='bbox 1235 1659 1319 1692; x_wconf 85' lang='lat' dir='ltr'>teles</span> <span class='ocrx_word' id='word_1_534' title='bbox 1353 1665 1474 1692; x_wconf 90' lang='lat' dir='ltr'>contra</span> <span class='ocrx_word' id='word_1_535' title='bbox 1512 1658 1724 1694; x_wconf 85' lang='lat' dir='ltr'>discentium</span> <span class='ocrx_word' id='word_1_536' title='bbox 1764 1659 1907 1693; x_wconf 85' lang='lat' dir='ltr'>utilitati</span> <span class='ocrx_word' id='word_1_537' title='bbox 1947 1658 2151 1699; x_wconf 85' lang='lat' dir='ltr'>consulere,</span> <span class='ocrx_word' id='word_1_538' title='bbox 2199 1664 2232 1691; x_wconf 86' lang='lat' dir='ltr'>et</span> 
     </span>
     <span class='ocr_line' id='line_1_88' title="bbox 1236 1707 2230 1745; baseline -0.002 -2"><span class='ocrx_word' id='word_1_539' title='bbox 1236 1707 1372 1743; x_wconf 86' lang='lat' dir='ltr'>scholas</span> <span class='ocrx_word' id='word_1_540' title='bbox 1406 1709 1528 1743; x_wconf 72' lang='lat' dir='ltr'>iuvare</span> <span class='ocrx_word' id='word_1_541' title='bbox 1560 1710 1686 1745; x_wconf 74' lang='lat' dir='ltr'>voluit.</span> <span class='ocrx_word' id='word_1_542' title='bbox 1754 1709 1850 1743; x_wconf 84' lang='lat' dir='ltr'>Haec</span> <span class='ocrx_word' id='word_1_543' title='bbox 1874 1710 2038 1743; x_wconf 80' lang='lat' dir='ltr'>voluntas</span> <span class='ocrx_word' id='word_1_544' title='bbox 2063 1709 2166 1743; x_wconf 85' lang='lat' dir='ltr'>etiam</span> <span class='ocrx_word' id='word_1_545' title='bbox 2194 1708 2230 1741; x_wconf 94' lang='lat' dir='ltr'>in</span> 
     </span>
     <span class='ocr_line' id='line_1_89' title="bbox 1237 1757 2232 1804; baseline -0.002 -10"><span class='ocrx_word' id='word_1_546' title='bbox 1237 1757 1454 1804; x_wconf 79' lang='lat' dir='ltr'>Pliilosopho</span> <span class='ocrx_word' id='word_1_547' title='bbox 1489 1772 1649 1803; x_wconf 86' lang='lat' dir='ltr'>magnam</span> <span class='ocrx_word' id='word_1_548' title='bbox 1682 1761 1822 1795; x_wconf 86' lang='lat' dir='ltr'>laudem</span> <span class='ocrx_word' id='word_1_549' title='bbox 1856 1768 2023 1796; x_wconf 85' lang='lat' dir='ltr'>meretur.</span> <span class='ocrx_word' id='word_1_550' title='bbox 2094 1759 2232 1803; x_wconf 77' lang='lat' dir='ltr'>Integre</span> 
     </span>
     <span class='ocr_line' id='line_1_90' title="bbox 1236 1808 2231 1858; baseline -0.002 -14"><span class='ocrx_word' id='word_1_551' title='bbox 1236 1812 1437 1855; x_wconf 82' lang='lat' dir='ltr'>complexus</span> <span class='ocrx_word' id='word_1_552' title='bbox 1453 1818 1502 1845; x_wconf 88' lang='lat' dir='ltr'>est</span> <span class='ocrx_word' id='word_1_553' title='bbox 1518 1819 1608 1845; x_wconf 88' lang='lat' dir='ltr'>artes</span> <span class='ocrx_word' id='word_1_554' title='bbox 1624 1811 1858 1853; x_wconf 62' lang='lat' dir='ltr'>Diale-etiem,</span> <span class='ocrx_word' id='word_1_555' title='bbox 1885 1810 2059 1858; x_wconf 69' lang='lat' dir='ltr'>Physicen</span> <span class='ocrx_word' id='word_1_556' title='bbox 2076 1818 2110 1845; x_wconf 89' lang='lat' dir='ltr'>et</span> <span class='ocrx_word' id='word_1_557' title='bbox 2127 1808 2231 1844; x_wconf 86' lang='lat' dir='ltr'>Ethi-</span> 
     </span>
     <span class='ocr_line' id='line_1_91' title="bbox 1237 1861 2232 1909; baseline 0 -14"><span class='ocrx_word' id='word_1_558' title='bbox 1237 1875 1319 1902; x_wconf 78' lang='lat' dir='ltr'>cen,</span> <span class='ocrx_word' id='word_1_559' title='bbox 1348 1870 1379 1896; x_wconf 88' lang='lat' dir='ltr'>et</span> <span class='ocrx_word' id='word_1_560' title='bbox 1405 1863 1492 1896; x_wconf 88' lang='lat' dir='ltr'>duas</span> <span class='ocrx_word' id='word_1_561' title='bbox 1518 1874 1571 1895; x_wconf 89' lang='lat' dir='ltr'>res</span> <span class='ocrx_word' id='word_1_562' title='bbox 1587 1861 1750 1901; x_wconf 83' lang='lat' dir='ltr'>adhibet,</span> <span class='ocrx_word' id='word_1_563' title='bbox 1780 1875 1868 1909; x_wconf 87' lang='lat' dir='ltr'>quae</span> <span class='ocrx_word' id='word_1_564' title='bbox 1887 1863 2008 1896; x_wconf 91' lang='lat' dir='ltr'>lumen</span> <span class='ocrx_word' id='word_1_565' title='bbox 2025 1862 2176 1896; x_wconf 80' lang='lat' dir='ltr'>afferunt</span> <span class='ocrx_word' id='word_1_566' title='bbox 2195 1862 2232 1895; x_wconf 92' lang='lat' dir='ltr'>in</span> 
     </span>
     <span class='ocr_line' id='line_1_92' title="bbox 1237 1911 2233 1959; baseline 0.003 -13"><span class='ocrx_word' id='word_1_567' title='bbox 1237 1915 1416 1954; x_wconf 84' lang='lat' dir='ltr'>docendo,</span> <span class='ocrx_word' id='word_1_568' title='bbox 1452 1911 1676 1954; x_wconf 78' lang='lat' dir='ltr'>methodum,</span> <span class='ocrx_word' id='word_1_569' title='bbox 1710 1922 1743 1949; x_wconf 89' lang='lat' dir='ltr'>et</span> <span class='ocrx_word' id='word_1_570' title='bbox 1773 1914 2022 1959; x_wconf 87' lang='lat' dir='ltr'>proprietatem</span> <span class='ocrx_word' id='word_1_571' title='bbox 2048 1913 2233 1949; x_wconf 75' lang='lat' dir='ltr'>sermonis.</span> 
     </span>
     <span class='ocr_line' id='line_1_93' title="bbox 1239 1964 2234 2007; baseline -0.002 -8"><span class='ocrx_word' id='word_1_572' title='bbox 1239 1964 1332 1999; x_wconf 66' lang='lat' dir='ltr'>Utile</span> <span class='ocrx_word' id='word_1_573' title='bbox 1356 1972 1405 1998; x_wconf 88' lang='lat' dir='ltr'>est</span> <span class='ocrx_word' id='word_1_574' title='bbox 1429 1965 1536 2007; x_wconf 75' lang='lat' dir='ltr'>igitur</span> <span class='ocrx_word' id='word_1_575' title='bbox 1555 1965 1792 1999; x_wconf 79' lang='lat' dir='ltr'>adolescentes</span> <span class='ocrx_word' id='word_1_576' title='bbox 1810 1967 1852 1999; x_wconf 90' lang='lat' dir='ltr'>ad</span> <span class='ocrx_word' id='word_1_577' title='bbox 1871 1964 2131 2000; x_wconf 82' lang='lat' dir='ltr'>Aristotelicam</span> <span class='ocrx_word' id='word_1_578' title='bbox 2147 1976 2234 1998; x_wconf 88' lang='lat' dir='ltr'>con-</span> 
     </span>
     <span class='ocr_line' id='line_1_94' title="bbox 1237 2015 2232 2051; baseline 0 -3"><span class='ocrx_word' id='word_1_579' title='bbox 1237 2017 1460 2049; x_wconf 87' lang='lat' dir='ltr'>suetudinem</span> <span class='ocrx_word' id='word_1_580' title='bbox 1483 2017 1671 2051; x_wconf 75' lang='lat' dir='ltr'>assuefieri.</span> <span class='ocrx_word' id='word_1_581' title='bbox 1738 2016 1920 2051; x_wconf 85' lang='lat' dir='ltr'>Platoniea</span> <span class='ocrx_word' id='word_1_582' title='bbox 1944 2017 2003 2049; x_wconf 89' lang='lat' dir='ltr'>illa</span> <span class='ocrx_word' id='word_1_583' title='bbox 2030 2015 2170 2049; x_wconf 83' lang='lat' dir='ltr'>licentia</span> <span class='ocrx_word' id='word_1_584' title='bbox 2195 2015 2232 2048; x_wconf 91' lang='lat' dir='ltr'>in</span> 
     </span>
     <span class='ocr_line' id='line_1_95' title="bbox 1237 2066 2233 2112; baseline 0 -13"><span class='ocrx_word' id='word_1_585' title='bbox 1237 2067 1453 2111; x_wconf 81' lang='lat' dir='ltr'>disputando</span> <span class='ocrx_word' id='word_1_586' title='bbox 1485 2069 1575 2112; x_wconf 83' lang='lat' dir='ltr'>parit</span> <span class='ocrx_word' id='word_1_587' title='bbox 1603 2069 1752 2101; x_wconf 87' lang='lat' dir='ltr'>incertas</span> <span class='ocrx_word' id='word_1_588' title='bbox 1773 2075 1806 2102; x_wconf 87' lang='lat' dir='ltr'>et</span> <span class='ocrx_word' id='word_1_589' title='bbox 1830 2067 2012 2111; x_wconf 81' lang='lat' dir='ltr'>ambiguas</span> <span class='ocrx_word' id='word_1_590' title='bbox 2034 2066 2233 2110; x_wconf 75' lang='lat' dir='ltr'>opiniones,</span> 
     </span>
     <span class='ocr_line' id='line_1_96' title="bbox 1238 2115 2233 2163; baseline -0.001 -12"><span class='ocrx_word' id='word_1_591' title='bbox 1238 2131 1310 2151; x_wconf 87' lang='lat' dir='ltr'>non</span> <span class='ocrx_word' id='word_1_592' title='bbox 1344 2130 1442 2151; x_wconf 90' lang='lat' dir='ltr'>secus</span> <span class='ocrx_word' id='word_1_593' title='bbox 1464 2131 1502 2151; x_wconf 89' lang='lat' dir='ltr'>ac</span> <span class='ocrx_word' id='word_1_594' title='bbox 1529 2119 1679 2163; x_wconf 85' lang='lat' dir='ltr'>pictores</span> <span class='ocrx_word' id='word_1_595' title='bbox 1704 2119 1864 2153; x_wconf 89' lang='lat' dir='ltr'>ludentes</span> <span class='ocrx_word' id='word_1_596' title='bbox 1887 2119 2037 2162; x_wconf 78' lang='lat' dir='ltr'>pingunt</span> <span class='ocrx_word' id='word_1_597' title='bbox 2060 2115 2233 2151; x_wconf 81' lang='lat' dir='ltr'>chimeras</span> 
     </span>
     <span class='ocr_line' id='line_1_97' title="bbox 1238 2168 2232 2212; baseline -0.001 -10"><span class='ocrx_word' id='word_1_598' title='bbox 1238 2177 1297 2203; x_wconf 91' lang='lat' dir='ltr'>aut</span> <span class='ocrx_word' id='word_1_599' title='bbox 1328 2177 1526 2203; x_wconf 81' lang='lat' dir='ltr'>centauros.</span> <span class='ocrx_word' id='word_1_600' title='bbox 1599 2170 1782 2212; x_wconf 83' lang='lat' dir='ltr'>Quantum</span> <span class='ocrx_word' id='word_1_601' title='bbox 1815 2177 1931 2203; x_wconf 86' lang='lat' dir='ltr'>autem</span> <span class='ocrx_word' id='word_1_602' title='bbox 1958 2175 1990 2203; x_wconf 89' lang='lat' dir='ltr'>et</span> <span class='ocrx_word' id='word_1_603' title='bbox 2017 2169 2120 2202; x_wconf 85' lang='lat' dir='ltr'>rebus</span> <span class='ocrx_word' id='word_1_604' title='bbox 2148 2168 2232 2212; x_wconf 80' lang='lat' dir='ltr'>ipsis</span> 
     </span>
    </p>
   </div>
   <div class='ocr_carea' id='block_1_11' title="bbox 1211 2219 2233 2263">
    <p class='ocr_par' dir='ltr' id='par_1_12' title="bbox 1211 2219 2233 2263">
     <span class='ocr_line' id='line_1_98' title="bbox 1211 2219 2233 2263; baseline -0.003 -9"><span class='ocrx_word' id='word_1_605' title='bbox 1211 2251 1213 2254; x_wconf 87' lang='lat'>.</span> <span class='ocrx_word' id='word_1_606' title='bbox 1240 2220 1447 2254; x_wconf 80' lang='lat' dir='ltr'>Aristoteles</span> <span class='ocrx_word' id='word_1_607' title='bbox 1472 2221 1588 2254; x_wconf 70' lang='lat' dir='ltr'>vincat</span> <span class='ocrx_word' id='word_1_608' title='bbox 1613 2221 1698 2254; x_wconf 83' lang='lat' dir='ltr'>alias</span> <span class='ocrx_word' id='word_1_609' title='bbox 1721 2228 1845 2259; x_wconf 71' lang='lat' dir='ltr'>sectas,</span> <span class='ocrx_word' id='word_1_610' title='bbox 1871 2233 1910 2253; x_wconf 82' lang='lat' dir='ltr'>ex</span> <span class='ocrx_word' id='word_1_611' title='bbox 1936 2233 1976 2254; x_wconf 79' lang='lat' dir='ltr'>eo</span> <span class='ocrx_word' id='word_1_612' title='bbox 2000 2219 2148 2263; x_wconf 85' lang='lat' dir='ltr'>intelligi</span> <span class='ocrx_word' id='word_1_613' title='bbox 2170 2231 2233 2263; x_wconf 87' lang='lat' dir='ltr'>po-</span> 
     </span>
    </p>
   </div>
   <div class='ocr_carea' id='block_1_12' title="bbox 1240 2270 2235 2367">
    <p class='ocr_par' dir='ltr' id='par_1_13' title="bbox 1240 2270 2235 2367">
     <span class='ocr_line' id='line_1_99' title="bbox 1240 2270 2235 2317; baseline -0.002 -12"><span class='ocrx_word' id='word_1_614' title='bbox 1240 2279 1314 2310; x_wconf 73' lang='lat' dir='ltr'>test,</span> <span class='ocrx_word' id='word_1_615' title='bbox 1342 2270 1634 2317; x_wconf 76' lang='lat' dir='ltr'>quodDialectica</span> <span class='ocrx_word' id='word_1_616' title='bbox 1653 2272 1749 2305; x_wconf 88' lang='lat' dir='ltr'>nulla</span> <span class='ocrx_word' id='word_1_617' title='bbox 1766 2273 1831 2305; x_wconf 82' lang='lat' dir='ltr'>alia</span> <span class='ocrx_word' id='word_1_618' title='bbox 1849 2272 1954 2314; x_wconf 80' lang='lat' dir='ltr'>digna</span> <span class='ocrx_word' id='word_1_619' title='bbox 1970 2272 2043 2305; x_wconf 78' lang='lat' dir='ltr'>visa</span> <span class='ocrx_word' id='word_1_620' title='bbox 2059 2277 2121 2311; x_wconf 81' lang='lat' dir='ltr'>est,</span> <span class='ocrx_word' id='word_1_621' title='bbox 2145 2281 2235 2315; x_wconf 83' lang='lat' dir='ltr'>quae</span> 
     </span>
     <span class='ocr_line' id='line_1_100' title="bbox 1241 2322 2232 2367; baseline 0.001 -14"><span class='ocrx_word' id='word_1_622' title='bbox 1241 2324 1439 2367; x_wconf 68' lang='lat' dir='ltr'>perveniret</span> <span class='ocrx_word' id='word_1_623' title='bbox 1470 2324 1511 2355; x_wconf 88' lang='lat' dir='ltr'>ad</span> <span class='ocrx_word' id='word_1_624' title='bbox 1545 2330 1718 2367; x_wconf 84' lang='lat' dir='ltr'>posteros,</span> <span class='ocrx_word' id='word_1_625' title='bbox 1758 2324 1825 2356; x_wconf 87' lang='lat' dir='ltr'>nisi</span> <span class='ocrx_word' id='word_1_626' title='bbox 1860 2322 2102 2363; x_wconf 78' lang='lat' dir='ltr'>Aristotelica,</span> <span class='ocrx_word' id='word_1_627' title='bbox 2137 2322 2232 2367; x_wconf 89' lang='lat' dir='ltr'>quod</span> 
     </span>
    </p>
   </div>
   <div class='ocr_carea' id='block_1_13' title="bbox 580 2373 2235 2473">
    <p class='ocr_par' dir='ltr' id='par_1_14' title="bbox 580 2373 2235 2473">
     <span class='ocr_line' id='line_1_101' title="bbox 1212 2373 2235 2420; baseline 0 -14"><span class='ocrx_word' id='word_1_628' title='bbox 1212 2411 1213 2419; x_wconf 13' lang='grc' dir='ltr'>ἵ</span> <span class='ocrx_word' id='word_1_629' title='bbox 1241 2373 1412 2420; x_wconf 61' lang='lat' dir='ltr'>l&#39;hysicen</span> <span class='ocrx_word' id='word_1_630' title='bbox 1440 2387 1478 2407; x_wconf 79' lang='lat' dir='ltr'>ex</span> <span class='ocrx_word' id='word_1_631' title='bbox 1497 2375 1716 2417; x_wconf 74' lang='lat' dir='ltr'>geometricis</span> <span class='ocrx_word' id='word_1_632' title='bbox 1741 2374 1852 2409; x_wconf 86' lang='lat' dir='ltr'>initiis</span> <span class='ocrx_word' id='word_1_633' title='bbox 1875 2373 2146 2418; x_wconf 83' lang='lat' dir='ltr'>prudentissime</span> <span class='ocrx_word' id='word_1_634' title='bbox 2166 2373 2235 2406; x_wconf 90' lang='lat' dir='ltr'>du-</span> 
     </span>
     <span class='ocr_line' id='line_1_102' title="bbox 580 2427 1213 2473; baseline -0.005 -11"><span class='ocrx_word' id='word_1_635' title='bbox 580 2429 682 2463; x_wconf 61' lang='lat' dir='ltr'>Nuuc</span> <span class='ocrx_word' id='word_1_636' title='bbox 705 2441 808 2473; x_wconf 76' lang='lat' dir='ltr'>quam</span> <span class='ocrx_word' id='word_1_637' title='bbox 838 2428 881 2461; x_wconf 85' lang='lat' dir='ltr'>sit</span> <span class='ocrx_word' id='word_1_638' title='bbox 909 2427 1044 2470; x_wconf 75' lang='lat' dir='ltr'>egregia</span> <span class='ocrx_word' id='word_1_639' title='bbox 1072 2428 1185 2469; x_wconf 80' lang='lat' dir='ltr'>imago</span> <span class='ocrx_word' id='word_1_640' title='bbox 1212 2435 1213 2439; x_wconf 77' lang='grc'>’</span> 
     </span>
    </p>
   </div>
   <div class='ocr_carea' id='block_1_14' title="bbox 1240 2425 2235 2471">
    <p class='ocr_par' dir='ltr' id='par_1_15' title="bbox 1240 2425 2235 2471">
     <span class='ocr_line' id='line_1_103' title="bbox 1240 2425 2235 2471; baseline -0.001 -13"><span class='ocrx_word' id='word_1_641' title='bbox 1240 2426 1294 2458; x_wconf 87' lang='lat' dir='ltr'>cit.</span> <span class='ocrx_word' id='word_1_642' title='bbox 1350 2427 1466 2467; x_wconf 71' lang='lat' dir='ltr'>Quam</span> <span class='ocrx_word' id='word_1_643' title='bbox 1493 2434 1679 2458; x_wconf 74' lang='lat' dir='ltr'>venustum</span> <span class='ocrx_word' id='word_1_644' title='bbox 1703 2433 1774 2464; x_wconf 73' lang='lat' dir='ltr'>est,</span> <span class='ocrx_word' id='word_1_645' title='bbox 1801 2427 1896 2471; x_wconf 89' lang='lat' dir='ltr'>quod</span> <span class='ocrx_word' id='word_1_646' title='bbox 1915 2437 2008 2459; x_wconf 85' lang='lat' dir='ltr'>unus</span> <span class='ocrx_word' id='word_1_647' title='bbox 2026 2425 2113 2458; x_wconf 78' lang='lat' dir='ltr'>vidit</span> <span class='ocrx_word' id='word_1_648' title='bbox 2129 2430 2235 2458; x_wconf 81' lang='lat' dir='ltr'>natu-</span> 
     </span>
    </p>
   </div>
   <div class='ocr_carea' id='block_1_15' title="bbox 1241 2474 2234 2517">
    <p class='ocr_par' dir='ltr' id='par_1_16' title="bbox 1241 2474 2234 2517">
     <span class='ocr_line' id='line_1_104' title="bbox 1241 2474 2234 2517; baseline -0.003 -8"><span class='ocrx_word' id='word_1_649' title='bbox 1241 2489 1313 2509; x_wconf 87' lang='lat' dir='ltr'>ram</span> <span class='ocrx_word' id='word_1_650' title='bbox 1332 2477 1490 2516; x_wconf 76' lang='lat' dir='ltr'>virtutis;</span> <span class='ocrx_word' id='word_1_651' title='bbox 1520 2488 1592 2509; x_wconf 80' lang='lat' dir='ltr'>esse</span> <span class='ocrx_word' id='word_1_652' title='bbox 1607 2475 1794 2511; x_wconf 67' lang='lat' dir='ltr'>all&#39;ecluum</span> <span class='ocrx_word' id='word_1_653' title='bbox 1813 2474 2118 2511; x_wconf 81' lang='lat' dir='ltr'>mediocritatem?</span> <span class='ocrx_word' id='word_1_654' title='bbox 2151 2474 2234 2517; x_wconf 84' lang='lat' dir='ltr'>Quo</span> 
     </span>
    </p>
   </div>
   <div class='ocr_carea' id='block_1_16' title="bbox 1240 2525 2235 2773">
    <p class='ocr_par' dir='ltr' id='par_1_17' title="bbox 1240 2525 2235 2773">
     <span class='ocr_line' id='line_1_105' title="bbox 1240 2525 2235 2571; baseline -0.002 -11"><span class='ocrx_word' id='word_1_655' title='bbox 1240 2528 1388 2561; x_wconf 79' lang='lat' dir='ltr'>consilio</span> <span class='ocrx_word' id='word_1_656' title='bbox 1419 2527 1622 2570; x_wconf 72' lang='lat' dir='ltr'>gravissime</span> <span class='ocrx_word' id='word_1_657' title='bbox 1647 2529 1817 2571; x_wconf 74' lang='lat' dir='ltr'>significat</span> <span class='ocrx_word' id='word_1_658' title='bbox 1843 2529 1979 2561; x_wconf 82' lang='lat' dir='ltr'>animos</span> <span class='ocrx_word' id='word_1_659' title='bbox 2001 2525 2235 2561; x_wconf 78' lang='lat' dir='ltr'>assuefacien-</span> 
     </span>
     <span class='ocr_line' id='line_1_106' title="bbox 1241 2577 2234 2613; baseline -0.003 -1"><span class='ocrx_word' id='word_1_660' title='bbox 1241 2582 1304 2612; x_wconf 86' lang='lat' dir='ltr'>dos</span> <span class='ocrx_word' id='word_1_661' title='bbox 1328 2592 1400 2612; x_wconf 81' lang='lat' dir='ltr'>esse</span> <span class='ocrx_word' id='word_1_662' title='bbox 1425 2579 1459 2612; x_wconf 88' lang='lat' dir='ltr'>iu</span> <span class='ocrx_word' id='word_1_663' title='bbox 1478 2580 1576 2612; x_wconf 88' lang='lat' dir='ltr'>omni</span> <span class='ocrx_word' id='word_1_664' title='bbox 1598 2580 1667 2613; x_wconf 72' lang='lat' dir='ltr'>rita</span> <span class='ocrx_word' id='word_1_665' title='bbox 1685 2581 1727 2613; x_wconf 91' lang='lat' dir='ltr'>ad</span> <span class='ocrx_word' id='word_1_666' title='bbox 1746 2579 2036 2613; x_wconf 84' lang='lat' dir='ltr'>mediocritatem.</span> <span class='ocrx_word' id='word_1_667' title='bbox 2089 2577 2158 2611; x_wconf 86' lang='lat' dir='ltr'>Sed</span> <span class='ocrx_word' id='word_1_668' title='bbox 2179 2588 2234 2610; x_wconf 87' lang='lat' dir='ltr'>re-</span> 
     </span>
     <span class='ocr_line' id='line_1_107' title="bbox 1241 2628 2234 2675; baseline -0.002 -13"><span class='ocrx_word' id='word_1_669' title='bbox 1241 2628 1474 2675; x_wconf 82' lang='lat' dir='ltr'>prehenditur</span> <span class='ocrx_word' id='word_1_670' title='bbox 1498 2630 1533 2663; x_wconf 88' lang='lat' dir='ltr'>in</span> <span class='ocrx_word' id='word_1_671' title='bbox 1562 2630 1751 2664; x_wconf 75' lang='lat' dir='ltr'>Aristotele</span> <span class='ocrx_word' id='word_1_672' title='bbox 1774 2630 1990 2668; x_wconf 78' lang='lat' dir='ltr'>obscuritas,</span> <span class='ocrx_word' id='word_1_673' title='bbox 2025 2641 2131 2674; x_wconf 84' lang='lat' dir='ltr'>quam</span> <span class='ocrx_word' id='word_1_674' title='bbox 2153 2628 2234 2673; x_wconf 87' lang='lat' dir='ltr'>qui-</span> 
     </span>
     <span class='ocr_line' id='line_1_108' title="bbox 1240 2681 2234 2727; baseline -0.002 -14"><span class='ocrx_word' id='word_1_675' title='bbox 1240 2684 1319 2714; x_wconf 75' lang='lat' dir='ltr'>dem</span> <span class='ocrx_word' id='word_1_676' title='bbox 1338 2682 1410 2726; x_wconf 81' lang='lat' dir='ltr'>ipse</span> <span class='ocrx_word' id='word_1_677' title='bbox 1427 2682 1604 2715; x_wconf 71' lang='lat' dir='ltr'>affectasse</span> <span class='ocrx_word' id='word_1_678' title='bbox 1620 2682 1760 2719; x_wconf 78' lang='lat' dir='ltr'>dicitur,</span> <span class='ocrx_word' id='word_1_679' title='bbox 1782 2681 1863 2727; x_wconf 86' lang='lat' dir='ltr'>quia</span> <span class='ocrx_word' id='word_1_680' title='bbox 1880 2681 2007 2715; x_wconf 77' lang='lat' dir='ltr'>dixerit</span> <span class='ocrx_word' id='word_1_681' title='bbox 2027 2681 2138 2714; x_wconf 78' lang='lat' dir='ltr'>libros</span> <span class='ocrx_word' id='word_1_682' title='bbox 2152 2689 2234 2712; x_wconf 77' lang='lat' dir='ltr'>suos</span> 
     </span>
     <span class='ocr_line' id='line_1_109' title="bbox 1241 2731 2234 2773; baseline -0.003 -8"><span class='ocrx_word' id='word_1_683' title='bbox 1241 2734 1351 2767; x_wconf 79' lang='lat' dir='ltr'>editos</span> <span class='ocrx_word' id='word_1_684' title='bbox 1380 2745 1472 2772; x_wconf 73' lang='lat' dir='ltr'>esse,</span> <span class='ocrx_word' id='word_1_685' title='bbox 1507 2742 1538 2767; x_wconf 85' lang='lat' dir='ltr'>et</span> <span class='ocrx_word' id='word_1_686' title='bbox 1569 2746 1641 2767; x_wconf 90' lang='lat' dir='ltr'>non</span> <span class='ocrx_word' id='word_1_687' title='bbox 1674 2732 1796 2767; x_wconf 83' lang='lat' dir='ltr'>editos.</span> <span class='ocrx_word' id='word_1_688' title='bbox 1861 2731 1943 2767; x_wconf 79' lang='lat' dir='ltr'>Meo</span> <span class='ocrx_word' id='word_1_689' title='bbox 1976 2731 2108 2766; x_wconf 85' lang='lat' dir='ltr'>iudicio</span> <span class='ocrx_word' id='word_1_690' title='bbox 2131 2731 2234 2773; x_wconf 73' lang='lat' dir='ltr'>longe</span> 
     </span>
    </p>
   </div>
   <div class='ocr_carea' id='block_1_17' title="bbox 2301 190 2338 1983">
    <p class='ocr_par' dir='ltr' id='par_1_18' title="bbox 2301 190 2338 1983">
     <span class='ocr_line' id='line_1_110' title="bbox 2301 190 2338 1983; baseline 0 0"><span class='ocrx_word' id='word_1_691' title='bbox 2301 190 2338 1983; x_wconf 95' lang='lat' dir='ltr'> </span> 
     </span>
    </p>
   </div>
  </div>
 </body>
</html>
