2338 2958
183 116 232 153 75

183 201 351 235 sessiones
377 198 592 242 adsignavit,
623 197 651 230 si
678 197 773 231 aliud
802 197 1001 239 videbitur,
1026 198 1081 232 ius
1106 198 1172 232 erit

183 253 335 296 eripere,
363 252 456 295 quod
480 250 611 282 dictum
631 255 698 287 est,
725 248 896 283 indictum
921 249 1047 287 suerit,
1076 249 1172 294 quod

182 305 288 336 modo
316 309 389 334 erat
413 307 545 339 ratum,
576 299 714 332 irritum
739 299 855 334 suerit.
909 299 1094 344 Quidquid
1111 301 1174 332 de-

184 353 349 393 creverit,
375 352 412 383 iu
433 357 535 383 vento
552 356 584 382 et
602 349 724 393 rapida
746 350 897 383 scribere
915 357 1052 394 oportet
1069 362 1173 394 aqua,

184 415 294 449 usque
325 403 409 435 adeo
441 412 514 433 non
545 401 719 434 constabit
745 401 832 441 sibi,
860 407 894 434 et
918 402 994 434 iure
1021 401 1171 434 subinde

183 461 316 488 mutato
340 453 376 484 in
402 451 506 484 aliam
526 462 561 483 se
587 450 736 484 formam
758 448 919 495 πρότεως
936 463 1032 484 more
1052 458 1172 486 vertet.

185 505 265 538 Non
285 505 425 542 domus,
453 513 525 534 non
546 501 666 542 liberi,
694 514 765 535 nou
786 502 956 542 coniunx,
984 502 1111 547 quibus
1129 513 1174 535 ne

186 562 302 588 nostra
318 553 460 597 quidem
479 552 549 585 vita
566 553 670 585 nobis
689 553 802 585 carior
817 560 885 592 est,
913 553 949 585 in
967 559 1041 586 tuto
1058 560 1174 586 erunt.

184 606 256 640 Res
285 605 398 636 bonae
422 614 563 643 omnes,
591 604 719 647 pietas,
754 600 973 643 humanitas,
1000 603 1172 643 doctrina,

184 663 342 699 artesque
357 654 559 694 universae,
583 666 671 698 quae
693 654 808 687 ocium
837 666 1026 699 pacemque
1045 659 1174 695 amant,

183 706 384 739 exulabunt.
424 707 470 737 At
487 716 564 738 cum
584 702 637 736 bis
653 704 747 737 vitiis
764 705 854 747 leges
868 705 1085 745 medeantur,
1110 716 1173 737 nec

184 756 357 790 libertatis
384 755 476 788 ullus
502 761 678 798 praeterea
705 755 841 788 fidelior
861 755 905 789 sit
927 763 1061 796 custos,
1087 755 1172 800 quid

185 815 278 841 vetat
308 807 423 849 legum
455 805 623 838 beneficio
654 805 730 838 uti?
773 805 874 848 Quae
906 805 1174 849 Magistratibus

184 858 401 891 fiduciariam
427 863 563 889 tantum
587 856 699 889 nostri
723 863 926 900 potestatem
952 856 1102 896 faciunt,
1135 862 1175 890 ut

184 910 240 943 ius
262 914 441 947 nostrum,
468 907 603 951 quoties
627 907 866 950 periclitamur
885 915 1040 951 repetere
1063 907 1175 942 liceat.

184 959 392 994 Aristoteles
409 957 445 989 in
467 969 505 990 ea
523 958 662 991 demum
684 956 823 1001 Repub.
842 970 929 1003 quae
946 958 1075 1002 scripto
1099 958 1175 992 iure

184 1010 337 1053 regitur,
361 1007 452 1041 Deos
470 1009 641 1052 imperare
657 1009 835 1049 adfirmat,
862 1010 957 1053 quod
977 1009 1173 1042 libertatem

185 1062 276 1104 leges
301 1066 485 1100 tueantur,
514 1070 582 1104 qua
608 1057 701 1093 baud
718 1060 789 1093 scio
816 1072 860 1092 an
888 1057 972 1093 haec
990 1059 1060 1093 vita
1083 1057 1175 1092 nibil

188 1112 326 1145 dulcius
343 1107 476 1145 babeat.
531 1109 626 1152 Quid
645 1110 738 1142 enim
756 1111 934 1151 foelicius,
960 1122 1066 1155 quam
1082 1111 1177 1144 iniu-

185 1164 257 1196 riae
276 1168 368 1194 metu
385 1173 516 1202 vacare,
538 1161 771 1206 societateque
787 1159 973 1195 hominurn
991 1169 1065 1195 tuto
1083 1161 1177 1194 frui?

186 1213 342 1246 Proinde
371 1212 429 1244 ille
464 1224 508 1245 ne
543 1212 636 1244 bono
665 1213 807 1257 quidem
839 1212 915 1245 viro
938 1212 1014 1245 sine
1043 1212 1178 1255 legibus

185 1263 361 1306 Ptcmpub.
381 1262 539 1295 mandari
557 1263 703 1305 patitur:
739 1263 808 1296 Sed
827 1263 931 1296 recita
957 1264 1075 1297 verba.

294 1314 424 1346 Verum
440 1314 531 1346 dicet
548 1314 675 1358 aliquis
693 1313 844 1356 maligne
860 1326 914 1346 me
932 1315 974 1347 de
989 1311 1176 1346 hominum

187 1365 337 1407 ingeniis
370 1364 519 1403 sentire,
557 1376 636 1397 cum
671 1365 805 1398 nullius
839 1365 926 1397 adeo
962 1365 1178 1408 exploratam

187 1417 309 1455 fidem,
344 1427 381 1447 ac
411 1415 576 1447 virtutem
605 1425 677 1447 esse
709 1415 818 1454 duco,
852 1414 910 1448 cui
944 1421 1018 1448 tuto
1055 1413 1178 1447 civitas

188 1467 357 1500 committi
385 1465 502 1508 possit.
555 1463 630 1507 Ego
651 1477 732 1497 vero
750 1465 902 1509 optarim
920 1465 1048 1508 passim
1065 1465 1178 1508 impc-

187 1529 265 1551 rare
284 1516 466 1556 Nestoras,
493 1527 613 1548 verum
633 1515 791 1548 videmus
807 1522 936 1560 quanta
962 1516 1006 1548 sit
1025 1515 1179 1559 optimo-

190 1581 266 1601 rum
285 1566 489 1610 Principum
509 1566 674 1610 paucitas.
722 1565 793 1599 Nec
809 1567 997 1599 obscurum
1014 1573 1064 1599 est
1082 1572 1179 1598 vetus

190 1619 278 1652 illud
297 1618 443 1650 dictum:
471 1616 645 1650 Omnium
667 1617 842 1650 bonorum
860 1616 1066 1659 Principum
1092 1616 1180 1648 ima-

191 1670 288 1713 gines
312 1669 347 1701 iu
371 1680 442 1701 uuo
465 1668 597 1701 annulo
621 1668 731 1711 sculpi
763 1679 875 1711 posse.
936 1667 1056 1710 Quare
1081 1666 1180 1699 facile

191 1720 323 1765 patior,
351 1719 386 1751 in
411 1719 665 1759 mediocribus,
694 1726 732 1752 ut
755 1725 836 1751 sunt
861 1718 950 1757 fere,
983 1724 1078 1752 certo
1105 1717 1180 1750 iure

192 1772 262 1803 vim
290 1771 380 1811 regi,
414 1777 447 1803 et
470 1770 575 1802 officii
601 1769 673 1809 sui,
707 1769 734 1801 si
753 1769 813 1813 qui
837 1776 919 1803 sunt
939 1769 1181 1813 imprudentes

191 1822 437 1862 Magistratus,
463 1820 657 1854 admoneri.
709 1819 804 1853 llaec
823 1832 898 1853 mea
915 1827 965 1853 est
983 1820 1090 1853 ratio:
1119 1831 1181 1851 nec

192 1873 406 1905 s‹›‹›tici0ren1
431 1869 519 1903 mibi
538 1870 712 1915 Rempub.
735 1871 892 1911 somnio,
919 1883 1022 1916 quam
1041 1870 1180 1915 qualem

193 1924 337 1957 existi-re
356 1935 408 1955 res
425 1920 598 1955 humanae
617 1922 750 1957 sinunt.
798 1922 908 1965 Finge
927 1929 1041 1955 autem
1063 1932 1180 1954 rerum

194 1987 364 2008 summam
391 1974 432 2006 ad
451 1973 586 2005 Stoicos
610 1973 759 2005 delatam
776 1985 867 2011 esse,
895 1973 954 2017 qui
978 1984 1040 2005 nec
1059 1972 1182 2015 gratia,

197 2039 258 2058 ιιι-ιτ
276 2025 357 2056 odio
377 2024 604 2063 adticiantur,
628 2024 689 2068 qui
716 2024 789 2056 salli
817 2031 1008 2068 nequeant,
1037 2023 1120 2067 quid
1141 2022 1183 2054 iis

195 2077 316 2113 facies,
343 2076 421 2119 qui,
450 2082 485 2108 ut
505 2082 554 2108 est
573 2075 664 2115 vulgi
693 2075 916 2118 improbitas,
943 2075 1078 2107 malunt
1099 2073 1184 2115 legi-

196 2127 281 2164 bus,
304 2139 406 2170 qttain
426 2126 477 2157 w}
497 2126 722 2158 sanctissimis
741 2126 1004 2166 Magistratibus
1022 2124 1185 2157 emtore?

196 2175 255 2210 Est
275 2178 366 2208 cuitu
386 2178 605 2220 quorundam
624 2184 718 2209 tauta
735 2177 864 2215 rabies,
890 2183 1058 2220 tantaque
1077 2175 1183 2219 pcrti-

197 2228 314 2266 naria,
343 2234 377 2259 ut
403 2228 573 2271 aequitate
600 2229 734 2272 lidi-que
756 2227 911 2260 iudicum
935 2227 1093 2259 satisfieri
1117 2226 1183 2258 sibi

198 2292 267 2310 non
297 2279 491 2321 patiantur,
526 2280 582 2309 sed
609 2291 686 2311 cuni
706 2292 842 2311 summo
862 2279 935 2311 iure
959 2278 1185 2315 contendant,

198 2337 417 2372 extremaque·
453 2330 570 2361 ‹uiuiia
605 2329 846 2372 experiantur,
881 2342 980 2372 sar-pt·
1017 2328 1185 2361 inst-usius

199 2393 276 2411 cuin
304 2381 495 2416 indiritms,
521 2392 624 2423 quaun
649 2393 726 2412 cuin
751 2380 950 2412 adversario
974 2386 1184 2412 convertent.

199 2430 264 2463 llis
297 2444 376 2462 wro
406 2430 674 2469 Magistratuum
705 2431 892 2464 auctoritas
919 2430 1185 2474 periclitabitur,

199 2482 264 2513 nisi
287 2482 422 2524 publi-<c-
449 2489 602 2524 receptae
628 2482 934 2521 ugos‹1‹·s‹-u‹t.›·n=.
991 2480 1088 2514 Adeo
1113 2493 1183 2513 nou

201 2534 304 2564 inodo
331 2535 492 2564 ..dm-rsus
519 2533 760 2576 tinniuidvtu,
795 2533 829 2564 in
857 2533 989 2574 legibus
1014 2533 1182 2565 innocen-

199 2583 265 2615 ti.n·
286 2584 495 2625 ‚nau-Auito..
516 2592 560 2614 vst
575 2610 583 2621 ,
611 2585 666 2615 wa
687 2591 716 2615 rt
740 2583 1000 2625 Magistratibus
1018 2584 1184 2615 adversus

199 2635 292 2673 xulgi
316 2635 626 2676 irnpoitunitatvun,
670 2633 734 2666 llic
754 2642 918 2678 tanqu-‘uu
938 2633 1088 2667 :du-nous
1105 2634 1182 2679 qni-

197 2687 275 2716 dam
296 2699 414 2716 rouro>
435 2693 492 2721 cst,
519 2687 670 2728 deniqui*
689 2698 874 2718 rmntnuuo·
895 2687 1072 2718 xinrulutu
1092 2685 1183 2717 inter

922 109 1085 149 DECL.
1118 109 1194 148 DE
1225 108 1493 150 LEGIBUS.

1201 1379 1205 1482 ¹,

2168 113 2218 150 ⁷6

1224 209 1260 232 se
1277 197 1483 242 Principum
1499 209 1536 231 ac
1551 197 1791 233 multitudinis
1807 207 1868 241 est,
1895 199 1949 235 ius
1966 200 2146 245 scriptum,
2170 201 2212 234 ad

1224 261 1344 293 pacem
1363 249 1531 282 tuendam
1552 257 1803 293 comparatum.
1855 250 1928 284 lam
1945 257 1979 284 et
1997 251 2149 296 improbi
2164 252 2216 285 ci-

1224 311 1283 333 ves
1306 300 1443 333 facilius
1469 298 1504 331 in
1530 299 1689 333 fortunas
1714 301 1864 335 aliorum
1885 302 2054 345 impetum
2072 303 2216 343 facient,

1225 362 1303 383 cum
1331 350 1386 384 vel
1417 349 1536 383 nullae
1565 361 1696 394 poenae
1722 359 1834 385 certae
1860 353 2125 394 absim-eboni,
2158 353 2216 386 vel

1225 401 1279 433 ius
1299 401 1365 434 erit
1389 400 1573 435 incertum.
1626 399 1777 440 Contra,
1803 409 1841 436 ut
1861 403 1884 435 ii
1901 403 1961 447 qui
1984 402 2050 437 iter
2070 403 2217 444 faciunt,

1225 463 1303 484 cum
1323 452 1415 484 viam
1436 451 1593 484 indicant
1608 451 1838 486 Mercuriales
1853 460 2006 497 statuae,
2034 451 2125 486 nihil
2142 465 2216 487 me-

1225 509 1348 543 tuunt,
1375 501 1501 535 necubi
1519 509 1654 541 errent,
1682 502 1728 536 ita
1754 503 1840 536 boni
1864 504 1956 537 cives
1977 516 2057 537 cum
2081 511 2214 537 certum

1226 553 1281 586 ius
1309 552 1528 597 propositum
1561 560 1629 593 cst,
1662 553 1775 586 securi
1798 555 1948 597 degunt,
1982 566 2060 587 cum
2088 555 2216 588 docent

1227 603 1335 646 leges,
1363 603 1496 648 etquid
1515 615 1578 647 pro
1601 615 1636 636 se
1652 604 1801 649 quisque
1824 611 1998 648 praestare
2013 605 2155 645 debeat,
2182 611 2217 639 et

1226 654 1312 699 quid
1336 654 1504 698 cuiusque
1528 653 1574 687 sit
1598 654 1804 698 proprium,
1829 662 1862 689 et
1885 655 2055 698 improbis
2080 662 2215 689 certum

1226 705 1369 738 exitium
1388 704 1579 738 minantur.
1633 703 1722 738 Cum
1745 712 1860 739 autem
1879 705 2023 739 libertas
2038 703 2130 738 nibil
2148 705 2217 738 nisi

1226 755 1332 797 inane
1348 755 1560 788 vocabulum
1577 755 1639 796 sit,
1666 755 1694 788 si
1720 756 1822 789 bonis
1846 757 2068 790 securitatem
2089 757 2218 796 demas,

1227 805 1368 839 crudele
1397 805 1503 839 suerit
1532 805 1586 838 ius
1616 806 1784 850 scriptum
1814 819 1832 839 e
1864 807 1981 839 medio
2013 807 2156 847 tollere,
2188 806 2218 839 si

1227 856 1311 901 quid
1334 857 1377 889 ad
1401 856 1622 889 securitatem
1649 857 1686 890 in
1707 857 1884 891 bonorum
1906 858 2034 890 animis
2054 856 2218 891 alendam

1228 907 1374 940 consert-

1329 957 1476 991 Accedit
1496 953 1585 996 huc,
1614 957 1709 1002 quod
1731 964 1770 991 ut
1793 958 2040 992 modestissimi
2057 957 2218 993 homines

1228 1009 1418 1052 imperent,
1450 1015 1568 1042 tamen
1597 1008 1757 1042 futurum
1784 1009 1847 1049 sit,
1879 1016 1918 1042 ut
1942 1011 1986 1043 de
2015 1010 2092 1043 iure
2117 1021 2220 1053 saepe

1228 1059 1455 1099 dissentiant,
1491 1058 1616 1091 nisiex
1642 1059 1745 1092 certis
1767 1059 1902 1103 legibus
1924 1072 1978 1093 res
2006 1060 2220 1093 iudicentur.

1230 1110 1331 1153 Quae
1355 1116 1406 1143 est
1429 1116 1545 1142 autem
1570 1109 1676 1152 pestis
1695 1109 1895 1144 civitatibus
1914 1110 2145 1154 perniciosior
2163 1110 2220 1143 in-

1229 1161 1353 1194 testina
1380 1160 1580 1193 discordia?
1611 1160 1710 1202 Quas
1733 1157 1817 1194 haec
1837 1161 1940 1194 urbes
1965 1173 2037 1194 non
2059 1161 2221 1195 funditus

1229 1211 1380 1245 evertit?
1412 1210 1531 1254 Quare
1546 1210 1646 1243 nulla
1661 1217 1732 1244 tam
1749 1223 1855 1255 parva
1872 1223 1926 1244 res
1944 1219 2012 1252 est,
2039 1224 2126 1257 quae
2142 1223 2219 1245 mo-

1229 1263 1274 1296 do
1293 1263 1334 1297 ad
1354 1261 1578 1295 concordiam
1596 1263 1870 1295 conservandam
1890 1264 2085 1296 conducere
2100 1262 2221 1295 videa-

1230 1320 1306 1353 tur,
1333 1325 1420 1357 quae
1438 1312 1644 1355 negligenda
1662 1313 1718 1348 sit.
1766 1312 1877 1357 Saepe
1893 1320 2008 1346 autem
2025 1325 2065 1346 ex
2086 1313 2222 1346 levissi-

1229 1364 1295 1396 mis
1314 1363 1468 1402 iniuriis,
1496 1374 1569 1395 non
1586 1374 1683 1395 secus
1700 1369 1804 1406 atque
1819 1375 1859 1396 ex
1875 1363 2110 1397 minutissima
2126 1363 2221 1396 scin-

1231 1413 1326 1454 tilla,
1361 1412 1607 1456 gravissimum
1635 1413 1838 1446 incendium
1865 1414 1989 1447 oritur.
2041 1413 2122 1448 Non
2140 1425 2220 1447 raro

1231 1471 1264 1497 et
1281 1475 1334 1496 res
1351 1463 1587 1505 gravissimae,
1614 1463 1650 1495 in
1670 1463 1958 1507 disceptationem
1977 1465 2136 1504 veniunt,
2159 1464 2221 1498 ubi

1232 1515 1260 1547 si
1280 1513 1546 1556 Mzzgistratibus
1571 1515 1614 1546 de
1638 1514 1714 1546 iure
1738 1515 1829 1547 male
1847 1515 2070 1555 convenerit,
2094 1515 2222 1548 studiis

1231 1565 1514 1608 factionibusque
1551 1564 1691 1607 publica
1727 1565 1966 1610 tranquillitas
2003 1565 2222 1604 turbabitur,

1232 1617 1316 1648 dum
1347 1627 1429 1648 suae
1454 1626 1613 1659 quaeque
1640 1626 1718 1658 pars
1742 1616 1935 1649 sententiae
1964 1617 2223 1660 s11ff1*agatore3‚

1232 1667 1324 1700 addo
1343 1666 1447 1699 etiam
1466 1665 1574 1705 vires,
1601 1666 1761 1709 publicae
1786 1667 1908 1700 salutis
1927 1668 2054 1707 oblita,
2079 1680 2222 1711 compa-

1234 1724 1298 1750 rat.
1350 1717 1467 1759 Quam
1489 1722 1604 1749 autem
1622 1728 1693 1749 non
1718 1717 1946 1750 solitudinem
1970 1718 2090 1755 malis,
2117 1730 2222 1762 quam

1234 1767 1408 1801 intestinis
1425 1766 1627 1809 flagrantem
1645 1767 1736 1799 odiis
1752 1769 1874 1801 urbem
1893 1769 2030 1801 colere?
2054 1768 2222 1806 Proinde,

1233 1831 1311 1851 cum
1328 1817 1506 1850 llebraeos
1524 1816 1618 1850 Deus
1636 1818 1726 1850 inter
1742 1831 1777 1851 se
1794 1831 1897 1863 quam
1916 1820 2224 1853 coniunctissimos

1233 1881 1323 1908 esse,
1351 1868 1609 1912 rectissimeque
1627 1869 1824 1902 consentire
1845 1870 1970 1912 vellet,
1999 1877 2108 1903 certas
2132 1870 2224 1912 teges

1234 1921 1331 1960 tulit,
1355 1927 1393 1952 ut
1410 1931 1448 1951 ex
1467 1919 1678 1962 praescripto
1702 1931 1754 1951 res
1780 1920 1994 1961 iudicarent,
2020 1933 2064 1953 ue
2079 1922 2222 1965 quando

1236 1971 1289 2003 ius
1316 1977 1580 2003 controversum
1611 1970 1796 2003 dissidium
1833 1978 1978 2014 pareret.
2041 1970 2223 2015 Plerisque

1235 2023 1317 2055 item
1345 2021 1421 2053 aliis
1444 2020 1645 2053 civitatibus
1662 2021 1714 2053 vel
1741 2021 1941 2065 principum
1962 2021 2138 2067 tyrannis,
2165 2022 2221 2054 vel

1235 2073 1354 2105 civiles
1379 2071 1574 2104 discordiae
1598 2071 1794 2115 imposuere
1818 2073 1932 2115 legum
1957 2073 2222 2105 condendarum

1236 2123 1485 2156 necessitatem.
1531 2121 1618 2154 Nam
1637 2134 1714 2155 cum
1736 2122 1827 2155 inter
1842 2136 1876 2155 se
1897 2122 2059 2162 Athenis,
2086 2124 2129 2156 de
2146 2123 2222 2155 iure

1237 2175 1399 2218 publico,
1443 2180 1609 2217 perpetuo
1644 2173 1950 2213 wudich-urentur.
1988 2182 2056 2207 tres
2091 2186 2152 2217 per
2188 2174 2222 2205 id

1237 2233 1372 2269 teinpus
1391 2224 1576 2263 factiones,
1605 2221 1780 2262 bomini-s,
1807 2225 1952 2268 opinor,
1981 2238 2050 2257 non
2073 2223 2225 2269 pessimi,

1236 2277 1294 2308 sed
1320 2276 1406 2307 matu
1436 2276 1526 2307 inter
1544 2286 1596 2312 se,
1624 2282 1657 2306 ut
1679 2275 1730 2312 stt„
1760 2275 1792 2307 iu
1818 2276 1965 2319 imperio
1986 2274 2221 2315 cohaerentes,

1237 2340 1343 2371 eaque
1361 2326 1549 2362 dissensio,
1578 2326 1699 2357 morbo
1717 2326 1867 2359 cixitatis
1887 2327 2164 2367 ingravescente.
2188 2333 2222 2359 et

1238 2378 1463 2418 gliscentibus
1503 2376 1592 2408 odiis
1630 2377 1804 2409 universis
1839 2378 1982 2410 exitium
2018 2377 2222 2415 minaretur,

1239 2429 1392 2472 llo-spui».
1416 2427 1538 2461 Soloni
1565 2429 1728 2459 'inundata
1753 2435 1816 2461 est:
1857 2428 1883 2460 is
1902 2430 1991 2470 leges
2016 2428 2112 2465 tulit,
2140 2427 2220 2472 qui-

1238 2482 1298 2511 bus
1328 2481 1544 2516 ΙίΙιυιΊιιιιῚιι,
1576 2486 1605 2511 vt
1631 2479 1740 2510 otium
1761 2479 1838 2511 urbi
1864 2479 2024 2513 restituit.
2080 2477 2220 2511 Etcum

1235 2541 1387 2563 vernn-ret
1408 2529 1469 2563 bas
1492 2530 1632 2562 unicum
1649 2543 1719 2561 esst·
1736 2530 1942 2563 concordiae
1960 2530 2088 2562 vallum
2101 2554 2109 2565 ,
2137 2541 2222 2561 cou-

1236 2583 1344 2614 stituit
1361 2611 1367 2618 ,
1398 2590 1430 2614 ut
1455 2582 1513 2626 qni
1543 2581 1593 2612 ius
1619 2582 1792 2619 dicerent,
1820 2581 1995 2624 conceptis
2014 2581 2129 2613 verbis
2149 2581 2220 2613 ius-

1237 2634 1423 2665 iurandum
1449 2636 1593 2669 darent„
1629 2645 1662 2663 st*
1689 2645 1725 2664 rx
1759 2632 1891 2671 legibus
1923 2644 1975 2664 res
2007 2632 2221 2663 indicaturos

1235 2698 1316 2717 csse.
1348 2687 1417 2725 Qui
1433 2684 1699 2725 Magius-nomn
1718 2683 1862 2716 arbitrio
1879 2683 2084 2726 simpliciter
2102 2681 2220 2715 onmia
