2338 2958
194 126 271 162 975

193 263 416 309 praesagiens
438 259 658 298 Fridericus‚
692 258 877 301 postremis
896 259 999 292 annis
1016 271 1089 293 non
1107 271 1186 293 raro

195 314 425 349 delabebatur
454 310 490 342 in
515 319 695 342 sermones
724 308 768 341 de
803 319 994 351 regnorum
1020 309 1187 354 periodis,

196 374 227 400 et
252 373 393 409 gemens
416 359 622 404 deplorabat
639 358 881 392 infirmitatem
898 367 1044 394 naturae
1060 358 1188 394 huma-

193 428 279 455 nae,
304 424 392 459 quae
409 418 442 445 et
460 410 626 444 fatalibus
645 409 757 443 causis
774 408 928 444 obnoxia
949 417 999 445 est
1019 411 1188 445 mutatio-

193 467 317 504 nibus,
345 469 378 496 et
394 461 516 496 multis
533 460 668 504 magnis
684 460 864 493 furoribus
887 461 1030 495 accersit
1046 473 1189 506 poenas.

192 515 389 560 Repetebat
404 524 444 546 ex
461 509 619 545 historiis
637 511 761 544 seriem
783 517 980 555 temporum
993 539 1002 552 ‚
1028 523 1188 552 narrans,

194 577 300 611 quam
316 563 432 598 brevis
455 569 516 596 aut
538 563 643 605 longa
665 567 758 595 aetas
777 561 946 608 cuiusque
965 562 1119 606 regniac
1136 563 1189 596 sa·-

194 616 313 650 miliae
330 615 470 654 suisset,
494 625 558 646 nec
574 624 722 657 usquam
741 612 833 645 ultra
852 613 1063 657 quingentos
1078 625 1189 647 annos

194 667 345 701 eandem
362 664 530 698 mansisse
545 663 689 707 politiae
704 662 866 697 sormam.

295 716 394 750 Anni
412 721 493 748 sunt
508 715 580 747 fere
597 712 781 758 quingenti
798 713 842 746 ab
861 713 956 747 exitu
971 725 1012 747 ex
1028 711 1189 759 Aegypto

195 769 240 802 ad
265 766 491 801 Salomonem
504 791 514 806 ,
546 764 693 798 totidem
716 763 787 796 sere
805 775 823 796 a
841 762 1033 797 Salomone
1052 765 1096 797 ad
1118 764 1190 798 exi-

196 820 286 852 lium
310 816 578 856 Babylonicum.
639 812 726 846 Inde
759 813 906 847 totidem
930 821 964 847 et
987 814 1092 859 paulo
1115 826 1191 848 am-

196 869 291 914 plius
309 869 351 901 ad
372 856 537 901 ultimum
556 863 789 909 lerosolymae
805 865 991 898 excidium.

300 917 356 952 Ad
381 915 466 950 haec
486 915 640 959 exempla
665 914 866 948 conserebat
887 916 1100 949 mutationes
1115 915 1191 950 Ro-

197 980 341 1009 manaS,
368 975 402 1001 et
425 965 512 1000 haec
536 965 728 1009 praesentia
754 977 870 1009 regna.
922 963 1080 1000 Othonis
1095 967 1191 1000 tertii

198 1029 357 1064 tempore
373 1016 439 1052 hoc
455 1015 643 1061 pulchrum
656 1013 801 1060 ἀξίωμα
817 1023 850 1049 et
867 1016 1044 1060 fastigium
1063 1017 1193 1051 electo-

198 1083 279 1105 rum
302 1069 531 1110 constitutum
555 1078 647 1107 esse,
674 1078 712 1099 ac
736 1067 808 1099 fere
826 1067 947 1099 eodem
964 1074 1119 1111 tempore
1136 1068 1193 1100 in-

199 1119 361 1155 choatam
385 1119 458 1152 esse
494 1118 643 1151 sormam
676 1116 774 1159 regni
802 1115 998 1150 Pannonici
1027 1125 1059 1151 et
1086 1117 1194 1151 Polo-

199 1172 289 1211 nici,
311 1182 400 1215 quae
419 1167 587 1202 hactenus
603 1177 714 1199 annos
731 1167 942 1211 quingentos
964 1168 1116 1201 duravit.

304 1221 358 1254 Ad
376 1218 467 1253 banc
482 1225 608 1252 metam
625 1217 760 1261 periodi
779 1229 858 1249 cum
877 1217 945 1250 iarn
962 1218 1093 1261 pariter
1109 1216 1194 1251 haec

201 1284 306 1316 regna
327 1271 548 1305 accederent,
576 1278 720 1310 magnas
738 1267 859 1300 ruinas
877 1278 913 1300 se
929 1274 1085 1302 metuere
1100 1269 1196 1302 dice-

201 1325 272 1358 bat.
329 1321 510 1355 Interdum
531 1316 585 1352 his
596 1317 820 1352 sermonibus
831 1325 864 1352 et
874 1315 969 1351 hunc
984 1318 1100 1364 ipsum
1117 1331 1196 1353 ver-

203 1386 279 1408 sum
301 1372 483 1406 miscebat:

359 1425 446 1455 Eheu
462 1435 550 1464 quam
567 1424 682 1453 levibus
695 1429 820 1463 pereunt
834 1424 966 1462 ingentia
978 1424 1087 1455 causis.

306 1473 376 1508 Sed
404 1471 495 1506 hanc
528 1483 562 1505 se
588 1471 867 1504 consolationem
895 1478 1014 1504 tenere
1047 1471 1198 1512 dicebat,

674 119 833 158 DECL.
878 118 952 157 DE
984 119 1265 160 MATTHIA
1296 123 1458 163 REGE
1487 125 1748 167 HUNGAR.

193 213 300 247 etiam
317 209 447 246 horum
463 216 661 252 temporum
686 205 963 249 calamitatibus,
990 219 1076 253 quas
1092 208 1188 242 velut
1208 209 1214 236 ¹
1235 211 1302 246 No.
1326 211 1408 247 124.

2151 130 2227 169 976

2059 232 2108 251 an.
2132 220 2227 252 1551.

2050 264 2220 279 Ἢν

1379 312 1454 354 De
1480 311 1685 354 Matthia
1714 312 1845 367 Rege
1868 313 2081 370 Hungar.

1307 392 1339 419 ln
1359 392 1406 418 sel.
1423 392 1545 419 Declam.
1568 393 1603 419 Τ.
1618 392 1664 419 ΙΙΙ.
1683 401 1708 427 p.
1726 393 1775 419 178
1791 403 1851 428 sqq.
1869 394 1991 421 Servest.
2009 395 2103 423 T.111.
2124 405 2150 431 p.
2169 397 2229 422 170.

1338 426 1466 452 Richard.
1485 426 1518 453 ll.
1538 436 1564 462 p.
1579 427 1638 453 689.
1655 442 1689 448 —
1724 427 1828 454 Prodiit
1850 429 1931 455 etiam
1954 429 2112 463 separatim:
2131 431 2228 457 Oratio

1341 461 1374 487 de
1391 470 1452 495 rege
1462 461 1618 487 Pannoniae
1630 461 1752 494 Matthia,
1770 462 1881 490 recitata
1894 473 1908 491 a
1917 463 1981 490 seb.
1996 464 2142 491 Matthaeo.
2154 464 2229 491 VVi-

1342 495 1395 520 teb.
1413 495 1487 523 1551.
1508 496 1532 523 4.
1549 495 1567 521 3
1580 495 1617 530 pl.

1240 576 1364 609 Oratio
1390 573 1436 608 de
1458 573 1626 609 Matthia
1641 577 1736 623 Rege
1761 578 1971 624 Unyariae;
2003 581 2170 613 recitata
2187 581 2228 613 in

1241 625 1304 660 die
1321 625 1514 660 Blatthiae
1529 627 1697 671 Apostoli
1715 629 1752 668 (i.
1770 641 1796 661 e.
1812 631 1863 661 24.
1881 631 2004 672 Febr.),
2030 631 2071 664 in
2087 640 2228 664 renun-

1241 678 1404 711 ciatione
1431 677 1576 723 gradus
1598 679 1812 724 Magis-terii
1843 689 1865 712 α
1895 680 2048 715 Decano
2079 679 2227 715 sebast.

1298 729 1372 762 Ma
1385 731 1398 761 ί
1409 726 1490 761 tha
1501 739 1546 762 eo
1576 730 1632 770 (cf.
1649 730 1767 772 Scripta
1783 733 1867 772 publ.
1886 731 1924 765 T.
1941 731 1968 764 I.
1992 745 2022 774 p.
2037 734 2100 764 292
2113 727 2170 773 υ.)

1242 804 1353 844 Initio
1363 810 1490 854 gratias
1500 821 1564 854 ago
1577 817 1649 845 toto
1663 819 1803 855 pectore
1813 809 1888 845 Deo
1899 819 2042 847 aeterno
2054 814 2145 858 patri
2154 813 2229 849 Do-

1242 861 1332 895 mini
1350 861 1462 894 nostri
1481 860 1559 895 Iesu
1576 859 1728 903 Christi,
1754 863 1930 896 conditori
1949 864 2036 897 coeli
2056 870 2090 898 et
2106 871 2230 908 terrae,

1244 919 1277 946 et
1293 911 1525 946 Ecclesiae-et
1545 909 1753 953 hominum,
1779 924 1850 946 una
1872 925 1951 947 cum
1977 914 2049 948 filio
2074 927 2138 949 suo
2155 916 2232 950 Do·

1244 963 1342 996 mino
1368 969 1491 996 nostro
1508 961 1586 996 lesu
1604 960 1766 1004 Christo,
1800 963 1964 998 crucifixo
1982 977 2047 1008 pro
2068 966 2172 999 nobis
2195 974 2229 1002 et

1244 1013 1466 1053 resuscitato,
1493 1020 1527 1046 et
1542 1012 1678 1056 Spiritu
1698 1025 1762 1047 suo
1783 1020 1922 1055 sancto,
1949 1016 2041 1059 quod
2060 1013 2230 1052 hactenus

1244 1075 1309 1097 nos
1334 1064 1523 1097 clementer
1545 1063 1715 1107 protegit,
1741 1076 1892 1109 eumque
1916 1065 2122 1100 ardentibus
2139 1068 2230 1103 votis

1245 1125 1330 1155 oro,
1357 1119 1396 1146 ut
1419 1125 1555 1157 semper
1570 1112 1763 1147 Ecclesiam
1785 1114 1853 1148 sibi
1877 1114 1970 1148 inter
1990 1127 2055 1150 nos
2078 1117 2231 1162 colligat,

1245 1164 1487 1197 doctrinarum
1503 1164 1619 1197 studia
1635 1164 1824 1207 gubernet,
1859 1171 1892 1199 et
1916 1163 2012 1200 hunc
2033 1173 2171 1202 coetum
2195 1176 2229 1204 et

1245 1211 1331 1248 haec
1345 1213 1485 1257 tuguria
1502 1220 1672 1257 protegat.

1346 1263 1437 1298 Cum
1454 1270 1571 1298 autem
1588 1262 1776 1299 honestum
1795 1271 1829 1299 et
1853 1265 2022 1300 usitatum
2045 1267 2091 1302 sit
2111 1268 2148 1303 in
2174 1267 2231 1305 bis

1245 1315 1508 1358 congressibus,
1531 1315 1588 1348 vel
1603 1315 1646 1349 de
1663 1321 1758 1360 parte
1775 1316 1892 1362 aliqua
1911 1317 2166 1360 doctrinarum,
2192 1328 2232 1356 ut

1245 1367 1427 1400 iuniorum
1452 1366 1650 1400 formentur
1675 1366 1824 1408 iudicia,
1850 1367 1984 1409 dicere,
2009 1368 2066 1402 vel
2085 1370 2232 1406 recitare

1246 1414 1422 1457 historias,
1447 1428 1596 1462 quarum
1612 1417 1846 1452 consideratio
1863 1418 1989 1452 multas
2003 1420 2118 1454 adfert
2133 1422 2233 1456 utili-

1246 1474 1351 1508 tates,
1373 1465 1431 1501 bic
1447 1479 1503 1500 me
1518 1467 1593 1501 dies
1602 1465 1775 1502 Matthiae
1786 1466 1971 1513 Apostoli,
1997 1481 2077 1504 curn
2094 1471 2138 1504 de
2154 1473 2232 1507 aliis

205 1527 300 1572 quod
318 1525 392 1558 sine
407 1524 479 1557 ulla
496 1521 718 1556 dubitatione
734 1527 918 1561 statueret,
945 1528 978 1555 et
989 1533 1060 1555 esse
1070 1520 1197 1563 Deum,
1220 1520 1222 1562 l
1246 1518 1368 1552 multis
1382 1515 1541 1552 historiis
1555 1519 1752 1560 admonuit,
1773 1526 1848 1554 turn
1863 1531 1947 1554 vero
1963 1521 2066 1554 etiam
2083 1522 2126 1556 de
2135 1521 2233 1567 Rege

205 1586 239 1612 et
273 1576 387 1610 Deum
421 1585 501 1607 vere
532 1573 696 1616 colligere
729 1572 795 1605 sibi
825 1572 861 1604 in
889 1583 1014 1615 genere
1038 1570 1195 1606 humano
1220 1574 1222 1580 '

205 1636 382 1661 aeternam
400 1623 611 1663 Ecclesiam,
637 1629 670 1656 et
689 1635 732 1655 ne
750 1623 780 1655 ei
798 1622 911 1656 desint
926 1620 1098 1667 hospitia,
1124 1634 1197 1656 ser-
1220 1612 1222 1635 ¹

205 1691 286 1711 vare
311 1688 389 1710 eum
412 1675 547 1719 aliquas
571 1673 727 1717 politias,
761 1680 793 1706 et
827 1673 970 1717 quidem
1003 1672 1196 1706 Ecclesiam
1220 1679 1222 1683 ’

1245 1568 1452 1603 Pannoniae
1462 1567 1614 1603 Matthia
1626 1597 1635 1611 ‚
1661 1571 1724 1615 qui
1741 1582 1780 1604 eo
1797 1571 1855 1604 die
1870 1578 1950 1605 ante
1964 1583 2076 1606 annos
2090 1580 2235 1608 centum

1246 1626 1280 1654 et
1295 1627 1373 1654 octo
1389 1626 1492 1653 natus
1508 1627 1571 1660 est,
1597 1621 1641 1654 de
1656 1622 1756 1655 cuius
1772 1621 1902 1656 virtute
1917 1628 1950 1656 et
1966 1622 2166 1666 foelicitate,
2192 1632 2234 1660 ut

1246 1670 1383 1714 saepius
1409 1670 1479 1703 iam
1506 1671 1715 1713 cogitemus,
1751 1680 1936 1706 movemur
1959 1673 2064 1706 etiam
2089 1673 2234 1710 Panno-

204 1728 270 1763 Dei
288 1725 568 1761 constantissime
586 1724 792 1757 adfirmabat
811 1721 906 1756 hunc
929 1723 1043 1767 ipsum
1059 1731 1195 1758 coetum
1220 1727 1221 1730 ’
1246 1721 1325 1754 niae
1340 1720 1595 1754 calamitatibus
1607 1748 1616 1762 ,
1642 1733 1731 1766 quae
1748 1733 1843 1755 nunc
1860 1722 1993 1756 suntin
2010 1733 2210 1769 conspeetu.

207 1791 296 1819 esse,
323 1779 359 1810 in
377 1789 448 1822 quo
463 1787 529 1808 vox
545 1773 729 1817 Evangelii
747 1781 847 1807 sonat
864 1773 1083 1818 incorrupta.

1347 1769 1520 1804 Existimo
1543 1783 1615 1804 non
1639 1772 1725 1806 salso
1750 1772 1918 1815 scriptum
1943 1784 2015 1806 esse
2038 1785 2057 1807 a
2075 1773 2234 1818 Platone,

309 1828 376 1861 llic
387 1839 464 1860 cum
475 1825 543 1859 alia
555 1825 664 1858 multa
683 1824 880 1858 testimonia
897 1825 1083 1864 recitabat,
1108 1836 1198 1869 quae
1219 1831 1222 1868 ᾖ
1246 1821 1367 1856 fatales
1386 1833 1458 1854 esse
1478 1821 1707 1866 imperiorum
1733 1823 1914 1867 periodos,
1940 1829 1973 1856 et
1993 1823 2163 1870 tantisper
2178 1827 2234 1861 di-

206 1882 393 1919 adfirmant
418 1875 609 1910 Ecclesiam
632 1881 665 1908 et
688 1875 723 1907 in
749 1871 814 1907 hac
833 1874 973 1908 mortali
998 1874 1067 1907 vita
1086 1874 1198 1907 dura-

206 1941 321 1966 turam
345 1941 416 1963 esse
441 1939 552 1972 usque
576 1927 618 1959 ad
642 1924 940 1958 resuscitationem
965 1931 1199 1965 mortuorum,
1220 1924 1223 1937 ¹

1247 1872 1380 1905 vinitus
1398 1872 1536 1914 praefici
1558 1873 1672 1915 regnis
1688 1873 1858 1906 salutares
1873 1873 2143 1917 gubernatores,
2169 1878 2235 1912 do-

1249 1934 1311 1955 nec
1335 1921 1471 1966 periodi
1491 1921 1718 1955 circumactae
1741 1928 1842 1962 sunt,
1875 1923 1934 1955 sed
1961 1930 2077 1957 tamen
2105 1926 2140 1960 in
2167 1924 2233 1962 ho-

207 1992 282 2017 tum
305 1993 386 2013 vero
409 1978 594 2023 praecipue
619 1975 857 2009 delectabatur
882 1972 949 2008 hoc
982 1975 1080 2008 brevi
1105 1975 1197 2009 dicto
1221 1973 1224 2027 J
1248 1973 1385 2005 minum
1411 1971 1511 2005 viciis
1538 1972 1725 2016 praecipua
1761 1983 1863 2006 causa
1898 1980 1949 2007 est
1985 1973 2148 2011 interitus
2180 1991 2234 2013 re-

209 2033 302 2079 qnod
322 2038 413 2064 extat
428 2030 518 2072 apud
535 2026 692 2060 Esaiam:
718 2025 794 2069 Ego
810 2037 870 2059 vos
885 2026 990 2059 etiam
1009 2026 1045 2058 in
1062 2033 1199 2059 senecta
1248 2035 1411 2067 guorum.

209 2093 241 2118 ct
269 2082 401 2117 canicie
425 2079 577 2123 gestabo.
638 2077 687 2111 Ac
715 2077 907 2121 suspiciens
932 2077 968 2109 in
985 2077 1121 2109 coelum
1141 2089 1199 2109 ar-

1351 2073 1434 2106 ldeo
1460 2084 1661 2118 quanquam
1689 2079 1820 2107 veteres
1843 2074 1968 2113 duces,
2001 2088 2152 2121 quorum
2176 2090 2236 2113 ex-

209 2134 373 2168 dontibus
400 2131 488 2163 votis
510 2129 623 2163 Deum
649 2128 874 2172 precabatur,
900 2133 937 2160 ut
961 2134 992 2160 et
1008 2125 1199 2160 Ecclesiam
1249 2124 1376 2159 cellens
1401 2124 1466 2157 suit
1494 2125 1624 2162 virtus,
1652 2135 1723 2156 non
1749 2136 1932 2168 possumus
1956 2126 1991 2158 in
2014 2123 2104 2160 lianc
2127 2128 2235 2163 vitam

210 2187 245 2218 in
267 2183 329 2217 hac
347 2195 406 2215 sua
423 2181 553 2224 patria,
580 2187 612 2212 ct
629 2179 776 2223 patriam
794 2185 966 2218 servaret,
993 2190 1056 2211 nec
1073 2178 1201 2212 sineret

209 2238 244 2269 iu
264 2233 455 2268 Germania
481 2243 542 2265 seu
559 2230 746 2263 'l'urcicam
770 2241 831 2262 seu
850 2228 1076 2262 Barbas-icam
1094 2229 1202 2263 vasti-

209 2294 314 2321 tatem
333 2284 416 2317 lieri.

311 2335 405 2368 llaec
438 2333 545 2377 ipsius
568 2331 733 2365 vaticinia
765 2337 798 2363 et
823 2337 901 2363 vota
930 2331 1203 2370 consideremus,

211 2397 241 2421 et
267 2399 343 2419 cum
372 2386 438 2417 iarn
464 2390 513 2416 tot
537 2383 683 2415 vulnera
709 2381 918 2421 sentiamus,
945 2388 977 2414 et
999 2381 1203 2425 impendere

211 2449 357 2479 magnae
375 2447 492 2469 rerum
511 2434 735 2466 confusiones
752 2432 956 2472 videantur,
983 2443 1048 2464 nos
1063 2444 1202 2477 quoque

211 2505 228 2523 a
251 2489 324 2522 Deo
344 2485 597 2527 mitigationem
622 2483 860 2516 calamitatum
888 2490 1066 2526 petamus,
1093 2491 1125 2517 et
1140 2494 1203 2515 nos

212 2543 247 2573 in
274 2539 336 2573 bac
361 2535 547 2572 imbecilli.
581 2541 610 2566 ct
635 2534 746 2566 delira
771 2540 906 2567 senecta
931 2534 1053 2566 mundi
1078 2534 1202 2575 gestari

212 2606 229 2624 a
251 2591 322 2623 filio
332 2589 395 2623 Dei
410 2586 563 2620 Domino
582 2593 700 2618 nostro
719 2583 795 2619 lesu
811 2582 952 2619 Christo
971 2584 1108 2617 assidue
1126 2596 1203 2628 pre-

213 2653 341 2676 cemur.
396 2637 489 2672 Dixi·

1250 2187 1432 2214 revocare,
1459 2181 1576 2207 tamen
1600 2186 1678 2207 cum
1703 2174 1896 2208 discordias
1920 2187 2104 2219 procerum
2129 2175 2235 2215 huius

1250 2226 1390 2266 aetatis,
1426 2232 1457 2258 et
1482 2225 1668 2259 orbitatem
1695 2223 1900 2258 Pannoniae
1933 2226 2131 2270 intuemur,
2162 2242 2236 2264 non

1252 2287 1436 2322 possumus
1455 2288 1525 2308 non
1545 2276 1721 2320 requirere
1738 2275 2077 2317 animislluniaden‚
2099 2287 2233 2324 patrem

1252 2336 1310 2361 aut
1336 2324 1525 2361 Matthiam
1550 2327 1682 2366 filium,
1715 2338 1865 2370 quorum
1891 2328 2061 2361 autoritas
2090 2330 2237 2367 dissidia

1253 2390 1436 2423 procerum
1464 2377 1648 2416 dirimere,
1682 2383 1713 2410 ct
1739 2377 1910 2412 fortitudo
1937 2385 2097 2414 externos
2119 2378 2235 2417 hostes

1253 2441 1386 2466 arcere,
1415 2428 1488 2462 Deo
1510 2428 1649 2461 iuvante
1667 2427 1846 2471 potuisset.

1356 2477 1430 2513 Etsi
1450 2485 1564 2512 antem
1590 2478 1657 2511 iam
1678 2475 1739 2510 hos
1756 2478 1883 2512 frustra
1903 2479 2158 2520 desideramus.
2184 2489 2236 2517 ta-

1253 2543 1334 2563 men
1352 2531 1439 2562 bene
1457 2529 1661 2562 meritorum
1689 2530 1816 2562 ducum
1836 2530 2032 2569 recordari,
2058 2532 2235 2573 gratitudo

1255 2589 1315 2615 est.
1368 2579 1414 2614 Et
1439 2580 1614 2623 principes
1631 2579 1725 2613 viros
1740 2591 1862 2613 eorum
1880 2581 2074 2614 recordatio
2096 2583 2137 2615 ad
2163 2584 2237 2618 vir-

1254 2632 1338 2666 tutis
1355 2631 1585 2664 imitationem
1601 2631 1787 2663 acccmlere
1802 2637 1925 2675 potest.
1956 2629 2138 2666 Omnibus
2153 2646 2235 2669 vero

1256 2683 1394 2727 prodest
1421 2682 1455 2713 in
1482 2679 1545 2714 bac
1572 2682 1736 2715 varietate
1760 2681 1998 2724 exemplorum
2017 2683 2237 2719 considerare
