2338 2958
76 125 147 161 461

76 211 114 243 in
138 220 204 253 qua
228 219 265 241 re
287 206 471 251 praecipue
495 207 676 251 integritas
702 209 831 253 ipsius,
858 208 1057 242 innocentia

75 266 109 293 et
131 258 266 293 iusticia
290 257 414 291 eluxit:
446 270 518 292 non
543 259 636 291 enim
661 260 703 292 ad
729 260 960 300 calumniam,
985 271 1058 292 non

74 310 118 343 ad
134 307 375 347 acerbitatem,
402 319 473 341 non
492 309 533 341 ad
553 309 791 352 cupiditatem,
818 322 891 343 non
907 310 1058 353 deniqne

75 360 116 393 ad
133 364 312 402 quaestum
329 357 364 390 id
381 359 536 392 studium
556 354 715 393 contulit.
774 358 853 392 Non
877 360 983 403 igitur
999 360 1058 392 ille

73 408 183 451 magis
207 407 299 441 Iuris
320 409 499 442 consultus
524 421 628 453 qnam
655 409 811 443 iusticiae
835 411 905 443 dici
932 410 1057 453 potuit,

74 458 154 504 qui,
187 464 223 490 ut
250 459 293 490 de
311 458 435 491 Servio
454 458 576 492 Cicero
599 460 790 502 praedicat,
818 472 906 504 quae
930 473 947 492 a
972 460 1058 502 legi-

72 509 138 543 bus
165 514 199 541 et
222 520 240 541 a
266 507 346 542 Iure
373 508 469 541 civili
493 510 820 553 proficiscebantur,
853 521 990 553 semper
1015 510 1057 542 ad

72 558 273 592 facilitatem
289 558 570 604 aequitatemque
590 560 768 599 referebat,
796 571 909 604 neque
927 560 1058 593 consti-

72 619 168 643 tuere
184 608 300 641 litium
317 609 471 642 actiones
488 609 654 647 malebat,
682 620 786 654 quam
804 610 1058 642 controversias

72 659 206 693 tollere.
257 657 335 692 Hoc
359 671 441 692 vcro
466 671 544 692 cum
561 659 599 691 in
623 659 721 691 omni
739 659 809 692 vita
831 666 904 693 tum
929 660 965 692 in
985 667 1059 693 stu-

71 709 156 747 diis,
183 716 215 742 et
239 708 300 742 illo
323 709 504 743 doctrinae
531 720 675 751 genere,
703 710 740 742 in
763 722 832 754 quo
858 711 1060 744 versabatur

71 759 255 803 praecipue
280 759 346 792 sibi
372 759 590 802 propositum
617 757 760 797 habuit,
795 767 833 793 ut
857 772 910 799 se,
945 773 1058 805 quan-

72 815 147 843 tum
182 816 314 853 posset,
358 806 598 849 contraheret,
633 821 785 853 suoque,
819 812 912 855 quod
948 811 1058 851 aiunt,

73 861 161 903 pede
177 860 377 899 metiretur,
404 865 437 892 et
455 860 548 903 quod
567 859 627 893 ille
644 860 686 892 de
703 859 907 894 Mecoenate
927 861 1026 895 dicit:

146 920 261 958 Parcis,
289 927 318 950 et
331 923 362 949 in
378 927 480 949 tenues
495 921 640 949 humilem
659 927 686 950 te
706 923 821 960 colligis
837 923 966 952 umbras.

71 976 106 1008 id
133 976 177 1008 de
201 975 350 1008 Doctore
372 974 524 1008 Sebaldo
549 975 727 1008 verissime
745 976 814 1008 dici
839 977 968 1018 potuit3
996 989 1056 1009 sua

70 1076 238 1110 sublimes
265 1082 299 1108 et
323 1075 525 1118 splendidas
551 1076 789 1115 conditiones,
815 1083 855 1109 ut
878 1077 1056 1111 molestia—

68 1137 164 1166 rum,
193 1125 360 1170 periculi,
387 1131 490 1169 atque
514 1125 668 1156 invidiae
693 1125 829 1168 plenas,
857 1126 975 1169 fugere
1000 1139 1058 1159 so—

68 1177 178 1216 lebat,
214 1175 364 1208 subinde
388 1172 454 1208 hoc
475 1174 683 1216 subiiciens,
719 1176 812 1220 quod
837 1183 887 1209 est
911 1188 929 1209 a
950 1176 1056 1211 Po'e‘ta

69 1226 246 1270 sapienter
260 1225 411 1259 dictum:

133 1286 226 1317 Crede
243 1286 337 1323 mihi,
365 1287 440 1315 bene
458 1287 509 1326 qui
530 1288 633 1324 latuit,
659 1288 732 1315 bene
750 1289 844 1326 vixit,
872 1296 898 1318 et
917 1291 993 1318 intra

170 1337 330 1366 Fortunam
351 1337 436 1365 debet
455 1339 581 1376 quisque
598 1348 714 1366 manere
730 1349 822 1366 suam.

69 1393 186 1427 Huius
210 1391 316 1434 igitur
339 1392 412 1424 voti
436 1391 490 1424 sni
520 1393 654 1436 prolixe
683 1405 825 1436 compos
856 1394 985 1433 sactus,
1020 1394 1055 1427 id

69 1448 274 1478 consecutus
291 1448 352 1482 est,
373 1443 467 1486 quod
483 1442 700 1485 paucissimis
719 1444 900 1486 contingit,
919 1456 1056 1488 nempe,

67 1501 107 1528 ut
131 1501 164 1527 et
186 1493 222 1525 in
253 1492 404 1535 negociis
432 1493 507 1525 sine
541 1493 716 1536 periculo,
751 1501 783 1526 et
814 1494 851 1526 in
876 1495 952 1527 ocio
976 1506 1054 1527 cum

68 1543 237 1588 dignitate
268 1543 409 1577 viveret·
472 1541 650 1587 Planeque
683 1555 761 1575 eum
792 1543 881 1576 vitae
915 1556 1054 1577 cursum

68 1594 200 1632 tenuit,
228 1605 332 1638 quem
357 1604 436 1625 cum
463 1604 583 1624 omnes
607 1593 701 1626 docti
726 1605 764 1625 ac
790 1595 961 1637 sapientes
988 1595 1055 1626 viri

66 1656 201 1688 semper
216 1643 283 1676 sibi
303 1642 562 1686 exoptaverim,
587 1643 687 1686 pauci
710 1649 826 1675 tamen
850 1650 966 1678 tenere
992 1657 1055 1687 po-

66 1700 220 1734 tuerunt,
247 1693 421 1736 praeclare
438 1693 531 1724 enim
551 1692 609 1725 ille
627 1693 725 1732 dixit,
753 1694 954 1739 quicunque
972 1696 1053 1728 suit:

168 1753 275 1784 Foelix
290 1755 341 1782 ille
356 1754 449 1781 animi
465 1752 601 1793 divisque
618 1755 790 1782 simillimus
806 1756 889 1793 ipsis,

169 1803 271 1842 Quem
284 1814 345 1832 non
361 1803 494 1832 mendaci
509 1805 697 1843 resplendens
713 1807 807 1843 gloria
825 1806 895 1834 fuco

168 1854 334 1891 Sollicitat,
362 1864 424 1882 non
443 1855 546 1883 fastosi
563 1856 638 1883 mala
654 1855 760 1893 gaudia
777 1857 880 1894 luxus,

168 1905 229 1935 Sed
246 1907 350 1934 taeitos
364 1905 434 1933 sinit
449 1907 491 1933 ire
506 1904 567 1933 dies
578 1927 586 1941 ‚
615 1911 641 1932 et
660 1916 787 1944 paupere
804 1907 887 1934 cultu

167 1955 273 1995 Exigit
289 1958 433 1984 innocuae
450 1957 608 1995 tranquilla
627 1957 741 1984 silentia
760 1958 847 1984 vitae.

65 2012 155 2049 Cum
170 2012 278 2056 igitur
295 2011 348 2044 illi
366 2011 457 2044 vitae
474 2010 653 2051 instituto,
681 2011 775 2055 quod
799 2011 865 2043 sibi
885 2016 978 2044 certo
998 2010 1053 2044 iu-

68 2063 160 2098 dicio
195 2062 385 2105 delegerat,
422 2060 643 2105 praelegendi
679 2073 718 2094 ac
745 2061 893 2094 docendi
923 2072 1053 2094 munus

66 2113 214 2148 maxime
239 2111 427 2146 convenire
452 2112 645 2151 statuisset,
672 2111 788 2144 statim
814 2112 856 2145 ad
878 2112 911 2144 id
940 2112 1053 2154 coepit

65 2164 224 2198 animum
251 2162 444 2206 adplicare,
477 2162 698 2206 multumque
725 2173 762 2194 ea
794 2162 830 2194 in
858 2174 894 2195 re
920 2162 1052 2205 ingenii

67 2213 268 2248 dexteritate
281 2239 290 2253 ,
314 2212 463 2246 multum
483 2212 568 2252 fide,
595 2211 785 2255 plurimum
801 2224 883 2245 vero
901 2212 1052 2255 diligen-

66 2265 114 2299 tia
137 2269 172 2296 et
194 2262 396 2296 assiduitate
419 2262 634 2296 discentibus
651 2262 793 2306 profuit.
847 2261 927 2296 Non
950 2264 1050 2307 pauci

66 2314 161 2348 velut
180 2313 275 2346 aditu
302 2313 478 2357 ianuaque
494 2313 537 2346 ab
553 2313 627 2356 ipso
653 2313 819 2356 patefacta
833 2339 843 2353 ‚
869 2313 912 2345 ad
928 2313 1049 2347 intima

65 2363 256 2410 penetralia
276 2363 348 2396 eius
365 2362 530 2396 scientiae
545 2363 716 2396 foeliciter
733 2362 936 2406 introgressi
957 2371 1052 2405 sunt,

67 2415 198 2461 quique
221 2414 257 2446 in
283 2411 346 2446 bac
372 2410 490 2446 schola
518 2424 589 2446 non
613 2413 734 2446 infimo
755 2413 831 2446 loco
853 2420 936 2447 sunt
959 2414 1051 2447 inter

66 2464 336 2502 lureconsuhos,
359 2460 395 2495 hi
411 2474 446 2496 se
461 2461 606 2496 Ductori
621 2462 772 2497 Sebaldo
789 2464 926 2504 debere,
947 2464 1051 2508 quid-

69 2515 154 2559 quid
172 2515 207 2547 in
227 2527 264 2547 ea
285 2514 443 2547 doctrina
464 2512 692 2557 profecerint,
718 2514 869 2556 ingenue
887 2514 1051 2555 fatentur,

67 2566 111 2599 ab
134 2565 243 2608 ipsius
260 2565 353 2598 enim
369 2564 529 2607 diligenti
547 2575 585 2597 ac
605 2563 698 2596 fideli
722 2564 945 2598 institutione
969 2576 1050 2608 pro—

67 2626 218 2659 gressos,
256 2613 350 2649 haud
385 2614 520 2648 difficili
554 2625 659 2647 cursu
693 2625 731 2647 eo
759 2627 829 2659 quo
859 2614 1051 2656 voluerint,

68 2664 275 2709 pervenisse.

609 120 770 159 DECL.
809 123 884 159 DE
917 121 1187 159 SEBALDO
1223 123 1562 162 MUNSTERO.

2028 132 2101 168 462

1213 207 1253 240 Id
1277 208 1303 240 si
1323 209 1401 253 quis
1427 210 1463 242 in
1489 223 1593 254 parva
1617 211 1719 247 laude
1743 216 1944 258 ponendum
1971 225 2096 259 conset,

1111 257 1138 290 is
1163 256 1251 290 mihi
1275 255 1545 304 haudquaquam
1568 273 1622 295 res
1645 275 1684 296 eo
1712 277 1780 308 quo
1802 273 1980 300 merentur
2007 280 2096 310 pon-

1110 308 1190 340 dere
1210 308 1325 340 mctiri
1344 309 1492 344 videtur.
1534 310 1622 344 Nam
1640 314 1700 357 qui
1721 315 1859 357 ingenia
1877 324 2096 360 praeparant,

1110 364 1148 391 ut
1173 356 1325 401 Reipub.
1350 359 1485 402 possint
1511 371 1582 393 esse
1603 364 1700 403 usui,
1728 365 1858 410 quique
1885 366 1971 399 illud
1993 368 2097 400 semi-

1110 408 1247 440 narium
1264 409 1424 451 politiae,
1452 421 1596 453 nempe,
1623 412 1838 448 iuventutem
1856 416 1976 450 fovent
1993 423 2097 462 atque

1110 459 1292 497 excolunt,
1330 465 1370 491 ut
1399 460 1622 503 tempestivos
1658 463 1740 496 inde
1772 467 1903 499 fructus
1938 467 2096 500 civitates

1109 508 1243 551 possint
1268 509 1464 551 percipere,
1498 506 1534 541 hi
1556 522 1628 543 non
1652 514 1757 555 paulo
1781 516 1906 548 melius
1929 518 1971 549 de
1995 518 2098 551 rebus

1111 556 1274 591 humanis
1304 559 1430 591 mereri
1453 560 1674 594 existimandi
1707 571 1804 603 sunt,
1840 578 1944 609 quam
1968 568 2028 611 qui
2053 569 2098 600 ad

1109 609 1182 651 ipsa
1206 620 1321 641 rerum
1340 610 1575 651 gubernacula
1593 613 1724 645 sedent.
1776 613 1823 646 Hi
1844 616 1956 654 enim,
1985 629 2098 661 quan·

1109 666 1183 691 tum
1201 659 1291 691 sorte
1307 659 1344 691 in
1360 671 1431 692 uno
1443 659 1588 693 Nestore
1604 668 1664 700 est,
1692 661 1845 707 Reipub.
1863 669 2098 708 commodant,

1110 716 1142 741 at
1160 709 1213 741 illi
1231 710 1348 741 decem
1368 710 1527 753 pluresve
1545 710 1709 744 Nestoras
1729 724 1767 745 ex
1794 725 1854 747 sua
1872 712 1989 748 schola
2014 730 2097 760 pro-

1109 760 1253 792 ducunt.
1288 758 1432 802 Regunt
1447 757 1483 791 hi
1499 772 1536 792 ac
1555 767 1700 795 tuentur
1717 775 1823 796 unam
1840 764 1992 809 aliquam
2009 768 2097 800 civi—

1109 816 1235 846 tatem,
1276 809 1329 841 illi
1364 810 1484 842 multis
1519 811 1720 845 civitatibus
1754 815 2005 855 gubernatores
2040 817 2096 850 in-

1109 865 1262 893 struunt.
1317 858 1478 904 Denique
1496 872 1636 901 eorum,
1663 863 1723 906 qui
1741 862 1946 909 Rebuspub.
1963 867 2098 900 utiliter

1110 921 1264 952 praeesse
1282 916 1441 953 possent,
1470 911 1567 943 brevi
1585 912 1639 943 vel
1661 913 1810 952 nullum,
1838 915 1891 947 vel
1910 928 2098 960 perpaucos

1109 957 1264 992 habituri
1292 971 1460 1001 essemus,
1497 961 1526 993 si
1551 961 1753 996 docentium
1778 964 1952 1000 industria
1979 967 2097 1001 labor-

69 1025 162 1059 enim
197 1031 310 1065 sorte,
342 1031 421 1058 utut
455 1032 561 1063 esset,
595 1037 730 1058 summe
763 1033 947 1060 contentus
981 1027 1058 1067 snit,
1083 1025 1084 1047 ᾗ
1110 1022 1175 1054 ‘1¹¹²
1199 1016 1317 1045 cesset·

1204 1058 1281 1093 Etsi
1301 1061 1406 1104 igitur
1421 1061 1544 1104 vulgus
1561 1062 1666 1096 vilem
1684 1076 1823 1108 operam
1841 1065 1942 1110 Reip.
1960 1080 2016 1101 eos
2034 1081 2098 1102 na-

1112 1122 1193 1143 vare
1217 1117 1335 1153 putat,
1370 1111 1431 1156 qui
1458 1112 1676 1146 iuventutem
1705 1116 1891 1157 erudiunt,
1923 1125 2038 1151 tamen
2068 1119 2098 1152 si

1109 1161 1187 1204 quis
1204 1160 1269 1193 ista
1290 1173 1371 1193 vera
1390 1162 1543 1202 ratione,
1568 1170 1601 1196 et
1616 1176 1681 1206 pro
1698 1166 1940 1208 magnitudine
1964 1169 2098 1202 utilita-

1108 1212 1151 1243 tis
1175 1211 1364 1254 expendat,
1409 1211 1580 1254 intelliget
1606 1214 1743 1247 nullum
1771 1226 1880 1258 genus
1910 1215 2096 1253 hominum

1108 1273 1180 1293 non
1199 1259 1430 1303 Respublicas
1455 1263 1579 1302 modo,
1606 1264 1664 1296 sed
1685 1271 1717 1298 et
1734 1263 1926 1299 Ecclesiam
1950 1270 2096 1311 perinde

1108 1311 1286 1343 continere
1311 1323 1349 1343 ac
1371 1311 1545 1352 stabilire,
1586 1320 1623 1347 ut
1645 1326 1703 1346 eos
1729 1315 1790 1359 qui
1822 1317 1970 1359 primam
1998 1319 2095 1351 illam

1080 1376 1083 1384 =
1107 1368 1254 1394 aetatem
1275 1372 1356 1392 sana
1377 1361 1536 1394 doctrina
1559 1369 1591 1395 et
1616 1364 1758 1406 optimis
1776 1366 2005 1409 opinionibus
2028 1369 2096 1401 im-

1108 1411 1239 1451 buunt,
1274 1410 1475 1453 praesertim
1504 1412 1531 1443 si
1559 1413 1637 1456 quis
1666 1426 1744 1446 cum
1778 1417 1911 1461 reliqua
1938 1418 2096 1452 doctrina

1108 1461 1263 1494 studium
1288 1472 1390 1493 verae
1408 1461 1547 1503 pietatis
1570 1474 1608 1495 ac
1627 1464 1808 1507 religionis
1828 1467 2030 1511 coniungit,
2058 1469 2093 1502 id

1107 1512 1201 1555 quod
1228 1509 1416 1543 Doctorem
1444 1511 1634 1545 Sebaldum
1668 1515 1765 1547 enixe
1799 1517 1927 1550 scimus
1955 1519 2093 1552 secisse:

1107 1573 1182 1593 eam
1205 1560 1298 1592 enim
1317 1561 1534 1601 doctrinam,
1561 1574 1627 1606 qua
1645 1561 1843 1599 Christiana
1861 1568 1984 1611 religio
2009 1582 2095 1602 con-

1106 1611 1256 1650 tinetur,
1289 1610 1513 1653 cupidissime
1547 1614 1841 1656 amplectebatur,
1875 1619 1917 1650 ad
1949 1630 2094 1663 eamque

1106 1668 1138 1694 et
1161 1661 1359 1694 studiorum
1382 1672 1545 1702 suorum,
1573 1669 1605 1695 et
1628 1663 1811 1698 universae
1834 1667 1926 1700 vitae
1952 1681 2092 1702 cursum

1105 1711 1295 1754 dirigebat,
1330 1723 1347 1743 a
1373 1711 1543 1744 librorum
1569 1724 1746 1747 sacrorum
1771 1716 1919 1749 lectione
1937 1719 2094 1762 qnotidie

1104 1772 1166 1794 sua
1197 1761 1312 1793 studia
1336 1762 1525 1804 auspicari,
1567 1763 1602 1794 in
1627 1776 1734 1808 eaque
1756 1766 1914 1799 desinere
1945 1775 1979 1801 et
2007 1781 2092 1801 con-

1105 1811 1279 1856 quiescere
1302 1811 1445 1845 solebat.
1507 1810 1554 1844 Et
1576 1819 1614 1845 ut
1642 1814 1713 1856 ipse
1745 1815 1782 1847 in
1811 1817 1907 1848 omni
1942 1818 2010 1851 vita
2036 1819 2092 1862 pie

1104 1861 1247 1894 affectus
1266 1868 1338 1894 erat
1356 1872 1434 1903 erga
1451 1860 1562 1894 Deum
1582 1874 1618 1895 ac
1638 1861 1830 1903 Christum,
1856 1866 1901 1899 ita
1921 1867 2090 1902 familiam

1104 1923 1242 1956 quoque
1260 1922 1376 1948 suam,
1404 1911 1603 1956 liberosque
1621 1925 1658 1945 ac
1677 1914 1867 1958 discipulos
1882 1917 1923 1949 ad
1943 1919 2090 1951 eandem

1103 1961 1242 2005 pietatis
1258 1973 1376 1994 curam
1398 1973 1534 1994 summo
1552 1963 1668 1996 studio
1691 1964 1867 1998 nitebatur
1890 1969 2088 2002 transferre.

1101 2011 1223 2056 Neque
1248 2011 1283 2043 id
1307 2012 1410 2044 modo
1433 2012 1658 2046 sanctissimis
1679 2013 2001 2057 cohortationibus,
2029 2031 2089 2052 ve-

1102 2073 1179 2095 rum
1198 2068 1231 2094 et
1246 2061 1402 2104 exemplo
1420 2074 1493 2102 suo,
1521 2063 1747 2108 moribusque
1763 2077 1800 2097 ac
1820 2066 1890 2099 vita
1908 2068 2089 2109 efficiebat,

1102 2124 1206 2156 quam
1224 2124 1301 2144 cum
1320 2113 1386 2155 pie,
1411 2112 1545 2151 sobrie,
1572 2120 1730 2158 casteque
1746 2115 1904 2158 exigeret,
1931 2119 1985 2150 vol
2004 2119 2089 2151 taci-

1102 2170 1156 2196 tus
1179 2162 1251 2194 suis
1276 2169 1390 2195 tamen
1414 2162 1526 2195 calcar
1550 2163 1699 2198 addebat
1723 2168 1765 2199 ad
1791 2167 1935 2200 eandem
1961 2169 2090 2202 sancti-

1102 2212 1255 2245 moniam
1274 2213 1563 2255 amplectendam.

1199 2261 1306 2295 Dedit
1331 2275 1412 2295 vero
1437 2262 1488 2295 illi
1514 2262 1623 2303 Deus,
1657 2270 1695 2297 ut
1720 2264 1826 2298 vitam
1848 2266 2021 2309 placidam
2049 2279 2088 2302 ac
2113 2293 2118 2298 .

1101 2312 1345 2357 tranquillam,
1370 2313 1415 2345 ita
1437 2313 1593 2345 animum
1615 2314 1657 2346 ad
1680 2326 1819 2347 omnem
1839 2317 2016 2350 fortunam
2035 2318 2086 2352 se-

1100 2364 1243 2396 rendam
1270 2363 1528 2406 aequissimum.
1594 2362 1728 2397 Solitus
1756 2372 1828 2399 erat
1859 2367 2025 2408 subinde,
2057 2368 2086 2401 si

1100 2413 1183 2458 quid
1212 2414 1301 2445 forte
1327 2413 1479 2451 tristius,
1513 2419 1551 2445 ut
1578 2421 1659 2446 sunt
1687 2412 1858 2457 hnmana,
1893 2417 2085 2457 accidisset,

1100 2464 1249 2507 seipsum
1275 2461 1338 2496 bac
1365 2475 1446 2496 voce
1477 2463 1669 2504 consolari,
1703 2471 1740 2498 ut
1765 2466 1913 2507 (liceret,
1946 2479 1981 2500 se
2004 2468 2085 2507 ista,

1100 2514 1355 2558 qualiacunque
1377 2520 1508 2553 essent,
1539 2514 1622 2546 boni
1645 2515 1845 2557 consulere,
1871 2519 1964 2561 quod
1983 2518 2084 2551 sciret

1100 2576 1228 2597 nornen
1253 2575 1352 2596 suum
1377 2564 1589 2607 adscriptum
1617 2575 1689 2597 esse
1715 2577 1862 2600 numero
1885 2574 2082 2600 sanctornm

1101 2615 1137 2647 in
1155 2614 1262 2647 coelo,
1318 2612 1353 2647 O
1369 2625 1486 2647 vocem
1504 2614 1618 2659 piam,
1645 2622 1677 2648 et
1697 2628 1799 2660 quam
1826 2617 1962 2650 nullum
1986 2617 2082 2649 aliud

1101 2664 1168 2697 nisi
1185 2662 1325 2698 Christo
1344 2665 1508 2698 devotum
1532 2672 1649 2708 pectus
1668 2673 1778 2709 potest
1802 2667 1974 2700 emittere:
2003 2667 2084 2711 qui·
