2338 2958
158 135 234 170 825

728 197 741 214 ι

161 221 277 254 sedem
293 217 419 252 studiis
437 215 508 249 suis
525 224 713 259 quaerens,
740 223 834 245 anno
858 209 1048 244 millesimo
1065 220 1155 255 qua-

161 269 438 314 dringentesimo
455 263 710 309 septuagesimo
733 262 849 308 primo
866 260 1101 304 Noribergam
1120 271 1156 293 se

163 322 310 356 confert.
376 318 415 351 ln
444 315 508 350 bac
535 317 622 349 urbe
651 323 690 349 ut
720 314 841 348 mallet
868 312 1045 358 reliquum
1073 322 1156 345 suae.

162 373 283 407 aetatis
304 379 528 408 consumere,
556 367 629 410 ipse
652 363 714 399 has
736 365 923 405 recitabat,
950 363 1044 409 quod
1071 362 1157 396 arti-

164 425 242 457 fices
270 421 319 454 ibi
356 426 469 453 essent
502 417 622 451 idonei
651 418 693 450 ad
723 416 946 450 fabricandas
977 410 1159 447 machinas

164 473 247 507 huic
266 472 333 506 arti
355 469 582 504 necessarias:
611 468 758 508 deinde,
785 468 879 513 quod
906 477 967 511 per
987 471 1159 498 mercato-

164 537 218 558 res
237 523 374 557 facilius
390 522 426 554 in
448 520 533 554 alias
550 520 711 563 regiones
729 519 811 552 inde
835 519 954 552 literas
977 516 1160 551 transmit-

164 583 238 610 tere
265 580 388 619 posset.
448 571 537 606 Cum
568 571 661 604 enim
686 571 755 603 iam
777 570 952 614 praeclare
968 568 1160 601 instructus

164 633 255 660 esset
279 624 459 662 doctrina,
487 629 519 656 et
543 629 759 655 caeterorum
786 621 915 654 iudicia
939 619 1162 662 explorasset,

165 685 198 712 et
225 689 259 710 se
284 682 456 722 quantum
485 673 616 718 potuit,
643 673 686 706 ad
715 669 925 705 mathemata
950 669 1161 703 illustranda

165 736 198 762 et
216 727 441 772 propaganda
460 730 708 769 praeparasset,
734 722 963 756 constituerat
979 728 1011 754 et
1028 726 1163 753 veteres

166 780 354 823 scriptores
383 778 505 816 edere,
540 782 573 809 et
596 786 675 808 suas
706 773 947 807 enarrationes
970 771 1169 816 publicare.-

166 829 223 864 Ad
248 827 339 863 hanc
365 840 438 862 rem
462 826 627 860 instruxit
655 825 832 859 officinam
863 820 1165 870 typographicam,

166 889 201 916 et
216 880 520 914 nomenclaturam
543 877 727 921 proposuit
753 876 950 916 librorum,
982 885 1070 920 quos
1088 873 1165 906 edi-

166 940 267 967 turus
285 937 377 971 erat,
405 941 493 975 quae
507 926 624 962 adhuc
639 934 750 965 extat,
772 935 804 961 et
822 926 966 972 quidem
984 924 1164 969 auspicato

167 994 310 1018 exorsus
345 988 397 1015 est
423 981 467 1014 ab
494 980 649 1014 editione
675 976 955 1023 Ephemeridum
987 987 1164 1010 annorum

166 1034 327 1078 triginta:
355 1033 493 1077 fuitque
510 1038 579 1064 tam
603 1037 722 1073 gratus
744 1030 845 1063 labor
863 1041 902 1062 eo
925 1035 1103 1072 tempore,
1127 1033 1167 1060 ut

168 1085 307 1129 singula
335 1082 546 1127 exemplaria
580 1081 767 1115 duodecim
806 1080 922 1114 aureis
951 1077 1167 1122 Hungaricis

167 1137 427 1173 venderentur,
457 1140 489 1167 et
508 1133 651 1178 quidem
671 1139 920 1177 appeterentur
940 1132 984 1164 ab
1003 1130 1166 1163 omnium

167 1187 326 1232 gentium
347 1184 566 1219 hominibus.
617 1183 729 1217 Nemo
748 1182 873 1223 Italus,
899 1180 1046 1222 Gallus,
1072 1179 1167 1213 Pan-

168 1239 316 1277 nonius,
343 1236 522 1275 Sarmata,
556 1241 616 1267 aut
639 1233 840 1268 Germanus
863 1232 978 1266 simile
1002 1232 1168 1265 calenda-

167 1291 261 1324 rium
280 1288 427 1321 viderat.
482 1285 608 1319 Veneti
627 1285 730 1319 etiam
755 1284 793 1317 in
810 1283 996 1318 Graeciam
1020 1280 1167 1315 invehe-

168 1342 267 1375 bant.
309 1338 415 1373 Scitis
433 1344 548 1371 autem
567 1343 600 1370 et
619 1336 708 1369 velle
724 1334 852 1376 Deum,
878 1343 918 1369 ut
933 1334 1018 1368 anni
1035 1334 1167 1368 discer-

167 1398 320 1431 nantur,
347 1397 380 1423 et
396 1388 533 1423 erudita
551 1387 755 1421 discrimina
771 1386 938 1420 omnibus
953 1386 1048 1419 sanis
1065 1384 1168 1418 valde

168 1450 266 1488 grata
290 1453 372 1476 esse.
427 1439 547 1483 Quare
570 1439 707 1473 furores
727 1436 923 1484 Cyclopum
942 1438 1168 1477 detestemur,

169 1494 232 1540 qui
257 1490 384 1526 harum
414 1491 542 1525 artium
574 1490 690 1524 studia
717 1489 771 1523 vel
795 1489 967 1529 oderunt,
1002 1488 1058 1521 vel
1083 1499 1168 1521 con-

169 1551 344 1580 temnunt.
397 1542 568 1586 Sumptus
593 1548 710 1575 autem
729 1541 772 1574 ad
794 1540 1039 1574 instruendam
1058 1538 1170 1572 offici-

170 1609 252 1630 nam
282 1591 569 1641 typographicam
602 1592 788 1636 praecipue
817 1591 967 1625 contulit
988 1587 1169 1624 Bernhar-

170 1649 236 1681 dus
253 1646 456 1687 5Vaherus,
485 1657 502 1677 e
519 1644 619 1677 cuius
635 1643 767 1676 familia
786 1642 947 1675 NValteri
965 1649 1045 1674 sunt
1063 1641 1098 1673 in
1117 1638 1170 1673 his

171 1697 378 1742 regionibus
403 1708 476 1728 nou
503 1695 631 1738 ignoti,
660 1694 720 1738 qui
751 1700 783 1727 et
814 1693 996 1726 facultates
1020 1689 1170 1725 habebat

172 1748 425 1793 amplissimas,
452 1753 484 1780 et
506 1746 642 1779 colebat
661 1745 841 1779 doctrinae
863 1743 1022 1777 meh-stis
1043 1743 1171 1777 studia.

174 1799 344 1834 Invitavit
370 1805 486 1830 autem
509 1804 542 1830 et
563 1797 713 1829 aliorum
738 1795 932 1835 multorum
957 1794 1088 1827 civium
1109 1806 1169 1826 vo-

172 1853 336 1889 luntates,
355 1856 392 1882 ut
411 1847 474 1881 has
490 1848 696 1893 disciplinas
711 1847 896 1890 degustare
913 1852 946 1879 et
963 1856 1173 1888 cognoscere

174 1903 382 1947 inciperent.
436 1898 531 1933 Haec
556 1898 742 1932 seminaria
767 1895 872 1931 huius
894 1897 1077 1931 doctrinae
1102 1896 1173 1940 pri-

174 1966 270 1987 mum
296 1951 513 1994 Noribergae
540 1961 657 1995 sparsa
687 1955 780 1983 sunt.
843 1949 964 1992 Quare
992 1959 1102 1993 nsque
1129 1948 1170 1981 ad

174 2003 260 2038 haec
277 2010 434 2048 tempora
454 2003 491 2035 in
509 2014 547 2035 ea
564 2002 652 2035 urbe
671 2001 780 2044 magis
806 1997 931 2033 harum
951 1999 1080 2034 artium
1099 2006 1172 2033 stu-

175 2056 231 2089 dia
250 2055 375 2089 florent
390 2081 398 2093 ,
424 2065 529 2099 quam
550 2053 585 2085 in
606 2052 782 2098 plerisque
799 2049 1012 2085 Academiis.
1055 2048 1101 2085 Et
1119 2062 1174 2083 sa-

177 2105 386 2151 pientissimi
403 2112 544 2139 senatus
560 2104 709 2138 consilio
728 2103 945 2147 stipendium
964 2108 1097 2135 certum
1115 2113 1173 2134 ar-

178 2159 278 2196 tium,
297 2165 335 2191 ut
351 2157 392 2189 ad
411 2168 530 2189 earum
549 2155 789 2199 cognitionem
808 2154 974 2187 iuventus
989 2153 1174 2186 adsuefiat:

179 2221 217 2242 ac
236 2220 355 2242 recens
380 2207 428 2241 ibi
455 2207 648 2241 multorum
666 2205 781 2239 studia
798 2205 960 2239 excitavit
978 2204 1032 2237 vir
1050 2205 1175 2238 doctus

180 2267 213 2293 et
240 2257 508 2293 honestissimus
530 2257 678 2291 loannes
696 2254 914 2291 Schonerus.
967 2255 1093 2289 Videte
1112 2268 1174 2289 au-

181 2318 251 2345 tem
288 2318 454 2355 quantam
491 2322 564 2343 rem
604 2309 750 2342 molitus
783 2308 828 2342 sit
859 2306 1175 2351 Regiomoutauus.

182 2361 298 2395 Novas
324 2362 501 2394 versiones
527 2360 679 2394 instituit
696 2359 888 2393 Ptolemaei
915 2358 1066 2403 Magnae
1090 2371 1175 2392 cou-

180 2413 384 2447 structionis
409 2419 442 2445 et
475 2410 731 2457 Geographiae.
787 2409 997 2444 Adornabat
1027 2417 1059 2444 et
1093 2422 1174 2444 sua-

181 2476 261 2497 rum
279 2463 566 2497 emendationum
584 2463 879 2497 confirmationes.
913 2461 1044 2495 Obiter
1060 2468 1093 2495 et
1108 2461 1174 2494 alia

181 2522 327 2549 naturae
363 2527 467 2558 opera
500 2522 676 2548 scrutatur
709 2521 741 2547 et
778 2513 954 2558 patefacit.
1023 2511 1174 2558 luquirit

180 2579 286 2612 quam
311 2567 379 2599 alte
396 2563 571 2598 vehantur
592 2578 695 2610 supra
718 2572 846 2599 terram
865 2576 1029 2608 vapores.
1057 2571 1089 2597 et
1107 2564 1174 2597 mi-

181 2618 282 2651 rabili
302 2617 441 2651 solertia
459 2615 702 2660 ili-prehendit,
730 2629 801 2649 non
820 2617 971 2660 amplius
988 2615 1174 2649 duodecim

179 2669 392 2702 milliaribus
417 2668 640 2701 Germanicis
662 2680 720 2700 ens
745 2669 790 2701 ab
820 2665 1004 2701 horizonte
1032 2668 1173 2702 distare.

178 2720 340 2763 Legimus
354 2727 470 2754 autem
489 2733 529 2753 eo
547 2727 702 2764 tempore
718 2720 858 2752 duobus
875 2719 1055 2753 continuis
1070 2718 1174 2752 annis

613 124 769 162 DECL.
816 122 891 160 DE
926 120 1198 159 IOHANNE
1231 120 1743 160 REGIOMONTANO.

2124 122 2202 159 824

1207 209 1398 244 millesimo
1421 207 1770 254 quadringentesimo
1797 209 2052 253 septuagesimo
2075 208 2206 253 primo,

1208 273 1246 294 ac
1271 271 1392 294 rursus
1417 259 1628 300 millesimo,
1664 258 2032 304 quadringentesimo,
2064 266 2206 305 septua-

1209 312 1340 355 gesimo
1358 312 1530 351 secundo,
1556 311 1680 343 arsisse
1697 311 1788 343 duos
1803 317 1970 344 cometas:
1999 323 2088 357 quos
2111 316 2207 345 tanta

1210 363 1346 397 siccitas
1367 369 1484 397 secuta
1501 368 1572 402 est,
1598 368 1638 394 ut
1655 361 1844 395 fluminum
1868 367 1901 395 et
1925 362 2077 396 fontium
2099 373 2208 395 venae

1211 413 1426 449 exaruerint.
1478 412 1700 446 Nominatim
1719 413 1824 446 etiam
1846 419 1994 446 narrant
2011 413 2207 447 multorum

1212 465 1425 510 oppidorum
1450 463 1761 507 conflagrationem
1785 470 1938 497 secutam
1956 474 2038 498 esse.
2090 462 2137 498 Et
2154 463 2209 497 di-

1213 517 1389 550 micarunt
1411 515 1505 549 inter
1534 527 1570 548 se
1593 516 1637 548 de
1662 511 1854 556 Bohemia,
1892 513 2056 557 Hungari
2083 521 2116 548 et
2140 514 2210 548 Po·

1214 568 1301 603 loni.
1341 566 1386 602 Et
1398 564 1624 601 Mahometus
1634 564 1808 599 Tureicus
1822 572 1996 611 tyrannus
2014 565 2051 598 in
2066 562 2212 610 Europa

1216 616 1448 653 Walachiam
1483 616 1686 661 occupavit,
1723 617 1761 649 in
1789 615 1875 650 Asia
1906 615 2212 661 Trapezuntinum

1215 682 1362 714 regnum
1374 697 1383 711 ‚
1409 676 1447 703 ut
1464 669 1532 703 alia
1555 668 1665 702 multa
1681 667 1851 702 omittam.
1904 665 1995 701 Cum
2014 667 2124 711 igitur
2140 665 2214 702 Re-

1215 721 1466 766 giomontanus
1501 720 1605 753 sciret
1636 731 1710 753 non
1738 730 1839 763 saepe
1862 719 2002 753 duobus
2033 717 2214 752 continuis

1216 772 1321 806 annis
1337 772 1501 805 incensos
1516 782 1589 804 esse
1605 777 1776 810 cometas,
1804 777 1837 804 et
1856 776 2059 803 moveretur
2074 769 2212 813 magni-

1217 824 1341 858 tudine
1357 829 1546 856 eventuum
1559 848 1569 863 ,
1595 821 1657 867 qui
1674 821 1783 855 secuti
1804 828 1920 855 erant:
1949 821 2061 855 edidit
2082 821 2217 854 miran-

1217 877 1302 909 dum
1327 885 1436 918 opus,
1464 874 1507 907 de
1527 884 1610 906 vero
1635 873 1712 906 loco
1736 879 1770 906 et
1794 872 2039 915 magnitudine
2064 878 2217 919 cojneta-

1218 939 1310 960 rum.
1362 925 1447 959 Fuit
1462 925 1583 958 eodem
1602 930 1760 968 tempore
1776 921 1964 957 Ersordiae
1981 923 2036 957 vir
2055 922 2218 958 doctissi-

1219 989 1298 1011 mus
1323 980 1360 1010 in
1385 974 1442 1010 his
1464 975 1682 1019 disciplinis,
1711 975 1876 1018 magister
1891 972 2132 1009 Christianus:
2161 973 2218 1007 cui

1219 1035 1393 1075 quantum
1419 1026 1584 1061 tribuerit
1606 1025 1932 1070 Regiomontanus,
1967 1038 2008 1059 ex
2032 1025 2106 1059 eius
2129 1022 2219 1070 Epi-

1219 1080 1307 1114 stola
1326 1080 1491 1123 adparet,
1515 1078 1551 1110 in
1571 1090 1638 1123 qua
1655 1077 1788 1117 scribit,
1816 1088 1851 1110 se
1868 1076 2072 1111 molientem
2089 1076 2219 1109 editio·

1221 1143 1282 1164 nes
1298 1130 1442 1164 utilium
1462 1129 1688 1173 scriptorum,
1718 1125 1808 1161 hanc
1826 1129 1872 1162 ob
1891 1140 2030 1162 causam
2050 1127 2220 1161 libentius

1221 1182 1386 1226 migrasse
1410 1180 1663 1223 Noribergam,
1694 1191 1738 1212 ne
1760 1180 1883 1223 procul
1908 1180 1953 1213 ab
1979 1179 2056 1223 ipso
2073 1179 2220 1216 abesset,

1221 1233 1317 1278 quod
1336 1231 1487 1265 maxime
1511 1242 1547 1264 se
1571 1231 1616 1263 ab
1635 1242 1674 1263 eo
1699 1229 1880 1269 adiuvari,
1908 1237 1941 1264 et
1957 1229 2090 1264 iudicio
2109 1229 2220 1273 ipsius

1221 1294 1439 1328 censuraque
1462 1282 1500 1314 in
1519 1281 1640 1315 multis
1662 1281 1818 1315 materiis
1835 1281 1885 1314 uti
1912 1281 2041 1325 cupiat.
2095 1280 2219 1314 Laudo

1221 1334 1365 1369 artificis
1390 1332 1683 1378 praestantissimi
1714 1332 1924 1372 candorem,
1959 1332 2055 1377 quod
2083 1331 2220 1365 alienus

1221 1387 1288 1420 suit
1304 1387 1348 1420 ab
1367 1384 1645 1425 obtrectatione,
1672 1390 1703 1417 et
1727 1395 1746 1416 a
1762 1383 2011 1417 malevolentia
2035 1393 2114 1426 erga
2138 1393 2221 1415 suae

1221 1438 1307 1472 artis
1330 1436 1559 1481 professores:
1587 1442 1620 1469 et
1647 1434 1792 1480 quidem
1818 1435 1973 1468 arbitror
1995 1434 2088 1468 serio
2114 1431 2221 1467 huius

1223 1486 1454 1534 pulcherrimi
1469 1486 1601 1520 laboris
1615 1486 1746 1525 socios,
1771 1491 1804 1519 et
1821 1497 2006 1520 censuram
2030 1484 2150 1529 magni
2165 1496 2222 1518 ar-

1223 1540 1325 1575 tificis
1345 1538 1569 1585 quaesivisse.

1327 1588 1437 1624 Grata
1453 1590 1567 1623 fuerat
1584 1588 1721 1624 Romae
1737 1587 1901 1632 inprimis
1918 1588 2027 1622 editio
2044 1585 2222 1632 Epheme-

1223 1641 1358 1675 ridum:
1389 1648 1421 1674 et
1443 1640 1510 1673 viri
1529 1640 1638 1679 docti,
1666 1639 1727 1684 qui
1752 1640 1826 1672 eius
1852 1639 2034 1681 ingenium
2051 1646 2085 1673 et
2101 1638 2222 1672 erudi-

1224 1693 1356 1726 tionem
1377 1698 1524 1730 norant,
1557 1691 1592 1723 in
1614 1689 1751 1724 ltaliam
1774 1703 1852 1724 eum
1871 1687 2002 1723 retrahi
2021 1689 2222 1734 cupiebant,

1224 1751 1264 1778 ut
1279 1743 1348 1776 frui
1366 1743 1440 1776 eius
1459 1742 1619 1776 doctrina
1638 1749 1791 1786 possent.
1844 1740 1891 1774 Hi
1910 1747 1991 1774 sunt
2011 1738 2222 1778 hortatores,

1225 1802 1263 1829 ut
1280 1793 1445 1828 Pontifex
1464 1793 1584 1827 Sixtus
1606 1805 1686 1825 eum
1704 1791 1857 1826 Romam
1878 1799 2048 1830 accersat,
2070 1798 2102 1825 et
2119 1802 2222 1824 causa

1226 1853 1445 1883 recensetur,
1475 1846 1571 1889 quod
1594 1845 1637 1877 de
1661 1843 1909 1877 emendatione
1927 1842 2130 1876 Calendarii
2160 1843 2222 1876 de-

1226 1897 1452 1930 liberationes
1470 1896 1608 1929 futurae
1626 1901 1749 1929 essent.
1805 1892 1880 1928 Etsi
1901 1900 2016 1927 autem
2043 1905 2143 1937 aegre
2161 1905 2222 1936 pa—

1227 1949 1380 1982 tiebatur
1402 1947 1506 1980 avelli
1532 1958 1566 1979 se
1589 1945 1898 1989 Regiomontanus
1920 1946 1964 1978 ab
1990 1945 2131 1979 officina
2154 1951 2187 1978 et
2204 1957 2223 1978 a

1227 1999 1419 2034 Ptolemaei
1441 1997 1615 2037 editione,
1643 2004 1673 2030 et
1694 1997 1914 2041 praesagiens
1936 2008 2035 2030 suam
2059 2003 2222 2031 mortem.

1226 2058 1266 2085 ut
1282 2057 1447 2094 narrant,
1475 2044 1687 2095 querebatur
1703 2060 1739 2081 se
1755 2047 1925 2091 gravatim
1943 2045 2009 2081 hoc
2029 2047 2096 2081 iter
2111 2046 2224 2082 susci-

1228 2114 1324 2146 pere:
1363 2101 1446 2135 vicit
1470 2108 1587 2135 tamen
1610 2099 1790 2134 Pontificis
1815 2099 1994 2134 autoritas.
2047 2096 2094 2133 Et
2120 2110 2222 2132 causa

1229 2153 1406 2198 proposita
1441 2158 1533 2192 erat,
1576 2163 1663 2197 quae
1697 2151 1812 2185 virum
1845 2150 2045 2194 cupientem
2077 2149 2223 2183 utilitati

1228 2204 1407 2238 communi
1431 2203 1562 2238 servire
1583 2202 1759 2236 movebat.
1813 2201 1918 2236 Scitis
1935 2201 2029 2235 enim
2048 2207 2222 2246 quantum

1229 2255 1359 2301 prosit.
1387 2253 1516 2289 habere
1542 2254 1714 2288 rationem
1741 2253 1826 2287 anni
1851 2260 1943 2287 recte
1965 2252 2166 2286 ordinatam
2189 2258 2223 2286 et

1228 2308 1462 2342 emendatam.
1514 2305 1607 2340 Huic
1642 2305 1783 2347 negotio
1814 2311 1932 2343 tanto,
1968 2311 2110 2349 tamque
2141 2302 2221 2337 utili

1228 2360 1347 2391 deesse
1366 2358 1492 2393 noluit.
1546 2356 1727 2391 Credibile
1744 2362 1795 2390 est
1812 2356 1916 2389 etiam
1930 2383 1939 2396 ,
1966 2367 2007 2389 eo
2027 2355 2145 2389 minus
2160 2354 2224 2388 ab·

1229 2408 1407 2444 horruisse
1429 2410 1474 2443 ab
1494 2406 1561 2443 hoc
1586 2408 1730 2446 itinere,
1758 2406 1840 2453 quia
1865 2406 2046 2452 expetebat
2063 2406 2222 2440 erudito·

1228 2474 1307 2494 rum
1340 2460 1537 2506 colloquia,
1573 2467 1604 2493 et
1641 2459 1841 2492 invitabant
1868 2470 1948 2492 eum
1976 2455 2221 2491 bibliothecae.

1229 2512 1334 2547 Redit
1370 2513 1477 2557 igitur
1505 2510 1677 2549 Romam.
1705 2510 1765 2544 ubi
1795 2521 1875 2543 cum
1905 2521 1977 2543 nou
2000 2509 2061 2542 diu
2087 2508 2223 2549 suisset,

1228 2571 1390 2598 mortuus
1412 2571 1463 2598 est
1486 2575 1580 2596 anno
1603 2561 1792 2595 millesimo
1814 2559 2165 2607 quadringentesimo
2187 2565 2222 2594 et

1227 2615 1499 2659 septuagesimo,
1530 2627 1600 2659 quo
1625 2626 1719 2646 anuo
1739 2612 1899 2646 videlicet
1922 2610 1995 2646 Rex
2015 2610 2223 2644 Pannoniae

1228 2665 1398 2701 Matthias
1421 2667 1552 2709 ingenti
1580 2665 1691 2710 prelio
1713 2662 1956 2698 Mahometnm
1981 2662 2159 2707 superavit
2177 2662 2221 2695 ad

1227 2718 1494 2759 Sinda—raviam,
1527 2717 1563 2750 iu
1583 2729 1654 2762 quo
1679 2715 1783 2749 etiam
1807 2714 1936 2747 vulnus
1954 2713 2125 2758 accepisse
2142 2711 2223 2747 Ma-

2283 750 2303 983 *labus-*we*
