2338 2958
181 134 256 172 82⁷

285 220 435 265 Propter
463 216 554 252 hanc
585 220 717 249 tantam
746 224 886 247 causam
913 218 1060 245 naturae
1093 220 1179 244 con-

186 272 436 308 siderationem
475 266 706 301 necessariam
742 276 815 298 esse
855 262 1081 296 manifestum
1119 266 1180 295 est.
1204 255 1207 298 ἶ

186 324 324 359 Deinde
345 329 378 355 et
399 319 551 354 utilitate
577 323 695 351 nostra
722 326 938 349 moveamur.
981 311 1181 358 quaerenda
1205 302 1208 340 1
1233 321 1342 352 genae
1355 307 1501 347 Edessa,
1528 308 1572 341 ad
1588 305 1796 352 Euphraten
1813 308 1878 343 sita
1905 316 1939 344 et
1966 311 2121 344 subiecta
2135 308 2228 354 Regi

187 382 269 410 sunt
293 373 384 406 vitae
411 370 583 415 praesidia
607 369 644 401 in
670 365 736 401 hae
752 373 848 401 tanta
866 364 1033 398 varietate
1052 374 1182 402 rerum,
1205 345 1209 408 1

188 437 276 472 quae
299 429 380 457 sunt
407 421 534 467 partim
561 420 726 453 alimenta
756 424 960 451 nostrorum
983 426 1183 459 corporum,
1206 410 1210 461 1

189 476 317 522 partim
334 473 497 508 remedia.
540 469 617 505 Etsi
633 478 750 504 autem
769 468 925 502 studium
946 473 979 500 et
994 465 1182 500 consilium
1208 465 1210 483 ἶ

189 538 312 561 eorum
330 525 459 570 probo,
485 523 547 569 qui
564 533 643 556 cum
659 521 809 554 recitant
826 519 946 552 laudes
962 517 1047 551 artis
1069 515 1184 549 medi-

190 591 266 619 cae,
291 578 409 622 aliqua
427 588 465 609 ex
491 581 588 620 parte
609 573 803 607 ostendunt
820 578 966 604 naturae
983 568 1184 602 considera-

190 631 324 664 tionem
346 627 485 661 dulcem
509 633 543 660 et
567 625 690 659 utilem
713 634 802 657 esse:
837 628 954 655 tamen
985 613 1184 663 amplitudo

191 679 390 724 argumenti
407 684 504 712 tanta
519 683 580 717 est,
604 682 643 709 ut
659 675 716 707 vix
734 684 842 718 pauca
860 671 1019 705 membra
1033 682 1073 703 ex
1088 675 1185 703 tanta

191 732 284 766 mole
297 737 454 774 excerpta
466 757 474 769 ‚
501 726 654 773 proponi
671 732 704 759 et
721 723 909 757 monstrari
928 722 1073 766 possint.
1115 719 1187 753 lta-

191 795 259 828 que
278 782 391 816 fateor
407 792 462 813 me
480 777 649 813 deterreri
667 775 912 819 magnitudine
930 773 1001 814 rei,
1028 784 1098 817 quo
1117 770 1187 803 mi-

192 845 259 868 nus
275 833 470 867 orationem
487 831 529 863 de
547 829 711 862 laudibus
733 826 836 867 artis,
863 823 929 858 hoc
945 830 1014 865 est,
1041 824 1084 856 de
1102 833 1188 856 con-

192 885 406 919 sideratione
425 889 571 916 naturae
586 879 771 913 instituere
789 876 933 922 possim.

297 959 436 994 Interea
452 964 571 991 tamen
588 962 621 989 et
635 966 747 988 meam
772 959 806 987 et
823 951 984 986 omnium
1011 948 1189 993 ignaviam

195 1013 361 1057 deploro,
401 1021 524 1043 omnes
559 1007 654 1040 enim
689 1016 809 1039 sumus
845 1001 1117 1046 negligentiores
1152 999 1190 1032 in

194 1063 396 1109 aspicienda
411 1067 549 1100 natura,
577 1065 608 1092 et
626 1055 692 1091 hoc
707 1054 844 1090 theatro
860 1054 925 1089 Dei
945 1051 1190 1095 contemplan-

195 1117 260 1155 do,
287 1125 391 1159 quarn
409 1111 609 1156 oportebat:
638 1120 717 1142 cum
736 1107 880 1152 quidem
901 1112 934 1138 et
950 1103 1046 1138 Deus
1063 1103 1106 1135 ad
1122 1099 1190 1135 hoc

196 1166 353 1201 studium
372 1175 436 1196 nos
459 1162 604 1200 invitet,
631 1167 664 1193 et
688 1156 780 1191 nihil
800 1156 865 1191 hac
882 1155 1092 1198 cogitatione
1111 1153 1193 1186 dul-

196 1219 270 1252 cius
287 1216 353 1256 sit,
375 1221 408 1247 et
422 1211 617 1246 valetudini
637 1223 675 1243 ac
691 1210 782 1242 vitae
804 1206 890 1241 haec
908 1204 1090 1249 diligentia
1111 1204 1192 1248 plu-

195 1270 325 1303 rimum
345 1265 530 1310 profutura
550 1268 649 1295 esset.
702 1259 918 1304 Quanquam
945 1264 1060 1291 autem
1086 1266 1193 1287 nemo

197 1319 278 1354 satis
295 1319 454 1351 intentus
473 1319 647 1359 spectator
661 1323 734 1345 esse
749 1317 894 1344 naturae
912 1314 1042 1353 potest:
1076 1313 1193 1340 tamen

197 1369 317 1405 omnia
337 1369 431 1401 bona
456 1365 596 1409 ingenia
618 1362 794 1397 hortanda
819 1367 900 1394 sunt
926 1360 969 1393 ad
994 1356 1086 1391 hanc
1110 1368 1194 1391 con-

198 1420 448 1455 siderationem
477 1415 721 1460 dignissimam
748 1411 911 1446 homine:
956 1411 1026 1443 imo
1056 1421 1135 1442 cum
1163 1414 1196 1440 et

197 1474 292 1507 Deus
316 1483 391 1505 eam
415 1468 626 1514 praecipiat,
650 1466 766 1510 ipsum
784 1475 926 1509 quoque
945 1468 1092 1495 naturae
1111 1471 1196 1493 con-

198 1525 349 1558 ditorem
374 1533 454 1562 oro,
481 1526 521 1553 ut
546 1518 741 1551 multorum
765 1515 881 1549 flectet
908 1520 1041 1546 mentes
1063 1512 1106 1545 ad
1130 1508 1197 1543 hoc

198 1575 368 1614 studium,
395 1579 427 1606 et
445 1570 611 1604 exuscitet
626 1581 700 1609 eas,
727 1574 766 1601 ut
782 1567 819 1599 in
835 1564 899 1599 hac
915 1562 1197 1598 consideratione

199 1628 315 1671 ipsum
334 1634 476 1670 quoque
496 1626 704 1665 agnoscant,
727 1624 941 1651 venerentur
957 1622 989 1649 et
1009 1614 1196 1647 celebrent.

303 1698 496 1734 Laudanda
525 1701 575 1729 est
602 1700 718 1727 autem
750 1691 974 1726 Medicorum
1002 1687 1198 1732 diligentia,

201 1755 261 1800 qui
279 1752 341 1785 etsi
362 1757 469 1784 totam
486 1754 648 1780 naturam
662 1744 824 1778 evolvere
839 1755 944 1776 nemo
957 1753 1050 1774 unus
1068 1745 1197 1785 potest:

201 1814 319 1839 tamen
338 1801 468 1835 multas
490 1805 604 1843 partes
629 1795 782 1840 prolatas
799 1798 1064 1832 monstrarunt,
1091 1797 1123 1824 et
1141 1802 1198 1823 ea-

202 1869 279 1890 rum
301 1852 469 1887 noticiam
490 1849 609 1893 generi
635 1845 792 1880 humano
816 1850 973 1885 servant,
999 1856 1038 1877 ac
1057 1842 1199 1887 prodest

200 1906 329 1941 horum
354 1907 583 1937 monumenta
600 1898 686 1943 legi,
714 1910 788 1931 non
806 1896 940 1930 Graeca
959 1902 1113 1934 tantum,
1139 1893 1198 1926 sed

203 1960 307 1993 etiam
332 1956 425 2000 apud
451 1953 536 1986 alias
559 1958 677 1995 gentes
701 1957 732 1983 et
758 1949 836 1982 aliis
859 1947 1031 1981 aetatibus
1056 1956 1200 1988 compo-

203 2011 279 2045 sita.
333 2007 448 2041 Multa
475 2004 569 2037 enim
597 2003 632 2035 in
658 2009 783 2035 natura
802 2006 834 2033 et
858 1999 892 2031 111
911 2004 984 2031 arte
1001 1993 1200 2041 deprehen-

204 2064 332 2094 derunt
360 2056 572 2091 recentiores
598 2052 754 2093 Arabes,
790 2062 879 2096 quae
905 2049 1051 2083 Graecis
1083 2048 1200 2091 ignota

205 2113 365 2145 suerunt:
395 2120 464 2154 qua
482 2108 517 2139 in
538 2118 573 2139 re
592 2111 623 2137 ct
642 2105 685 2137 ab
704 2104 776 2147 ipsa
794 2102 978 2146 regionum
999 2106 1136 2138 natura,
1164 2097 1200 2129 in

206 2164 333 2209 quibus
366 2161 527 2198 suerunt,
561 2156 662 2189 multi
690 2154 801 2188 adiuti
830 2159 925 2187 sunt.
986 2151 1077 2185 Sunt
1107 2149 1201 2183 enim

206 2213 438 2248 s=·racissimae
455 2208 693 2242 remediorum
710 2205 824 2251 Syria,
844 2202 988 2243 Arabia,
1012 2201 1203 2247 Aegyptus,

206 2264 408 2311 Cyrenaica,
433 2261 567 2299 Africa,
596 2258 782 2302 llispania:
812 2264 844 2290 et
865 2253 946 2288 hacc
964 2254 1107 2299 quidem
1129 2253 1202 2285 loca

208 2317 466 2362 perlustrarunt
491 2310 633 2345 Arabici
666 2309 853 2352 scriptores
883 2307 1021 2346 omnia,
1059 2312 1092 2338 et
1121 2314 1204 2347 gens

210 2368 318 2401 valuit
335 2365 495 2399 acumine
512 2361 749 2405 ingeniorum,
774 2366 807 2393 et
826 2356 909 2391 huic
928 2357 990 2391 11111
1007 2356 1126 2390 studio
1143 2355 1204 2387 ‹lc-

209 2420 281 2453 dita
305 2417 387 2453 suit,
424 2415 516 2459 11111111
543 2413 686 2458 quidem
714 2424 730 2444 a
757 2409 1004 2444 vetustissimis
1032 2407 1203 2452 patribus,

210 2484 226 2504 a
248 2469 310 2503 lob
327 2476 359 2500 et
374 2466 551 2499 similibus
569 2469 786 2508 acceperunt.
841 2459 887 2494 Et
907 2471 1109 2506 quanquam
1131 2457 1205 2502 ple-

211 2522 310 2567 rique
328 2518 454 2552 multas
470 2515 685 2559 corruptelas
701 2514 765 2547 arti
781 2513 1059 2549 admiscuerunt,
1088 2517 1205 2543 tamen

211 2585 313 2605 nemo
332 2583 370 2603 ex
393 2568 558 2600 omnibus
579 2565 739 2599 Arabicis
761 2564 992 2607 scriptoribus
1010 2570 1120 2595 artem
1141 2572 1206 2604 pu-

211 2625 283 2657 rius
310 2624 383 2666 ipso
411 2619 590 2654 Aviccuua
615 2617 771 2651 tradidit.
827 2614 871 2648 ljt
897 2615 1014 2659 itaque
1041 2611 1206 2646 studiosis

216 2675 430 2708 &vicennam
459 2670 724 2704 commendem,
763 2667 908 2700 recitare
937 2666 1011 2699 cius
1041 2665 1146 2697 vitam
1175 2670 1206 2696 et

211 2727 324 2759 studia
344 2722 494 2756 decrevi.

778 124 941 161 DECL.
979 122 1054 159 DE.
1090 120 1238 157 VITA
1272 118 1622 156 AVlCENNAE.

1234 2728 1235 2745 1
1264 2712 1384 2753 liasis„
1412 2713 1471 2758 (1111
1492 2719 1644 2746 caeteros
1662 2720 1693 2747 et
1713 2713 1872 2746 doctrina
1892 2720 1922 2746 ct
1939 2715 2102 2748 medendi
2121 2716 2257 2750 foelici-

2149 121 2222 156 828

1333 205 1445 241 Natus
1471 211 1522 239 est
1541 203 1724 239 Avicenna
1747 217 1840 241 anno
1859 206 2005 241 Domini
2024 207 2226 249 millesimo,

1233 257 1423 292 centesimo
1438 257 1707 302 quadragesimo
1732 257 1858 303 quinto
1885 258 1924 292 in
1954 259 2043 293 urbe
2056 257 2227 293 Comma-

1235 359 1394 401 Persico,
1420 371 1461 392 ex
1485 365 1583 402 patre
1598 359 1730 400 nobili,
1754 359 1811 392 cui
1834 371 1965 393 nomen
1987 361 2054 395 suit
2067 360 2169 402 Hali,
2195 367 2230 395 et

1236 418 1346 445 matre
1362 407 1526 450 Cithara,
1550 409 1681 443 Persici
1697 416 1854 454 satrapae
1871 411 1953 445 filia.
1982 413 2118 457 quoties
2133 412 2229 446 enim

1237 464 1311 508 ipse
1339 462 1448 507 patris
1474 461 1529 494 sui
1560 461 1740 501 meminit,
1775 460 1978 506 Principem
2006 474 2085 496 eum
2118 470 2230 504 vocat,
2278 468 2291 490 ·'

1237 525 1326 560 quae
1345 511 1533 558 appellatio
1555 518 1675 556 postea
1698 513 1736 545 in
1754 512 1826 546 filio
1846 510 1968 548 haesit.
2022 512 2115 548 Puer
2134 527 2151 548 a
2169 526 2230 559 pa-

1238 565 1398 599 rentibus
1424 563 1641 608 praeceptori
1671 563 1828 597 natalino
1854 564 2003 599 traditus
2020 571 2088 606 est,
2115 566 2176 611 qui
2194 566 2233 599 in

1239 617 1310 650 illis
1334 615 1438 650 terris
1461 614 1596 658 ingenii
1622 621 1654 648 et
1677 615 1858 648 doctrinae
1881 615 1985 649 laude
2004 615 2143 651 floruit:
2171 616 2233 662 qui

1239 680 1319 702 cum
1336 666 1634 700 animadverteret
1650 666 1880 700 adolescentis
1895 673 2056 701 naturam
2073 679 2234 712 capacem

1241 730 1314 752 esse
1332 717 1615 761 disciplinarum,
1642 729 1722 750 mox
1743 724 1820 761 post
1837 718 1949 762 prima
1967 719 2137 752 elementa
2155 718 2236 752 lite-

1241 781 1372 807 rarum,
1396 768 1639 809 Dialecticam‚
1664 766 1905 802 Geometriam
1922 775 1954 803 et
1967 766 2235 803 Astronomiam

1242 820 1445 855 discendam
1472 819 1503 852 ei
1523 819 1641 854 tradit.
1693 818 1826 854 Dicunt
1854 827 1990 861 autem,
2016 819 2236 854 Avicennam

1242 870 1469 915 singulariter
1483 869 1694 904 delectatum
1711 882 1783 903 esse
1799 871 1950 905 lectione
1960 869 2132 906 Euclidis.
2150 873 2237 905 adeo

1242 930 1282 958 ut
1298 921 1490 967 Epitomen
1513 921 1550 954 in
1577 918 1672 954 hunc
1695 929 1853 955 autorem
1878 910 2136 967 conscripserit.
2198 921 2239 956 ln
2288 948 2294 960 .

1244 973 1310 1008 hoc
1327 985 1431 1007 cursu
1449 972 1650 1007 studiorum
1669 973 1761 1017 apud
1779 974 2010 1008 domesticum
2034 980 2239 1018 praecepto·
2284 962 2305 993 .¹

1245 1038 1318 1060 rem
1345 1024 1502 1059 substitit
1536 1035 1648 1069 usque
1678 1025 1721 1057 ad
1750 1037 1885 1058 annum
1913 1025 2034 1059 aetatis
2061 1026 2238 1059 decimum

1245 1083 1421 1111 octavum.
1475 1074 1579 1108 Pater
1599 1087 1681 1108 vero
1699 1073 1921 1117 Avicennae,
1953 1076 2014 1121 qui
2035 1084 2068 1110 et
2085 1077 2160 1121 ipse
2183 1076 2240 1110 in·
2288 1076 2295 1084 '

1245 1128 1348 1172 genio
1374 1137 1522 1169 magnus
1544 1125 1630 1166 suit,
1657 1126 1719 1159 ubi
1744 1127 1781 1159 in
1803 1127 1877 1160 filio
1901 1128 2151 1162 animadvertit
2167 1128 2240 1161 vim

1247 1178 1380 1221 ingenii
1398 1185 1430 1210 et
1445 1177 1627 1211 excitatam
1644 1184 1818 1216 naturam,
1847 1179 1959 1212 voluit
1975 1191 2054 1212 eum
2071 1179 2108 1212 in
2125 1179 2240 1213 aulam

1247 1229 1355 1273 Regis
1382 1227 1515 1261 Persici
1542 1228 1703 1268 tradere,
1748 1236 1781 1262 et
1808 1236 1952 1273 propter
1979 1229 2180 1264 varietatem
2208 1236 2242 1263 et

1248 1279 1528 1324 magnitudinem
1569 1279 1792 1321 negotiorum
1836 1277 1981 1314 haberet
2023 1281 2242 1314 occasionem

1248 1331 1431 1365 exercendi
1459 1329 1608 1372 ingenii:
1637 1331 1695 1363 sed
1715 1330 1820 1371 filius,
1843 1332 1905 1376 qui
1922 1332 2022 1364 aulae
2043 1331 2157 1365 studia
2177 1343 2244 1365 no-
2293 1337 2309 1373 3'

1249 1389 1322 1423 rat,
1350 1381 1514 1426 precibus
1532 1393 1548 1414 a
1569 1387 1668 1424 patre
1692 1381 1911 1426 impetravit,
1935 1389 1974 1416 ut
1990 1382 2105 1417 ocium
2123 1384 2166 1416 ad
2187 1383 2245 1416 di·
2294 1381 2298 1392 '

1252 1435 1420 1468 scendum
1438 1433 1505 1466 sibi
1521 1433 1738 1467 concederet.
1792 1432 1896 1467 Pater
1911 1445 2013 1474 vero,
2040 1435 2101 1478 qui
2119 1441 2152 1468 et
2171 1434 2245 1478 ipse

1250 1485 1490 1519 delectabatur
1505 1483 1648 1526 ingenio
1666 1484 1741 1522 filii,
1766 1484 1801 1517 id
1821 1485 1886 1528 ipsi
1903 1485 2083 1525 concessit,
2101 1492 2134 1519 et
2148 1497 2246 1519 com·
2293 1483 2309 1517 2?-

1250 1543 1368 1570 meatu
1402 1535 1612 1569 instructum
1639 1533 1892 1569 Alexandriam
1926 1536 2098 1580 proficisci
2129 1536 2246 1571 iussit:
2291 1527 2300 1544 ⁴

1250 1587 1313 1621 ubi
1349 1583 1466 1621 adhuc
1500 1592 1601 1619 erant
1635 1587 1805 1632 reliquiae
1837 1587 1965 1621 veteris
1997 1588 2247 1622 celeberrimae

1252 1635 1410 1678 scholae,
1438 1649 1527 1682 quae
1549 1637 1615 1669 sub
1631 1636 1852 1682 Aegyptiacis
1873 1637 2033 1682 Regibus
2058 1646 2091 1672 et
2118 1639 2248 1673 deinde

1251 1689 1423 1724 Romanis
1441 1688 1659 1731 temporibus
1677 1688 1881 1722 docentium
1899 1696 1931 1723 et
1949 1689 2160 1723 discentium
2178 1691 2248 1723 sre—

1252 1739 1396 1785 quentia
1422 1739 1553 1772 floruit.
1605 1737 1682 1772 Etsi
1701 1739 1794 1772 enim
1821 1747 1965 1784 propter
1979 1741 2247 1775 Sarracenicum

1253 1790 1453 1835 imperium,
1475 1790 1542 1822 iam
1557 1788 1713 1823 Graecae
1730 1791 1870 1833 linguae
1890 1803 1974 1824 usus
1990 1804 2063 1825 non
2079 1799 2152 1826 erat
2168 1793 2247 1826 vul-

1253 1842 1364 1886 garis,
1391 1848 1424 1875 et
1446 1840 1656 1886 squallidius
1682 1842 1913 1875 tradebantur
1938 1854 2060 1876 omnes
2084 1850 2192 1885 artes,
2216 1851 2249 1879 et

1255 1893 1386 1927 multae
1409 1892 1629 1936 corruptelae
1654 1893 1826 1926 doctrinis
1850 1894 2026 1928 admixtae
2050 1901 2169 1935 erant,
2196 1901 2250 1928 ta—

1255 1957 1334 1978 men
1351 1943 1467 1977 studia
1486 1944 1646 1976 nondum
1665 1955 1809 1987 prorsus
1827 1944 2083 1979 conticuerant.
2121 1943 2250 1980 Adhuc

1256 1996 1303 2029 ibi
1324 1993 1514 2028 haerebant
1531 1994 1702 2039 reliquiae
1717 1996 1889 2040 quaedam
1908 1995 2048 2030 illarum
2065 1997 2252 2042 praecipue

1256 2047 1404 2086 artium,
1432 2046 1562 2091 quibus
1579 2046 1648 2079 vita
1667 2043 1822 2080 humana
1837 2059 1954 2080 carere
1971 2060 2042 2081 non
2061 2055 2185 2092 potest,
2213 2056 2251 2083 nt

1257 2097 1459 2132 Medicinae
1491 2104 1524 2131 ct
1551 2095 1791 2141 Astrologiae:
1833 2098 1966 2131 malitia
1991 2106 2107 2133 autem
2137 2101 2252 2146 gentis
2299 2110 2303 2118 ’

1257 2149 1504 2193 Sarraceujcae
1520 2154 1669 2193 utraque
1688 2149 1813 2182 misera
1833 2156 1906 2183 erat
1923 2151 2129 2186 deformata.

1258 2251 1494 2285 ccrvationem
1513 2251 1833 2294 experimentorum
1851 2253 2008 2286 tradidit.

1362 2302 1430 2336 Pro
1454 2300 1700 2340 Λευ-(1110111111,
1729 2315 1817 2348 quae
1843 2311 1958 2337 motus
1979 2304 2144 2339 coelestes
2161 2314 2253 2341 certa
2296 2328 2305 2336 -

1260 2354 1394 2387 ratione
1411 2354 1574 2391 metitur,
1603 2361 1633 2387 et
1651 2355 1937 2398 apparentiarum
1954 2356 2156 2391 coelestium
2172 2369 2255 2391 cuu—

1260 2418 1312 2438 sas
1333 2413 1365 2438 et
1389 2405 1532 2438 cll'ectus
1559 2404 1724 2449 inquirit.
1753 2406 1940 2439 manticam
1960 2408 2157 2451 quandam,
2184 2409 2254 2441 imo

1261 2456 1429 2498 magicam
1449 2456 1694 2489 divinatricem
1716 2457 1882 2501 protulit,
1911 2456 2014 2491 I'nde
2041 2456 2146 2492 huius
2171 2470 2255 2501 gen-

1261 2508 1303 2541 tis
1323 2509 1510 2540 immanem
1530 2508 1710 2541 saevitiam
1729 2509 1924 2542 diabolicae
1940 2509 2087 2543 astutiae.
2105 2510 2257 2544 coniun-

1261 2567 1350 2592 ctam
1368 2560 1487 2592 11111111ἱ
1511 2559 1604 2591 licetz
1632 2571 1719 2604 quac
1735 2572 1814 2592 cum
1834 2572 1905 2593 non
1924 2567 2034 2603 posset
2056 2560 2091 2593 in
2111 2562 2254 2596 univer-

1262 2623 1338 2643 sutn
1358 2618 1449 2643 artes
1465 2610 1607 2650 tollere,
1638 2617 1752 2643 tamen
1774 2612 1818 2644 ita
1837 2611 2057 2646 deformavit.

1364 2660 1449 2696 Erat
1484 2661 1557 2694 istis
1589 2662 1806 2706 temporibus
1832 2660 2067 2696 Alexandriae
2098 2665 2254 2699 medicus

2183 2150 2252 2186 Pro
2300 2153 2301 2157 ’

1262 2200 1438 2234 Medicina
1474 2199 1568 2232 enim
1599 2199 1812 2233 ineruditam
1841 2208 1872 2233 et
1898 2201 2148 2235 confusaneam
2173 2215 2253 2237 coa·
2298 2210 2307 2238 t
