2338 2958
221 135 297 173 279

228 220 383 265 profecto
404 219 543 253 laudem
568 214 700 259 ingenii
716 221 750 249 et
766 213 976 248 eruditionis
993 214 1137 258 largiter
1150 214 1216 248 tri-

228 273 312 307 buo.
369 269 438 304 Sed
470 267 569 302 nolui
595 266 706 299 videri
735 265 911 299 morosior
939 266 976 298 in
1010 266 1216 304 recusando,

230 334 308 356 cum
328 319 419 354 hanc
437 329 576 363 operam
601 329 619 350 a
636 329 691 349 me
708 314 814 349 homo
835 316 1066 350 amicissimus
1082 316 1216 359 {lagita—

230 379 295 407 ret.
350 370 481 403 Verum
504 367 588 401 nolo
607 367 659 401 uti
681 367 841 411 longiore
865 367 1103 408 excusatione-3
1135 378 1216 399 narn

232 423 358 467 opinor
380 431 493 453 mores
515 429 613 451 meos
635 418 718 452 satis
738 418 904 462 probatos
921 417 1021 451 vobis
1036 428 1119 452 esse.
1173 414 1219 450 Et

235 471 318 506 haec
343 477 423 503 sunt
448 469 636 514 praecipue
656 480 696 502 ex
721 481 762 502 eo
787 479 931 513 genere,
965 468 1003 501 in
1028 480 1098 514 quo
1127 468 1220 501 valet

231 522 441 555 versiculus:

317 567 430 609 τρόπος
451 567 528 599 ἐσθ’
552 565 568 599 ὃ
591 567 710 598 πείθων
731 569 786 597 τοῦ
810 567 967 608 λέγοντος,
998 566 1035 598 οὗ
1057 562 1156 606 λόγος.

232 615 293 659 qui
319 614 386 653 ait,
422 625 538 646 mores
562 611 709 646 dicentis
733 613 960 655 persuadere,
992 623 1065 644 non
1090 610 1222 644 oratio-

232 677 324 698 nem.
364 662 429 699 Est
439 671 553 697 autem
571 663 705 707 optimo
723 662 872 696 consilio
891 662 1090 695 institutum
1102 686 1112 700 ,
1129 667 1167 695 ut
1183 661 1222 694 in

231 713 288 748 his
304 715 442 759 pompis
453 741 461 753 ,
489 721 548 747 aut
566 715 609 746 de
625 712 769 751 studiis,
796 719 857 746 aut
872 714 915 745 de
931 713 1034 745 laude
1049 712 1221 746 virtutum

233 766 381 801 dicatur.
443 764 561 807 Quare
583 770 622 798 ut
645 771 890 806 argumentum
908 763 1123 796 conveniens
1141 760 1222 795 huic

232 817 310 850 loco
332 815 515 855 afferrem,
548 821 578 848 et
605 814 738 859 aliquid
762 816 804 846 de
820 814 990 857 dignitate
1017 820 1050 847 et
1071 813 1223 847 utilitate

234 864 359 900 harum
386 866 533 905 artium,
565 876 651 910 quas
676 862 906 908 Philosophia
935 865 1135 908 profitetur,
1169 864 1223 896 di-

234 929 366 956 cerem,
398 916 535 949 institui
565 916 780 956 orationem,
822 916 858 948 in
890 927 957 960 qua
992 915 1223 952 ostenderem,

232 966 409 1001 Ecclesiae
426 978 513 1010 opus
526 978 597 1000 esse
612 966 749 999 liberali
767 966 982 1007 eruditione,
1009 973 1041 1000 et
1057 978 1128 999 nou
1147 973 1223 998 tau-

234 1025 308 1052 tum
336 1018 536 1062 cognitione
560 1016 835 1057 Grammaticos,
869 1018 927 1050 sed
954 1017 1057 1052 etiam
1074 1017 1223 1050 aliarum

235 1069 426 1102 multarum
442 1068 571 1101 artium
589 1074 624 1101 et
638 1065 889 1112 Philosophiae
902 1068 1061 1103 scientia.
1114 1067 1223 1109 Quod

235 1132 312 1152 cum
329 1120 376 1153 ita
394 1131 465 1152 esse
481 1125 689 1159 statuemus,
713 1119 787 1152 etsi
807 1119 894 1152 aliae
911 1130 1032 1152 causae
1043 1119 1085 1151 ad
1103 1119 1219 1151 diceu-

236 1171 320 1204 dum
340 1171 491 1203 invitant
504 1197 513 1211 ,
541 1178 658 1202 tamen
676 1169 788 1202 bonae
806 1176 939 1202 mentes
956 1170 993 1202 in
1010 1167 1104 1202 hunc
1122 1170 1225 1201 linem

236 1221 422 1265 praecipue
454 1228 485 1254 et
512 1221 680 1253 acerrime
711 1220 841 1253 intueri
868 1221 1013 1259 debent,
1047 1227 1085 1253 ut
1110 1219 1224 1253 studia

236 1272 278 1304 ad
311 1272 501 1305 iuvandam
533 1278 566 1305 et
594 1271 789 1304 ornandam
827 1269 1021 1304 Ecclesiam
1057 1271 1226 1310 reseraut3

236 1320 328 1355 nihil
354 1323 447 1355 enim
473 1322 576 1355 bonis
599 1321 739 1354 dulcius
753 1319 929 1355 Ecclesiae
946 1321 1107 1359 nomine,
1136 1319 1226 1353 nihil

238 1385 277 1406 ea
296 1373 408 1406 carius
428 1384 499 1405 esse
517 1373 631 1406 debet.
696 1370 791 1405 Haec
808 1384 909 1404 causa
926 1372 1076 1405 maxime
1092 1369 1227 1404 hortari

238 1430 270 1456 et
289 1424 438 1457 excitare
454 1435 518 1456 nos
534 1424 656 1463 debet,
683 1429 721 1455 ut
748 1435 883 1455 summa
907 1423 1133 1455 contentione
1149 1421 1227 1455 aui-

238 1486 377 1507 morum
402 1481 603 1517 expetamus
628 1473 816 1516 perfectam
843 1473 1063 1513 doctrinam,
1100 1485 1139 1505 ex
1159 1484 1227 1517 qua

237 1526 279 1558 ad
298 1524 474 1569 Rempub.
492 1532 524 1558 et
541 1525 584 1557 ad
602 1521 795 1556 Ecclesiam
815 1523 948 1557 utilitas
970 1523 1087 1568 aliqua
1105 1535 1227 1566 perve-

238 1576 316 1609 nire
341 1575 460 1620 possit.
519 1573 590 1608 Nec
618 1585 701 1607 vero
729 1573 831 1606 nobis
849 1573 1136 1618 praeceptoribus
1153 1574 1229 1616 dig-

238 1627 319 1659 nior
342 1633 392 1659 est
416 1624 528 1658 oratio
552 1625 595 1657 de
617 1623 690 1657 ulla
714 1636 750 1657 re
775 1624 861 1664 alia,
895 1637 957 1657 nec
986 1624 1088 1657 bouis
1107 1631 1140 1657 et
1156 1632 1229 1657 stu—

239 1677 347 1710 diosis
371 1677 556 1721 quicquam
577 1674 699 1708 utilius
730 1681 799 1714 est,
833 1687 936 1719 quam
965 1675 1084 1708 animo
1115 1676 1230 1713 finem,

241 1734 275 1761 et
291 1727 388 1772 quasi
408 1734 534 1759 metam
552 1723 789 1759 honestissimi
807 1738 928 1759 cursus
944 1726 1160 1770 prospicere,
1187 1727 1228 1758 ad

240 1790 345 1823 quam
364 1778 493 1811 referre
510 1788 571 1810 sua
591 1776 707 1810 studia
727 1777 869 1810 debent.

343 1833 487 1870 Adhaec
510 1835 637 1869 artium
667 1835 821 1879 ipsarum
843 1835 996 1878 dignitas
1021 1842 1052 1868 et
1081 1836 1133 1868 vis
1158 1848 1229 1869 non

241 1887 326 1921 alibi
352 1887 462 1930 magis
492 1886 647 1929 conspici
681 1893 811 1930 potest,
850 1900 955 1931 quam
981 1887 1007 1919 si
1041 1887 1232 1925 xideamus,

242 1945 414 1984 quantum
431 1949 520 1982 opus
530 1938 572 1971 sit
590 1937 660 1970 illis
674 1937 710 1969 in
721 1935 894 1977 Ecclesia,
921 1938 1062 1982 quantis
1079 1938 1232 1971 tenebris

242 1990 370 2023 obruat
403 1988 538 2022 inscitia
563 1987 790 2031 religionem,
832 1996 998 2032 quantam
1024 1988 1231 2026 vastitatem,

243 2052 348 2086 quam
365 2038 554 2073 horribiles
569 2039 814 2083 dissipationes
831 2037 1087 2078 Ecclesiarum,
1118 2051 1230 2084 quan-

244 2100 314 2125 tam
345 2091 542 2123 barbariem
571 2098 601 2123 et
623 2090 865 2122 confusionem
891 2090 997 2123 totins
1014 2087 1156 2123 linitiani
1175 2102 1232 2131 ge-

245 2142 338 2174 neris
364 2142 485 2184 pariat.
546 2139 639 2173 llaec
661 2141 689 2173 si
716 2141 794 2186 quis
817 2141 1072 2181 considerabit,
1107 2141 1153 2174 ita
1172 2142 1232 2173 ‹te-

245 2205 340 2225 mnm
358 2192 554 2225 existimare
579 2192 723 2235 poterit,
749 2198 878 2236 quanta
902 2192 946 2225 sit
970 2192 1097 2229 artium
1115 2204 1152 2225 ac
1169 2193 1231 2224 du-

246 2244 377 2276 ctrinae
397 2243 447 2275 xis
466 2250 497 2275 et
517 2243 733 2285 magnitudo.

347 2293 419 2327 Etsi
448 2301 562 2326 autem
589 2293 686 2326 nulla
711 2293 824 2326 oratio
849 2305 911 2337 par
932 2293 1036 2326 tantis
1055 2294 1158 2326 rebus
1175 2305 1234 2326 ex-

246 2345 388 2386 cogitari
410 2351 537 2387 potest,
565 2351 680 2377 tamen
704 2356 782 2377 cnm
807 2344 851 2376 ab
867 2345 1037 2388 imperitis
1061 2356 1159 2388 saepe
1181 2357 1231 2377 se-

246 2403 369 2428 rantur
391 2396 433 2426 de
456 2392 518 2427 hac
543 2407 579 2427 re
610 2407 735 2439 pravae
760 2395 964 2439 opiniones,
998 2396 1234 2429 adolescentes

246 2446 412 2478 monendi
439 2453 469 2478 et
495 2446 760 2488 praemuniendi
787 2453 884 2478 sunt:
913 2448 1006 2491 quod
1032 2459 1233 2491 quanquam

249 2498 284 2529 in
319 2494 447 2529 scholis
477 2497 509 2529 fit
546 2509 562 2528 a
590 2497 872 2540 praeceptoribus
897 2497 1075 2542 qttotidie,
1118 2505 1232 2530 tamen

246 2547 377 2584 oratio,
411 2559 498 2591 quae
524 2544 587 2579 hoc
621 2548 695 2580 loco
727 2545 874 2580 habetur
907 2549 1047 2589 publico
1080 2549 1234 2587 nomine,

247 2599 325 2642 plus
343 2598 539 2631 autoritatis
569 2596 696 2631 habere
718 2600 831 2633 «lebet.
884 2597 944 2631 Est
961 2600 1053 2631 euim
1072 2600 1232 2631 oninium

245 2649 527 2681 doctissimorum
547 2648 701 2681 sitorum
723 2649 757 2681 iu
775 2647 839 2681 hoc
857 2662 1019 2683 consessu
1036 2651 1232 2682 coium-inis

245 2701 434 2737 sententia.
462 2711 565 2745 quam
591 2707 814 2733 contemnere
840 2701 994 2744 prosi-cto
1013 2701 1114 2734 suerit
1132 2714 1230 2734 arro·

872 126 1031 166 DECL.
1072 125 1149 164 DE
1181 123 1608 163 PHtLOSOPHlA.

1258 2581 1261 2590 ¹
1287 2549 1397 2581 forma
1413 2548 1594 2582 orationis.

2178 126 2255 162 280

2230 189 2244 202 Ὦ

1267 211 1523 257 gantissimum.
1585 209 1704 253 Quare
1727 222 1806 245 cum
1827 217 1862 246 et
1884 213 2076 247 necessaria
2101 209 2257 258 Reipub.

1268 271 1303 298 et
1318 263 1419 297 vobis
1437 262 1601 296 salutaria
1617 261 1749 302 dicam,
1774 268 1807 295 et
1824 259 1909 296 haec
1923 275 2000 297 mea
2018 276 2084 298 vox
2100 277 2260 299 commu·

1270 326 1350 347 nem
1375 313 1534 346 omnium
1560 312 1659 345 vobis
1684 312 1892 346 sententiam
1920 322 2087 358 exponat,
2118 322 2198 360 peto
2220 323 2261 350 ut

1271 377 1326 398 me
1351 376 1416 408 pro
1438 370 1551 396 vestra
1577 360 1797 396 humanitate
1820 363 2007 405 diligenter
2032 366 2199 406 audiatis,
2226 372 2260 400 et

1271 414 1462 454 admoniti,
1499 426 1572 447 non
1595 420 1732 447 tantum
1756 413 1845 447 sicut
1863 412 1997 459 Ulyssis
2016 416 2099 448 socii
2119 416 2261 451 Sirenas

1272 465 1459 499 obstructis
1476 465 1620 498 auribus
1635 464 1859 508 praetervecti
1874 472 1955 498 sunt
1966 492 1975 505 ‚
2002 465 2048 498 ita
2061 478 2122 499 vos
2137 478 2260 502 eorum

1274 517 1392 561 inepta
1422 516 1570 556 iudicia,
1602 515 1663 560 qui
1691 527 1763 548 non
1794 522 1919 558 putant
1942 513 2116 550 Ecclesiae
2139 518 2264 551 admo-

1273 569 1357 601 dum
1373 578 1460 611 opus
1476 578 1548 600 esse
1565 566 1701 599 liberali
1718 565 1917 600 eruditione
1926 566 2086 610 fugiatis,
2108 568 2166 601 sed
2185 568 2267 602 illos

1273 618 1368 663 ipsos
1393 625 1560 662 tanquam
1585 617 1780 650 teterrimas
1803 623 1917 660 pestes
1946 623 1980 650 et
2001 619 2076 651 dira
2102 625 2266 663 portenta

1274 668 1495 703 execremini.
1549 667 1686 702 Deinde
1710 674 1810 701 acuat
1827 674 1859 701 et
1878 667 2001 701 excitet
2026 669 2183 702 discendi
2204 682 2266 703 cu-

1274 731 1371 760 ram,
1405 720 1499 764 quod
1525 719 1639 752 studia
1665 725 1778 751 vestra
1801 719 1843 751 ad
1873 716 2066 752 Ecclesiam
2094 731 2132 753 ac
2156 719 2268 755 Rern-

1275 770 1357 814 pub.
1377 770 1571 813 pertinent,
1598 781 1660 802 nec
1680 776 1817 803 tanturn
1836 781 1876 802 ex
1894 770 1964 802 illis
1982 771 2116 814 privata
2131 771 2267 805 utilitas

1276 827 1310 854 et
1326 820 1487 864 voluptas
1510 820 1651 863 petitur.

1380 870 1537 904 Primum
1561 870 1654 903 enim
1680 870 1827 903 omnino
1844 870 1922 903 ilias
1946 870 2121 904 malorum
2138 877 2189 905 est
2213 871 2269 905 in-

1278 922 1414 955 erudita
1440 919 1647 964 'l'heologia.
1708 919 1773 954 Est
1790 921 1884 953 enim
1907 922 2117 955 confusanea
2135 923 2268 956 doctri-

1278 985 1342 1013 na,
1376 973 1413 1005 in
1438 983 1505 1016 qna
1537 983 1683 1014 magnae
1706 983 1758 1004 res
1785 983 1858 1004 non
1884 972 2103 1016 explicantur
2130 973 2270 1015 diserte,

1277 1024 1470 1056 miscentur
1492 1034 1531 1055 ea
1553 1034 1642 1068 quae
1667 1023 1850 1067 oportebat
1874 1023 2026 1066 seiungi,
2062 1035 2183 1057 rursus
2209 1025 2271 1058 itta

1279 1087 1367 1119 quae
1407 1081 1533 1107 natura
1575 1073 1741 1115 coniungi
1786 1073 1958 1117 postulat,
2009 1071 2271 1108 distrahuntur:

1279 1137 1380 1168 saepe
1409 1124 1601 1169 pugnantia
1619 1124 1804 1163 dicuntur,
1830 1124 1945 1157 vicina
1967 1125 2188 1168 arripiuntur
2206 1137 2270 1170 pro

1279 1177 1371 1209 veris
1393 1188 1432 1209 ac
1454 1175 1618 1219 propriis.
1677 1174 1859 1208 Postremo
1885 1181 1956 1208 tota
1979 1175 2139 1208 doctrina
2165 1189 2271 1210 mou-

1280 1234 1389 1260 strosa
1407 1233 1473 1266 est,
1500 1233 1534 1259 et
1549 1225 1674 1258 similis
1691 1226 1741 1258 illi
1761 1225 1915 1269 picturae
1930 1227 2022 1269 apud
2039 1224 2246 1261 Horatium:

1406 1280 1546 1309 Humano
1565 1282 1653 1319 capiti
1669 1283 1814 1309 cervicem
1831 1282 1927 1318 pictor
1942 1283 2084 1320 equinam

1408 1330 1535 1370 iungere
1551 1334 1575 1360 si
1589 1333 1659 1360 vetit
1673 1355 1680 1368 ,
1707 1338 1735 1359 et
1753 1333 1845 1359 varias
1861 1332 2001 1360 inducere
2019 1334 2148 1371 plumes,

1279 1376 1380 1412 Nihil
1398 1379 1435 1411 in
1453 1391 1490 1411 ea
1512 1377 1695 1417 cohaeret,
1724 1391 1796 1410 non
1819 1378 1940 1418 initia,
1965 1391 2038 1411 non
2059 1378 2274 1421 progressio-

1283 1442 1360 1470 nes,
1396 1442 1467 1462 non
1499 1429 1612 1462 exitus
1636 1429 1729 1461 cerni
1761 1437 1918 1472 possunt.
1983 1428 2082 1462 Talis
2111 1429 2273 1463 doctrina

1282 1493 1354 1513 non
1368 1487 1479 1523 potest
1497 1492 1567 1513 non
1587 1479 1728 1522 gignere
1745 1480 1900 1513 infinitos
1916 1491 2071 1521 errores,
2098 1479 2273 1513 infinitam

1282 1531 1546 1573 dissipationem
1558 1557 1567 1569 ,
1591 1531 1671 1575 quia
1689 1530 1724 1562 in
1742 1537 1838 1563 tanta
1855 1531 2060 1564 confusione
2075 1531 2166 1564 alius
2175 1531 2273 1564 aliud

1283 1581 1468 1623 iutelligit,
1495 1588 1528 1614 et
1552 1582 1636 1614 dum
1660 1593 1763 1614 suum
1787 1581 1934 1626 quisque
1950 1582 2127 1614 somnium
2152 1583 2277 1615 desen-

1283 1632 1354 1672 dit‚
1389 1632 1540 1666 existunt
1557 1631 1749 1665 certamina
1777 1639 1808 1664 et
1826 1632 2071 1666 dissensiones.
2126 1632 2273 1667 Interim

1283 1683 1514 1716 conscientiae
1544 1682 1798 1727 relinquuntur
1825 1684 2052 1726 ambigentes.
2119 1682 2166 1718 Et
2191 1683 2274 1729 quia

1283 1734 1402 1766 nullae
1430 1732 1594 1779 Erynnes
1633 1731 1875 1767 vehementius
1913 1735 2068 1767 cruciant
2104 1735 2276 1775 animum,

1284 1797 1388 1829 quam
1415 1782 1499 1817 h.·ec
1522 1784 1696 1818 dubitatio
1723 1785 1766 1816 de
1796 1785 1985 1826 religione,
2020 1787 2161 1819 tandem
2191 1786 2274 1819 odio

1285 1836 1438 1880 quodam
1455 1835 1619 1868 abiit-itur
1635 1835 1797 1868 universa
1816 1836 1938 1879 religio
1952 1863 1960 1876 ,
1987 1843 2019 1869 et
2036 1837 2123 1870 lium
2140 1826 2274 1871 menites

1286 1884 1488 1931 prophanae
1511 1893 1540 1918 et
1560 1884 1766 1929 Epicureae.

1386 1936 1476 1969 Cum
1511 1937 1618 1979 igitur
1648 1944 1784 1969 tautum
1816 1934 1941 1970 habeat
1981 1937 2064 1970 mali
2097 1937 2274 1972 inerudita

1285 1985 1499 2030 'l'lteologia,
1533 1988 1634 2020 facile
1658 1987 1804 2021 iudicari
1829 1995 1961 2032 potest,
1994 1986 2171 2021 Ecclesiae
2186 2000 2275 2032 opus

1287 2051 1358 2071 esse
1377 2039 1495 2071 multis
1516 2038 1651 2081 iiiaguis
1665 2039 1809 2072 artibus.
1864 2038 1951 2072 Nam
1972 2039 2013 2070 ad
2034 2039 2277 2080 iudicandum,

1285 2097 1318 2123 et
1337 2091 1377 2122 ad
1398 2097 1490 2123 recte
1509 2096 1542 2122 et
1559 2089 1714 2122 dilucide
1732 2089 1954 2132 explicandas
1970 2101 2024 2122 res
2044 2089 2223 2124 intricatas
2241 2099 2276 2125 et

1285 2141 1470 2178 obscuras,
1498 2152 1570 2173 non
1597 2139 1679 2173 satis
1699 2146 1748 2172 est
1771 2151 1873 2173 nosse
1897 2138 1980 2173 haec
2002 2141 2157 2183 vulgaria
2177 2153 2276 2185 prae-

1286 2199 1381 2235 cepta
1407 2190 1662 2224 Grammaticos
1688 2198 1719 2224 et
1748 2190 1976 2228 Dialectici-s,
2018 2193 2077 2224 sed
2107 2204 2195 2237 opus
2224 2199 2275 2228 est

1287 2242 1473 2286 multiplici
1498 2241 1676 2282 doctrina,
1715 2242 1824 2274 inulta
1847 2242 1942 2274 euim
1967 2244 2176 2276 asstimenda
2193 2251 2277 2279 suut

1286 2305 1325 2325 ex
1344 2291 1523 2339 Physicis,
1555 2292 1665 2326 multa
1689 2305 1727 2325 ex
1753 2290 1982 2336 Philosophia
2008 2294 2132 2327 morali
2155 2295 2275 2328 confe-

1288 2345 1394 2377 renda
1415 2351 1494 2377 snnt
1514 2345 1555 2376 ad
1573 2343 1768 2376 doctrinam
1786 2341 2036 2377 Christianam.

1389 2394 1526 2428 Deinde
1547 2395 1635 2427 dnae
1656 2407 1709 2427 res
1733 2402 1833 2433 sunt,
1859 2397 1900 2427 ad
1919 2406 2005 2440 quas
2021 2397 2274 2440 ciiniparandat

1287 2459 1374 2489 opus
1390 2453 1437 2479 est
1456 2458 1578 2488 magna
1600 2453 1630 2479 et
1651 2446 1745 2477 racia
1764 2446 1923 2479 doctrina
1936 2473 1944 2484 ,
1970 2452 2003 2479 et
2020 2446 2121 2488 longa
2141 2447 2272 2480 exerci—

1288 2498 1419 2530 tatione
1445 2498 1479 2530 in
1497 2497 1617 2529 multis
1643 2496 1790 2535 artibus,
1820 2497 1997 2535 xidelicet,
2030 2495 2217 2531 methodus
2238 2505 2273 2533 et

1649 2547 1760 2581 Nem.»
1775 2547 1868 2579 enim
1887 2547 1959 2580 sieri
1976 2547 2095 2580 artis-*1
2115 2546 2272 2582 methodi

1287 2607 1418 2642 potest,
1441 2599 1506 2632 nisi
1529 2601 1614 2631 bene
1632 2606 1661 2631 et
1683 2599 1747 2631 rite
1759 2599 1968 2631 assiu-sactus
1985 2598 2019 2630 iu
2033 2597 2273 2644 Philosophia,

1285 2659 1314 2682 et
1334 2651 1476 2694 quidem
1501 2650 1535 2682 in
1562 2648 1626 2682 hor
1645 2662 1716 2682 nno
1737 2661 1862 2691 genere
1883 2647 2152 2694 Philosophiae,
2179 2652 2273 2696 quod

1284 2702 1438 2735 alienum
1465 2708 1513 2734 est
1533 2715 1550 2735 a
1569 2698 1786 2745 Sopliistica,
1823 2701 1917 2745 quod
1945 2701 2127 2736 irritantem
2150 2701 2274 2735 ordine
