2338 2958
192 109 265 145 523

296 189 404 234 Digni
426 194 517 223 certe
541 185 792 229 Imperatores,
819 192 972 226 quorum
997 191 1052 214 res
1072 185 1185 223 gestae

196 246 232 277 in
248 238 530 286 singulisharum
547 234 703 279 gentium
718 232 868 267 urbibus
885 230 1024 276 publice
1034 236 1187 276 quotan-

197 296 251 328 nis
276 295 524 327 decantentur,
555 286 648 331 quod
675 285 832 328 ipsorum
859 294 965 327 opera
985 278 1188 316 Christiana

198 345 320 388 religio
339 343 379 375 ad
397 339 462 373 hos
479 337 629 382 populos
646 335 799 379 primum
817 333 861 368 sit
875 333 1053 367 translata.
1090 330 1188 374 Quid

199 403 312 429 autem
330 390 554 425 Eleiuosinae
570 384 818 423 Constantini,
846 384 932 429 quid
956 382 1119 417 immensi
1138 382 1189 415 la-

199 449 300 479 bores
318 441 456 480 Caroli,
481 449 693 482 magnopere
718 435 918 481 profuerint
943 432 1128 475 Ecclesiis,
1154 433 1192 465 in

200 495 327 541 quibus
372 491 566 535 impiorum
614 495 648 522 et
692 487 940 521 sceleratorum
980 484 1192 518 Pontificum

202 546 311 579 libido
331 541 556 576 anteferenda
572 540 615 573 sit
633 539 889 583 Imperatorum
910 536 1064 580 legibus,
1089 542 1193 580 atque

202 594 470 638 Magistratibus
488 592 647 635 adempta
665 595 815 633 potestas
831 587 877 622 sit
888 584 1194 620 animadvertendi

202 649 238 680 in
267 647 428 678 doctores
460 641 609 686 impios,
643 640 708 673 soli
734 638 959 682 Magistratui
984 638 1021 670 in
1048 635 1196 680 reliquis

203 695 378 730 mandatis
393 707 410 727 a
429 693 505 728 Deo
522 691 625 725 data?
677 689 786 723 Multi
810 695 979 734 perpetuo
996 687 1074 721 ocio
1092 693 1125 720 et
1141 686 1197 719 lu-

204 748 303 781 xuria
331 745 444 778 effecti
471 743 618 776 fuissent
648 739 835 784 Epicurei,
868 739 1072 773 derisissent
1102 736 1198 770 iudi-

206 799 299 832 cium
319 796 394 833 Dei,
418 794 631 827 iudicassent
646 789 880 834 Evangelium
897 790 1098 823 fabulosum
1115 798 1198 822 esse.

205 849 340 887 Postea,
367 857 446 879 cum
460 845 598 876 animus
617 843 777 886 impurus
793 846 891 881 esset,
919 852 991 873 non
1008 847 1200 883 temperas-

207 907 282 933 sent
308 910 342 930 se
367 897 411 930 ab
437 894 565 938 apertis
588 892 767 926 maleficiis
792 892 913 926 etiam:
949 888 1068 924 nonne
1093 889 1200 922 satius

206 951 327 984 fuisset
343 946 488 980 servatis
504 945 658 979 cultibus
675 943 866 981 idolorum,
895 942 1023 987 quibus
1040 951 1200 974 assueve-

208 1007 287 1034 rant
307 1005 386 1032 ante
404 996 572 1031 Carolum
597 994 769 1037 Magnum
787 993 959 1033 Vandali,
986 991 1098 1031 Dani,
1125 1002 1202 1024 cae-

209 1051 344 1095 terique
369 1048 539 1081 idolatrae
567 1044 761 1084 Germani,
796 1044 968 1088 populum
998 1041 1142 1076 retineri
1165 1040 1202 1073 in

211 1102 338 1137 officio,
366 1105 469 1143 atque
485 1104 577 1130 certa
593 1095 778 1140 disciplina
795 1093 984 1134 assuefieri,
1008 1100 1049 1126 ut
1062 1091 1204 1126 statuis-

211 1160 261 1186 set
278 1149 342 1183 hos
357 1151 440 1182 deos
456 1146 628 1194 (quorum
647 1147 775 1191 opibus
791 1157 826 1179 se
843 1144 958 1179 iuvari
976 1140 1204 1188 opinabatur)

212 1201 374 1236 homines
399 1212 462 1243 pro
482 1198 610 1231 scelere
631 1197 788 1241 ipsorum
808 1195 929 1229 ulcisci
951 1194 1057 1227 velle:
1085 1199 1205 1225 contra

213 1265 295 1286 vero
319 1248 644 1292 obtemperantibus
667 1246 823 1290 praemia
841 1256 914 1278 non
930 1245 1093 1276 defutura
1110 1242 1207 1274 esse?

214 1304 370 1337 Praestat
404 1299 496 1333 enim
530 1297 696 1330 omnibus
728 1295 844 1328 modis
877 1295 1032 1339 aliquam
1061 1291 1207 1326 retineri

214 1352 457 1396 disciplinam,
510 1359 614 1393 quarn
649 1346 862 1380 Pontificum
905 1344 1058 1378 amentia
1099 1350 1207 1377 totam

215 1417 234 1438 e
257 1403 390 1436 mundo
414 1400 491 1434 tolli
515 1398 702 1432 iusticiam.

316 1453 418 1487 Certe
443 1449 510 1484 hoc
525 1457 661 1483 tantum
679 1447 947 1481 incommodum
963 1445 1046 1478 satis
1065 1455 1208 1488 perspe-

215 1512 310 1540 xerat
324 1501 412 1537 Otto
425 1529 434 1542 ‚
461 1509 494 1535 et
510 1501 646 1534 viderat
672 1497 767 1532 haud
789 1497 896 1531 dubie
913 1494 978 1529 hos
1003 1493 1209 1529 utilissimos

216 1553 441 1591 Constantini
465 1559 498 1586 et
522 1550 640 1585 Caroli
663 1550 801 1583 labores
824 1547 925 1581 facile
950 1546 1126 1590 perituros
1142 1542 1211 1577 Ec—

219 1607 365 1647 clesiae,
393 1603 461 1636 nisi
480 1609 512 1635 et
531 1614 592 1634 suo
617 1600 776 1643 exemplo
791 1599 931 1632 doceret
954 1603 1129 1641 posterOS,
1157 1594 1210 1626 ius

221 1653 528 1691 animadvertendi
559 1652 595 1683 in
628 1650 815 1684 Pontifices
843 1659 949 1693 penes
979 1646 1210 1691 Imperatores

220 1719 308 1742 esse:
337 1713 370 1739 et
387 1705 459 1747 lege
476 1703 579 1736 etiam
594 1701 721 1734 sanciri
739 1706 894 1739 curaret,
917 1697 1103 1731 autoritate
1121 1695 1212 1729 Leo—

221 1759 277 1793 nis
308 1755 438 1795 octavi,
474 1753 651 1786 neminem
685 1752 761 1784 loco
794 1748 977 1783 Pontificis
1009 1745 1212 1780 habendum

222 1821 313 1848 esse,
341 1806 408 1839 nisi
432 1803 618 1838 autoritate
637 1800 863 1846 Imperatoris
886 1805 972 1832 esset
990 1797 1213 1836 constitutus,

221 1873 289 1906 quo
315 1856 461 1891 Ottonis
486 1855 624 1888 decreto
640 1880 647 1893 ,
683 1852 763 1897 quia
789 1863 861 1884 non
886 1849 981 1884 stetit
1007 1848 1213 1892 Imperator,

223 1911 282 1957 qui
302 1907 473 1942 Ottonem
489 1912 626 1938 secutus
646 1910 696 1937 est
709 1930 717 1944 ,
744 1901 920 1935 Henricus
937 1900 1092 1945 quintus,
1118 1898 1213 1943 quod

224 1960 343 1995 omnia
368 1969 489 1991 rursus
513 1955 698 1989 donaverit
722 1952 878 1993 Calixto,
912 1951 987 1984 iure
1012 1950 1055 1983 ab
1080 1946 1215 1983 Ottone

224 2009 454 2046 Pontificibus
478 2008 651 2045 detracta,
686 2015 809 2037 eorum
839 2013 986 2036 numero
1016 1998 1216 2039 habebitur,

224 2064 282 2108 qui
306 2068 447 2105 propter
466 2057 676 2101 imperitiam
696 2054 783 2098 lapsi
809 2052 978 2086 maximas
1003 2050 1215 2084 calamitates

223 2112 444 2147 Christianae
463 2108 662 2141 intulerunt
678 2103 865 2139 Ecclesiae.

329 2161 500 2203 Magnum
521 2159 626 2201 igitur
651 2157 828 2195 laborem,
854 2160 892 2188 ut
906 2152 1100 2187 Ecclesiam
1118 2151 1217 2184 iuva-

227 2224 276 2248 ret
290 2242 297 2251 ,
326 2211 472 2255 sumpsit
490 2209 554 2243 sibi
572 2207 838 2246 Constantinus,
866 2215 1032 2247 magnum
1052 2203 1132 2236 item
1149 2201 1215 2235 Ca-

228 2267 341 2303 rolus,
370 2265 427 2295 sed
448 2261 618 2293 minorem
638 2256 725 2291 Otto
741 2268 973 2302 nequaquam.
1029 2253 1108 2287 Non
1124 2252 1216 2286 enim

228 2317 344 2348 minor
370 2320 418 2345 est
445 2312 574 2349 virtus,
601 2321 705 2354 quam
730 2319 896 2354 quaerere
918 2312 1015 2350 parta
1043 2304 1154 2343 tueri,
1181 2310 1218 2336 ut

419 2363 490 2395 lmo
512 2361 538 2393 si
557 2361 755 2393 audiendus
771 2355 1027 2392 Demosthenes
1042 2362 1108 2389 est:
1132 2355 1216 2388 not<

230 2416 329 2453 ).rim;
348 2413 448 2447 δοκεῖ
468 2411 540 2459 γὰρ
564 2408 721 2456 φύλαξαι
752 2409 780 2443 r‘
804 2406 935 2457 ἀγαθὰ
956 2409 1018 2441 τοῦ
1041 2403 1216 2461 nilon-9051

228 2463 480 2512 χυλνῖῐυίνερογ
499 2461 601 2497 εἶναι,
643 2461 717 2494 lloc
730 2469 792 2500 est,
815 2459 958 2493 maioris
973 2456 1218 2502 saep-:negocii

231 2526 300 2559 est,
338 2515 502 2554 retineri,
538 2525 624 2558 (piae
649 2510 825 2546 habentur
856 2511 966 2550 bona,
1002 2520 1107 2554 (stiam
1132 2519 1219 2552 quae

231 2583 301 2602 non
320 2565 494 2599 habentur
507 2589 513 2600 .
543 2575 676 2608 parare.

330 2620 445 2660 Quam
459 2615 582 2657 igitur,
607 2614 632 2646 si
654 2614 782 2645 xivcret
800 2610 901 2651 Otto,
929 2611 1032 2644 vellet
1052 2608 1117 2643 sibi
1133 2607 1220 2640 arni-

231 2671 345 2702 ‹imm
364 2680 434 2700 esse
452 2678 530 2699 cum
549 2664 773 2707 Principibus
791 2671 991 2697 nostrorum
1012 2669 1222 2704 temporum,

230 2368 287 2399 ille
304 2366 360 2397 ait.

674 96 832 133 DECL.
874 93 947 131 DE
980 90 1385 129 IMPERATORE
1418 89 1668 130 OTTONE
1703 95 1735 133 1.

2157 97 2230 136 524

1238 177 1300 224 qui
1321 188 1395 210 non
1420 183 1491 211 tarn
1521 177 1690 223 opinione
1709 192 1814 226 quam
1836 189 1932 217 metu
1950 183 2101 228 patriam
2119 184 2232 219 virtu-

1239 237 1309 263 tem
1333 227 1578 272 proiieientes,
1611 229 1806 275 quinetiam
1829 233 1912 267 vino
1940 234 2155 281 caeterisque
2177 247 2234 269 re-

1240 280 1305 313 bus
1329 279 1372 312 ad
1395 278 1572 312 luxuriam
1588 280 1850 324 pertinentibus
1873 284 2108 327 effoeminati,
2132 286 2235 330 papi·
2273 320 2282 327 ,

1241 330 1345 363 sticae
1361 329 1524 363 factionis
1540 331 1783 366 crudelitatem
1799 329 1963 368 horrent:
1983 342 2017 370 et
2031 348 2235 381 quanquam

1243 382 1374 414 bonam
1399 388 1532 424 partem
1558 381 1739 416 doctrinae
1764 383 1980 426 intelligant,
2012 392 2128 421 tamen
2152 387 2236 432 quia

1245 430 1403 475 imperiis
1419 431 1491 465 suis
1506 432 1744 476 periculosum
1759 445 1832 467 esse
1847 434 2074 478 arbitrantur,
2093 444 2237 482 propter

1245 480 1430 525 Evangelii
1453 482 1650 516 doctrinam
1670 482 1852 518 Pontificis
1878 485 2025 529 gratiam
2047 488 2238 531 repudiari,

1245 544 1372 576 magna
1395 532 1547 566 amentia
1572 534 1735 579 impulsi,
1761 535 1930 569 adiuvant
1951 536 2151 579 saevitiam,
2176 539 2239 573 de-

1246 584 1398 617 fendunt
1432 583 1649 628 impietatem
1684 592 1805 619 contra
1833 586 2100 629 conscientiam,
2140 600 2239 632 prae-

1247 641 1402 668 texentes
1421 634 1579 668 studium
1599 635 1804 670 retinendae
1831 637 2081 671 ecclesiasticae
2105 639 2241 673 autori-

1249 685 1341 720 tatis.
1393 682 1460 726 Et,
1487 687 1582 730 quod
1608 687 1851 731 turpissimum
1875 695 1925 721 est
1948 685 2088 722 heroico
2111 689 2243 732 generi,

1250 747 1323 768 non
1348 741 1485 769 tantum
1502 734 1697 770 Ecclesiam
1714 735 1847 772 Christi
1870 745 2095 782 oppugnant,
2119 751 2243 774 verum

1251 793 1396 830 propter
1418 792 1550 819 metum
1573 787 1678 820 etiam
1707 788 1850 821 destitui
1876 800 1895 821 a
1919 800 1954 822 se
1975 789 2183 833 religionem
2209 796 2244 824 et

1252 836 1428 870 iusticiam
1449 833 1726 882 haudquaquam
1753 839 1882 883 pudet,
1909 840 2004 884 quod
2021 840 2089 873 alia
2108 840 2244 875 ratione

1253 899 1372 932 pacem
1400 887 1564 920 factionis
1589 888 1789 932 pontificiae
1818 890 1972 924 sentiant
2005 902 2041 924 se
2073 891 2245 925 redimere

1254 951 1326 971 non
1348 948 1458 982 posse.

1355 988 1533 1021 Historiae
1551 989 1747 1031 affirmant,
1774 991 1868 1035 quod
1887 990 2070 1025 Romanos
2092 1004 2155 1036 pro
2172 1003 2246 1025 sce-

1256 1039 1326 1072 lere
1361 1039 1519 1082 ipsorum
1546 1046 1728 1084 tantopere
1751 1041 1846 1075 ultus
1871 1041 1914 1074 sit
1938 1038 2044 1082 Otto,
2078 1049 2117 1075 ut
2146 1053 2247 1086 agros

1258 1089 1378 1122 Italiae
1396 1097 1531 1123 vastare
1551 1103 1623 1123 non
1641 1091 1873 1132 dubitaverit,
1894 1092 2024 1136 oppida
2040 1104 2248 1137 expugnare,

1257 1140 1418 1173 consules
1440 1138 1555 1173 Roma
1581 1148 1678 1185 capta
1700 1142 1936 1185 proscribere,
1972 1149 2149 1177 senatores
2171 1155 2247 1176 sus-

1258 1190 1388 1234 pendio
1421 1191 1609 1232 mulctare,
1643 1191 1726 1235 quia
1757 1191 1912 1225 Leonem
1942 1204 2114 1228 consensu
2142 1193 2249 1227 totius

1259 1239 1401 1273 concilii
1419 1237 1635 1284 Episcopum
1654 1240 1836 1275 Romanae
1851 1240 2028 1276 Ecclesiae
2045 1243 2190 1284 factum,
2217 1251 2249 1278 et

1260 1291 1362 1324 toties
1394 1290 1438 1322 ab
1475 1289 1691 1336 Imperatore
1720 1292 1920 1326 restitutum
1958 1293 1994 1325 in
2031 1294 2250 1337 pontificiam

1261 1341 1489 1384 dignitatem,
1523 1342 1662 1375 civitate
1689 1342 1813 1376 eiicere
1838 1355 1909 1375 non
1935 1343 2160 1384 desisterent,
2189 1343 2251 1389 qui

1261 1390 1500 1425 Octavianum
1524 1392 1712 1436 profugum
1733 1393 1770 1426 in
1796 1393 1981 1438 antiquum
1998 1394 2115 1426 locum
2140 1392 2254 1427 hono-

1263 1442 1310 1474 ris
1336 1441 1473 1474 restitui
1499 1443 1699 1485 cupiebant.
1752 1443 1789 1475 Si
1813 1444 1920 1485 igitur
1943 1449 2012 1476 tarn
2034 1443 2188 1486 graviter
2215 1444 2250 1477 in

1263 1491 1468 1524 manifestos
1500 1492 1685 1535 religionis
1718 1489 1834 1525 hostes
1869 1493 2117 1528 animadvertit
2153 1493 2255 1536 Otto,

1264 1555 1333 1587 quo
1351 1542 1476 1575 dolore
1498 1544 1664 1576 adversus
1689 1542 1768 1576 illos
1792 1543 1990 1584 exarsisset,
2022 1556 2110 1589 quos
2134 1545 2168 1578 in
2185 1543 2253 1579 Ec-

1264 1592 1387 1625 clesiae
1412 1603 1513 1625 causa
1539 1595 1757 1627 desertorum
1786 1606 1825 1626 ac
1852 1594 2073 1637 proditorum
2105 1607 2254 1630 numero

1264 1643 1384 1676 suisset
1401 1639 1605 1681 habiturus,
1629 1644 1657 1677 si
1674 1643 1861 1677 incolumis
1880 1644 1991 1678 essct?

1367 1692 1473 1736 Quod
1493 1702 1607 1727 autem
1625 1705 1697 1727 non
1723 1694 1836 1727 solum
1856 1694 2059 1738 opposuerit
2079 1706 2115 1728 se
2131 1694 2257 1730 Ponti-

1266 1743 1339 1783 fici,
1372 1745 1603 1778 verumetiam
1639 1745 1764 1777 acriter
1797 1757 1860 1789 pro
1886 1744 2006 1779 Leone
2038 1747 2259 1790 pugnaverit,

1267 1795 1410 1839 probari
1435 1801 1567 1838 potest,
1601 1795 1636 1828 id
1660 1795 1789 1828 sactum
1813 1807 1884 1829 esse
1907 1796 1952 1829 ab
1975 1794 2129 1837 Ottone,
2161 1799 2256 1842 quod

1267 1845 1393 1889 impias
1409 1844 1619 1879 Pontificum
1638 1846 1824 1890 opiniones
1844 1847 1880 1878 in
1900 1853 1950 1880 tot
1967 1847 2258 1891 occupationibus

1268 1908 1340 1929 non
1362 1896 1444 1929 satis
1469 1897 1680 1930 deliberatus
1700 1896 1897 1942 reliquisset
1917 1897 2167 1931 existimandas
2193 1899 2259 1933 toti

1268 1947 1434 1981 concilio:
1463 1954 1495 1980 et
1511 1949 1604 1992 quod
1625 1947 1830 1991 opinaretur
1847 1960 1886 1980 ex
1903 1960 1967 1981 usu
1985 1946 2160 1982 Ecclesiae
2175 1960 2259 1988 esse,

1269 2005 1319 2036 nt,
1347 1998 1428 2042 quia
1444 1997 1581 2042 Synodi
1599 1999 1701 2032 toties
1720 1997 1794 2041 cogi
1814 2010 1884 2030 non
1902 2005 2053 2042 possent,
2082 1998 2119 2031 iu
2134 1996 2260 2034 Eccle-

1269 2049 1318 2081 sia
1340 2055 1442 2092 caput
1468 2055 1573 2089 esset,
1601 2061 1619 2081 a
1646 2061 1716 2094 quo
1743 2049 2020 2087 coutroversiae,
2047 2061 2137 2094 quae
2157 2061 2260 2095 saepe

1269 2111 1415 2142 magnae
1440 2106 1473 2132 et
1494 2111 1616 2142 graves
1643 2099 1823 2139 incidunt,
1846 2099 2102 2134 minuerentur.
2156 2100 2260 2135 Aeci-

1271 2150 1328 2194 pio
1361 2150 1455 2182 enim
1487 2148 1635 2183 Ottonis
1664 2150 1867 2194 opinionem
1902 2162 2123 2195 nequaquam
2155 2151 2262 2186 fuisse

1271 2214 1366 2241 eam,
1394 2209 1546 2245 quaeest
1565 2200 1786 2241 Pontificum,
1815 2198 1880 2233 hoc
1905 2209 1968 2243 est,
1996 2202 2174 2246 deprecari
2196 2200 2261 2236 ho-

1272 2252 1383 2284 mines
1406 2252 1492 2284 iram
1511 2252 1667 2284 ‹lix-inam
1695 2251 1916 2285 invocatione
1937 2260 1969 2285 et
1993 2264 2096 2296 opera
2122 2260 2262 2287 sancto-

1274 2315 1350 2335 rnm
1368 2305 1505 2336 debere.
1558 2301 1692 2336 Docere
1710 2300 1793 2335 baec
1810 2310 1976 2346 poterunt
1994 2314 2048 2337 res
2064 2303 2109 2337 ab
2127 2302 2262 2338 Ottoue

1272 2360 1386 2395 gestae
1414 2354 1448 2385 in
1474 2353 1565 2386 bello
1585 2355 1738 2397 ‹pioilam
1763 2352 1912 2387 Gallico.
1968 2353 2149 2398 Principes
2166 2355 2260 2388 enim

1274 2404 1460 2437 Gallorum
1490 2404 1633 2437 natione
1657 2403 1848 2444 Germani,
1882 2405 1914 2437 iil
1944 2412 2013 2445 est,
2050 2404 2192 2445 Franci,
2228 2412 2260 2438 et

1274 2455 1596 2499 propinquitatibus
1639 2455 1818 2488 coniuncti
1857 2454 2062 2499 imperatori
2096 2453 2261 2489 Conrado

1275 2506 1409 2538 franco
1424 2533 1432 2545 ,
1460 2505 1514 2539 cui
1531 2512 1740 2539 successerat
1761 2505 1934 2539 llenricus
1952 2506 2054 2544 Saxo,
2082 2512 2179 2549 pater
2194 2504 2263 2540 Ot-

1275 2557 1367 2589 tonis
1385 2557 1500 2600 primi,
1528 2556 1649 2599 ingens
1670 2557 1848 2594 dicuutur,
1876 2557 1981 2589 fratre
1999 2555 2144 2589 Ottonis
2164 2555 2262 2590 Πευ-

1275 2608 1346 2640 rico
1364 2615 1476 2651 capto,
1503 2607 1634 2639 bellum
1653 2607 1770 2641 secisse
1781 2605 1908 2640 Ottoni
1927 2606 2145 2650 lmperatori,
2168 2609 2261 2652 quod

1275 2671 1400 2702 magno
1432 2658 1514 2701 ipsis
1542 2658 1657 2691 dolori
1693 2665 1799 2695 esset,
1844 2657 2016 2701 superiori
2047 2657 2263 2692 Francorum
