2338 2958
77 113 129 151 95

77 250 259 294 ficareque.
319 244 365 281 Et
393 253 433 281 ut
458 244 586 280 Graeci
615 246 807 290 proverbio
838 251 1069 286 monuerunt,

79 299 240 344 Spartam
259 304 361 331 nacto
378 298 576 331 ornandam
592 309 666 330 eam
680 308 763 331 esse.
799 295 849 330 Ita
862 294 919 329 hic
931 308 1068 330 summa

77 350 114 384 vi
130 349 241 384 animi
257 348 418 382 incubuit
437 347 475 381 in
490 345 556 381 hoc
569 375 578 389 ,
605 355 645 382 ut
662 355 827 393 tanquam
843 348 986 381 domum
1005 359 1068 391 pa-

77 400 283 436 terfamilias
311 399 473 433 redderet
500 398 671 432 ditionem
694 399 860 432 omnibus
881 398 986 431 bonis
1011 410 1067 431 re-

77 453 144 486 bus
165 450 418 485 florentiorem.
478 449 619 483 Possem
642 447 699 483 hic
724 449 828 483 etiam
854 461 1068 482 commemo-

78 515 176 541 rare,
205 513 309 547 quam
333 500 527 545 periculosa
551 499 695 533 dissidia
712 506 909 533 exterorum
928 499 1067 532 Princi-

77 565 179 599 pum,
207 564 312 598 quam
336 552 447 586 multa
468 551 562 585 bello
583 551 768 584 autoritate
790 562 852 584 sua
868 550 1066 584 diremerit:

79 605 139 639 sed
172 615 286 648 neque
315 609 452 647 tempus
477 601 674 646 longiorem
699 602 916 645 orationem,
952 613 1066 646 neque

78 655 171 689 vires
199 665 296 687 meae
322 654 458 692 ferunt,
492 660 525 686 et
549 653 732 697 plerasque
755 664 810 686 res
831 659 941 696 gestas
965 659 1067 685 notas

78 717 151 740 esse
165 705 267 739 vobis
280 705 451 745 arbitror,
479 714 564 748 quas
581 703 610 736 si
625 703 743 736 animo
759 703 985 747 reputabitis,
1011 703 1067 735 in-

78 756 242 801 telligetis
258 767 392 789 summa
411 754 615 799 prudentia,
639 766 847 799 summoque
864 754 1012 787 consilio
1030 755 1065 786 in

76 806 168 852 Rep.
194 812 370 840 versatum
393 817 484 846 esse,
511 812 545 839 et
561 817 642 838 vere
660 806 845 838 salutarem
865 804 1063 849 Principem

79 865 113 892 et
128 857 261 902 patriae
276 863 308 890 et
325 856 450 890 exteris
463 856 583 890 fuisse.
635 854 710 899 Ego
725 857 879 900 profecto
895 867 1065 889 summam

78 906 172 943 hanc
195 907 483 952 verissimamque
501 907 642 940 laudem
660 907 735 940 eius
750 918 822 940 esse
837 907 945 947 duco,
971 908 1064 952 quod

78 960 126 994 ita
142 971 262 1004 pacem
278 964 412 993 tutatus
429 964 498 998 est,
522 964 562 991 ut
578 965 693 991 tamen
711 970 728 991 a
746 958 840 991 bello
858 965 1067 1002 provocatus

79 1010 203 1048 etiam,
244 1008 472 1043 abstinuerit:
513 1020 582 1053 qua
621 1009 725 1041 laude
755 1005 847 1041 nihil
879 1008 1065 1051 excogitari

78 1059 243 1104 Principe
261 1059 432 1093 illustrius
448 1065 571 1103 potest.
623 1058 754 1092 Divina
772 1059 866 1092 enim
883 1059 1066 1102 praeconia

79 1112 184 1145 etiam
208 1116 379 1148 meretur,
407 1121 488 1142 nam
508 1122 585 1143 cum
603 1111 757 1142 mundus
774 1110 914 1154 imperii
932 1121 1067 1154 posses-

79 1161 215 1195 sionem
247 1160 281 1193 vi
310 1167 413 1205 atque
438 1160 545 1193 armis
569 1160 710 1193 defendi
736 1161 862 1194 debere
883 1161 1067 1201 existimet,

78 1209 243 1246 Christus
263 1217 403 1250 contra,
430 1211 642 1255 pronunciat
665 1212 785 1245 beatos
803 1223 875 1244 esse
891 1211 1011 1253 mites,
1035 1218 1068 1245 et

78 1274 98 1296 a
117 1262 260 1296 saevitia
280 1261 432 1301 alienos,
459 1262 577 1307 eisque
593 1262 846 1306 possessionem
864 1269 975 1296 terrae
991 1263 1068 1307 pol-

78 1313 216 1348 licetur.
268 1311 316 1346 Et
337 1312 442 1356 paulo
467 1319 564 1357 post,
590 1313 751 1357 pacificos
770 1313 873 1347 etiam
893 1313 983 1346 filios
1002 1313 1067 1347 Dei

78 1364 242 1408 adpellat.
293 1361 408 1396 Erant
430 1371 546 1397 tamen
574 1363 610 1396 in
637 1376 677 1396 eo
701 1364 858 1407 privatae
877 1364 981 1396 etiam
996 1364 1068 1396 vir-

78 1421 170 1450 tutes
193 1425 357 1457 magnae,
389 1413 617 1458 praecipuum
645 1414 825 1457 religionis
846 1412 1068 1447 Christianae

78 1465 253 1500 studium:
285 1475 367 1497 nam
398 1475 493 1497 sacra
521 1476 582 1508 per
612 1477 753 1498 omnem
776 1465 883 1497 vitam
908 1465 1068 1507 religiose

78 1515 257 1556 tractavit,
289 1521 322 1548 et
353 1526 432 1548 cum
463 1526 587 1557 magna
617 1515 765 1548 varietas
790 1515 1001 1558 opinionum
1025 1515 1068 1547 de

78 1567 250 1611 religione
266 1563 321 1599 his
336 1565 554 1609 temporibus
568 1565 685 1605 suerit,
713 1572 829 1598 tamen
844 1566 977 1609 optima
994 1577 1068 1598 cer-

79 1618 284 1662 tissimaque
302 1627 440 1660 semper
457 1616 596 1660 delegit.
647 1614 694 1649 Et
713 1628 792 1649 cum
809 1614 956 1649 antehae
973 1615 1068 1649 Pon-

79 1669 213 1703 tificum
245 1667 534 1707 constitutiones,
568 1674 602 1700 et
633 1667 776 1712 quidam
808 1664 955 1699 humani
982 1668 1069 1699 ritus

80 1732 144 1765 pro
162 1718 333 1763 religione
349 1718 417 1751 soli
435 1719 647 1751 docerentur
662 1718 697 1750 in
714 1717 872 1762 templis,
898 1717 1067 1762 praestitit

81 1783 121 1804 ea
143 1781 233 1815 quae
255 1769 293 1801 in
317 1768 477 1801 moribus
493 1777 592 1803 erant
609 1769 814 1811 diligenter,
844 1768 876 1801 id
895 1769 988 1813 quod
1006 1780 1067 1811 ego

81 1821 257 1865 specimen
278 1820 392 1853 bonae
416 1819 542 1852 mentis
561 1820 790 1863 interpretor:
817 1826 851 1852 et
869 1819 950 1863 quia
968 1826 1067 1862 puta-

81 1872 141 1905 bat
161 1870 242 1903 illos
260 1869 348 1903 ritus
364 1870 560 1902 conducere
578 1872 619 1902 ad
639 1869 917 1903 assuefaciendus
933 1870 1069 1902 animos

81 1920 198 1964 vulgi,
223 1919 495 1964 invitandosque
509 1921 552 1952 ad
568 1921 722 1953 studium
739 1922 999 1963 cognoscendae
1015 1933 1070 1953 re-

82 1970 244 2015 ligionis,
291 1970 420 2014 templa
453 1971 633 2011 condidit,
674 1971 887 2004 ceremonias
920 1972 1070 2012 invexit,

82 2021 263 2056 accersivit
280 2021 516 2065 undecunque
534 2021 595 2066 qui
614 2033 707 2054 sacra
725 2023 902 2056 docerent.
956 2020 1002 2055 Et
1018 2028 1070 2055 ta-

82 2085 165 2106 men
185 2071 317 2115 accipio
341 2078 416 2105 tum
435 2085 543 2117 quum
560 2072 679 2105 animo
695 2073 885 2118 requireret
902 2073 1068 2106 sincerio-

82 2136 156 2158 rem
189 2123 433 2156 tractationem
465 2120 688 2157 Christianae
720 2124 919 2163 doctrinae,
969 2136 1070 2168 saepe

83 2186 163 2208 cum
189 2174 301 2207 doctis
325 2173 411 2207 viris
434 2174 699 2208 confabulatum
722 2186 793 2208 esse
817 2176 860 2208 de
877 2175 909 2208 vi
927 2183 1069 2209 natura-

83 2237 151 2271 que
172 2224 362 2267 religionis.
423 2222 458 2259 Ο
483 2225 586 2258 altam
610 2237 885 2271 generosamque
907 2233 1070 2265 mentem,

82 2287 198 2321 neque
226 2275 319 2308 enim
350 2275 505 2319 plebeios
534 2277 671 2310 animos
702 2277 842 2311 incessit
873 2275 957 2311 haec
988 2290 1068 2310 cura

83 2325 387 2370 contemplandae,
409 2327 963 2373 pervestigandaequereligionis.
991 2328 1071 2362 Ma-

83 2389 188 2422 gnam
205 2377 382 2422 quandam
401 2377 533 2421 ingenii
553 2379 643 2420 vim,
671 2386 703 2413 et
720 2377 895 2413 heroicam
915 2379 1069 2413 indolem

83 2428 328 2463 animadverto
358 2427 395 2460 in
420 2440 460 2462 eo
483 2429 611 2470 fuisse,

84 2479 201 2514 studio
226 2478 538 2523 perdiscendorum
562 2492 739 2514 sacrorum
759 2481 872 2515 video.
927 2480 989 2515 Est
1008 2494 1070 2515 au-

85 2535 155 2563 tem
182 2529 339 2574 profecto
365 2527 449 2563 haec
471 2543 551 2564 cura
578 2531 741 2575 inprimis
765 2532 869 2575 digna
894 2531 1070 2576 Principe.
1096 2533 1099 2567 Ι
1125 2539 1217 2566 tereo
1246 2532 1312 2563 iam
1347 2531 1441 2575 quod
1473 2527 1592 2563 schola
1624 2529 1811 2562 constituta
1840 2527 1966 2566 sensit,

86 2578 197 2625 Saepe
213 2581 421 2614 detestatum
440 2581 577 2622 serunt,
604 2582 713 2627 siquis
730 2581 903 2617 humanas
919 2583 1072 2617 rationes

86 2630 125 2664 in
159 2642 260 2664 causa
296 2632 478 2676 religionis
515 2634 687 2673 adferret,
729 2641 911 2679 propterea
945 2635 1072 2679 inquit,

86 2683 181 2728 quod
211 2679 303 2715 nihil
334 2689 405 2717 tam
429 2691 529 2719 acute
554 2685 671 2729 colligi
696 2693 828 2729 posset,

655 106 816 146 DECL.
849 106 924 144 DE
958 106 1289 144 FRIDERICO
1321 105 1529 143 ELECT.

78 211 158 234 cum
180 197 374 232 multorum
398 194 530 230 iniuria
547 194 633 228 fines
651 193 751 239 regni
769 195 925 240 proferre
941 194 1069 238 ampli·
1092 196 1096 244 Ι
1120 193 1230 228 everti
1250 193 1353 227 etiam
1377 199 1481 239 queat
1497 193 1705 237 argutando.

643 2442 722 2463 cum
748 2437 929 2475 tantopere
949 2431 1072 2465 arsisse
1097 2436 1099 2460 1
1124 2443 1202 2463 rum
1234 2429 1431 2468 saevitiam,

869 2685 955 2731 quin
978 2685 1071 2719 idem
1124 2697 1191 2731 qua
1220 2683 1402 2728 diligentia
1430 2684 1567 2729 fideque
1590 2682 1718 2716 amicos
1743 2679 1959 2719 adiunxerit,

2058 104 2109 142 94

1757 190 1973 237 Dicebatque
1989 197 2110 235 optare

1119 256 1156 278 se
1171 250 1211 278 ut
1224 245 1267 278 de
1281 244 1389 278 sacris
1405 256 1443 277 ex
1461 245 1535 278 solo
1546 243 1612 278 Dei
1629 244 1736 278 verbo
1751 243 1979 278 iudicaretur.
2013 240 2109 277 Haec

1121 304 1194 330 tum
1218 295 1371 338 agitabat
1392 295 1532 328 animus
1555 295 1650 336 eius,
1677 307 1755 328 cum
1779 293 1901 338 religio
1926 299 1998 330 tota
2021 300 2110 327 esset

1120 347 1245 380 obruta
1267 343 1526 379 Monachorum
1548 322 1707 379 somriiis.
1759 344 1885 379 Postea
1902 356 1985 378 vero
2003 355 2109 388 quam

1120 397 1326 442 perpurgari
1355 396 1488 441 coepit,
1521 403 1554 429 et
1577 403 1744 441 tanquam
1771 396 1979 430 reviviscere
2002 392 2110 428 Chri-

1120 449 1233 482 stiana
1248 448 1407 481 doctrina
1419 474 1428 488 ,
1454 447 1625 491 adplicuit
1643 447 1799 480 animum
1817 448 1859 480 ad
1879 458 1953 480 eam
1970 445 2110 490 penitus

1120 500 1396 542 cognoscendam
1410 525 1418 539 ‚
1446 510 1490 530 ne
1515 497 1599 542 quid
1619 505 1746 530 temere
1763 505 1823 531 aut
1841 498 2023 541 probaret,
2049 502 2110 529 aut

1120 551 1313 583 damnaret.
1365 548 1436 583 Ubi
1455 548 1628 593 perspexit
1645 548 1715 580 vim
1733 548 1931 591 religionis,
1958 554 2031 582 toto
2047 558 2109 591 pe-

1121 608 1216 635 ctore
1232 601 1413 645 amplexus
1428 607 1477 634 est
1494 612 1530 632 ea
1542 627 1551 641 ‚
1579 611 1668 644 quae
1682 599 1725 631 ad
1741 610 1837 631 suam
1854 605 2004 633 mentem
2023 609 2109 631 con-

1119 653 1341 685 formandam
1367 651 1538 689 facerent,
1566 656 1599 683 et
1622 651 1784 694 pietatem
1805 649 1956 689 alerent,
1983 648 2108 682 ociosis

1121 702 1432 747 ‹lisputati011ibuS‚
1460 713 1548 747 quae
1563 702 1604 734 ad
1621 700 1899 734 aedificationem
1915 697 2007 732 nihil
2023 710 2109 732 con-

1121 755 1275 794 ducunt,
1297 753 1443 796 longum
1466 753 1582 785 valere
1601 751 1708 792 dixit,
1736 758 1768 785 et
1787 751 1823 783 in
1844 751 1971 784 ritibus
1988 749 2108 793 publi-

1120 805 1187 845 cis,
1222 804 1304 850 quia
1335 804 1478 837 videbat
1509 800 1713 847 prophanos
1744 803 1912 847 quosdam
1946 798 2108 833 homines

1121 855 1328 899 contemptis
1352 854 1501 898 publicis
1526 854 1702 894 moribus,
1732 859 1912 896 praetextu
1936 850 2109 884 libertatis

1119 905 1352 949 Evangelicae
1372 906 1627 950 propemodum
1645 905 1681 936 in
1700 904 1833 937 belluas
1850 902 1998 943 mutari„
2025 901 2109 934 dili-

1120 957 1319 1000 gentissime
1336 956 1445 994 cavit,
1473 968 1517 989 ne
1536 955 1620 1000 quid
1639 961 1789 988 mutaret
1808 961 1955 994 temere,
1982 964 2025 985 ne
2045 964 2107 985 suo

1120 1008 1277 1052 exemplo
1293 1007 1448 1051 imperiti
1462 1013 1655 1051 peccarent.
1695 1004 1741 1039 Et
1755 1005 1936 1045 sentiebat,
1959 1003 1995 1036 id
2013 1003 2108 1047 quod

1119 1071 1174 1092 res
1203 1066 1269 1099 est,
1303 1058 1480 1103 publicam
1509 1069 1647 1090 morum
1676 1057 1904 1089 mutationem
1930 1053 2108 1099 periculo-

1119 1121 1192 1142 sam
1227 1121 1310 1145 esse.
1370 1108 1531 1154 Cumque
1560 1109 1603 1141 de
1628 1107 1798 1150 religione
1820 1104 1887 1139 hoc
1912 1106 2036 1145 modo,
2070 1110 2111 1137 ut

1127 1161 1218 1202 dixi,
1249 1161 1412 1201 sentiret,
1445 1167 1478 1193 et
1518 1159 1721 1202 regionibus
1760 1158 1832 1191 suis
1869 1168 1956 1200 pure
1990 1154 2109 1190 doceri

1121 1223 1216 1245 sacra
1247 1218 1440 1255 pateretur,
1476 1217 1605 1255 quanta
1628 1208 1742 1242 Deum
1767 1208 2000 1241 immortalem
2027 1217 2112 1239 con-

1120 1262 1266 1300 stantia,
1294 1269 1425 1307 quanto
1448 1262 1576 1294 robore
1601 1260 1711 1293 animi
1733 1259 1900 1293 sustinuit
1924 1257 2110 1294 invidiam,

1121 1326 1187 1358 qua
1207 1313 1244 1345 in
1261 1312 1449 1346 Pontificio
1466 1324 1573 1355 regno
1591 1311 1768 1353 flagravit,
1795 1309 1878 1342 vicit
1896 1308 2109 1342 Pontificum

1121 1364 1289 1406 fulmina,
1326 1370 1358 1396 et
1380 1363 1495 1395 minas
1517 1374 1735 1394 summorum
1761 1360 1917 1403 Regum,
1951 1364 2110 1392 contem-

1122 1414 1191 1457 psit
1207 1414 1360 1447 convitia
1375 1413 1482 1455 vulgi,
1509 1412 1782 1445 sacrificulorum
1799 1422 1893 1443 sacra
1910 1410 1946 1442 in
1964 1415 2110 1454 quaestu

1121 1462 1338 1498 habentium.
1392 1463 1471 1505 Qua
1487 1463 1523 1494 in
1539 1474 1575 1495 re
1589 1463 1671 1495 satis
1685 1461 1874 1494 declaravit
1889 1472 1923 1493 sc
1939 1472 1978 1493 ex
1993 1459 2110 1492 animo

1123 1526 1271 1558 vereque
1305 1514 1419 1546 favere
1449 1511 1609 1552 Christo,
1657 1525 1735 1545 cum
1769 1512 1864 1544 illius
1894 1518 2014 1544 notam
2043 1509 2111 1542 sibi

1122 1565 1218 1598 inuri
1243 1571 1435 1608 patoretur,
1469 1576 1548 1596 cum
1574 1563 1610 1595 in
1633 1574 1778 1606 corpore
1801 1574 1863 1595 suo
1887 1562 1983 1594 illius
2005 1567 2110 1593 stem-

1122 1622 1212 1649 mata
1230 1622 1398 1658 gestaret,
1425 1612 1492 1647 hoc
1513 1621 1573 1655 est,
1599 1626 1677 1646 cuin
1697 1614 1738 1646 ad
1750 1610 1880 1646 Christi
1901 1612 2111 1655 exemplum,

1124 1667 1196 1710 ipse
1221 1667 1323 1699 etiam
1349 1666 1571 1699 laceraretur.
1626 1664 1719 1707 Quid
1745 1664 1837 1696 enim
1856 1663 1922 1696 nisi
1942 1668 2110 1707 perpetua

1122 1717 1322 1750 carnificina
1349 1716 1457 1749 animi
1481 1717 1548 1749 suit
1568 1715 1626 1747 ille
1645 1713 1796 1748 hostium
1814 1713 2005 1758 impetus}
2038 1711 2110 1746 Cu-

1123 1769 1176 1801 ius
1200 1766 1288 1800 mihi
1305 1766 1481 1800 Eremitae
1506 1766 1635 1799 ieiunia
1655 1774 1687 1799 ct
1706 1765 1862 1808 vigilias,
1890 1760 2042 1798 cumbis
2059 1763 2109 1796 af-

1123 1819 1338 1852 ssictionibus
1362 1819 1466 1851 audet
1488 1818 1672 1862 quisquam
1695 1816 1876 1850 conferre?
1928 1814 2009 1848 Non
2027 1826 2111 1859 pro—

1123 1871 1210 1903 secto
1234 1869 1374 1911 gravius
1395 1875 1616 1912 oppugnatus
1633 1875 1683 1901 est
1698 1864 1882 1908 Ezechias,
1908 1876 2111 1911 quanquam

1124 1921 1260 1954 moenia
1292 1920 1518 1964 Solymorum
1550 1919 1711 1951 cinxisset
1739 1915 1861 1952 hostis.
1922 1916 2022 1949 Vidit
2052 1913 2110 1948 hic

1123 1984 1263 2016 quoque
1289 1983 1359 2004 non
1383 1971 1488 2003 semel
1512 1970 1664 2013 expediri
1691 1970 1856 2002 adversus
1879 1979 1914 2000 sc
1933 1978 2048 2007 arma,
2078 1973 2109 1998 et

1124 2023 1379 2067 propemodum
1400 2021 1520 2065 iugulo
1539 2021 1693 2061 gladium
1710 2019 1887 2052 intentari.
1941 2017 2008 2051 Sed
2027 2017 2109 2062 quia

1123 2073 1305 2115 religionis
1336 2084 1472 2105 causam
1505 2071 1635 2104 sciebat
1657 2068 1820 2103 humanis
1844 2069 1980 2102 viribus
2006 2068 2109 2101 susti-

1124 2125 1198 2157 neri
1221 2131 1281 2157 aut
1303 2123 1443 2156 defendi
1460 2135 1531 2155 non
1549 2133 1666 2166 posse,
1697 2119 1785 2153 nihil
1805 2121 1876 2164 ipse
1894 2126 2015 2153 contra
2033 2131 2110 2152 mo-

1124 2176 1223 2215 litus,
1249 2175 1396 2208 salutem
1421 2186 1517 2207 suam
1541 2179 1572 2205 et
1591 2184 1732 2205 suarum
1749 2171 1905 2214 gentium
1925 2169 1998 2204 Deo
2016 2182 2111 2203 com-

1125 2226 1305 2265 mittebat,
1331 2232 1365 2258 et
1391 2224 1686 2270 quemadmodum
1710 2222 1764 2255 vir
1788 2222 1998 2256 fortissimus
2019 2221 2110 2265 apud

1124 2277 1267 2310 Politam
1284 2276 1348 2309 ait:

1176 2330 1334 2370 Quidquid
1351 2332 1405 2359 erit
1420 2328 1584 2368 superanda
1602 2330 1698 2357 omnis
1714 2329 1835 2357 fortuna
1848 2326 1969 2355 ferendo
1984 2332 2040 2356 est.

1125 2379 1175 2413 Ita
1214 2378 1400 2423 patientia,
1449 2377 1760 2421 moderationeque
1797 2374 1906 2408 animi
1948 2372 2111 2407 inimico—

1468 2434 1636 2472 quantum
1668 2427 1741 2460 fieri
1768 2425 1898 2470 potuit,
1929 2423 2112 2467 mitigavit.

2008 2474 2113 2507 Prae-

2002 2538 2012 2556 ‹
2026 2537 2112 2558 uan-

1124 2590 1197 2617 tum
1218 2582 1352 2615 adserat
1368 2580 1523 2624 Rebusp.
1539 2580 1672 2614 scienti.
1675 2593 1682 2612 t
1700 2580 1899 2617 literarum,
1929 2538 2110 2622 quaslvnl-

1124 2646 1186 2678 gus
1203 2633 1409 2677 Principum
1430 2632 1505 2666 odit
1526 2644 1609 2665 cane
1633 2631 1731 2675 peius
1749 2636 1781 2663 et
1796 2641 1919 2672 angue.
1974 2625 2111 2708 Oiqitto

1994 2688 2032 2710 co
2050 2687 2110 2709 ue-

1097 2470 1204 2528 'Non
1225 2487 1323 2514 vzacit
1346 2477 1437 2512 hanc
1458 2479 1595 2512 laudem
1619 2485 1765 2511 tractare
1784 2476 1955 2521 pluribus.
