2338 2958
195 116 266 152 119

195 204 309 238 artes?

665 108 825 146 DECL.
878 106 952 143 DE
984 104 1322 143 UTILITATE
1355 102 1735 140 FABULARUM.

360 201 556 235 Hesiodum
578 204 674 232 tanta
692 196 798 230 fuisse
813 194 1000 239 prudentia
1024 200 1181 238 apparet,
1205 201 1209 208 ’

2142 105 2214 140 120

1231 203 1327 225 nunc
1359 190 1487 236 aliquis
1519 197 1553 224 et
1582 190 1759 234 praedicet
1789 189 1845 223 vel
1873 188 2044 224 Mercurii
2071 189 2217 234 virgam,

196 263 235 289 ut
264 266 405 288 carmen
435 254 509 285 eius
540 249 701 283 divinum
736 246 850 279 videri
885 245 1083 286 voluerint,
1119 245 1181 290 qui
1206 259 1209 293 ᾗ
1233 255 1300 288 qua
1322 241 1423 275 finxit
1446 247 1599 275 vetustas
1615 241 1750 274 animas
1769 253 1851 275 orco
1868 247 2027 274 evocatas
2046 252 2134 282 esse,
2161 241 2218 274 vel

196 313 381 339 senserunt
399 316 478 337 eum
497 301 639 335 calamis
656 297 799 332 aMusis
816 297 964 342 acceptis
979 303 1093 330 vatem
1110 307 1181 328 esse

197 358 338 391 sactum.
391 355 422 387 ls
441 365 522 385 vero
544 363 623 385 cum
637 349 942 394 persuasissimum
958 348 1030 380 suis
1047 347 1182 380 civibus

200 420 272 442 esse
295 408 415 445 vellet,
449 401 541 437 nibil
570 402 730 442 foedius,
764 398 857 433 nihil
889 398 1079 431 immanius
1111 408 1182 430 esse
1208 401 1209 406 ¹

200 459 367 492 violentia
391 468 451 489 seu
475 453 624 493 iniuria,
651 464 724 486 rem
748 452 858 495 ipsam
881 449 978 483 velut
1002 449 1039 481 in
1063 448 1183 482 tabula

200 509 378 554 depinxit,
405 505 599 550 composito
618 505 660 537 de
677 503 840 546 accipitre
867 507 899 534 et
925 500 1074 533 luscinia
1100 511 1184 543 apo-

200 562 291 604 logo.
346 558 504 592 Docebat
530 554 587 589 hic
611 566 752 600 quoque
775 563 933 595 graecam
954 551 1186 591 iuventutem,

201 619 234 645 et
252 623 324 645 non
347 616 430 643 sunt
451 606 702 642 contemnendi
724 604 930 647 scriptores,
956 602 1017 646 qui
1036 601 1185 646 Aesopi-

201 674 257 697 cas
273 661 410 695 fabulas
429 660 472 693 ab
489 659 563 703 ipso
582 657 745 691 confictas
760 654 997 699 prodiderunt

288 712 371 746 Dixi
388 723 458 757 quo
477 709 625 743 consilio
643 714 761 751 putem
779 711 934 750 repertas
952 715 1024 737 esse
1039 703 1188 742 fabulas,
1212 715 1215 731 ε

201 771 385 810 potestque
410 775 450 795 ex
472 759 540 794 hoc
564 759 662 792 velut
692 758 790 791 fonte
816 756 972 801 precium
997 766 1120 788 earum
1156 759 1188 786 et

201 816 334 850 utilitas
353 813 539 848 aestimari.
575 810 696 855 Neque
713 808 806 841 enim
826 815 896 841 tam
914 806 1105 850 prudentes
1120 804 1189 837 viri

201 867 401 900 fabularum
420 870 559 897 autores
568 859 622 894 his
637 860 740 903 nugis
755 870 911 903 unquam
922 856 1083 890 delectati
1100 855 1189 888 suis—

202 924 297 958 scnt,
324 915 390 948 uisi
413 915 456 947 ad
480 912 692 947 erudiendas
717 910 868 954 pueriles
893 915 1043 948 mentes,
1073 905 1189 951 pluri—

203 980 301 1002 mum
333 966 529 1000 conducere
565 963 764 997 sensissent.
831 960 950 1004 Quid,
986 959 1081 1004 quod
1116 969 1189 990 non

202 1020 310 1053 modo
333 1017 474 1062 pueris,
508 1016 567 1048 sed
594 1013 832 1047 celeberrimis
857 1011 960 1045 etiam
989 1009 1190 1043 civitatibus

202 1070 342 1104 fabulae
370 1069 539 1101 salutares
568 1066 726 1099 fuerunt.
786 1062 877 1098 Cum
903 1062 1002 1106 plebs
1026 1060 1190 1095 Romana

203 1133 282 1156 cum
309 1120 466 1165 patribus
493 1117 694 1156 dissideret,
723 1125 964 1158 secessumque
996 1118 1048 1145 est
1074 1111 1111 1144 in
1136 1122 1190 1144 sa-

203 1184 302 1206 crum
321 1177 490 1211 montem,
508 1181 571 1202 nec
589 1167 786 1201 saeveriore
803 1166 875 1199 ulla
894 1164 1054 1197 oratione
1074 1163 1191 1195 flecte-

203 1231 321 1267 retur,
349 1222 475 1254 missus
493 1227 543 1254 est
561 1216 737 1262 Agrippa,
765 1216 827 1262 qui
844 1215 1047 1249 universam
1070 1213 1192 1246 multi-

203 1275 364 1309 tudinem
389 1272 506 1316 lepido
539 1270 711 1315 apologo,
751 1269 794 1301 de
823 1273 944 1300 ventre
979 1272 1014 1298 et
1045 1263 1192 1309 reliquis

203 1324 359 1359 hominis
382 1322 550 1356 membris
579 1321 625 1354 ita
650 1319 760 1363 cepit,
796 1325 835 1352 ut
860 1317 976 1351 statim
1004 1316 1129 1348 liberet
1155 1315 1192 1347 in

205 1376 352 1420 gratiam
373 1386 452 1407 cum
470 1372 631 1417 patribus
656 1370 782 1403 redire.
835 1364 1093 1401 Demosthenes
1114 1377 1192 1408 gra—

204 1428 256 1460 vis
267 1424 418 1465 Orator,
447 1436 526 1457 cum
544 1421 694 1455 Macedo
713 1432 750 1453 ea
768 1418 974 1453 conditione
991 1428 1070 1450 cum
1081 1413 1192 1449 Athe-

204 1478 388 1512 niensibus
413 1475 536 1508 soedus
558 1473 714 1506 facturus
739 1477 846 1510 esset,
878 1475 917 1502 ut
939 1468 993 1500 illi
1020 1465 1192 1500 Oratores

207 1530 275 1564 sibi
300 1529 490 1566 dederent,
513 1524 574 1569 qui
597 1515 776 1567 perpetuis
800 1519 1034 1554 concionibus
1056 1517 1194 1550 animos

204 1580 334 1615 civium
365 1579 532 1611 adversus
565 1586 600 1607 se
631 1573 897 1611 exacerbarent,
932 1568 1192 1614 iniquissimam

204 1630 445 1666 conditionem
463 1626 615 1670 Reipub.
636 1624 761 1658 festivo
780 1623 935 1668 quodam
956 1620 1105 1664 apologo
1121 1619 1194 1652 dis-

205 1682 330 1721 suasit,
368 1689 569 1725 quanquam
598 1677 642 1709 ab
664 1688 703 1708 ca
728 1686 800 1707 non
826 1674 873 1707 ita
909 1672 1059 1705 multum
1097 1671 1194 1714 plebs
1219 1673 1220 1678 ’

207 1734 347 1767 diutino
372 1731 464 1764 bello
487 1735 607 1761 vexata
631 1724 850 1759 abhorreret.
911 1722 1000 1756 Nam
1027 1733 1107 1755 cum
1130 1722 1195 1754 do-

207 1797 283 1819 cere
303 1783 406 1816 vellet
431 1781 467 1813 in
486 1778 551 1813 hoc
569 1777 738 1823 postulari
758 1775 948 1814 OratoreS,
974 1780 1013 1807 ut
1033 1773 1117 1806 urbs
1135 1773 1195 1805 de-

208 1837 328 1870 stituta
346 1832 542 1867 Oratorum
567 1829 761 1874 praesidio,
788 1827 902 1871 regiae
926 1824 1107 1871 tyrannidi
1137 1836 1196 1868 pa-

209 1894 312 1926 teret,
341 1884 429 1917 mira
449 1884 525 1916 luce
543 1888 576 1915 et
597 1879 860 1925 perspicuitate,
886 1875 1093 1910 Macedonis
1111 1887 1196 1908 con-

210 1939 327 1971 silium
351 1942 432 1969 ante
457 1933 579 1967 oculos
604 1930 844 1964 multitudinis
869 1928 985 1972 posuit
1008 1925 1073 1960 boc
1102 1938 1197 1959 com-

210 1996 344 2023 mento:
400 1986 502 2029 lupos
533 1984 712 2029 quondam
743 1993 821 2015 cum
855 1979 1054 2024 pastoribus
1080 1984 1198 2021 pactos

210 2053 281 2074 esse
295 2067 304 2079 ,
331 2035 421 2071 nibil
447 2048 481 2069 sc
505 2031 648 2080 posthac
666 2031 794 2066 hostile
811 2031 920 2065 caulis
936 2031 1097 2063 illaturos
1116 2039 1198 2068 esse,

211 2093 237 2125 si
256 2090 323 2124 sibi
343 2100 444 2123 canes
467 2088 690 2119 dederentur.
746 2082 884 2116 Placuit
908 2081 1024 2115 stultis
1047 2079 1198 2124 pastori-

212 2145 277 2176 bus
295 2139 469 2176 conditio,
498 2148 668 2181 canesque
685 2134 794 2168 dediti
813 2140 906 2168 sunt.
960 2131 1114 2165 Proinde
1138 2130 1199 2164 ubi

213 2193 285 2237 lupi
306 2192 471 2224 viderunt
488 2188 650 2222 excubias
669 2186 847 2220 caularum
867 2184 1022 2217 sublatas
1039 2194 1128 2221 csse,
1155 2181 1199 2214 li-

213 2247 295 2277 bere
326 2240 473 2285 grassari
502 2240 536 2271 in
563 2251 699 2282 gregem
734 2248 891 2281 coepere.
954 2234 1047 2267 llaec
1082 2233 1199 2267 sabula

213 2308 291 2328 rum
320 2292 495 2326 docuisset
528 2289 649 2335 quanti
691 2288 833 2321 referret
855 2286 1025 2320 Oratores
1059 2283 1201 2324 servari,

211 2346 387 2389 liempub.
415 2343 585 2386 tantisper
610 2339 779 2375 servavit,
808 2340 892 2371 dum
918 2334 984 2369 boc
1011 2336 1198 2369 eonsilium

213 2397 333 2431 valuit.
388 2393 517 2427 >liram
535 2393 712 2436 quandam
735 2390 874 2423 fabulae,
896 2388 967 2421 vim
987 2388 1118 2425 inesse,
1146 2386 1200 2418 vel

213 2447 295 2482 baec
319 2446 474 2488 exempla
502 2450 689 2477 testantur:
726 2453 863 2474 necesse
888 2447 933 2473 est
970 2439 1062 2471 enim
1085 2438 1201 2471 effica—
1225 2446 1227 2480 g

212 2499 385 2533 cissimain
422 2495 616 2528 orationem
655 2492 779 2529 fuisse,
815 2505 903 2537 quac
931 2489 1201 2535 inipl.·ir.·ibiliter

214 2550 310 2584 iratis
335 2548 471 2580 civibus
497 2545 670 2580 {iomanis
693 2555 787 2576 arma
817 2556 833 2574 e
859 2542 1024 2575 manibus
1046 2539 1201 2579 extorsit,

213 2614 301 2647 quae
328 2597 562 2633 Athenienses
596 2595 748 2637 graviter
775 2594 924 2627 asllirtos
961 2593 1123 2631 adduxit,
1162 2597 1199 2624 ut

212 2663 414 2698 quanquam
449 2661 517 2681 una
553 2659 634 2680 voce
669 2658 786 2691 parem
821 2657 943 2677 omnes
975 2644 1199 2684 flagitassent,

212 2705 343 2737 bellum
375 2709 489 2735 tamen
516 2711 620 2745 quam
656 2710 773 2742 pacem
797 2697 952 2729 mallent.

1234 291 1374 338 Orphei
1391 289 1589 338 cytharam,
1616 303 1684 337 qua
1703 292 1818 338 sylvas
1837 299 1872 326 et
1894 303 1975 325 saxa
1998 292 2142 326 traxisse
2166 291 2219 325 fe-

1234 351 1336 385 runt,
1373 341 1462 377 mihi
1486 343 1630 388 quidem
1655 354 1728 376 non
1753 343 1873 376 minus
1903 342 2111 376 admiranda
2145 354 2218 376 esse

1234 395 1367 429 musica
1390 395 1548 436 videtur,
1588 406 1658 439 qua
1681 395 1875 428 concitatae
1898 393 2140 427 multitudinis
2167 395 2220 428 vis

1210 447 1211 492 ᾗ
1236 447 1396 487 sedatur,
1429 453 1533 491 atque
1555 457 1592 478 ea
1619 456 1708 490 quae
1733 445 1860 479 bestias
1882 451 1915 478 et
1939 456 2018 478 saxa
2042 445 2220 487 demulsit,

1210 493 1213 555 ὲ
1236 505 1269 531 et
1285 495 1378 531 haud
1397 497 1467 530 scio
1480 524 1489 537 ,
1516 509 1561 530 an
1581 496 1641 541 qui
1665 496 1724 529 illa
1743 497 1786 529 de
1803 495 1983 530 Mercurio
2001 493 2221 541 Orpheoque

1210 557 1213 574 ἱ
1236 549 1433 589 finxerunt,
1456 548 1652 591 significare
1677 547 1856 581 voluerint
1879 547 2045 591 peculiari
2068 548 2222 593 quodam

1238 600 1378 633 dicendi
1397 611 1522 643 genere
1534 600 1638 632 rudes
1655 598 1821 632 mortales
1835 605 1869 632 et
1885 598 1977 631 seros
1989 596 2105 631 adhuc
2120 610 2222 632 man-

1212 684 1215 706 Ι
1237 651 1410 685 suefactos
1426 662 1509 685 esse.
1543 649 1649 693 Quod
1666 650 1694 682 si
1711 661 1835 683 verum
1853 655 1920 689 est,
1947 656 2221 683 consentaneum

1239 709 1289 736 est
1314 702 1350 735 id
1375 702 1524 746 apologo
1550 701 1712 734 effectum
1739 713 1830 741 esse,
1874 712 1944 745 quo
1965 701 2137 735 orationis
2163 711 2224 745 ge-

1240 764 1324 786 nere
1364 753 1532 786 facillime
1573 752 1761 796 capiuntur
1794 751 2040 796 imperitorum
2075 758 2222 786 mentes.

1240 802 1342 837 Certe
1365 803 1427 849 qui
1445 803 1588 848 populis
1604 803 1676 836 suis
1701 803 1812 846 legem
1829 802 2086 844 condiderunt,
2113 803 2225 836 multa

1240 855 1398 898 apologis
1438 854 1618 887 simillima
1654 854 1801 898 posteris
1834 853 2067 898 reliquerunt.
2127 852 2226 897 Quid
2273 848 2276 851 ⁵

1241 905 1334 938 enim
1360 905 1419 938 illa
1445 904 1598 950 Lycurgi
1624 905 1753 937 scena‘.>
1793 916 1912 938 nonne
1946 905 2135 950 apologum
2168 916 2227 938 re-

1242 957 1506 1000 praesentabat,
1545 967 1623 989 cum
1656 955 1815 999 exemplo
1845 957 1997 990 duorum
2027 955 2227 990 catulorum

1242 1009 1400 1048 doceret,
1435 1014 1597 1040 naturam
1628 1013 1660 1039 et
1686 1006 1879 1049 ingenitam
1907 1007 1979 1040 vim
2002 1007 2227 1041 institutione

1242 1071 1280 1092 ac
1306 1058 1523 1092 assuetudini
1547 1057 1668 1090 vinci?
1721 1057 1802 1091 Non
1830 1057 1918 1091 libet
1941 1055 1999 1091 hic
2025 1058 2228 1102 peregrinas

1242 1110 1351 1153 leges,
1377 1110 1561 1154 peregrina
1586 1108 1746 1143 instituta
1772 1120 1970 1149 recensere,
1998 1121 2078 1142 curn
2105 1109 2144 1142 in
2171 1121 2228 1142 sa-

1243 1161 1310 1195 cris
1329 1161 1440 1194 literis
1455 1167 1526 1194 tam
1543 1160 1694 1193 multum
1713 1165 1804 1193 extet
1819 1159 2068 1203 apologorum,
2092 1166 2131 1193 ut
2146 1161 2230 1193 satis

1242 1219 1428 1257 appareat,
1446 1211 1561 1256 ipsum
1580 1211 1728 1244 coeleste
1746 1222 1878 1244 numen
1896 1211 1944 1244 ita
1961 1211 2133 1245 iudicasse
2151 1210 2231 1245 effi-

1243 1263 1462 1296 cacissimum
1494 1259 1563 1295 hoc
1595 1261 1767 1295 orationis
1800 1273 1928 1304 genus,
1960 1263 2004 1296 ad
2040 1262 2231 1297 flectendos

1243 1311 1430 1347 bominum
1452 1313 1589 1346 animos
1614 1324 1696 1346 esse.
1751 1311 1892 1355 Quaeso
1918 1319 1970 1351 te,
2004 1325 2094 1359 quae
2117 1321 2231 1359 potest

1243 1365 1320 1397 laus
1335 1363 1487 1407 amplior
1502 1363 1706 1406 contingere
1731 1363 1906 1407 apologis,
1933 1376 2038 1409 quam
2054 1358 2150 1410 quod
2174 1377 2232 1399 eos

1243 1415 1392 1448 coeleste
1408 1425 1540 1447 numen
1557 1414 1661 1447 etiam
1679 1414 1876 1458 approbat?
1905 1413 2116 1449 Iamdudum
2128 1441 2138 1455 ,
2152 1417 2233 1461 opi-

1244 1478 1329 1504 nor,
1364 1465 1556 1509 puerilium
1583 1477 1645 1498 vos
1675 1475 1849 1508 nugarum
1880 1466 2077 1510 pertaedet:
2111 1473 2144 1501 et
2169 1479 2231 1512 ego

1244 1523 1358 1561 partes
1374 1527 1468 1549 meas
1485 1527 1557 1549 esse
1573 1515 1706 1554 sentio,
1735 1527 1779 1548 ne
1789 1516 1923 1550 diutius
1941 1529 2002 1550 vos
2019 1518 2233 1561 obtundam,

1244 1578 1448 1613 quanquam
1477 1564 1567 1600 mibi
1599 1566 1746 1611 quidem
1773 1567 1859 1600 adeo
1885 1567 2016 1602 arridet
2043 1580 2234 1612 argumen-

1245 1625 1338 1659 tum,
1364 1624 1403 1651 ut
1418 1617 1516 1651 nulla
1531 1629 1689 1662 unquam
1704 1618 1864 1651 oratione
1883 1619 2035 1652 arbitrer
2057 1620 2139 1654 satis
2156 1621 2234 1655 lan-

1245 1668 1321 1702 dari
1341 1680 1452 1713 posse.
1501 1667 1606 1711 Quod
1625 1676 1674 1703 est
1691 1669 1787 1702 enim
1803 1669 1944 1702 dicendi
1961 1681 2087 1713 genus,
2108 1671 2145 1705 in
2162 1685 2233 1718 quo

1246 1719 1392 1764 perinde
1417 1731 1496 1753 cum
1522 1731 1657 1752 summa
1680 1719 1832 1753 utilitate
1857 1732 1992 1754 summa
2018 1722 2127 1764 gratia
2148 1735 2235 1757 con-

1246 1771 1365 1805 iuncta
1385 1771 1458 1804 est?
1498 1769 1588 1803 Vere
1604 1769 1771 1804 nimirum
1791 1771 1881 1805 dixit
1900 1770 2086 1806 Horatius:
2114 1772 2235 1809 Omne

1247 1823 1366 1856 tulisse
1396 1833 1474 1855 eum
1510 1828 1699 1865 punctum,
1735 1821 1795 1867 qui
1831 1822 1973 1856 miscuit
2007 1823 2094 1858 utile
2127 1825 2234 1861 dulci.

1248 1873 1347 1916 Quae
1368 1871 1462 1906 enim
1478 1871 1609 1911 oratio,
1636 1884 1770 1911 mores,
1798 1873 1933 1913 studia,
1961 1873 2101 1917 ingenia
2116 1875 2236 1911 homi-

1249 1936 1333 1957 num
1352 1924 1497 1968 propius
1514 1923 1679 1967 expressit
1700 1936 1805 1969 quam
1818 1924 1983 1968 apologi'?
2011 1926 2117 1971 idque
2138 1933 2233 1962 tanta

1248 1988 1326 2009 cum
1351 1975 1480 2019 gratia,
1508 1982 1545 2008 ut
1570 1975 1678 2007 nullis
1701 1974 1824 2018 epodis
1847 1974 2020 2009 incantari
2047 1976 2149 2012 citius
2169 1976 2236 2011 ho-

1248 2026 1386 2059 minum
1419 2033 1553 2059 mentes
1579 2025 1734 2070 possint,
1765 2038 1870 2071 qnam
1904 2026 2049 2070 cupiant
2082 2029 2233 2073 apologi.

1250 2077 1404 2111 Proinde
1421 2077 1582 2123 aequales
1607 2088 1702 2110 meos
1717 2073 1906 2115 adhortor,
1934 2077 1961 2110 si
1982 2090 2049 2123 qua
2065 2080 2237 2116 orationis

1250 2141 1345 2162 meac
1369 2135 1418 2161 est
1441 2128 1630 2168 autoritas,
1661 2135 1698 2161 ut
1723 2129 1766 2161 ad
1791 2128 1976 2162 discendos
1999 2130 2165 2173 apologos
2199 2144 2236 2166 se

1251 2186 1323 2213 toto
1349 2186 1489 2224 pectore
1513 2179 1705 2214 conserant.
1765 2178 1856 2213 Sunt
1880 2179 1940 2224 qui
1967 2181 2084 2214 nescio
2106 2182 2236 2227 quibus

1250 2231 1409 2264 obscuris
1428 2230 1611 2265 autoribus
1627 2230 1819 2263 tractandis
1844 2230 1984 2273 ingenia
2002 2239 2177 2274 atterunt,
2202 2241 2237 2269 et

1250 2294 1377 2323 magno
1400 2283 1518 2316 labore
1538 2281 1695 2326 desipere
1718 2281 1870 2315 discunt.
1927 2281 1970 2316 At
1993 2283 2133 2327 apologi
2163 2285 2236 2319 foe-

1224 2357 1227 2378 ,
1253 2333 1415 2366 licissime
1437 2333 1605 2369 excitant.
1645 2330 1842 2366 exhilarant
1870 2340 1902 2366 et
1927 2334 2094 2368 erudiunt
2119 2337 2237 2379 pueri-

1225 2415 1228 2444 .
1252 2385 1300 2417 les
1318 2391 1461 2418 mentes.
1515 2382 1570 2417 Ad
1591 2381 1672 2416 baec
1691 2396 1769 2416 cuin
1789 2390 1905 2417 extent
1927 2383 2071 2425 latinae,
2104 2388 2239 2422 oratio-

1252 2448 1331 2468 nem
1361 2436 1464 2469 etiam
1496 2435 1590 2468 velut
1618 2435 1781 2468 molliore
1807 2435 1959 2480 quodam
1991 2448 2094 2469 succo
2124 2438 2236 2473 alunt.

1253 2485 1351 2520 Adeo
1378 2487 1450 2519 siue
1475 2486 1634 2519 moribus
1663 2486 1857 2519 formandis
1884 2494 2066 2532 praerepta
2086 2490 2238 2533 quaeris,

1251 2539 1322 2571 siw
1343 2544 1432 2571 reete
1451 2537 1619 2583 loquendi
1637 2537 1854 2582 exemplum,
1884 2537 1973 2571 nulli
1993 2541 2236 2575 commentarii

1253 2589 1490 2632 praestiterint
1513 2596 1720 2634 utrumque,
1749 2600 1853 2634 quam
1878 2588 2038 2633 apologi.
2067 2591 2238 2628 foelicius.

1253 2639 1347 2673 Dixi.

1014 2693 1080 2729 Eat
1109 2690 1196 2727 mibi
1223 2698 1226 2737 j
