2338 2958
75 127 149 165 685

73 217 225 254 bellum,
252 213 396 247 saevitia
409 213 576 246 adversus
592 210 848 256 Evangelium‚
873 218 907 246 et
923 211 1065 245 fanatici

73 269 218 302 furores.
271 263 368 298 Haec
394 264 506 302 mala,
541 270 579 297 ut
602 262 730 297 Graeci
753 264 892 304 dicunt,
927 261 1063 308 ἔσχατα

73 314 256 363 ἐσχάτων,
293 327 337 348 ne
363 313 592 348 Germaniam
627 314 850 359 opprimant,
882 314 972 348 serio
1003 326 1063 358 pe,-

71 376 199 403 tamus.

170 417 309 451 Videtis
334 428 429 450 nunc
451 415 621 450 frumenti
647 416 804 460 inopiam
826 427 915 458 esse,
940 423 972 450 et
990 416 1063 460 spi-

68 469 229 505 rantibus
253 467 377 502 Boreis
407 467 516 501 trium
547 467 722 501 mensium
754 467 906 502 siccitate
932 474 1060 501 terram

68 522 229 556 duratam
260 531 353 560 esse,
386 530 449 552 nec
480 530 578 562 posse
603 518 715 551 scindi
742 518 885 558 aratris,
918 530 982 551 nec
1008 529 1060 550 se—

67 572 163 605 mina
181 571 335 615 accipere
354 576 414 604 aut
430 570 564 602 fovere:
592 581 680 613 quae
698 569 832 602 siccitas
850 569 877 602 si
897 569 960 602 erit
981 569 1061 602 diu-

66 623 228 661 turnior,
257 628 374 655 metuo
397 621 472 654 sore
495 620 598 653 nobis
620 619 755 652 coelum
777 631 924 653 aeneum
942 626 973 653 et
990 626 1061 653 ter-

65 686 141 708 ram
165 675 335 712 ferream,
367 678 406 706 ut
430 683 496 704 vox
518 670 637 704 divina
662 670 856 705 minitatur.
918 669 964 703 Et
989 683 1059 704 uua

66 737 145 760 cum
174 725 264 758 fame
293 722 440 767 grassari
463 721 528 754 alia
557 721 665 754 multa
691 721 781 753 mala
808 721 934 756 solent.
988 721 1058 755 Nec

64 783 203 811 tantum
230 773 314 808 haec
341 772 506 807 frumenti
534 771 653 815 inopia
679 773 866 805 metuenda
893 780 963 813 est,
999 774 1058 806 sed

63 827 276 862 formidetur
309 831 341 858 et
369 824 428 857 illa
458 822 704 861 comminatio,
738 835 826 868 qnae
848 830 940 857 extat
964 825 1056 868 apud

64 874 277 923 Prophetam
296 874 425 914 Amos,
452 874 488 907 iu
513 886 580 919 qua
599 874 743 907 dicitur:
773 873 914 908 Mittam
930 875 1056 907 famem

64 928 234 964 audiendi
257 926 355 960 verbi
380 924 458 958 Dei.
511 924 580 959 Ubi
605 937 672 958 vox
697 923 881 968 Evangelii
906 926 1057 958 consile-

63 981 146 1021 scit,
173 978 326 1023 primum
350 983 482 1010 mentes
505 976 629 1008 amissa
647 975 826 1019 agnitione
844 976 927 1016 Dei,
956 977 1057 1010 dolo-

63 1043 142 1065 rum
172 1028 416 1073 magnitudine
446 1038 648 1071 oppressae,
683 1033 791 1060 ruunt
813 1027 849 1060 in
874 1035 1055 1061 aeternum

63 1081 226 1116 exitium:
271 1079 400 1113 deinde
429 1085 462 1111 et
492 1078 581 1111 aliae
605 1077 818 1110 calamitates
841 1078 1056 1122 impietatem

61 1132 296 1171 comitantur,
323 1129 533 1166 seditiones,
561 1128 830 1173 dissipationes,
857 1129 968 1170 bella,
995 1141 1056 1163 ur-

60 1184 162 1219 bium
196 1181 349 1222 excidia,
391 1179 612 1213 vastationes.
681 1177 777 1212 Haec
809 1191 854 1212 ne
885 1181 1056 1221 accidant,

61 1247 151 1282 quae
180 1240 213 1267 et
243 1232 400 1265 accidere
432 1237 598 1275 possunt,
630 1235 663 1263 et
685 1229 754 1262 iam
780 1230 969 1274 eclipsibus
994 1232 1055 1264 de—

61 1285 228 1321 nunciata
253 1290 354 1323 sunt,
380 1289 414 1316 et
436 1281 630 1314 multorum
655 1280 790 1313 furores
812 1288 995 1315 merentur
1018 1294 1056 1314 ac

61 1338 226 1378 irritant,
254 1334 467 1378 precandum
490 1338 550 1365 est.
611 1330 760 1374 Quoties
782 1332 919 1365 coelum
942 1333 1056 1365 serru-

61 1389 205 1433 gineum
223 1386 291 1418 iam
308 1383 450 1428 aspicis,
477 1380 573 1416 hunc
589 1382 703 1427 ipsum
721 1382 784 1417 tibi
801 1383 942 1416 boream
959 1383 1055 1416 clau-

62 1441 202 1473 dentem
227 1442 375 1475 terram,
402 1435 445 1468 de
468 1433 518 1467 ira
543 1431 627 1472 Dei,
657 1440 690 1467 et
713 1434 756 1466 de
780 1434 902 1477 poenis
927 1434 1056 1468 nostris

61 1487 267 1525 concionari
294 1486 396 1520 scias:
432 1491 465 1518 et
488 1496 607 1517 curam
631 1484 818 1525 exuscites,
854 1491 891 1518 ut
916 1485 1055 1518 flectere

60 1540 176 1576 Deum
202 1550 283 1572 vera
307 1537 434 1582 pietate
450 1536 599 1569 studeas.
653 1533 754 1568 Hane
772 1535 874 1568 nobis
894 1536 1054 1569 consola-

59 1593 193 1627 tionem
226 1587 436 1622 monstravit
467 1585 540 1630 ipse
573 1585 666 1618 filius
689 1584 775 1626 Dei,
810 1586 870 1630 qui
904 1598 983 1619 cum
1013 1587 1055 1619 de

59 1642 178 1678 ultimi
201 1639 308 1674 seculi
328 1638 430 1672 malis
450 1636 700 1676 concionatur,
728 1636 916 1680 pollicetur
932 1635 1053 1670 Eccle-

58 1694 130 1729 siae
146 1691 368 1727 miseriarum
389 1688 610 1733 publicarum
627 1686 897 1730 mitigationem,

162 1742 259 1777 Haec
285 1740 459 1785 praefatus
482 1750 579 1777 sum,
605 1737 685 1783 quia
706 1738 910 1782 praesertim
932 1738 968 1770 in
988 1735 1055 1770 hoc

58 1797 157 1835 loco,
193 1793 257 1827 ubi
286 1793 329 1825 de
361 1790 487 1824 studiis
518 1789 700 1822 doctrinae
729 1789 877 1828 dicitur,
913 1789 1055 1831 prodest

59 1846 165 1881 simul
191 1840 453 1878 commonefieri
477 1840 637 1873 rudiores
663 1839 705 1871 de
722 1839 971 1872 communibus
988 1838 1054 1870 mi-

58 1897 178 1937 seriis,
205 1902 243 1928 ut
265 1904 384 1926 earum
406 1890 617 1934 cogitatione
633 1890 843 1922 accendatur
861 1902 941 1922 cura
964 1896 1054 1922 recte

58 1946 198 1984 colendi
216 1944 348 1983 Deum,
375 1942 475 1976 cuius
500 1941 546 1974 rei
574 1939 758 1984 praecipua
779 1952 857 1984 pars
874 1947 941 1984 est,
971 1940 1053 1973 dili-

58 1999 174 2045 gentia
193 2003 284 2030 recte
299 1992 450 2027 docendi
468 1999 501 2026 et
517 1991 685 2025 discendi.

160 2047 340 2084 [sitantum
366 2051 418 2078 est
439 2050 554 2076 autem
577 2041 712 2087 aliquid
740 2041 856 2074 dicere
882 2043 925 2075 de
945 2042 1053 2075 mini-

57 2102 162 2138 sterio
199 2096 419 2141 evangelico,
463 2095 504 2127 ad
539 2094 633 2138 quod
667 2089 750 2126 haec
783 2093 837 2136 pia
870 2093 983 2126 studia
1015 2094 1051 2126 in

58 2151 187 2188 scholis
203 2146 416 2184 Christianis
441 2144 630 2190 pertinent.
682 2143 764 2176 Ideo
790 2143 903 2176 dicam
928 2145 970 2178 (le
988 2146 1051 2178 ad-

57 2202 255 2238 monitione
269 2198 392 2239 Pauli,
418 2197 477 2242 qui
499 2194 667 2240 praecipit
686 2192 898 2236 Timotheo,
923 2202 961 2229 ut
979 2203 1051 2229 stu-

58 2257 139 2289 deat
160 2260 251 2286 recte
274 2261 388 2284 secare
406 2248 552 2281 verbum
572 2246 653 2285 Dei,
680 2257 741 2279 seu
754 2273 763 2286 ,
790 2251 830 2279 ut
848 2245 920 2290 ipse
935 2246 1052 2292 loqui-

57 2314 134 2346 tur,
177 2300 413 2349 ὀρθοτυμεῖν.
489 2297 584 2331 Haec
620 2296 792 2330 sententia
826 2295 1051 2340 reprehendit

56 2356 251 2391 multorum
271 2349 553 2396 persuasionem,
581 2348 641 2394 qui
659 2347 856 2381 doctrinam
875 2345 1051 2382 Ecclesiae

58 2408 134 2443 sine
158 2404 268 2440 literis
293 2409 327 2436 et
347 2401 422 2435 sine
445 2400 644 2433 eruditione
659 2399 703 2432 ab
717 2399 884 2432 omnibus
901 2399 1052 2434 indoctis

57 2456 224 2504 explicari
256 2465 355 2500 posse
387 2451 577 2485 somniant.
648 2447 698 2484 At
729 2449 860 2484 Paulus
889 2461 1049 2494 magnam

58 2508 313 2545 eruditionem,
341 2502 581 2546 diligentiam,
607 2500 797 2539 iudicium,
826 2501 979 2546 denique
995 2514 1050 2535 ar-

57 2569 128 2597 tem
159 2557 325 2604 requirit,
361 2567 439 2588 cum
472 2553 569 2586 iubet
594 2557 685 2584 recte
707 2551 816 2585 secari
843 2552 1051 2594 doctrinam,

58 2612 96 2646 id
111 2617 160 2644 est
171 2637 181 2650 ,
207 2615 298 2642 recte
314 2604 479 2640 distribui
498 2609 630 2648 partes,
657 2608 690 2636 et
703 2602 860 2646 singulas
874 2609 953 2647 apte
967 2616 1051 2647 pro-

58 2661 164 2709 poni,
199 2666 232 2693 et
264 2657 436 2692 concinne
464 2655 507 2688 ad
533 2666 588 2687 eas
621 2664 675 2686 res
697 2654 974 2699 accommodari,
1008 2656 1051 2688 de

59 2713 190 2762 quibus
220 2721 286 2743 vox
315 2707 435 2742 divina
467 2705 637 2752 loquitur.
709 2703 809 2737 Plato
835 2704 967 2751 inquit:
1003 2704 1051 2740 Ut

619 124 776 163 DECL.
811 125 883 161 DE
921 123 1118 162 VERBO
1148 125 1568 168 ’OPOOTOMEJM

2040 132 2113 167 686

1118 213 1223 245 catuli
1246 213 1401 249 lacerant
1423 216 1601 249 mordicus
1624 214 1862 260 apprehensos
1887 217 2108 261 panniculos,

1118 262 1164 295 ita
1197 264 1330 298 indocti
1361 267 1549 300 sententias
1574 268 1667 301 varie
1690 274 1841 312 raptatas
1865 275 2108 311 corrumpunt.

1119 312 1211 347 llaec
1228 315 1265 347 in
1281 317 1447 360 exemplis
1463 318 1612 351 maxime
1628 319 1782 364 conspici
1799 326 1955 364 possunt.
1990 321 2106 361 Quam

1115 365 1246 398 multae
1272 373 1354 400 sunt
1377 367 1529 401 insulsae
1553 369 1860 414 interpretationes
1884 367 2107 413 Origenicae,

1115 416 1229 459 qualis
1252 414 1337 450 haec
1363 424 1412 451 est
1445 418 1481 450 in
1507 417 1698 459 Romanis,
1736 433 1815 455 cum
1839 433 1879 454 ex
1903 418 1969 454 hoc
1994 421 2104 453 dicto:

1114 463 1190 509 Ego
1230 467 1422 512 aliquando
1452 469 1527 501 sine
1551 470 1624 512 lege
1650 471 1831 513 vivebam,
1862 471 2106 511 ratiocinatur,

1114 517 1249 550 animas
1273 519 1432 552 omnium
1456 517 1641 553 hominum
1667 522 1772 555 simul
1796 523 1954 556 conditas
1975 533 2046 556 esse
2072 529 2104 555 et

1115 568 1151 600 in
1168 567 1336 602 Paradiso
1353 570 1458 603 fuisse
1473 577 1553 603 ante
1570 573 1823 615 promulgatam
1842 573 1963 616 legem.

1215 634 1320 668 Tales
1345 634 1641 671 hallucinationes
1667 639 1796 672 multae
1819 652 1857 672 ex
1877 641 1998 672 eodem
2019 640 2104 672 scri-

1115 693 1211 729 ptore
1228 687 1375 730 proserri
1393 695 1544 731 possent,
1571 689 1607 721 in
1623 690 1751 733 quibus
1766 690 1933 728 cernitur,
1957 691 1988 723 ei
2004 691 2105 723 valde

1113 737 1263 770 defuisse
1281 738 1501 781 diligentiam
1521 746 1612 773 recte
1629 747 1661 773 et
1678 740 1850 774 concinne
1869 741 2105 785 interpretan-

1113 789 1148 821 di
1164 800 1360 822 sermonem
1378 790 1622 833 apostolicum.
1678 790 1858 825 Interdum
1877 792 1961 825 tales
1978 793 2103 836 depra—

1114 840 1269 872 vationes
1292 841 1335 873 ab
1357 840 1493 874 inscitia
1512 848 1609 874 ortae
1627 849 1721 876 sunt.
1775 842 1842 877 Sed
1862 854 1948 887 pene
1968 843 2104 886 saepius

1113 890 1335 933 ingeniorum
1370 892 1561 934 petulantia
1596 905 1658 936 per
1688 893 1811 926 ludum
1840 894 2104 927 transformavit

1111 942 1202 974 «licta
1226 941 1263 974 in
1285 942 1418 975 alienas
1441 943 1643 977 sententias.
1694 943 1809 987 Magis
1832 952 1947 978 autern
1964 957 2103 978 meren-

1112 1002 1168 1025 tur
1192 1004 1323 1036 poenas
1348 990 1385 1025 hi
1409 993 1505 1032 ludi,
1537 1006 1640 1038 quam
1669 996 1887 1038 corruptelae
1912 995 2103 1028 nomisma-

1110 1049 1194 1075 tum.
1258 1043 1317 1077 Sic
1349 1051 1531 1078 armarunt
1556 1044 1760 1078 Pontificem
1795 1047 1934 1079 duobus
1965 1046 2103 1089 gladiis,

1112 1100 1254 1138 propter
1277 1091 1342 1127 hoc
1367 1095 1516 1128 dictum:
1545 1094 1634 1129 Ecce
1659 1096 1729 1129 duo
1745 1096 1852 1139 gladii
1871 1094 1939 1132 hic.
1993 1096 2102 1131 Cum-

1110 1157 1176 1189 que
1201 1152 1282 1178 nota
1307 1145 1377 1179 siut
1393 1146 1567 1189 exempla,
1595 1153 1627 1180 et
1646 1148 1772 1190 passim
1790 1148 1894 1180 obvia
1912 1148 2000 1189 sint,
2028 1160 2101 1181 non

1109 1196 1270 1228 adiiciam
1298 1197 1411 1240 plura.
1471 1196 1586 1239 Quam
1613 1198 1849 1241 perniciosum
1874 1206 2026 1233 erratum
2053 1206 2101 1232 est

1111 1247 1145 1278 in
1170 1244 1235 1280 hac
1259 1247 1483 1286 confusione,
1519 1250 1612 1292 quod
1632 1246 1796 1282 monachi
1821 1261 1892 1282 non
1919 1258 2010 1284 recte
2031 1258 2099 1283 tra-

1108 1297 1275 1331 diderunt
1299 1298 1489 1331 discrimen
1514 1299 1598 1342 legis
1618 1305 1650 1332 et
1667 1297 1865 1343 Evangelii.
1918 1299 1985 1333 llic
2003 1313 2101 1333 error

1108 1355 1275 1392 tanquam
1305 1349 1341 1381 in
1374 1362 1486 1382 unum
1521 1351 1700 1394 quoddam
1729 1348 1864 1391 Chaos,
1899 1351 2099 1385 universam

1108 1400 1304 1433 doctrinam
1328 1401 1510 1434 coelestem
1539 1400 1709 1436 confudit.
1762 1401 1834 1434 Nec
1863 1400 2100 1446 deprehendi-

1109 1458 1165 1483 tur
1187 1447 1273 1483 haec
1299 1452 1457 1484 confusio
1483 1449 1638 1485 humana
1663 1452 1866 1495 sagacitate,
1895 1454 1953 1486 sed
1979 1454 2100 1496 singu-

1109 1501 1178 1533 lare
1203 1499 1268 1534 Dei
1301 1514 1390 1545 opus
1416 1509 1484 1542 est,
1516 1503 1746 1536 instaurantis
1769 1501 1982 1543 Ecclesiam,
2018 1517 2100 1548 pro-

1108 1552 1196 1584 ferre
1218 1549 1284 1585 hoc
1307 1552 1508 1586 discrimen.
1575 1553 1665 1586 Nam
1692 1551 1845 1586 humana
1870 1555 1979 1595 ratio,
2011 1567 2100 1600 quae

1108 1603 1217 1645 legem
1241 1613 1300 1636 seu
1326 1603 1549 1647 disciplinam
1569 1611 1745 1636 externam
1765 1611 1945 1650 utcunque
1963 1606 2100 1640 intelli-

1106 1654 1173 1695 git,
1209 1665 1280 1686 non
1314 1654 1460 1698 perinde
1489 1655 1600 1688 cernit
1627 1655 1722 1687 illam
1747 1655 1890 1689 alteram
1918 1658 2100 1690 doctrinae

1108 1711 1257 1746 partem,
1298 1705 1430 1739 scilicet
1458 1703 1691 1748 Evangelium
1724 1707 1767 1738 de
1796 1707 2098 1748 reconciliatione,

1108 1755 1227 1795 procul
1252 1756 1404 1799 positum
1430 1768 1535 1800 supra
1561 1764 1785 1800 conspectum
1811 1759 1971 1791 omnium
1993 1770 2099 1801 ange-

1107 1806 1221 1838 lorum
1246 1813 1277 1839 et
1304 1804 1502 1840 hominum.
1558 1806 1640 1840 Ideo
1666 1807 1766 1840 facile
1786 1808 1993 1842 obscuratur
2012 1811 2099 1842 cali-

1105 1856 1184 1897 gine
1203 1854 1439 1890 humanarum
1457 1857 1688 1901 opinionum,
1713 1871 1818 1903 quam
1834 1858 1946 1901 Deus,
1974 1867 2011 1894 ut
2030 1859 2097 1894 Ec-

1105 1907 1243 1939 clesiam
1262 1908 1328 1940 sibi
1345 1908 1507 1951 colligat,
1535 1909 1686 1941 subinde
1703 1909 1857 1953 depellit.

1209 1973 1263 2007 Ad
1281 1972 1346 2008 hoc
1362 1987 1492 2008 munus
1508 1975 1668 2010 excitavit
1686 1976 1789 2010 initio
1806 1976 1942 2017 Patres,
1969 1980 2096 2011 deiude

1106 2023 1315 2069 Prophetas:
1343 2027 1385 2059 ad
1411 2024 1477 2059 hoc
1496 2039 1623 2060 munus
1640 2033 1673 2060 et
1690 2027 1799 2060 filium
1819 2027 2012 2062 Dominum
2031 2042 2097 2062 no-

1103 2085 1213 2110 strum
1246 2076 1358 2110 lesum
1384 2075 1565 2111 Christum
1597 2078 1710 2116 misit,
1744 2079 1871 2111 deinde
1895 2078 2095 2123 Apostolos.

1106 2127 1217 2161 flexit
1248 2134 1282 2161 et
1315 2136 1431 2172 postea
1458 2129 1658 2173 aliquorum
1685 2136 1818 2162 mentes
1843 2131 1882 2162 ad
1913 2131 2094 2165 illustrau-

1103 2180 1182 2211 dam
1210 2176 1300 2211 hanc
1323 2186 1471 2223 partem.
1525 2178 1569 2213 Et
1592 2179 1668 2212 sine
1693 2181 1764 2212 ulla
1789 2181 2010 2215 dubitatione.
2029 2181 2094 2215 Dei

1105 2229 1310 2262 heneficium
1334 2238 1400 2268 est,
1428 2228 1512 2263 haec
1537 2242 1654 2263 recens
1678 2231 1860 2264 doctrinae
1884 2234 2095 2277 repurgatiO,

1103 2293 1206 2325 quam
1230 2287 1262 2314 et
1285 2280 1447 2324 amplecti
1471 2288 1568 2323 grato
1594 2288 1730 2324 pectore
1750 2283 1868 2321 decet,
1895 2290 1924 2316 et
1945 2284 2095 2318 fideliter

1103 2332 1210 2364 tueri:
1247 2332 1340 2376 quod
1368 2331 1444 2364 sine
1473 2344 1551 2365 vera
1579 2332 1723 2375 pietate,
1755 2332 1830 2365 sine
1855 2334 1981 2375 literis,
2017 2335 2093 2369 siue

1101 2382 1272 2416 acerrimo
1293 2383 1410 2415 studio
1429 2394 1501 2416 non
1520 2383 1587 2416 fiet.
2051 2394 2057 2397 “

1173 2472 1183 2483 ι
1202 2449 1293 2484 Cum
1318 2456 1434 2483 autem
1460 2462 1478 2483 a
1503 2450 1606 2483 nobis
1629 2451 1833 2496 praecipue,
1862 2452 1922 2498 qui
1947 2453 1981 2486 iu
2003 2451 2092 2487 hauc

1101 2501 1263 2535 militiam
1289 2513 1307 2534 a
1324 2499 1402 2535 Deo
1422 2501 1535 2535 vocati
1555 2513 1694 2540 sumus,
1721 2503 1902 2537 doctrinae
1922 2506 2091 2549 possessio

1101 2552 1321 2585 defendenda
1348 2552 1410 2590 sit,
1443 2552 1593 2585 sciamus
1617 2551 1680 2586 Dei
1707 2555 1911 2588 mandatum
1939 2567 2025 2595 esse,
2054 2563 2091 2588 ut

1101 2603 1319 2647 diligentiam
1339 2603 1376 2635 in
1393 2603 1559 2637 discendo
1576 2611 1801 2648 praestemus.
1852 2604 1889 2638 Id
1910 2618 1988 2638 cum
2007 2606 2091 2638 alias

1100 2667 1200 2699 saepe
1224 2654 1392 2688 traditum
1420 2661 1489 2695 est,
1522 2661 1596 2688 tum
1624 2667 1706 2688 vero
1733 2653 1796 2688 hac
1823 2668 1907 2688 voce
1932 2654 2090 2699 ὀρθοτο-

1100 2706 1185 2751 μεῒν
1219 2705 1450 2749 significatum
1490 2712 1557 2740 est:
1602 2718 1690 2752 quae
1728 2707 1837 2750 magis
1868 2706 2092 2750 intelligetur,
