2338 2958
217 137 264 170 31

221 219 306 255 bitis
320 219 432 254 multa
450 218 618 263 utrinque
635 216 756 250 iactata
773 223 905 258 essent,
929 215 1129 252 Palatinum
1146 217 1205 250 ni-

221 269 274 306 hil
296 270 533 314 respondisse,
557 268 625 301 nisi
645 274 683 301 ut
706 266 761 300 sui
779 279 857 300 cum
877 267 947 301 telo
966 275 1100 309 essent,
1124 268 1205 300 vin-

221 322 408 355 dicandam
433 320 539 353 armis
561 317 759 352 Bavariam.
818 317 955 352 Videtis
978 331 1046 364 qua
1074 318 1205 362 impul-

222 384 280 406 sus
305 371 507 405 necessitate
532 368 622 401 bella
640 367 853 402 Germanica
870 370 1072 413 susceperit.
1127 367 1205 402 Hoc

223 430 338 457 autem
356 419 583 454 memorabile
601 419 794 463 sapientiae
820 431 901 453 suae
927 420 1126 463 exemplum
1145 420 1207 452 ‹le-

222 474 293 513 dit,
311 473 404 517 quod
423 483 460 504 ea
477 470 568 504 bella
585 470 634 503 sic
650 470 773 513 gessit,
798 477 837 503 ut
853 477 969 503 sontes
986 477 1122 503 tantum
1141 482 1207 513 pu-

221 525 404 562 nirentur,
429 521 587 566 reliquae
610 521 771 554 nationes
793 520 930 565 quietae
955 527 1088 562 essent,
1116 521 1207 554 inte-

222 575 288 608 rim
305 572 463 617 undique
480 578 680 616 praestans,
707 572 801 616 quod
825 571 862 604 in
880 570 1039 615 Regibus
1067 572 1208 605 volebat

222 624 415 658 Homerus:

263 669 446 713 ἀμφότερον
467 669 613 710 βασιλεῦς
634 670 660 701 τ’
685 668 808 711 ἀγαθὸς
833 669 983 711 κρατερός
1003 669 1028 701 τ’
1045 669 1205 710 αι’χμητῆς.

220 724 287 759 boc
305 731 374 765 est,
388 732 419 758 et
435 723 511 758 Rex
530 723 698 763 consilio,
716 729 749 756 et
767 724 956 766 pugnando
974 723 1090 756 miles:
1125 736 1206 756 nam

221 778 260 810 in
277 782 427 820 utroque
449 774 541 807 bello
558 773 669 806 multa
693 775 905 817 prudenter,
932 774 1044 808 multa
1068 774 1208 810 fortiter

219 827 313 862 fecit.
364 825 564 864 Helvetios,
592 831 730 867 gentem
757 824 890 869 alioqui
917 825 1086 865 ferocem,
1112 825 1206 858 bello

220 891 261 912 eo
286 888 397 922 usque
423 875 600 918 fatigavit,
627 881 666 908 ut
692 887 810 918 pacem
829 875 981 909 libenter
995 883 1207 918 agnosceret,

221 936 254 963 et
279 940 341 972 per
365 926 487 960 Gallos
508 926 722 969 impetraret.
775 924 936 959 Palatino
961 926 1140 959 auxiliaris
1166 939 1205 959 ex

220 978 362 1013 Boemis
378 977 469 1020 legio
487 988 582 1009 caesa
609 984 678 1014 est,
705 976 811 1021 idque
830 977 1020 1010 dimicante
1040 977 1207 1010 Maximi-

221 1031 316 1064 liano
332 1029 407 1072 ipso
424 1027 634 1070 fortissime,
662 1033 779 1060 tamen
801 1034 834 1060 et
850 1028 909 1060 ille
924 1036 1081 1071 receptus
1100 1035 1149 1061 est
1169 1028 1204 1060 in

220 1080 384 1125 gratiam,
412 1090 520 1123 quum
539 1078 621 1111 satis
639 1089 832 1121 poenarum
857 1079 1020 1113 dedisset.
1074 1077 1207 1119 Fallor,

220 1131 291 1165 nisi
315 1129 504 1172 singularis
531 1135 580 1162 est
605 1129 794 1172 sapientia,
822 1129 870 1162 sic
897 1129 987 1162 bella
1005 1140 1141 1172 gerere,
1169 1137 1206 1163 ut

219 1181 303 1216 solis
321 1181 482 1214 sontibus
497 1179 710 1212 detrimento
725 1179 807 1214 sint.
855 1177 901 1212 Et
919 1180 1139 1213 incredibilis
1156 1187 1208 1214 est

219 1232 426 1276 magnitudo
446 1230 556 1263 animi
575 1230 611 1263 in
635 1243 695 1270 eo,
722 1230 783 1275 qui
807 1231 952 1263 modum
978 1231 1099 1265 statuit
1122 1244 1206 1275 poe-

221 1295 304 1325 nae,
333 1294 404 1315 non
422 1293 526 1326 quem
544 1281 645 1325 culpa
662 1288 832 1321 meretur,
854 1282 911 1314 sed
930 1294 1033 1326 quem
1053 1282 1132 1316 facit
1151 1283 1204 1315 vi—

220 1334 326 1368 ctoris
339 1333 584 1366 mansuetudo.
638 1329 689 1364 Ea
710 1339 784 1365 tum
812 1339 885 1365 erat
901 1331 1113 1366 Germaniae
1132 1334 1206 1366 foe-

221 1384 354 1424 licitas,
381 1389 419 1416 ut
445 1395 523 1415 cum
550 1382 696 1415 omnino
720 1388 806 1415 esset
822 1382 955 1427 aliquid
978 1382 1088 1416 Marti
1116 1384 1204 1415 dan—

221 1437 326 1475 dum,
353 1434 398 1467 ita
424 1433 518 1466 enim
544 1439 594 1466 est
617 1432 730 1476 gentis
754 1438 894 1465 nostrae
917 1433 1119 1475 ingenium,
1153 1440 1204 1467 ta-

221 1497 302 1519 men
327 1485 360 1517 id
378 1485 474 1517 fieret
497 1483 587 1516 circa
605 1483 744 1526 publica
763 1483 997 1516 incommoda.
1051 1483 1205 1525 Quando

220 1537 314 1570 enim
338 1546 496 1579 unquam
518 1534 585 1566 suit
601 1532 792 1566 Germania
813 1533 984 1576 pacatior,
1010 1546 1115 1578 quam
1141 1535 1206 1567 sub

220 1586 467 1621 Maximitiano
483 1584 589 1618 fuisse
605 1584 782 1616 vidimus?
835 1583 982 1626 Quoties
996 1583 1206 1618 subCarolis

220 1637 384 1671 universa
409 1642 582 1669 commota
609 1641 640 1668 et
668 1635 874 1667 labefactata
897 1641 946 1668 est
974 1635 1206 1669 seditionibus

223 1686 422 1721 intestinis?
464 1685 637 1719 Dabimus
656 1686 790 1730 aliquid
811 1683 997 1718 Othonum
1017 1686 1206 1725 foelicitati,

223 1747 256 1773 et
278 1737 472 1782 gentilitiae
499 1737 611 1769 laudi:
643 1748 779 1780 semper
810 1736 903 1768 enim
927 1736 1080 1769 Saxouia
1113 1737 1206 1780 pacis

222 1801 344 1824 amans
365 1789 442 1822 suit.
503 1786 604 1820 Certe
636 1787 851 1820 Francorum
878 1786 1052 1820 lIenricos
1078 1788 1206 1829 tragica

224 1841 326 1874 etiam
346 1839 435 1872 mala
453 1839 664 1877 afflixerunt,
680 1850 788 1882 quum
801 1837 1009 1882 aliquandiu
1026 1850 1104 1882 pars
1115 1838 1207 1871 Ger-

223 1902 410 1925 manorum
439 1889 530 1926 filio,
563 1900 640 1932 pars
670 1888 758 1932 patri
790 1889 965 1929 studeret,
998 1895 1036 1922 ut
1072 1889 1206 1934 reliqua

224 1949 450 1987 praeteream.
505 1938 562 1973 Ab
580 1952 618 1972 eo
636 1951 717 1971 vero
739 1947 894 1983 tempore
918 1952 988 1984 quo
1014 1940 1206 1983 imperave—

226 1999 308 2026 runt
325 1991 430 2025 Suevi
443 2016 451 2029 ‚
480 2003 608 2035 quaeso
626 1991 710 2035 quid
731 1990 795 2023 suit
815 1990 848 2023 in
861 1990 1129 2031 Sigismundum
1147 2002 1206 2023 us-

226 2056 293 2089 que
314 2043 390 2075 laeti
418 2042 452 2074 iu
471 2042 634 2074 universa
652 2039 794 2085 Europa
808 2068 816 2081 ,
844 2043 972 2074 nedum
992 2041 1208 2074 Germania?

225 2095 421 2128 Prudenter
439 2093 639 2125 Friderieus
659 2092 812 2136 primus,
839 2093 897 2137 qui
918 2093 1000 2125 belli
1019 2093 1145 2126 molent
1170 2093 1205 2125 in

229 2144 383 2181 ltaliam,
411 2157 447 2176 ac
473 2144 599 2176 deiude
629 2143 747 2176 Asia-n
776 2144 898 2176 vertit:

227 2247 386 2278 dicarunt
414 2243 599 2287 Philippus
625 2246 778 2283 Suevus
811 2243 910 2278 ()tl1o
934 2245 1044 2284 Saxo

227 2295 413 2338 Adolplius
438 2295 476 2328 N.
473 2307 562 2328 issa!
568 2296 653 2331 usis
679 2303 711 2329 et
731 2295 896 2329 tibertus
915 2273 1093 2330 Austtiits:

228 2345 292 2379 lios
319 2347 517 2379 ludwicus
547 2346 609 2378 l‘mx
620 2359 719 2384 arus
743 2354 772 2379 et
801 2346 1001 2380 l⁴ri«l‹·ticus
1031 2347 1206 2383 Ausinius.

230 2397 269 2431 ln
298 2396 401 2433 llaec,
431 2398 574 2441 nequid
602 2398 730 2429 deesset
758 2398 858 2437 mali,
886 2406 969 2443 quot
996 2398 1204 2432 Pontificum

228 2449 324 2482 urbis
353 2447 484 2481 {ioniae
509 2448 670 2484 dissidia,
698 2457 781 2492 quot
808 2449 887 2481 item
912 2449 1124 2483 Germaniae
1145 2451 1205 2482 de-

229 2499 386 2531 votiones
407 2499 625 2532 inciderunt.
655 2499 782 2543 quilius
807 2511 943 2543 semper
971 2502 1114 2533 adversa
1142 2501 1204 2533 suit

228 2547 332 2583 buius
351 2550 445 2589 regui
469 2550 726 2594 tranquillitas,
755 2562 796 2581 ue
820 2564 879 2583 sua
906 2552 939 2583 iu
962 2550 1058 2584 ltalia
1085 2560 1204 2597 tyran-

226 2601 281 2633 nis
299 2601 580 2633 imminueretur:
611 2613 689 2632 uam
710 2607 844 2643 praeter
861 2602 892 2633 id
911 2604 1002 2646 quod
1020 2603 1204 2648 aliquoties

225 2652 386 2685 universa
407 2652 597 2683 Germania
617 2652 708 2683 «liras
727 2650 924 2684 l‘ontilieias
945 2654 1104 2696 pertulit,
1133 2667 1203 2686 nou

223 2715 299 2737 raro
329 2703 491 2748 privatim
520 2715 658 2747 quoque
688 2703 791 2735 urbes
825 2716 862 2736 ac
887 2704 1038 2737 ditiones
1066 2705 1204 2750 aliquae

774 129 936 168 DECL.
960 129 1032 166 DE
1067 129 1485 167 MAXIMILIANO
1518 130 1676 169 CAES.

2190 135 2240 169 32

1257 218 1454 251 desecratae
1477 224 1570 251 sunt.
1623 216 1675 251 Ita
1699 229 1882 263 nunquam
1905 218 2081 252 bellorum
2106 218 2242 254 semina

1257 279 1331 301 non
1356 268 1605 301 ministrabant
1626 267 1814 302 Pontifices
1831 267 2039 309 Germanis,
2066 281 2156 315 quae
2173 266 2242 303 hoc

1258 319 1451 362 imperante
1466 319 1563 352 nulla
1582 319 1739 352 suerunt:
1759 330 1941 364 nunquam
1952 318 2142 353 Germania
2157 320 2242 354 uni-

1259 380 1356 402 versa
1383 376 1557 403 commota
1585 375 1654 409 est,
1695 381 1879 414 nunquam
1906 369 2131 412 labefactata,
2173 368 2241 405 hoc

1259 420 1473 463 imperante,
1509 420 1649 463 religio:
1682 432 1772 465 quae
1796 419 1866 453 nisi
1890 419 2113 454 admirabilis
2135 432 2243 466 quae-

1258 471 1338 503 dam
1356 470 1546 514 sapientia,
1570 477 1603 504 et
1620 471 1723 514 plane
1741 471 1917 511 coelestis,
1945 471 2079 514 integra
2097 477 2130 505 et
2146 471 2242 505 salva

1258 532 1466 555 conservare
1491 533 1565 555 non
1587 521 1717 566 potuit:
1757 528 1791 555 et
1813 519 1908 555 bunc
1932 520 2135 566 Principem
2167 533 2244 555 ere-

1261 581 1357 615 ptum
1383 572 1485 605 terris
1508 585 1581 605 non
1603 572 1720 606 doleat
1738 571 1955 605 Germania?
2005 572 2164 606 Dederat
2182 571 2244 606 Iu-

1260 624 1327 657 lius
1342 621 1505 656 Pontifex
1521 623 1702 656 materiem
1720 623 1877 656 intestini
1897 635 2037 669 quoque
2052 623 2156 664 belli,
2183 623 2243 657 sed

1259 686 1347 719 quae
1362 674 1428 707 suit
1446 673 1683 707 Maximiliani
1705 673 1913 718 prudentia,
1940 674 2032 708 cavit
2054 686 2099 708 ne
2118 672 2218 708 Italia

1293 730 1396 770 ”E91;,
1421 729 1564 768 πολέμοιο
1588 729 1680 770 τέρας
1700 729 1778 769 μετὰ
1799 730 1905 771 χερσὶν
1928 728 2040 769 ἔχουσα

1260 783 1496 826 egrederetur:
1550 781 1640 815 Nam
1671 783 1837 816 ultimum
1867 794 2015 827 operum
2037 783 2243 817 mortalium

1259 834 1362 877 gessit
1386 833 1518 867 bellum
1539 832 1719 874 Italicum,
1743 833 1844 867 cuius
1871 840 2015 868 eventus
2040 834 2146 877 paulo
2171 834 2244 877 ini·

1259 885 1364 930 quior
1396 885 1484 922 fuit,
1517 884 1652 929 reliqua
1684 885 1777 917 enim
1807 885 1979 918 foeliciter
2008 885 2245 928 contigerunt,

1259 935 1403 979 perfidia
1428 935 1540 978 gentis
1564 935 1601 967 in
1631 947 1732 968 causa
1764 941 1826 969 est.
1876 933 2036 980 Eamque
2064 935 2244 970 fortunam

1259 998 1480 1020 communem
1504 983 1608 1018 habet
1626 997 1704 1018 cum
1722 983 1879 1026 Carolis,
1907 983 2135 1028 othonibus,
2160 985 2244 1020 Fri-

1260 1037 1404 1077 ‹lericis,
1430 1036 1613 1070 Ludovico
1631 1034 1788 1077 Bavaro,
1815 1043 1849 1070 et
1875 1035 2119 1079 Sigismundo:
2155 1038 2243 1070 adeo

1259 1099 1395 1132 semper
1428 1087 1541 1130 gentis
1571 1087 1679 1120 dubia
1714 1087 1816 1126 fides,
1854 1093 1886 1120 et
1911 1085 2123 1121 Pontificum
2150 1087 2246 1128 odia,

1260 1139 1349 1171 mala
1372 1138 1610 1171 conciliarunt
1637 1137 2023 1181 nostrisPrincipibuS.
2079 1136 2118 1171 Id
2148 1138 2245 1183 quod

1258 1187 1471 1233 Rodolpbus
1482 1187 1731 1232 Habspurgus,
1754 1188 1814 1233 qui
1833 1188 1968 1232 primus
1986 1200 2004 1221 e
2021 1188 2155 1222 familia
2167 1187 2245 1222 Au-

1258 1241 1425 1273 striorum
1453 1238 1626 1274 Romanis
1652 1239 1804 1272 fascibus
1835 1245 1958 1273 auctus
1986 1246 2058 1280 est,
2092 1239 2185 1273 bello
2211 1245 2245 1273 et

1259 1303 1340 1335 pace
1365 1291 1498 1330 clarus,
1526 1290 1748 1333 intelligens,
1777 1297 1918 1333 rogatus
1943 1302 2007 1324 cur
2028 1289 2165 1325 ltaliam
2184 1302 2245 1335 pe-

1258 1350 1328 1375 tere
1345 1342 1477 1381 nollet,
1505 1353 1567 1385 per
1584 1341 1772 1385 apologum
1790 1340 1922 1385 Aesopi

1360 1411 1446 1441 Olim
1464 1412 1546 1452 quod
1561 1414 1667 1452 vulpes
1683 1419 1804 1451 aegroto
1819 1418 1904 1441 cauta
1919 1413 2001 1441 leoni

1358 1462 1545 1502 Respondit,
1573 1463 1717 1498 referam,
1747 1465 1816 1503 quia
1835 1473 1883 1492 me
1899 1464 2024 1502 vestigia
2046 1468 2156 1493 terrent

1360 1512 1474 1545 Omnia
1490 1515 1520 1543 in
1538 1514 1695 1544 adversum
1710 1516 1873 1554 spectantia
1884 1537 1892 1550 ,
1921 1515 2004 1542 nulla
2019 1519 2190 1544 retrorsum.

1257 1584 1381 1619 Bellua
1412 1585 1606 1619 multorum
1641 1592 1691 1619 est
1719 1586 1872 1630 capitum
1905 1584 2037 1620 Roma:
2080 1585 2245 1621 videlicet

1257 1637 1515 1680 significaturus
1549 1636 1684 1669 nemini
1720 1649 1758 1669 ex
1791 1636 1980 1670 Germanis
2015 1635 2244 1681 Principibus

1259 1699 1423 1731 prospere
1448 1688 1639 1720 adventum
1663 1687 1699 1720 in
1728 1686 1864 1720 ltaliam
1885 1688 2034 1721 cessisse.
2098 1686 2244 1723 Caetera

1259 1738 1366 1771 foelix
1401 1737 1689 1777 Maximilianus,
1732 1736 1826 1771 hunc
1861 1750 1978 1772 casum
2015 1739 2094 1773 satis
2129 1739 2243 1780 debet,

1259 1800 1362 1833 quem
1389 1795 1503 1821 tamen
1529 1800 1752 1821 communem
1778 1800 1858 1821 cum
1883 1789 2052 1823 omnibus
2073 1789 2152 1823 aliis
2179 1787 2242 1823 lia-

1259 1839 1344 1872 luiit.
1399 1837 1516 1883 Atque
1534 1837 1618 1872 haec
1642 1840 1712 1872 fere
1736 1846 1836 1878 sunt,
1865 1852 2015 1884 quorum
2039 1851 2102 1873 vos
2127 1840 2243 1874 obiter

1258 1897 1392 1924 tanturn
1411 1890 1598 1927 admonui,
1616 1902 1704 1934 quae
1724 1890 1782 1922 ille
1798 1891 2040 1923 memorabilia
2058 1891 2149 1924 bella
2165 1901 2241 1934 ges-

1257 1942 1322 1980 sit,
1351 1941 1453 1983 longe
1476 1938 1530 1973 his
1555 1948 1728 1984 praestant
1745 1942 1870 1974 decora
1889 1941 2001 1985 pacis,
2027 1941 2176 1986 quibus,
2203 1948 2243 1975 ut

1257 1993 1416 2024 nondum
1440 1992 1513 2024 ullo
1538 1998 1694 2035 tempore
1718 1998 1788 2025 tam
1812 1991 1931 2026 floruit
1957 1990 2167 2031 Germania,
2194 1991 2241 2026 ita

1230 2049 1233 2068 ἲ
1257 2055 1335 2076 cum
1354 2055 1393 2075 eo
1413 2055 1515 2075 nemo
1535 2043 1756 2087 superiorum
1775 2040 1980 2086 Principum
2007 2043 2242 2076 conserendus

1230 2077 1234 2108 t

1230 2114 1233 2136 ι

951 2144 1010 2188 qui
1035 2141 1129 2176 liunc
1154 2156 1206 2177 sc-
1231 2145 1233 2155 '

226 2195 295 2227 cuti
313 2201 393 2227 sunt
410 2195 526 2226 omnia
548 2194 765 2227 infoeliciter.
800 2193 961 2234 lieguuui
981 2195 1110 2238 pariter
1129 2196 1206 2227 xiu-
1231 2212 1233 2235 Ι
1257 2195 1387 2237 gnitio

1259 2101 1319 2127 est.
1381 2093 1587 2126 Liberalitas
1626 2093 1660 2125 iu
1690 2105 1730 2125 eo
1765 2104 1919 2132 summa,
1954 2093 2069 2127 cultus
2104 2093 2242 2137 pietatis

1258 2144 1481 2188 praecipuus,
1509 2144 1741 2189 plurimarum
1761 2143 1888 2178 artium
1908 2150 1939 2177 et
1956 2144 2156 2187 linguarum
2181 2156 2241 2178 co-

1440 2195 1598 2228 nmnium
1633 2195 1790 2228 cixilium
1828 2207 1944 2227 rerum
1980 2201 2098 2229 tantus
2132 2207 2244 2236 amor,

1079 2247 1206 2278 deinde
1231 2241 1233 2276 l
1257 2253 1428 2291 quantum
1455 2245 1561 2279 luulie
1588 2246 1648 2278 illo
1684 2246 1759 2289 ipso
1782 2252 1903 2279 autore
1928 2245 2042 2278 civilis
2065 2246 2212 2280 cultus
2204 2258 2240 2279 tn

1131 2305 1203 2341 post
1230 2279 1233 2329 l

1258 2298 1311 2329 t'..
1301 2299 1447 2330 rmauia
1469 2298 1644 2335 uidemus
1671 2310 1773 2341 quem
1793 2308 1914 2329 (nunes
1932 2309 1971 2329 eo
1989 2309 2059 2330 esse
2078 2297 2154 2331 loco
2171 2297 2238 2330 sci·-

1258 2350 1322 2385 tis,
1351 2356 1385 2381 ut
1415 2362 1491 2381 rum
1517 2348 1645 2381 nostris
1667 2349 1762 2380 nulla
1789 2348 1895 2391 possit
1913 2360 2108 2392 comparari
2124 2353 2239 2381 exten

1419 2399 1554 2433 Literas
1571 2399 1674 2435 fovit,
1701 2399 1849 2432 decretis
1869 2399 1902 2431 iu
1922 2399 2035 2432 studia
2053 2398 2237 2442 stipendiis

1259 2450 1434 2488 N'iennae„
1462 2451 1521 2483 uhi
1543 2450 1694 2493 priuuun
1710 2447 1956 2483 Malliematica
1975 2457 2004 2483 et
2027 2448 2164 2483 Poenica
2183 2461 2239 2483 re-

1257 2503 1467 2535 floruerunt:
1496 2501 1595 2535 cuius
1620 2501 1778 2545 exemplo
1803 2513 1881 2533 cuni
1907 2500 1966 2533 alii
1992 2500 2171 2544 Principes
2194 2501 2238 2533 ad

1257 2553 1373 2585 literas
1393 2553 1549 2585 animuin
1568 2553 1766 2585 adiecerunt
1781 2579 1788 2590 ,
1816 2559 1890 2585 tum
1910 2552 2059 2584 maxime
2084 2551 2238 2596 optimus

1256 2604 1428 2636 Saxouiae
1447 2603 1612 2646 l'rinreps
1635 2602 1787 2636 lnterrex
1808 2602 2022 2640 Fritlericus,
2040 2603 2139 2635 cuius
2155 2613 2237 2636 cura

1256 2655 1451 2687 restituitur
1467 2655 1623 2687 fontibus
1641 2655 1711 2687 suis
1725 2652 1933 2695 'Flu-otwin,
1948 2650 2004 2686 hic
2024 2661 2119 2686 tanto
2136 2652 2237 2687 foeli-

1255 2706 1345 2744 eior,
1369 2712 1500 2751 «plauto
1517 2707 1681 2739 munibus
1700 2705 1776 2738 aliis
1794 2705 1988 2749 disciplinis
2006 2716 2121 2738 sacrae
2137 2715 2237 2749 prae-

1258 2400 1363 2432 natio.
