2338 2958
211 132 309 167 1045

207 220 378 251 immensa
396 215 572 252 bonitate,
603 219 634 245 et
655 212 811 245 clamasti
827 213 870 245 de
886 212 958 244 filio
975 219 1035 245 tuo
1047 210 1202 244 Domino

209 275 330 303 nostro
343 266 421 299 lesu
432 263 575 299 Christo
587 290 596 304 ,
621 261 728 296 Hunc
745 263 876 300 audite,
902 263 1068 296 conditor
1085 270 1118 296 et
1133 274 1204 295 ser-

209 327 309 354 vator
325 317 486 351 omnium
504 325 623 348 rerum
635 341 643 355 ‚
671 326 750 347 cum
765 313 838 346 filio
856 320 916 347 tuo
935 321 1120 347 coaeterno
1130 312 1204 347 Do-

207 371 306 405 mino
323 374 443 401 nostro
464 365 543 400 Iesu
557 362 700 399 Christo
712 390 720 403 ‚
749 371 781 398 et
798 364 935 409 Spiritu
954 371 1074 398 sancto
1094 365 1204 398 effuso

209 423 246 455 in
258 418 463 464 Apostolos
491 428 644 456 oramus,
669 423 706 449 ut
726 423 871 460 propter
887 416 1000 448 filium
1019 422 1119 449 tuum
1131 415 1205 449 Do-

208 473 345 505 minum
370 476 531 503 nostrum
558 467 672 501 lesum
696 465 896 507 (hristum,
930 480 1036 512 quem
1061 467 1204 500 xoluisti

211 536 274 567 pro
299 521 402 554 nobis
427 532 497 553 esse
522 519 700 552 victimam
721 516 843 562 lae-,m
862 516 923 551 καὶ
941 516 1112 563 ιιεσίτηι,
1140 531 1204 551 no-
1228 513 1232 551 l
1258 518 1407 561 gloriam
1426 525 1595 561 perpetuo
1614 529 1749 555 serves,

739 123 899 160 DECL.
933 123 1006 159 DE
1041 123 1422 159 NATlviTATE
1456 123 1713 161 CHRISTI.

2150 130 2248 166 1044

1257 212 1319 244 stri
1350 211 1565 250 miserearis,
1595 218 1627 244 et
1657 222 1720 244 nos
1744 218 1777 245 et
1800 209 1890 246 hanc
1911 219 2020 247 totam
2044 212 2250 254 Ecclesiam.

1256 260 1413 295 scholam
1437 271 1469 295 et
1494 262 1652 306 politiam
1674 261 1810 306 Spiritu
1834 271 1952 297 sancto
1969 271 2031 298 tuo
2049 277 2162 309 regas,
2186 279 2248 301 nec

1257 314 1350 346 sinas
1375 312 1536 347 Turcicis
1568 313 1674 346 armis
1703 321 1763 346 aut
1794 314 1872 347 aliis
1904 316 2116 349 tumultibus
2140 317 2249 351 deleri

1256 365 1350 397 inter
1375 376 1440 397 nos
1456 376 1587 397 nomen
1605 371 1637 397 et
1656 365 1853 398 doctrinam
1873 365 1934 398 filii
1954 367 2005 399 tui
2021 365 2167 401 Domini
2184 380 2249 402 no-

1257 415 1322 448 stri
1342 414 1418 449 lesu
1436 413 1580 449 Christi.
1634 415 1703 449 Sed
1727 413 1785 448 hic
1800 414 1978 450 Ecclesiae
2002 424 2080 450 tuae
2099 420 2250 453 semina-

1257 467 1307 500 ria
1331 473 1364 499 et
1389 466 1442 499 tui
1464 464 1650 509 Evangelii
1678 467 1788 500 lucem
1815 469 1856 500 ad
1885 468 2131 503 illustrandam
2154 477 2250 505 tuam

1787 516 1913 554 Amen.

485 787 762 827 RELIQUAE
794 787 1041 818 PHILIPPI
1073 786 1474 818 MEhAN'rHONxs
1506 787 1981 820 DECLAMAUONRS

801 889 842 913 lu
872 888 1098 913 vonmufflr.
1123 888 1381 912 Duomtclmo
1407 889 1673 917 SEQUENTUR.

902 958 912 976 ⁴

1146 2531 1332 2560 nutas

872 2592 999 2612 ττινιε
1032 2591 1287 2614 ιῐνηκεκυη
1322 2590 1608 2614 οιιιΛυκιιιιε.
