2338 2958
230 152 304 188 595

230 237 356 275 Deum,
382 236 425 268 ad
443 234 651 275 mitigandas
669 232 878 264 calamitates
895 231 1060 275 publicas.
1117 229 1213 264 Idem

230 287 437 331 precabatur
453 291 485 316 et
502 283 572 326 ipse
589 282 792 315 ardentibus
807 281 913 322 votis,
938 282 1076 325 publice
1093 287 1124 314 et
1141 281 1215 325 pri-

233 337 361 375 vatim,
406 333 634 365 confirmabat
666 344 763 371 suos,
797 343 841 364 ne
867 332 965 364 fracti
994 329 1214 364 ethnicorum

233 394 291 419 aut
316 384 570 416 haereticorum
603 383 827 421 crudelitate,
871 393 986 414 veram
1019 381 1213 413 doctrinam

234 435 432 469 abiicerent.
484 431 637 476 Fuitque
673 432 703 465 ei
732 439 880 464 extrema
909 431 1106 464 lucubratio
1136 437 1215 464 ante

235 491 400 520 mortem,
441 483 614 516 enarratio
649 481 777 515 Psalmi
806 481 1060 525 quadragesimi
1090 481 1216 525 quarti,

235 535 333 567 cuius
348 533 489 565 initium
506 540 571 565 est:
591 531 685 565 Deus
703 532 846 564 auribus
862 532 991 564 nostris
1007 531 1217 565 audivimus,

234 583 287 617 Ac
308 584 426 617 ferunt
454 583 489 615 in
515 581 577 615 hac
609 583 680 625 ipsa
712 582 955 614 lucubratione
983 593 1087 625 supra
1115 587 1218 624 caput

234 633 415 667 Ambrosii
441 633 616 665 flammam
640 639 859 675 conspectam
877 643 948 664 esse
973 632 1078 673 ligura
1097 630 1219 676 clypei,

236 696 324 728 quae
350 690 466 727 postea
483 684 648 715 delabens
668 682 837 723 fulgorem
856 682 1061 714 inusitatum
1081 681 1115 713 in
1133 681 1219 714 facie

235 735 418 777 sparserit,
446 740 478 766 et
496 746 554 765 ore
574 730 693 763 hausta
710 731 764 763 sit.

331 782 424 823 Cum
442 789 555 815 autem
573 793 612 814 eo
636 781 710 825 ipso
730 787 885 823 tempore
910 791 981 812 non
1002 779 1115 813 solum
1140 791 1220 823 per-

235 841 365 867 texeret
389 833 665 869 enarrationem,
703 831 762 863 sed
793 831 895 863 etiarn
931 840 1072 872 gemens
1096 841 1134 862 ac
1169 829 1220 861 la-

235 881 422 928 chrymans
447 889 525 915 vota
550 882 678 914 faceret
702 892 764 924 pro
787 879 960 919 Ecclesia,
1000 880 1112 924 deque
1134 891 1220 912 ven-

236 934 324 967 turis
343 932 598 966 calamitatibus
618 931 885 970 vaticinaretur,
911 941 982 962 non
1002 930 1151 963 dubium
1171 936 1221 963 est

235 990 354 1027 pectus
371 983 444 1016 eius
460 982 582 1015 divino
605 981 731 1024 spiritu
755 981 936 1013 incensum
961 979 1080 1018 fuisse,
1107 979 1220 1024 quise

235 1034 273 1066 in
291 1046 329 1066 ea
346 1034 483 1065 flamma
500 1031 664 1071 ostendit,
689 1037 726 1063 ut
745 1042 824 1064 cum
840 1029 1091 1073 Apostolorum
1108 1029 1220 1062 coetui

237 1083 376 1127 publice
394 1080 568 1116 exhibitus
585 1088 644 1116 est.
687 1079 774 1114 Erat
789 1088 903 1114 autem
920 1080 1121 1113 admonitus
1138 1091 1221 1112 voce

235 1133 386 1171 Psalmi,
413 1139 450 1166 ut
476 1134 518 1165 de
544 1138 691 1164 ventura
708 1131 901 1164 mutatione
918 1127 1092 1163 Ecclesiae
1111 1130 1221 1162 multa

236 1183 462 1228 praediceret.
512 1181 669 1214 Psalmus
697 1187 815 1213 narrat
839 1179 1030 1213 Ecclesiam
1053 1192 1124 1212 non
1154 1178 1221 1213 hu-

235 1234 351 1266 manis
377 1233 528 1269 viribus,
562 1232 620 1263 sed
655 1230 823 1262 mirandis
848 1229 914 1262 Dei
942 1228 1041 1262 factis
1071 1230 1221 1271 gloriose

236 1283 460 1318 constitutam
479 1288 510 1315 et
529 1287 686 1313 ornatam
703 1291 786 1312 esse.
836 1277 1011 1312 Extremis
1029 1291 1110 1312 vero
1134 1285 1218 1312 tem-

236 1334 380 1378 poribus
396 1344 469 1365 non
484 1332 558 1363 fore
574 1330 722 1362 similem
741 1330 886 1373 gloriam
898 1355 906 1368 ,
933 1329 1112 1373 magisque
1127 1340 1222 1371 gras-

236 1390 388 1417 saturam
405 1394 476 1414 esse
492 1389 721 1426 tyrannorum
740 1379 944 1418 saeviciam,
971 1391 1075 1422 quam
1094 1386 1206 1412 antea.

338 1431 433 1465 llaec
447 1431 620 1465 enarravit
634 1428 840 1463 Ambrosius
857 1429 1042 1472 copiosius,
1069 1429 1220 1462 extincto

239 1481 442 1517 Theodosio
463 1482 597 1526 inquit,
625 1487 701 1513 ruet
723 1478 806 1513 haec
823 1478 984 1513 Romana
1001 1477 1221 1512 Monarchia-

237 1533 373 1566 Videtis
389 1533 482 1565 enim
509 1533 574 1564 iam
600 1531 766 1563 barbaras
780 1530 938 1562 nationes
954 1529 1120 1574 utrinque
1135 1541 1221 1573 pene

235 1583 420 1616 obsidione
436 1582 582 1615 cinxisse
599 1580 748 1614 Italiam.
791 1579 926 1611 llarum
949 1580 1055 1612 armis
1072 1591 1148 1612 cum
1167 1579 1221 1611 di-

237 1633 447 1666 lacerabitur
471 1630 677 1674 imperium,
709 1629 835 1673 passim
858 1635 931 1661 toto
949 1630 1032 1661 orbe
1049 1636 1220 1662 terrarum

236 1681 413 1717 Ecclesiae
453 1682 589 1714 duriter
629 1680 896 1724 quassabuntur.
958 1677 1054 1711 Alibi
1092 1691 1220 1711 nomen

237 1731 370 1766 Christi
406 1731 598 1770 delebitur,
635 1730 721 1762 alibi
755 1729 977 1762 contusiones
1012 1729 1219 1768 religionum

237 1790 349 1816 erunt.
404 1781 448 1815 [Τί
473 1782 508 1813 in
535 1779 672 1817 Africa,
709 1778 858 1811 Vandali
887 1785 980 1811 tanta
1007 1779 1221 1812 immanitate

236 1831 475 1877 propagabant
493 1829 665 1863 Arianum
685 1829 798 1867 virus,
824 1835 862 1862 ut
878 1829 1025 1862 nudatas
1043 1836 1221 1862 matronas

236 1895 274 1916 ac
291 1883 442 1925 virgines
460 1881 495 1914 in
514 1887 699 1924 conspectu
717 1879 838 1923 populi
856 1886 1008 1913 urerent.
1059 1879 1126 1912 Hic
1142 1890 1221 1911 vere

236 1933 382 1966 sonabat
399 1944 463 1964 vox
490 1931 547 1963 illa
573 1929 678 1963 huius
697 1929 843 1963 Psalmi:
871 1928 1020 1973 Propter
1042 1936 1074 1963 te
1096 1929 1221 1962 morti-

238 1984 380 2015 ficamur
396 1988 464 2015 tota
480 1982 556 2020 die,
580 1980 748 2013 aestimati
773 1991 893 2013 sumus
915 1979 1003 2013 sicut
1023 1991 1105 2013 oves
1129 1979 1220 2012 occi-

236 2033 355 2066 sionis.

339 2081 474 2115 Deinde
498 2081 543 2113 ait
570 2079 778 2114 Ambrosius
803 2078 891 2112 hanc
918 2079 1053 2123 imperii
1082 2080 1219 2112 ruinam

239 2133 349 2164 maior
372 2133 436 2164 alia
461 2132 573 2163 clades
603 2137 759 2163 secutum
789 2137 850 2163 est.
908 2129 1033 2162 Daniel
1064 2131 1219 2163 futurum

240 2190 398 2220 testatur,
426 2189 461 2214 ut
482 2188 601 2225 quarta
623 2178 827 2213 Mouza-chia
847 2179 1022 2222 dissipata,
1050 2180 1085 2212 in
1103 2180 1219 2225 aliqua

241 2241 334 2275 parte
351 2244 478 2263 nox-uin
497 2244 640 2272 regnum
658 2231 844 2266 exoriatur,
870 2232 963 2274 quod
980 2230 1110 2263 bellum
1129 2238 1218 2272 geret

239 2295 314 2313 cum
335 2282 469 2320 sanctiS,
492 2289 519 2313 cl
543 2293 719 2314 sermones
739 2278 958 2323 blasphemos
972 2288 1090 2313 contra
1108 2280 1218 2313 Deum

993 2330 1086 2363 vidit
1116 2331 1220 2372 igitur

242 2380 431 2413 Maliometi
465 2395 608 2422 rognum
644 2394 718 2413 mox
751 2388 949 2413 socium-nm
982 2393 1071 2417 esse,
1105 2394 1122 2413 a
1151 2394 1219 2425 ‹pn›

238 2339 417 2364 nvn-rmum
444 2332 744 2375 impinlvntissiuw
769 2331 936 2365 ellundct.

240 2441 354 2474 pust-'a
381 2433 414 2463 in
447 2445 568 2473 magna
595 2439 689 2475 pavle
723 2431 818 2463 urbis
849 2440 1017 2465 terrarum
1047 2430 1219 2463 Ecclesiae

239 2483 395 2513 funditus
428 2484 558 2514 ‹lo-letn-
594 2490 685 2516 sunt.
741 2481 836 2514 Alibi
873 2493 954 2513 vcro
992 2481 1051 2513 ubi
1092 2494 1217 2514 11υ1111·11

236 2531 366 2565 (jin-isti
386 2533 601 2569 renim-bitur,
631 2533 740 2564 luc-*tn
762 2532 943 2573 Evangelii
961 2533 1065 2564 densa
1084 2539 1113 2564 rt
1132 2538 1216 2565 [vti-.-

236 2583 345 2622 caliga·
385 2583 527 2619 obruo-t,
573 2583 732 2614 sola-ntur
765 2579 905 2615 ctlmico
943 2595 1038 2614 more
1074 2581 1217 2618 lli-roes„

237 2631 399 2676 Episcopi
417 2633 534 2664 lmrlmt
547 2633 605 2663 isis
623 2633 821 2665 nationibus
839 2633 1075 2673 gratificaturi,
1096 2633 1217 2666 §inillis

236 2684 360 2726 templa
386 2683 622 2726 complvlnun'.
675 2683 861 2715 suun-rma
890 2683 924 2715 in
948 2691 1126 2727 quaestum
1152 2683 1215 2715 Sa-

917 146 1076 182 DECL.
1122 145 1198 181 DE
1232 143 1562 182 AMBROSIO.

2171 149 2247 185 596

1266 236 1441 264 eramenta
1461 229 1632 264 divinitus
1656 230 1798 264 tradita:
1826 238 1859 265 et
1875 239 1914 266 ut
1938 233 2107 267 barbarae
2130 239 2250 276 gentes

1267 280 1513 324 superstitione
1535 281 1644 323 magis
1665 281 1926 323 devinciamur,
1951 283 2162 327 affingentur
2184 294 2250 316 no-

1268 342 1330 363 vae
1346 330 1542 374 opiniones,
1595 329 1642 364 Ut
1659 329 1843 363 Persarum
1859 330 1970 374 Reges
1991 333 2106 377 ignem
2132 332 2251 366 colue-

1268 387 1371 420 runt,
1406 392 1444 412 ac
1473 380 1613 413 adorari
1645 380 1853 421 voluerunt,
1892 393 1994 425 quem
2023 381 2250 416 Orimasdam

1269 430 1504 474 appellabant.
1558 429 1608 464 lta
1625 431 1830 474 spectacula,
1855 437 1929 464 tum
1946 437 2148 473 statuarum,
2174 439 2251 465 tum

1269 481 1415 513 aliarum
1442 491 1559 513 rerum
1582 479 1673 513 inter
1699 480 1867 514 barbaros
1898 482 2028 524 posteri
2054 483 2252 516 instituent.

1270 530 1364 563 Toto
1389 530 1494 572 igitur
1516 530 1601 563 orbe
1623 536 1815 571 terrarum,
1851 537 1909 563 ant
1935 531 2097 566 iacebunt
2118 532 2252 565 deletae

1270 579 1464 620 Ecclesiae,
1504 586 1564 613 aut
1605 580 1748 613 stabunt
1787 580 1985 625 squalentes
2026 589 2059 616 et
2101 581 2253 626 pollutae

1272 630 1407 673 magnis
1424 638 1456 664 et
1473 630 1644 673 pestiferis
1659 630 1849 663 erroribus.

1373 679 1518 714 lnterim
1549 678 1716 723 Episcopi
1746 680 1930 724 tyrannico
1966 691 2062 713 more
2090 681 2255 714 domina-

1272 730 1426 770 buntur,
1467 729 1611 763 abiectis
1646 729 1772 763 studiis
1808 730 1988 763 doctrinae
2023 728 2256 772 Christianae,

1273 780 1438 822 neglectis
1453 778 1618 813 Ecclesiis
1636 786 1826 824 sequentur
1842 779 1978 823 Regum
1994 781 2110 820 aulas,
2136 788 2255 824 regent

1274 830 1397 862 mundi
1415 829 1571 873 imperia,
1588 827 1769 863 habebunt
1786 830 1964 864 devinctos
1981 830 2048 863 sibi
2064 829 2256 874 Principes,

1273 891 1424 923 quorum
1441 879 1569 912 muniti
1590 879 1790 923 praesidiis,
1815 891 1897 913 suos
1918 892 2053 913 errores
2068 881 2257 914 defendent

1276 940 1398 972 magna
1415 929 1568 964 saevitia.
1619 927 1737 962 Erunt
1753 930 1879 975 reliqui
1896 930 2009 974 pauci,
2038 930 2086 974 pii
2103 937 2136 964 et
2151 930 2258 972 docti,
2300 966 2303 969 ,

1274 979 1334 1023 qui
1353 976 1444 1012 banc
1461 979 1638 1024 querelam
1648 978 1778 1012 Psalmi
1796 981 1989 1014 sonabunt:
2017 980 2119 1014 Nunc
2138 987 2255 1014 autem

1275 1029 1433 1073 repulisti
1451 1037 1483 1062 et
1500 1029 1689 1063 confudisti
1707 1041 1781 1064 neS.

1375 1079 1495 1123 Neque
1512 1086 1629 1112 tamen
1644 1079 1804 1112 funditus
1821 1079 1980 1113 interibit
1990 1077 2144 1113 Ecclesia
2159 1091 2256 1120 vera3

1275 1141 1355 1162 nam
1381 1127 1439 1162 bic
1464 1129 1536 1173 ipse
1551 1128 1718 1162 'Psalmus
1742 1129 1874 1174 inquit:
1899 1128 1995 1163 Haec
2017 1130 2137 1163 omnia
2152 1142 2258 1164 vene-

1275 1185 1359 1212 runt
1383 1191 1488 1223 super
1505 1190 1588 1217 nOS,
1613 1191 1677 1212 nec
1693 1179 1795 1212 obliti
1818 1191 1938 1213 sumus
1954 1186 1998 1215 te.
2048 1177 2129 1214 Erit
2151 1180 2259 1224 igitur

1275 1229 1419 1271 exiguus
1445 1236 1580 1269 coetus,
1614 1229 1675 1274 qui
1698 1227 1930 1273 Evangelium
1960 1229 2024 1262 filii
2044 1228 2111 1263 Dei
2140 1231 2260 1270 discet,

1275 1278 1418 1319 amabit,
1441 1285 1613 1322 proponet
1629 1278 1783 1316 caeteris,
1810 1280 2017 1322 propagabit
2031 1280 2074 1312 ad
2091 1286 2259 1324 posteros,

1276 1328 1410 1361 etiamsi
1428 1329 1610 1361 subeunda
1628 1334 1731 1362 erunt
1748 1329 1843 1361 varia
1860 1329 2051 1362 certamina
2073 1336 2110 1362 et*
2125 1330 2260 1374 suppli-

1276 1378 1339 1412 cia.
1391 1379 1458 1412 Sed
1476 1378 1574 1411 duris
1589 1385 1628 1412 ut
1644 1378 1709 1411 ilex
1728 1384 1826 1411 tonsa
1843 1378 2069 1422 bipennibuS,
2090 1379 2136 1413 ita
2155 1387 2185 1413 et
2202 1377 2260 1413 hic

1276 1436 1410 1465 coetus,
1438 1440 1499 1472 per
1515 1429 1652 1469 damna,
1679 1439 1740 1471 per
1755 1440 1867 1467 neces,
1894 1429 1938 1462 ab
1956 1429 2030 1473 ipso
2047 1429 2150 1463 «lucet
2166 1441 2260 1474 opes,

1276 1479 1502 1523 animumque
1519 1479 1623 1513 ferro.
1660 1476 1755 1511 Haec
1773 1478 1900 1523 inquit,
1923 1478 2260 1523 praemonuitDeuS‚

1276 1541 1319 1561 ne
1348 1541 1426 1562 cum
1451 1529 1648 1561 videbimus
1672 1529 1827 1573 quassari
1850 1529 1972 1562 orbem
2003 1535 2194 1570 terrarum,
2225 1536 2260 1564 et

1275 1579 1348 1611 fieri
1373 1579 1637 1622 dissipationes,
1671 1590 1820 1622 quarum
1843 1579 1973 1612 exitum
1991 1590 2064 1613 non
2088 1579 2260 1625 prospici-

1275 1640 1373 1668 mus,
1400 1629 1636 1662 existimemus
1656 1628 1796 1671 penitus
1816 1628 2035 1662 interituram
2052 1641 2124 1663 esse
2137 1629 2260 1664 Eccle-

1274 1679 1372 1711 siam.
1426 1678 1495 1711 Sed
1521 1684 1711 1711 statuamus
1735 1689 1815 1710 vere
1837 1677 2028 1712 Ecclesiam
2054 1691 2144 1720 esse,
2171 1692 2259 1724 quae

1275 1729 1400 1761 retinet
1427 1740 1547 1771 puram
1567 1726 1748 1770 Evangelii
1773 1728 1991 1771 doctrinam,
2017 1735 2049 1762 et
2074 1726 2156 1763 huic
2181 1742 2259 1763 coe-

1276 1779 1336 1818 tui,
1354 1776 1407 1811 bis
1423 1778 1547 1811 studiis
1558 1777 1671 1811 Deum
1689 1778 1841 1822 aliquam
1861 1779 1896 1811 in
1913 1779 2012 1812 terris
2028 1780 2144 1813 sedem
2159 1780 2260 1814 attri-

1274 1829 1442 1861 buturum
1467 1840 1548 1861 csse.
1598 1827 1797 1862 Retinenda
1825 1835 1875 1862 est
1898 1829 2004 1872 igitur
2023 1830 2201 1869 doctrina,
2227 1837 2258 1863 et

1275 1878 1447 1911 constanti
1482 1878 1600 1910 animo
1637 1880 1877 1922 propaganda,
1913 1886 1952 1913 ut
1981 1879 2053 1914 sint
2079 1879 2140 1925 qui
2168 1887 2260 1914 recte

1274 1927 1388 1962 Deum
1407 1928 1582 1961 invocent.

1378 1977 1539 2011 Vicissim
1557 1977 1651 2011 Deus
1667 1977 1801 2023 aliquas
1816 1978 1955 2023 politias
1975 1980 2124 2013 servabit
2136 2006 2144 2019 ,
2171 1991 2260 2025 quae

1275 2029 1464 2072 praebeant
1500 2027 1690 2072 hospitium
1728 2029 1763 2061 in
1800 2029 1917 2067 terris,
1962 2027 2044 2063 huic
2073 2028 2260 2066 Ecclesiae.

1275 2079 1368 2112 llaec
1405 2080 1468 2111 suit
1505 2079 1681 2111 Ambrosii
1720 2086 1889 2122 postrema
1924 2080 2064 2117 concio,
2103 2081 2258 2123 exposito

1276 2129 1402 2162 Psalmi
1430 2129 1524 2162 illius
1549 2135 1772 2171 argumento,
1800 2140 1903 2173 quam
1928 2141 1967 2163 eo
1993 2129 2154 2170 recitavi,
2178 2131 2258 2175 quia

1275 2187 1304 2212 ct
1326 2180 1425 2211 nobis
1445 2177 1510 2212 hoc
1534 2179 1607 2222 ipso
1633 2185 1786 2222 tempore
1812 2179 2039 2212 necessariam
2057 2177 2146 2213 hanc
2165 2192 2259 2213 com-

1274 2230 1563 2263 nunu-sactimwm
1593 2236 1625 2262 et
1648 2226 1924 2262 cohortationem
1942 2241 2014 2263 esse
2033 2231 2134 2266 duco.
2187 2230 2259 2264 Res

1274 2281 1423 2313 ostendit
1453 2279 1556 2312 nimis
1573 2290 1688 2311 veram
1713 2290 1783 2311 csse
1807 2280 2098 2322 praedictionem.
2131 2281 2173 2314 de
2190 2292 2259 2326 qua

1276 2329 1482 2363 Ambrosius
1506 2329 1731 2362 concionatus
1756 2337 1803 2362 est
1830 2330 1983 2374 collapso
2012 2330 2159 2374 imperio
2182 2329 2258 2365 Ro·

1274 2393 1397 2418 11111111,
1424 2387 1536 2413 secuta
1556 2387 1601 2411 est
1621 2380 1777 2423 tyrannis
1797 2377 2004 2421 Mallonicti,
2031 2393 2119 2426 quac
2136 2378 2256 2414 Eccle-

1273 2431 1339 2463 sias
1370 2431 1528 2463 funditus
1563 2430 1688 2462 delexit
1725 2430 1758 2461 in
1787 2429 1904 2463 Africa
1938 2438 1967 2464 et
2003 2442 2125 2473 magna
2156 2429 2258 2463 Asiae

1273 2488 1376 2524 atquc
1402 2479 1562 2523 Europae
1589 2487 1692 2523 parte.
1749 2477 1792 2513 Et
1818 2493 1910 2513 nunc
1937 2481 2002 2513 late
2026 2487 2198 2522 grassatur
2220 2481 2256 2514 in

1273 2533 1385 2563 xit-in..
1406 2530 1585 2563 Pannonia
1599 2557 1605 2567 ,
1633 2538 1661 2563 ct
1682 2543 1766 2573 ponc
1786 2531 1921 2563 ol·si‹l‹·t
1940 2530 2178 2563 Germaniam.

1351 2581 1423 2615 Etsi
1443 2589 1555 2613 antem
1575 2593 1702 2624 paucae
1719 2582 1887 2625 quar-lam
1908 2579 2102 2613 insti-acria
2122 2587 2151 2614 ct
2174 2579 2255 2626 llly-

1271 2633 1342 2664 τῖε-ο
1363 2633 1515 2677 reliquae
1532 2639 1610 2663 sunt
1632 2629 1814 2667 Ecclesiae.
1843 2637 1955 2663 tamen
1972 2631 2052 2674 qnia
2070 2643 2255 2664 aerumno-

1269 2684 1403 2715 sissima
1424 2682 1589 2715 ,ze-nituit·
1605 2693 1788 2725 oppressae
1810 2686 1908 2718 511111,
1942 2680 2107 2723 paulatim
2134 2687 2164 2713 et
2192 2678 2255 2713 bac
