2338 2958
56 119 132 155 255

59 204 201 238 vivendi
229 203 402 237 rationem
426 210 662 237 monstrantes
685 204 844 236 maximis
869 204 1047 237 erroribus

58 255 193 288 animos
213 260 351 287 nostros
369 254 531 288 liberant.

58 316 113 338 res
137 304 291 337 decrevit
315 304 403 342 illiS,
438 304 500 349 qui
521 305 637 347 fruges
661 312 693 339 et
717 305 899 338 meliorem
914 305 1044 338 victum

57 353 262 389 hominibus
279 355 521 391 ostenderunt.
574 356 644 389 Sed
665 356 692 389 si
712 362 804 389 recte
821 356 1045 389 aestimamus

57 417 138 438 vera
153 406 264 446 hona,
293 405 404 439 multo
424 406 549 439 melius
567 407 610 440 de
628 406 730 439 nobis
756 414 955 447 merentur,
983 406 1042 451 qui

55 456 269 501 optimarum
294 468 409 489 rerum
433 457 629 490 doctrinam
649 457 752 489 uobis
776 457 988 500 patefaciunt
1006 468 1044 489 ac

55 508 212 542 tradunt.
271 504 348 540 Etsi
370 518 432 550 ego
457 508 598 552 quidem
625 514 781 541 veterum
807 504 972 540 historias
996 507 1043 540 ita

56 559 288 602 interpretor,
331 569 404 590 non
437 559 585 598 victum,
625 558 684 590 sed
713 557 858 590 vivendi
891 558 983 600 leges
1010 563 1043 590 et

55 608 278 653 disciplinam
303 620 322 641 a
351 609 498 641 summis
525 609 735 653 quibusdam
760 608 845 641 viris
879 608 1041 641 traditam

55 671 140 698 esse,
165 659 224 704 qui
245 666 360 702 postea
375 659 514 702 frugum
532 659 733 692 inventores
750 659 862 692 vocati
881 665 975 700 sunt,
1002 665 1042 691 ut

54 710 328 754 significaretur,
361 721 434 742 non
460 709 577 742 minus
601 711 643 742 ad
669 710 835 743 tuendam
854 709 961 743 vitam
978 721 1041 742 ne-

54 761 219 794 cessarias
253 771 325 793 esse
359 760 475 793 literas
510 768 612 805 atque
644 767 752 801 artes,
791 772 896 805 quam
925 761 1042 803 fruges

53 811 156 856 ipsas.
207 810 278 844 Nec
295 810 370 843 fieri
390 818 519 854 potest,
550 811 578 843 si
597 811 665 843 vim
682 824 720 844 ac
736 811 942 854 dignitatem
963 812 1041 844 lite-

55 874 171 895 rarum
190 861 429 904 intelligimus,
455 862 542 906 quin
558 862 689 905 pariter
706 869 738 895 et
754 870 844 895 artes
861 868 894 895 et
909 860 1041 895 Docto-

52 924 108 946 res
126 911 254 945 artium
282 923 457 951 amemus,
486 924 546 955 per
566 925 652 957 qnos
672 910 756 945 haec
780 911 939 945 coelestia
964 925 1041 945 mu-

53 974 137 996 nera
166 962 338 996 divinitus
372 963 414 995 ad
451 960 612 996 homines
648 970 900 1007 propagantur.
952 962 1040 996 Nam

52 1014 143 1047 illud
169 1014 272 1047 etiam
299 1013 402 1045 nobis
423 1014 719 1047 considerandum
741 1021 808 1053 est,
835 1026 905 1046 non
926 1014 1039 1047 solum

53 1065 180 1098 debere
200 1076 263 1097 nos
283 1064 540 1106 praestantibus
556 1063 769 1098 Ductoribus
796 1072 938 1108 propter
956 1064 1041 1097 assi-

53 1115 242 1152 duitatem,
270 1115 509 1156 diligentiam,
543 1116 644 1148 tidem
668 1122 701 1149 et
723 1123 874 1148 caeteras
895 1115 1041 1148 virtutes

52 1177 141 1211 quae
165 1165 201 1197 in
215 1163 367 1198 Doctore
391 1165 483 1197 fideli
507 1165 756 1209 requiruntur,
789 1166 847 1197 sed
873 1165 1039 1209 quoniam

53 1216 143 1249 nulli
168 1216 257 1248 fiunt
287 1215 452 1254 artifices,
489 1215 555 1248 nisi
581 1216 705 1248 divino
731 1217 884 1259 quodam
909 1216 1040 1252 afflatu,

53 1269 164 1301 bonos
179 1265 361 1305 Doctores,
389 1265 485 1299 velut
502 1267 647 1299 numina
666 1266 762 1299 coelo
773 1266 935 1306 demissa,
955 1274 988 1299 et
1004 1272 1041 1298 ut

51 1317 153 1351 Plato
185 1323 304 1355 vocat,
346 1323 511 1361 tanquam
539 1315 605 1349 Dei
640 1318 849 1360 interpretes
880 1316 1038 1349 venerari

53 1369 231 1402 debemus.
292 1365 429 1399 Erratis
459 1367 571 1407 enim,
610 1368 637 1400 si
662 1374 752 1400 artes
778 1373 931 1411 repertas
957 1379 1039 1408 esse,

54 1419 121 1452 nisi
138 1417 213 1451 Deo
232 1424 460 1457 monstrante,
482 1424 541 1450 aut
555 1418 755 1450 conservari
775 1429 872 1461 posse
892 1417 1042 1456 creditis,

53 1469 120 1502 nisi
139 1468 233 1501 Deus
250 1468 421 1501 artificum
444 1468 584 1511 ingenia
605 1468 781 1502 exuscitet.
834 1467 939 1509 Quod
959 1468 986 1500 si
1005 1468 1040 1499 in

52 1519 170 1564 parvis
186 1518 338 1555 artibus,
366 1518 403 1551 in
420 1518 568 1552 Music-is
584 1531 622 1552 ac
640 1518 759 1553 Poetis
777 1531 866 1562 opus
882 1525 932 1552 est
949 1518 1039 1551 dixi*

53 1583 100 1604 no
119 1577 233 1610 motu,
260 1576 300 1603 ut
317 1569 424 1603 Poeta
443 1569 573 1614 inquit:

166 1640 219 1670 Est
235 1638 317 1670 Deus
332 1641 363 1669 in
379 1641 481 1678 nobis,
509 1641 639 1679 agitante
652 1642 824 1670 calescimus
840 1641 905 1669 illo.

52 1707 194 1750 Quanto
213 1705 321 1748 magis
337 1715 424 1748 opus
442 1710 491 1737 est
507 1704 629 1737 divino
647 1705 768 1738 afflatu
788 1705 825 1737 in
849 1704 920 1737 illis
943 1716 1041 1737 snm-

53 1757 118 1791 mis
135 1756 280 1796 artibus,
308 1755 344 1788 in
360 1755 590 1798 explicatione
607 1755 831 1798 religionum,
860 1755 896 1787 in
915 1767 1042 1788 eruen-

51 1809 106 1842 dis
133 1807 246 1840 causis
273 1806 514 1847 naturalibus,
551 1807 587 1838 in
622 1806 853 1851 inquisitione
881 1813 1040 1840 motuum

52 1858 274 1897 coelestium,
308 1857 345 1889 in
372 1857 508 1899 legibus
533 1863 566 1890 et
591 1857 681 1890 vitae
704 1856 827 1890 officiis
851 1856 1042 1896 tradendis,

51 1911 89 1943 iu
109 1909 293 1942 formanda
312 1907 483 1942 oratione.
538 1906 658 1952 ltaque
685 1914 720 1941 ut
746 1913 901 1940 caeterae
925 1919 1041 1940 sacrae

52 1972 117 2002 res,
135 1960 181 1993 ita
200 1965 234 1992 et
250 1959 334 1992 boni
354 1960 513 1991 doctores
528 1958 699 2001 singulari
717 1956 850 1991 honore
866 1957 1039 1991 aslicIendi

51 2017 145 2046 sunt.
179 2008 228 2044 Et
242 2010 272 2043 si
289 2009 324 2042 in
343 2007 397 2041 bis
415 2011 456 2042 ad
478 2009 688 2043 industriam
703 2010 871 2042 accedunt
888 2015 1040 2042 caeterae

52 2062 217 2102 virtutes,
243 2060 431 2094 dexteritas
455 2060 492 2092 in
509 2061 687 2097 docendo,
716 2060 818 2099 fides,
847 2059 1041 2100 assiduitas,

52 2112 166 2158 qualis
189 2112 292 2146 debet
313 2123 386 2144 esse
411 2111 636 2151 nutritionis,
672 2108 726 2143 his
745 2122 826 2143 vero
851 2123 913 2154 par
930 2111 1039 2153 gratia

53 2163 154 2197 reddi
170 2163 267 2196 nulla
292 2168 412 2206 potest.
465 2161 554 2195 Nam
573 2162 601 2194 si
620 2161 680 2206 qui
703 2162 786 2194 tales
809 2168 907 2201 sunt,
933 2161 1038 2194 vitam

53 2213 236 2257 discipulis
266 2213 495 2257 impendunt,
534 2220 715 2256 propterea
739 2213 834 2257 quod
866 2223 937 2245 non
964 2213 1039 2245 sine

53 2263 215 2298 maximis
231 2263 322 2296 curis
337 2275 375 2296 ac
391 2263 572 2296 laboribus
591 2263 776 2296 assiduitas
795 2263 853 2295 illa
873 2263 1039 2306 praestari

54 2321 178 2360 potest.
230 2312 326 2356 Quid
345 2315 440 2358 quod
463 2314 606 2347 interim
630 2314 837 2357 negligenda
855 2320 904 2346 est
921 2314 969 2346 rei
989 2314 1039 2347 fa-

43 2365 202 2405 ⁴miliaris
219 2364 429 2408 procuratio,
451 2365 674 2408 perpetienda
691 2365 770 2398 odia
786 2364 1048 2408 improborum,

53 2416 114 2462 qui
132 2416 268 2455 literas,
294 2414 354 2460 qui
374 2415 554 2458 religionis
572 2415 782 2455 doctrinam,
809 2415 870 2459 qui
890 2422 1041 2448 caeteras

44 2473 145 2505 ,artes
167 2464 343 2500 hostiliter
366 2465 542 2499 oderunt?
574 2465 743 2499 Videmus
766 2466 859 2499 enim
887 2477 974 2510 quae
998 2466 1040 2500 sit

56 2517 148 2561 uulgi
165 2524 309 2556 natura,
337 2517 430 2562 quod
450 2516 625 2559 fastigium
645 2517 833 2561 sapientiae
853 2517 889 2549 in
906 2529 946 2549 eo
968 2518 1040 2555 col-

54 2567 146 2602 locat
159 2580 248 2609 uno,
276 2568 371 2613 quod
388 2568 435 2601 ait
451 2566 635 2601 Horatius:

102 2637 209 2668 Virtus
221 2661 229 2676 ,
255 2639 352 2676 t‘uma,
379 2638 486 2676 decus,
513 2638 613 2667 divina
632 2637 820 2680 humanaque
835 2637 967 2678 pulchris

102 2686 226 2720 Divitiis
245 2695 357 2729 parent.

704 117 863 153 DECL.
897 116 972 153 DE
1007 115 1440 157 GRATITUDINE.

2014 122 2087 158 254

1100 202 1283 237 Praeterea
1317 205 1459 249 tyranni
1498 212 1622 240 natura
1651 204 1887 252 philosophos
1923 209 2084 241 oderunt.

589 254 748 288 Vetustas
768 254 909 287 divinos
933 251 1047 287 hono-
1098 252 1220 298 Neque
1237 267 1318 287 vero
1337 261 1388 288 tot
1405 256 1643 299 difficultates,
1671 265 1721 292 tot
1737 258 1893 299 labores,
1919 265 2084 303 tantaque

1099 305 1253 347 pericula
1278 305 1364 338 boni
1380 305 1464 346 viri,
1491 308 1551 351 qui
1578 309 1829 351 possessionem
1849 309 2027 342 literarum
2048 309 2084 342 in

1098 352 1226 388 scholis
1243 362 1388 389 tuentur
1403 357 1629 401 susciperent,
1658 360 1724 392 nisi
1742 371 1800 393 eos
1815 367 1853 393 ut
1870 360 1904 393 id
1922 360 2085 400 facerent,

1098 407 1270 450 quaedam
1289 406 1341 439 vis
1356 407 1485 440 amoris
1503 415 1535 442 et
1558 420 1637 451 erga
1653 422 1730 451 vos,
1758 416 1789 443 et
1809 422 1887 454 erga
1905 409 2083 453 Rempub.

1096 453 1309 491 hortaretur.
1361 456 1508 490 Necesse
1531 466 1580 492 est
1603 467 1716 492 autem
1743 461 1820 503 plus
1835 473 1938 505 quam
1963 461 2083 493 ferreis

1096 507 1224 540 animis
1249 508 1424 551 praeditos
1446 520 1517 541 esse
1536 521 1613 549 eos,
1637 511 1695 554 qni
1720 518 1748 543 ct
1775 511 1949 544 beneficiis
1968 510 2082 544 affecti

1095 558 1242 590 summis
1254 582 1262 596 ,
1287 565 1319 591 et
1337 570 1455 591 amore
1472 572 1551 592 vere
1569 561 1682 603 patrio
1700 561 1855 601 invitati,
1885 574 1955 594 non
1981 562 2082 594 reda-

1095 615 1192 642 mant
1212 616 1462 653 praeceptores.
1504 608 1594 643 Cum
1613 611 1720 654 igitur
1739 613 1838 644 vobis
1856 609 1920 645 huc
1937 612 2081 656 quidem

1095 665 1271 703 tempore,
1299 658 1567 702 Adulescentes,
1594 674 1717 705 magna
1738 662 1806 695 fide
1821 674 1859 695 ac
1880 663 2083 696 dexteritate

1096 711 1280 743 tradantur
1304 711 1341 743 in
1365 707 1430 744 hac
1460 709 1579 745 schola
1604 712 1746 746 divinae
1777 720 1880 758 atque
1909 705 2082 746 humanae

1094 760 1234 801 literae,
1261 761 1415 805 primum
1442 762 1570 796 dabitis
1587 776 1749 806 operam,
1777 771 1816 797 ut
1833 764 1990 797 beneficii
2010 776 2084 796 ma-

1094 812 1316 854 gnitudinem
1340 812 1560 855 intelligatis,
1586 814 1713 846 deinde
1737 821 1776 848 nt
1801 814 2084 858 praeceptoribus

1094 862 1182 905 grati
1195 862 1281 897 sitis.
1314 862 1382 896 Dei
1398 864 1567 897 beneficio
1582 862 1666 897 haec
1683 862 1799 898 schola
1817 865 1937 898 multis
1953 864 2085 897 doctri--

1095 925 1160 945 nae
1185 911 1407 946 Christianae
1430 913 1515 947 locis
1541 926 1701 958 maguam
1730 916 1841 949 lucem
1871 915 2006 955 attulit,
2045 927 2083 948 ac

1095 963 1151 996 vix
1174 964 1257 996 alibi
1287 975 1433 1009 usquam
1459 965 1580 1009 purius
1604 978 1641 999 ac
1671 966 1865 1010 simplicius
1893 966 2084 1010 explicatur

1095 1015 1253 1047 doctrina
1269 1012 1480 1048 Christiana.
1517 1014 1573 1049 Ad
1593 1014 1676 1050 haec
1692 1029 1813 1049 omnes
1832 1014 2083 1059 Philosophiae

1095 1071 1209 1109 partes
1234 1073 1504 1109 proponuntur,
1526 1074 1653 1100 etcum
1674 1065 1866 1113 Physicen,
1902 1079 2006 1112 quam
2035 1066 2083 1099 sic

1095 1122 1241 1152 vocant,
1276 1113 1430 1157 habetis,
1464 1125 1538 1152 tum
1556 1118 1669 1151 tetiam
1694 1119 1932 1151 ostenduntur
1962 1128 2084 1150 causae

1095 1165 1296 1198 coelestium
1325 1173 1504 1205 motuum,
1543 1180 1631 1212 quae
1659 1176 1707 1201 est
1735 1169 1896 1201 omnium
1931 1168 2083 1213 partium

1096 1213 1346 1258 Philosophiae
1364 1217 1466 1260 longe
1483 1219 1790 1262 praestantissima,
1809 1226 1842 1253 et
1859 1218 2086 1253 ut.Aristotc-

1095 1267 1142 1299 les
1158 1266 1292 1311 inquit,
1322 1268 1471 1300 maxime
1487 1276 1630 1311 cognata
1651 1269 1840 1305 divinitati.
1884 1268 2001 1315 Atque
2019 1267 2084 1302 hae

1095 1315 1345 1360 Philosophiae
1365 1325 1478 1361 partes
1495 1330 1533 1351 eo
1549 1319 1657 1361 magis
1676 1322 1845 1353 amandae
1861 1327 1959 1357 sunt,
1989 1320 2084 1364 quod

1096 1367 1247 1410 plurima
1273 1375 1472 1402 monstrant
1496 1375 1528 1402 et
1546 1370 1736 1403 clarissima
1758 1371 1899 1413 vestigia
1917 1370 2086 1403 divinita-

1095 1418 1139 1450 tis
1172 1418 1208 1449 in
1241 1425 1384 1456 natura,
1426 1431 1577 1464 quorum
1607 1420 1865 1454 animadversio
1897 1421 2084 1454 maximam

1095 1469 1249 1511 profecto
1269 1468 1338 1500 vim
1366 1466 1469 1502 habet
1495 1471 1537 1502 ad
1559 1471 1759 1504 excitandos
1781 1472 1919 1505 animos
1941 1473 1982 1504 ad
2001 1470 2084 1504 reli-

1094 1519 1233 1561 gionein
1260 1525 1292 1551 et
1317 1520 1360 1551 ad
1384 1519 1501 1552 omnia
1522 1520 1661 1554 virtutis
1686 1522 1811 1557 officia.
1865 1522 1934 1556 Nec
1956 1524 2085 1556 desunt

1095 1576 1206 1607 artes,
1234 1581 1322 1613 quae
1346 1570 1500 1603 formant
1518 1571 1687 1603 iudicium
1706 1572 1748 1604 de
1771 1572 1906 1605 ratione
1926 1573 2083 1605 dicendi:

1095 1627 1126 1653 et
1154 1620 1195 1652 ad
1224 1617 1286 1652 has
1316 1618 1534 1654 adhibentur
1561 1621 1684 1665 optimi
1709 1620 1874 1656 authores
1903 1623 2026 1658 Graeci
2053 1630 2086 1657 et

1094 1670 1233 1711 Latini,
1272 1683 1342 1703 non
1368 1671 1500 1710 solum,
1536 1680 1574 1706 ut
1600 1684 1708 1715 genus
1737 1674 1910 1707 sermonis
1941 1674 2084 1707 illorum

1095 1722 1291 1761 imitemur,
1318 1722 1378 1754 sed
1405 1722 1507 1755 etiam
1533 1730 1570 1756 ut
1590 1723 1672 1756 inde
1697 1736 1812 1756 rerum
1839 1724 2085 1768 cognitionem,

1097 1770 1375 1815 philosophiam,
1411 1773 1675 1818 antiquitatem,
1718 1772 1880 1808 historias
1918 1783 2084 1819 petamus.

1096 1823 1165 1856 Nec
1183 1835 1265 1855 vcro
1285 1823 1386 1855 video
1406 1824 1489 1868 quid
1509 1825 1763 1858 adolescentiae
1789 1826 1936 1870 proponi
1960 1826 2084 1859 melius

1095 1881 1198 1919 atque
1222 1874 1344 1907 utilius
1369 1875 1413 1907 ad
1439 1875 1586 1907 solidam
1615 1876 1849 1909 eruditionem
1878 1889 2081 1920 comparan-

1095 1926 1174 1957 dam
1203 1933 1236 1959 et
1263 1926 1305 1957 ad
1334 1926 1519 1958 formanda
1549 1926 1676 1959 iudicia
1707 1928 1826 1970 possit.
1889 1927 2006 1960 Satius
2034 1933 2084 1960 ost

1094 1976 1189 2008 enim
1213 1976 1367 2019 profecto
1392 1977 1520 2009 versari
1551 1977 1586 2009 in
1615 1975 1859 2016 Mathematis,
1887 1979 1922 2010 in
1946 1977 2083 2011 Aristo>-

1094 2027 1179 2067 tcle,
1223 2025 1362 2067 Plinio,
1407 2026 1574 2066 Alberto‚
1613 2027 1796 2068 pontano,
1836 2027 2083 2067 Demosthene,

1096 2077 1269 2115 Homero,
1295 2075 1492 2121 Sophocle,
1520 2077 1696 2121 Vergilio,
1723 2079 1826 2112 Livio
1851 2086 1882 2112 et
1908 2080 2084 2113 similibus

1094 2126 1322 2167 authoribus,
1360 2141 1464 2173 quam
1491 2129 1526 2161 in
1554 2128 1738 2162 Tartareto
1764 2137 1797 2162 et
1825 2128 1928 2163 huius
1951 2131 2084 2163 formae

1094 2179 1249 2218 caeteris,
1271 2179 1330 2223 qui
1350 2186 1382 2212 et
1404 2180 1719 2223 praestantissimae
1737 2178 1984 2224 Philosophiae
2005 2193 2083 2225 par-

1094 2237 1162 2263 tem
1199 2241 1271 2261 non
1304 2229 1495 2272 attigerunt
1527 2237 1559 2262 et
1595 2230 1691 2263 illam
1722 2243 1825 2274 qnam
1862 2232 2085 2275 profitentur,

1095 2287 1132 2313 ut
1159 2277 1250 2312 nibil
1275 2280 1370 2312 aliud
1404 2280 1537 2319 dicam,
1574 2281 1761 2315 inutilibus
1787 2281 2085 2325 disputationibus

1095 2331 1262 2364 obruunt.
1307 2329 1452 2363 Habetis
1470 2337 1501 2363 ct
1518 2331 1790 2375 disputationeS,
1818 2333 1998 2377 inquibus
2016 2333 2083 2365 iam

1094 2382 1196 2414 anuis
1221 2381 1356 2425 aliquot
1374 2381 1528 2414 vidimus
1551 2383 1737 2426 explicatas
1754 2394 1808 2415 res
1828 2384 1869 2415 ad
1889 2383 1994 2416 vitam
2012 2383 2084 2416 uti-

1094 2433 1254 2466 lissimas,
1312 2431 1394 2464 Non
1425 2432 1519 2465 enim
1553 2440 1802 2476 proponuntur
1830 2433 1950 2466 inanes
1979 2435 2084 2481 λογο-

1093 2481 1244 2527 μαχίαι,
1281 2482 1316 2514 in
1342 2483 1470 2527 quibus
1497 2488 1634 2516 tantum
1658 2485 1700 2516 de
1725 2484 1870 2517 vocibus
1897 2485 2083 2517 rixandum

1094 2535 1155 2574 sit,
1190 2534 1280 2566 sicut
1308 2532 1400 2566 inter
1420 2545 1456 2566 se
1481 2534 1577 2566 corvi
1603 2535 1842 2575 contendunt,
1878 2535 1963 2568 libet
1988 2536 2081 2567 enim

1093 2585 1145 2619 uti
1174 2583 1304 2617 Galeni
1332 2584 1467 2624 verbis,
1510 2585 1567 2617 sed
1604 2585 1781 2628 agitantur
1813 2585 2084 2625 controversiae,

1094 2648 1183 2681 quae
1207 2635 1359 2668 forment
1381 2634 1552 2668 iudicium
1577 2636 1620 2668 de
1646 2635 1833 2679 religione,
1861 2637 1903 2668 de
1920 2633 2083 2668 Philoso-

1065 2673 1070 2726 Ι
1095 2684 1246 2732 phorum
1269 2685 1388 2727 sectis,
1414 2686 1458 2720 de
1481 2686 1570 2728 sato,
1597 2687 1641 2719 de
1665 2686 1794 2720 finibus
1818 2687 2013 2722 bonorum.
2040 2685 2087 2718 de
