2338 2958
80 112 130 149 45

21 195 31 200 ,
77 199 200 234 fuisset
216 199 352 243 lapsus,
379 203 463 231 tunc
478 208 600 230 omnes
616 197 764 241 posteri,
796 203 828 231 et
845 194 1007 230 homines
1025 208 1065 229 ex

78 263 119 285 eo
148 250 235 290 orti,
272 244 381 294 φύσει
411 248 558 282 fuissent
585 246 774 291 Theologi:
815 255 889 282 tum
919 248 1064 281 vidisses

77 307 189 336 totum
206 300 328 333 orbem
345 306 517 333 terrarum
534 296 626 332 nihil
637 299 735 332 aliud
750 310 839 337 esse,
863 311 968 344 quam
985 310 1063 342 spa—

76 351 206 385 ciosam
248 350 427 395 quandam
466 361 507 383 ac
548 349 866 395 frequentissimam
909 346 1064 382 scholam

76 399 349 444 Theologicam,
382 400 419 433 in
451 401 528 444 ipso
557 400 736 445 paradiso,
771 400 871 444 quasi
895 399 933 433 in
960 398 1063 433 horto

75 453 249 497 quodam,
298 457 359 484 aut
407 450 545 495 porticu
587 448 858 494 Philosophtca‚
908 450 1063 483 mirabili

74 502 306 542 amoenitate,
336 502 459 544 passim
485 501 772 539 consedentibus,
799 501 1064 535 obambulanti-

75 554 140 587 bus
164 559 214 586 tot
239 552 441 596 discipulis,
477 563 627 597 quorum
650 548 925 597 συμφιλόσοφοι
949 558 1063 585 essent

73 603 221 647 Angeli,
255 615 406 647 quornm
436 602 600 636 dominus
634 608 667 634 et
693 602 857 645 magister
878 610 965 636 esset
989 603 1062 646 ipse

72 652 184 687 Deus:
220 654 366 686 vidisses
387 653 578 686 masculum
603 659 635 686 et
653 653 844 685 foeminam
867 653 903 685 in
926 665 1061 685 summa

74 705 250 745 castitate,
291 711 324 737 et
355 703 506 748 puritate
534 703 630 736 dulci
657 704 827 747 quadam,
863 711 895 737 et
927 704 1061 737 sincera

73 758 231 802 στοργῇ,
268 767 347 787 vera
372 755 522 798 quadam
548 760 581 787 et
605 755 755 797 perfecta
778 754 948 787 suavitate
971 755 1062 788 vitae

71 814 103 839 et
121 818 279 846 morum,
305 806 346 837 de
358 803 431 837 Deo
449 812 480 837 et
496 804 662 848 operibus
675 803 739 837 Dei
756 805 944 846 disserere,
975 817 1059 838 con-

71 857 240 890 fabulari:
271 855 416 888 vidisses
446 852 607 887 homines
629 863 785 898 expertes
811 856 1060 899 calamitatum,

71 918 339 946 aerumnarum,
375 905 560 946 tristiciae,
594 906 733 948 ignaros
757 907 921 939 funerum
950 914 981 940 et
1005 919 1061 939 se-

71 955 230 1001 pulchri,
258 957 388 990 liberos
402 969 420 989 a
437 963 490 990 tot
503 957 700 990 terroribus
715 954 876 995 Diaboli,
904 957 947 990 ab
964 957 1061 989 omni

71 1008 233 1046 tristitia,
263 1014 379 1048 metu,
414 1019 559 1051 pavore,
594 1014 629 1040 et
653 1007 811 1046 miseria,
837 1009 1060 1052 inperpetuo

70 1058 198 1102 gaudio
217 1058 370 1102 Spiritus
392 1057 522 1097 sancti,
546 1057 823 1091 admirabundos
843 1059 1001 1103 quotidie
1018 1059 1061 1091 de

71 1109 236 1153 operibus
254 1108 338 1148 Dei,
365 1108 658 1141 iucundissimum
676 1108 712 1141 in
729 1110 873 1142 modum
893 1110 1058 1153 colloqui.

70 1158 151 1192 Non
173 1159 320 1192 fuissent
343 1159 507 1191 tenebrae
530 1155 612 1200 hae,
638 1166 689 1192 tot
710 1167 861 1193 moestae
878 1161 1060 1203 cogitatio—

69 1208 131 1243 11ss
161 1217 194 1243 et
218 1222 320 1243 curae
354 1207 588 1242 humanarum
617 1211 808 1251 mentium,
845 1223 933 1255 quae
965 1223 1059 1243 nunc

69 1267 168 1299 sunt,
195 1262 253 1294 sed
272 1260 389 1293 omnia
407 1260 508 1304 plena
528 1260 625 1299 luce,
650 1261 742 1301 vita,
767 1259 963 1301 hilaritate,
990 1262 1061 1294 lae-

69 1311 150 1345 ticia
181 1311 371 1344 ineffabili:
409 1317 442 1344 et
469 1311 683 1344 eiuscemodi
710 1313 870 1345 coelestia
898 1313 1059 1356 poemata

66 1374 108 1395 ac
122 1362 254 1395 cantica
272 1363 314 1394 de
330 1360 405 1394 Deo
422 1368 454 1394 et
470 1362 635 1404 operibus
648 1360 714 1395 Dei
731 1362 984 1406 (cuiuscemodi
1003 1363 1059 1394 vix

67 1412 214 1445 summis
238 1409 469 1452 patriarchis,
503 1410 652 1452 Dandi,
685 1419 718 1445 et
743 1413 918 1445 similibus
937 1425 1060 1445 canere

68 1470 186 1507 postea
209 1463 330 1495 datum
358 1461 424 1507 est)
447 1470 520 1495 tum
548 1461 674 1495 bimuli
699 1463 868 1500 infantes,
897 1469 929 1495 et
947 1461 1059 1494 Habel

68 1513 236 1557 parvulus
257 1513 294 1545 iu
314 1513 433 1552 cunis,
462 1512 554 1545 inter
570 1512 642 1555 ipsa
660 1513 850 1556 crepundia
869 1513 1060 1547 cecinisset.

67 1563 156 1597 Nam
182 1563 250 1596 nisi
274 1575 292 1596 e
320 1564 417 1596 coelo
442 1574 608 1605 generosa
635 1563 695 1595 illa
722 1569 755 1595 et
780 1562 911 1595 nobilis
936 1570 1059 1595 natura

67 1611 243 1655 hominis,
287 1626 350 1658 per
384 1620 562 1658 peccatum
594 1613 742 1655 originis
775 1620 808 1646 et
841 1611 1058 1646 horrendum

68 1666 206 1709 lapsum
223 1663 339 1706 Adae,
366 1677 445 1697 cum
470 1664 507 1696 in
525 1664 700 1707 corporis,
725 1671 799 1697 tum
821 1664 959 1697 animae
974 1664 1061 1696 viri-

66 1716 134 1750 bus
152 1722 317 1759 corrupta
336 1722 442 1755 esset,
473 1721 505 1747 et
523 1714 642 1747 lumen
661 1714 749 1747 illud
767 1712 944 1747 humanae
962 1726 1062 1746 men-

66 1767 111 1800 tis
136 1764 359 1804 hebetatum,
392 1773 465 1798 tum
489 1765 577 1797 mira
600 1766 751 1809 quadam
781 1765 853 1798 acie
879 1765 1005 1798 mentis
1030 1771 1062 1797 et

67 1817 274 1856 oculorum,
313 1824 429 1849 motus
469 1816 549 1848 illos
581 1816 762 1855 coelestes,
808 1816 908 1854 solis,
946 1816 1062 1856 lunae,

71 1867 293 1910 aliorumque
317 1866 469 1899 siderum
493 1873 584 1898 ratos
613 1865 918 1911 immutabilesque
941 1878 1061 1899 cursus

74 1924 144 1950 tam
162 1928 270 1960 prope
285 1915 398 1948 Adam
415 1922 503 1948 esset
521 1915 688 1955 intuitus,
714 1929 817 1960 quam
840 1929 905 1949 nos
919 1929 1060 1949 currum

75 1967 112 2000 in
140 1973 249 2007 terra,
281 1973 342 1999 aut
366 1966 483 1998 navim
507 1966 542 1998 in
567 1966 654 1998 mari
678 1967 865 2008 gubernari
892 1968 1061 2002 videmus.

75 2015 122 2052 Et
144 2029 217 2050 non
240 2017 354 2050 solum
377 2016 623 2059 cognovissent
646 2023 719 2049 tum
741 2017 843 2060 primi
867 2018 918 2050 illi
937 2030 1062 2062 paren—

76 2075 147 2107 tes,
183 2069 277 2112 qnod
305 2066 399 2100 Deus
423 2074 569 2100 creasset
591 2067 747 2107 coelum,
773 2074 919 2109 terram,
956 2081 1062 2108 mare,

75 2126 110 2153 et
133 2118 251 2151 omnia
277 2130 366 2163 quae
388 2118 424 2150 in
446 2119 494 2150 eis
516 2124 619 2157 sunt,
653 2119 710 2150 sed
739 2125 772 2151 et
801 2120 887 2152 mira
912 2121 1059 2163 quadam

75 2169 287 2212 perspicacia
321 2169 592 2209 intellexissent,
637 2168 750 2211 ipsum
788 2177 954 2213 perpetuo
990 2182 1061 2202 esse

75 2227 291 2265 praesentem
326 2219 492 2252 omnibus
528 2216 732 2252 hominibus
764 2220 887 2261 simul,
925 2227 957 2253 et
984 2222 1060 2253 ani-

75 2270 255 2303 mantibus
277 2271 360 2303 dare
382 2270 489 2303 vitam
512 2276 545 2302 et
568 2267 737 2309 halitum,
763 2277 867 2315 atque
887 2271 932 2305 ita
952 2271 1060 2303 :mimi

75 2328 110 2355 et
131 2321 235 2354 corda
259 2333 380 2353 eorum
403 2320 665 2354 iucundissimis
690 2321 871 2355 affectibus
894 2322 1010 2365 gaudii
1029 2329 1062 2355 et

75 2371 264 2405 ineffabilis
280 2371 435 2404 laeticiae
454 2371 680 2414 inarsissent,
709 2373 751 2403 de
768 2371 844 2405 Deo
857 2400 864 2411 ,
892 2375 934 2405 de
954 2373 1059 2404 mini-

74 2423 142 2456 mis
159 2422 389 2466 maximisque
411 2422 576 2465 operibus
602 2421 683 2462 Dei,
711 2430 783 2456 tum
803 2424 944 2467 quidem
965 2430 1059 2456 tanta

74 2473 264 2513 certitudo,
293 2482 360 2506 tam
376 2473 474 2505 lirina
490 2470 720 2517 filtgpmsogn'cs.
737 2475 780 2505 de
796 2473 869 2506 Deo
887 2475 1003 2507 suisset
1025 2475 1059 2506 in

75 2524 253 2557 inentibus
280 2521 458 2563 humanis,
491 2532 527 2557 ut
554 2524 689 2568 quoties
715 2523 827 2556 Adam
852 2527 917 2557 snb
935 2538 1058 2557 aurora

591 109 750 147 DECL.
783 109 860 146 DE
892 109 1128 146 STUDIIS
1163 108 1582 150 THEOLOGICIS.

2053 113 2102 148 46

1118 197 1212 241 quod
1245 196 1344 241 quasi
1378 198 1502 240 figulus
1536 198 1784 232 candelabrum
1818 198 1917 231 finxit
1946 205 2043 243 pater
2070 204 2102 231 et

1118 247 1212 280 Deus
1234 254 1363 281 noster.
1422 247 1560 282 Deinde
1582 248 1671 283 Cain
1694 257 1727 283 et
1744 249 1858 282 Habel
1884 250 2040 293 parvuli,
2069 254 2103 282 et

1117 295 1232 331 adhuc
1253 298 1290 330 in
1311 298 1411 331 cunis
1435 306 1626 342 reptantes,
1649 307 1710 334 aut
1729 301 1889 334 alacriter
1905 300 2102 333 circumvo-

1117 349 1229 382 lantes
1258 349 1395 392 potius‚
1429 350 1564 394 quoties
1589 348 1733 384 herbam
1765 351 1918 396 aliquam
1942 352 2103 390 odoram,

1117 400 1254 444 quoties
1277 400 1407 432 violam
1434 407 1493 433 aut
1517 412 1649 441 rosam,
1681 403 1815 446 quoties
1838 414 1981 445 pomum
1999 412 2103 444 gene-

1117 462 1255 490 rosum,
1288 451 1430 483 botrum
1462 458 1521 484 aut
1554 463 1639 484 uvas
1668 454 1898 496 aspexissent,
1932 464 2003 485 non
2028 451 2103 484 sine

1117 501 1370 533 iucundissimo
1404 512 1509 534 sensu
1544 502 1702 536 infinitae
1735 510 1767 536 et
1803 501 2103 547 inperscrutabilis

1117 551 1284 585 bonitatis
1302 557 1334 584 et
1350 551 1541 594 sapientiae
1558 551 1640 591 Dei,
1665 554 1887 595 rogitassent:
1920 551 2005 586 haec
2021 559 2104 586 sunt

1117 604 1208 635 dona
1232 602 1344 634 nostri
1377 602 1472 634 illius
1502 601 1633 643 Patris,
1667 601 1724 636 hic
1749 605 1854 642 odor,
1888 603 1945 637 hic
1968 615 2102 642 succus,

1116 665 1220 696 opera
1258 660 1339 685 sunt
1377 653 1533 686 coelestis
1572 656 1729 687 dextrae:
1779 652 1886 687 huius
1914 655 2006 688 botri
2048 654 2103 686 vel

1115 716 1225 736 unum
1258 703 1463 747 pampinum
1498 716 1559 747 ego
1590 717 1660 736 non
1694 717 1828 748 possem
1853 706 1992 746 fingere.
2057 702 2103 738 Et

1115 761 1188 787 tum
1210 752 1323 786 Adam
1344 762 1374 787 et
1394 753 1466 787 Eva
1485 755 1622 788 coelesti
1644 757 1813 799 quadam,
1845 757 1945 789 beata
1969 762 2001 788 et
2024 767 2103 788 sua—

1116 805 1255 837 vissima
1285 806 1568 846 conversatione,
1610 819 1681 838 non
1713 807 1815 839 aliter
1844 814 1947 850 atque
1983 806 2102 838 tenelli

1115 856 1176 888 filii
1201 856 1266 888 sub
1290 856 1420 888 blando
1445 863 1605 899 parente,
1642 857 1676 888 in
1706 869 1839 890 summa
1871 857 1995 890 fiducia
2024 868 2103 897 erga

1115 906 1250 947 Deum,
1289 906 1325 938 in
1354 919 1488 939 summa
1517 908 1724 940 certitudine
1756 915 1788 940 et
1818 908 2002 941 dulcedine
2027 919 2104 940 cor-

1115 957 1230 996 dium,
1265 957 1366 989 illum
1390 955 1505 990 Deum
1534 958 1652 990 vivum
1677 966 1708 991 et
1732 971 1853 991 verum
1875 970 1974 992 suum
1997 970 2104 999 agno-

1116 1008 1246 1040 vissent
1269 1008 1510 1048 conditorem,
1544 1009 1814 1048 nutricamrem,
1846 1016 2045 1053 parentem,
2072 1016 2104 1042 et

1114 1059 1305 1091 admodum
1318 1059 1500 1102 perspicua
1515 1059 1715 1101 cognitione
1728 1060 1996 1097 intellexissent,
2015 1072 2104 1104 quo-

1114 1110 1220 1142 modo
1244 1116 1294 1143 tot
1319 1109 1500 1152 magnifica
1526 1117 1558 1143 et
1581 1111 1791 1153 praestantia
1817 1124 1942 1154 opera,
1978 1117 2028 1143 tot
2046 1122 2104 1142 ex-

1114 1160 1276 1193 cellentes
1316 1167 1513 1200 creaturae,
1555 1173 1647 1193 mera
1679 1161 1885 1205 quotidiana
1923 1161 2104 1200 miracula,

1113 1222 1206 1243 mera
1223 1211 1361 1253 specula
1379 1218 1510 1251 essent,
1537 1211 1572 1243 in
1593 1211 1720 1255 quibus
1737 1213 1851 1255 fulgor
1868 1212 2024 1245 infinitae
2042 1212 2104 1244 bo—

1114 1262 1232 1294 nitatis
1251 1268 1285 1293 et
1309 1262 1483 1304 potentiae
1499 1260 1563 1294 Dei
1583 1263 1752 1296 redditur.
1813 1263 1902 1296 Nam
1924 1260 2007 1295 haec
2026 1262 2103 1306 pul-

1114 1310 1287 1345 cherrima
1316 1324 1433 1344 rerum
1461 1310 1623 1345 machina
1647 1313 1684 1345 in
1710 1311 1775 1346 hoc
1800 1314 1941 1347 condita
1967 1320 2033 1353 est,
2066 1319 2104 1345 ut

1113 1363 1157 1395 sit
1188 1369 1345 1401 aeterna,
1386 1362 1531 1394 mirifica
1562 1369 1595 1395 et
1635 1363 1833 1397 indelebilis
1872 1364 2026 1406 pictura,
2068 1363 2104 1395 in

1114 1424 1180 1456 qua
1209 1410 1303 1444 Deus
1332 1418 1364 1444 et
1388 1423 1491 1454 opera
1517 1412 1590 1445 eius
1618 1423 1826 1454 cernantur,
1858 1415 1947 1447 sicut
1973 1413 2105 1447 Paulus

1113 1464 1154 1495 ad
1166 1461 1419 1496 Rom.1.dicit.
1462 1461 1576 1494 Multa
1594 1471 1675 1495 sunt
1689 1466 1878 1497 admodum
1896 1467 1938 1498 de
1954 1478 1988 1498 se
2006 1464 2103 1506 signa

1113 1513 1249 1551 dantia,
1273 1519 1305 1544 et
1321 1523 1478 1554 expressa
1497 1513 1637 1553 vestigia
1654 1514 1872 1555 divinitatis,
1898 1516 1933 1548 in
1953 1514 2015 1548 hac
2033 1522 2104 1548 tota

1113 1562 1341 1595 universitate
1366 1574 1504 1602 rerum,
1538 1561 1814 1606 pulcherrimum
1833 1563 1899 1598 hoc
1921 1573 1952 1599 et
1969 1566 2104 1610 spacio-

1113 1626 1209 1654 sum,
1244 1619 1278 1645 et
1302 1619 1354 1646 tot
1381 1619 1553 1645 astrorum
1579 1614 1775 1648 luminibus
1801 1616 2004 1649 distinctum
2026 1629 2105 1649 coe-

1115 1665 1206 1704 lum,
1232 1664 1356 1706 ingens
1379 1663 1438 1695 illa
1464 1665 1574 1696 moles
1592 1671 1722 1706 terrae,
1749 1673 1782 1699 et
1801 1667 1942 1699 mirifica
1962 1668 2035 1700 eius
2055 1667 2105 1699 es-

1114 1714 1263 1747 ficientia
1275 1739 1284 1751 ‚
1313 1721 1345 1747 et
1362 1714 1398 1746 in
1414 1715 1511 1746 omni
1530 1726 1655 1757 genere
1673 1718 1902 1750 crescentium
1920 1718 2105 1750 foecundi-

1114 1773 1183 1804 tas,
1218 1764 1354 1797 infinita
1380 1776 1468 1808 pene
1501 1767 1706 1808 magnitudo
1730 1769 1856 1808 maris,
1891 1775 1923 1801 et
1953 1768 2103 1801 inclusio

1113 1827 1284 1861 aquarum
1310 1815 1404 1853 eins,
1439 1822 1476 1848 ut
1492 1814 1651 1849 Psalmus
1670 1819 1735 1858 ait,
1761 1819 1859 1863 quasi
1877 1818 1912 1851 in
1932 1827 2027 1860 utre,
2054 1825 2105 1852 tot

1114 1867 1288 1907 volucres,
1323 1873 1374 1900 tot
1395 1877 1521 1908 genera
1547 1867 1779 1902 animantium
1804 1877 1837 1902 et
1861 1870 2026 1912 piscium,
2053 1877 2105 1903 tot.

1113 1915 1260 1957 herbae,
1295 1924 1347 1950 tot
1375 1918 1547 1957 remedia,
1583 1924 1678 1951 tanta
1713 1920 1748 1952 in
1774 1920 1900 1960 succis,
1935 1921 2104 1953 odoribus

1115 1969 1282 2008 varietas,
1314 1979 1403 2012 quos
1422 1979 1493 2000 una
1517 1976 1548 2002 et
1572 1970 1691 2001 eadem
1718 1978 1806 2003 terra
1832 1971 1982 2014 profert,
2015 1983 2103 2015 quae

1114 2018 1231 2051 omnia
1257 2031 1295 2051 ex
1321 2031 1393 2051 uuo
1420 2020 1612 2063 eodemque
1634 2021 1859 2055 sobolescunt
1883 2022 2042 2065 pulvere,
2071 2029 2103 2055 et

1115 2067 1463 2112 incomprehensibili
1477 2082 1514 2101 ac
1529 2071 1762 2103 occultissimo
1780 2080 1881 2105 auctu
1902 2082 2104 2105 nascuntur.

1114 2119 1209 2152 Haec
1234 2120 1374 2164 quidem
1402 2119 1483 2151 satis
1507 2132 1629 2162 magna
1653 2123 1850 2156 testimonia
1874 2131 1975 2162 sunt,
2009 2125 2102 2168 qnod

1116 2169 1172 2203 hic
1191 2172 1346 2203 mundus
1361 2182 1433 2202 non
1451 2182 1530 2202 casu
1547 2172 1717 2212 extiterit,
1746 2186 1808 2205 nec
1824 2186 1862 2206 ex
1879 2175 2004 2206 atomis
2019 2188 2102 2207 ron-

1114 2222 1217 2254 ssatus
1248 2221 1311 2261 sit,
1351 2227 1390 2253 ut
1418 2220 1561 2264 quidam
1593 2219 1799 2266 Philosophi
1830 2227 2002 2263 sentiunt,
2043 2228 2101 2259 sed

1114 2278 1288 2304 aeternam
1319 2272 1496 2315 quandam
1528 2278 1559 2304 et
1585 2272 1758 2306 infinitam
1792 2287 1863 2308 esse
1887 2276 2104 2319 sapientiam,

1115 2335 1203 2367 quae
1220 2320 1437 2355 haecomnia
1457 2321 1600 2355 mirifice
1618 2322 1841 2359 architectata
1857 2327 1918 2366 sit,
1946 2340 2103 2371 quaeque

1114 2375 1233 2405 eodem
1255 2372 1510 2415 elegantissimo
1531 2374 1655 2406 ordine
1670 2384 1849 2409 conservet
1869 2390 1905 2409 at·
1922 2379 2103 2419 gubernet,

1113 2431 1150 2456 nt
1176 2423 1307 2456 Paulus
1331 2435 1470 2467 quoque
1499 2423 1535 2455 in
1563 2422 1660 2457 Actis
1686 2433 1847 2467 testatur,
1883 2430 1976 2472 quod
2008 2428 2103 2462 Dens

1114 2474 1192 2507 ideo
1219 2475 1254 2506 iu
1280 2481 1349 2507 tota
1379 2480 1533 2506 creatura
1558 2474 1603 2507 ita
1634 2478 1773 2519 vestigia
1799 2479 1869 2517 sui,
1902 2480 1936 2511 in
1956 2480 2102 2521 singulis

1114 2538 1200 2569 pene
1226 2524 1398 2563 flosculis,
1431 2525 1577 2567 singulis
1601 2539 1688 2569 pene
1712 2529 1877 2561 arborum
1900 2531 1993 2563 soliis
2019 2532 2102 2563 rvti.

74 2586 197 2614 orans,
223 2581 280 2607 aut
300 2573 374 2607 Eva
394 2587 494 2607 mane
519 2586 647 2606 ornans
664 2587 698 2606 se
720 2577 760 2607 ad
783 2577 931 2619 proximi
952 2576 1060 2608 sontis
1082 2570 1086 2633 Ι
1113 2576 1247 2619 querit,
1284 2582 1316 2608 et
1339 2587 1411 2607 sese
1431 2576 1648 2618 depinxerit,
1684 2587 1720 2612 ut
1747 2591 1994 2621 cognoscamus
2021 2594 2098 2613 euin

72 2625 270 2668 speculum,
305 2626 412 2657 solem
440 2626 609 2658 orientem
636 2624 795 2663 vidisset,
824 2638 1056 2659 summarum

72 2676 250 2720 voluptate
269 2677 466 2719 cogitasset:
494 2676 551 2710 En
569 2677 696 2709 iterum
715 2677 816 2710 nobis
841 2678 937 2710 sidus
959 2678 1058 2718 illud,

1112 2639 1182 2659 non
1202 2627 1303 2666 longe
1321 2627 1438 2658 abesse
1462 2628 1505 2659 ab
1521 2639 1736 2673 unoquoque
1756 2639 1912 2663 nostrum
1926 2657 1933 2669 ‚
1962 2639 1991 2663 et
2014 2644 2100 2673 pene

1111 2677 1148 2709 in
1177 2684 1296 2711 nostro
1322 2678 1465 2721 proprio
1490 2690 1653 2723 corpore,
1694 2681 1730 2713 in
1763 2694 1852 2724 pane
1883 2690 1912 2715 et
1942 2683 2022 2715 vino
2043 2683 2099 2716 ‘sic
