2338 2958
102 107 174 142 161
384 122 398 133 ·

105 192 274 231 docendi,
309 191 408 226 nulla
437 191 513 225 sine
537 189 604 226 hoc
624 192 861 227 instrumento
884 205 939 226 ars
960 193 1098 237 penitus

105 242 269 287 cognosci
285 249 348 276 aut
361 241 496 287 percipi
512 250 636 286 potest.
690 241 789 277 Nihil
805 243 913 287 igitur
929 243 1003 284 isti,
1028 244 1097 276 nisi

106 291 299 327 histriones
323 294 412 326 meri
435 300 535 331 sunt,
576 294 637 339 qui
661 300 771 327 artem
795 295 906 327 ullam
930 294 1097 338 profiteri,

103 343 175 377 nisi
197 342 415 377 Dialecticen
445 350 603 385 teneant,
638 345 779 378 audent.
832 343 934 377 Plato
960 344 997 376 in
1023 343 1096 378 Re-

102 394 189 438 pub.
219 394 357 437 spurios
381 392 618 438 Philosophos
647 395 799 439 adpellat
827 406 903 434 eos,
934 395 995 440 qui
1020 394 1095 428 sine

102 443 305 483 Dialectica,
333 445 530 478 satisfacere
545 457 580 478 se
593 445 672 478 aliis
688 445 822 478 artibus
837 445 1095 486 existimabant,

103 506 212 540 quare
235 495 323 528 sicut
348 496 478 539 spuriis
503 508 576 529 non
594 496 675 529 licet
692 493 944 529 haereditatem
964 503 1093 540 petere,

101 546 149 580 ita
174 546 297 589 procul
319 547 364 579 ab
387 547 546 580 omnium
567 546 750 579 literarum
768 546 975 580 tractatione
992 558 1092 591 prae-

101 595 194 630 torio
217 596 337 641 aliquo
362 597 475 630 edicto
499 597 699 630 submoveri
725 597 901 630 debebant
924 597 994 637 illi,
1030 598 1092 642 qui

102 654 184 681 ante
213 646 417 691 irrumpunt
445 647 482 680 in
510 647 595 680 alias
619 647 838 691 disciplinas,
872 659 976 692 quam
1001 645 1091 681 hanc

101 704 213 731 artem
239 697 470 742 perceperint.
522 696 676 740 Quidam
708 698 868 741 perlectis
899 699 1090 742 praeceptis

101 748 205 788 artis,
233 748 350 781 statim
376 760 411 781 se
432 754 542 781 artem
566 754 684 781 tenere
707 755 847 792 putant,
874 749 934 793 qui
958 749 1090 792 longis-

101 798 188 832 sime
211 798 394 833 falluntur.
453 797 545 832 Usus
567 798 710 844 quidam
733 797 955 832 adhibendus
979 807 1028 833 est
1050 800 1087 832 in

101 861 172 894 quo
203 855 383 893 praecepta
408 849 653 893 experiantur,
686 855 725 882 ut
748 850 883 883 discant
909 851 1088 894 quomodo

101 906 176 933 arte
197 900 367 933 utendum
384 899 439 933 sit.
494 899 592 934 Sicut
609 911 682 933 non
700 901 815 934 statim
834 901 948 944 pictor
961 908 1011 935 est
1028 901 1088 946 qui

100 947 279 983 Durerum
300 950 502 994 pingentem
527 950 633 991 vidit,
660 962 724 983 nec
749 949 998 996 cytharoedus,
1027 952 1088 996 qui

99 1000 190 1034 vidit
206 998 411 1045 Adolphum
435 1001 669 1034 eruditissime
688 1008 888 1044 tangentem
912 1002 1011 1035 fides:
1039 1002 1086 1035 ita

100 1061 174 1083 non
198 1057 295 1094 putet
317 1063 352 1084 se
368 1050 583 1085 Dialecticen
600 1051 726 1084 callere
743 1052 788 1092 is,
815 1052 877 1096 qui
895 1050 986 1084 nihil
1001 1053 1087 1085 scri-

100 1101 188 1144 psit,
230 1113 302 1134 non
340 1101 552 1145 disputavit,
592 1101 746 1146 denique
778 1102 840 1146 qui
871 1109 981 1135 artem
1013 1115 1086 1136 non

100 1151 263 1186 exercuit.
316 1150 416 1194 Quae
432 1163 522 1184 nova
541 1158 590 1185 est
606 1149 689 1185 haec
706 1152 838 1195 ingenii
857 1153 982 1186 fiducia
995 1181 1003 1194 ‚
1031 1166 1086 1186 ar-

99 1212 221 1244 rogare
245 1201 313 1234 sibi
339 1202 519 1235 scientiam
543 1203 646 1242 artis,
674 1203 773 1236 cuius
792 1203 929 1236 nullum
955 1202 1086 1237 habent

98 1252 227 1285 usum?
278 1251 389 1286 Porro
418 1265 495 1286 cum
521 1253 557 1286 in
578 1253 677 1286 omni
702 1265 827 1296 genere
849 1254 976 1287 artium
1001 1267 1083 1288 con-

98 1303 246 1336 suetudo
262 1303 484 1342 dominatur,
509 1304 558 1337 sic
573 1303 667 1336 enim
684 1304 732 1337 ait
748 1303 872 1337 Poeta:

270 1355 361 1386 Solus
383 1363 411 1385 et
436 1359 559 1386 artifices
584 1360 635 1397 qui
658 1358 729 1386 facit
753 1368 823 1386 usus
845 1359 910 1386 erit.

99 1409 174 1436 tum
195 1403 383 1436 maximam
406 1403 442 1436 in
470 1403 659 1437 Dialectica
683 1405 753 1436 vim
777 1402 890 1438 habet.
954 1403 1086 1437 Libro-

98 1465 177 1486 rum
192 1450 282 1486 mihi
297 1454 427 1487 similes
443 1454 500 1487 isti
516 1455 692 1493 videntur,
717 1455 777 1499 qui
794 1455 982 1498 praeceptis
998 1467 1086 1499 quae

98 1504 303 1544 continent,
335 1505 387 1538 uti
417 1511 615 1549 nequeunt,
649 1517 730 1537 nam
754 1516 832 1537 cum
857 1517 994 1537 causam
1020 1505 1086 1537 ali-

98 1566 203 1599 quam
235 1561 440 1597 acceperunt
472 1555 732 1598 explicandam,
767 1552 881 1587 nihilo
907 1555 1018 1595 magis
1042 1556 1083 1587 ad

98 1605 195 1637 illam
222 1603 390 1638 adhibere
424 1612 624 1649 praecepta,
663 1617 768 1650 quam
799 1607 928 1638 mutae*
945 1603 1085 1638 chartae

98 1661 255 1700 possunt.
304 1655 458 1689 Proinde
482 1656 509 1688 si
534 1656 612 1701 quis
637 1656 771 1689 utiliter
794 1656 925 1688 versari
949 1656 984 1688 in
1007 1657 1085 1689 aliis

98 1706 295 1750 disciplinis
314 1707 425 1747 volet,
449 1706 479 1739 is
497 1707 650 1751 patiatur
667 1718 701 1739 se
719 1706 816 1749 prius
834 1706 870 1738 in
890 1704 944 1739 his
961 1707 1085 1750 primis

96 1757 230 1790 artibus
246 1758 416 1797 exerceri,
443 1764 474 1790 et
494 1758 536 1789 ad
554 1757 638 1790 alias
654 1757 856 1800 disciplinas
873 1758 1085 1800 praeparari,

98 1813 132 1840 et
154 1807 324 1850 tantisper
340 1814 576 1840 commoretur
595 1808 632 1840 in
650 1805 717 1840 hoc
732 1819 856 1850 genere
875 1807 1085 1848 studiorum,

99 1858 211 1889 donec
227 1863 307 1890 ante
322 1858 455 1890 radices
471 1858 605 1900 egerint
617 1869 736 1890 earum
752 1858 879 1890 artium
894 1865 1084 1902 praecepta,

100 1918 186 1952 quas
211 1907 397 1948 tradimus,
425 1908 535 1940 donec
560 1920 678 1940 earum
700 1908 767 1940 sibi
791 1906 864 1946 ἕξιν
882 1909 1020 1948 fecerit,
1046 1916 1084 1942 ut

99 1957 236 2002 quoties
251 1969 335 1991 usus
359 1958 487 2000 poscit,
520 1958 588 1991 sint
613 1959 655 1990 ad
678 1970 840 1998 manum,
875 1971 911 1991 ac
929 1959 1024 1992 velut
1047 1960 1083 1992 in

98 2014 295 2042 numeram.
346 2007 441 2041 Haec
462 2015 510 2041 est
528 2008 787 2052 compendiaria
806 2015 839 2042 et
858 2016 947 2042 recta
966 2010 1008 2042 ad
1026 2023 1084 2043 ve-

98 2070 172 2092 ram
206 2059 440 2092 eruditionem
470 2059 538 2094 via.
589 2059 626 2093 Si
652 2059 729 2103 quis
755 2066 875 2102 captus
898 2060 1083 2103 splendore

98 2109 246 2142 aliarum
262 2110 388 2143 artium
406 2107 468 2142 has
486 2110 735 2154 praetervolat,
761 2117 797 2142 ut
817 2122 905 2154 quae
919 2122 991 2143 non
1009 2123 1083 2144 ma-

98 2171 253 2203 gnopere
277 2161 443 2194 ostentari
469 2167 618 2205 queant,
646 2158 728 2193 huic
746 2160 849 2204 plane
866 2157 932 2194 hoc
948 2162 1084 2203 accidit,

99 2211 191 2255 quod
219 2211 295 2243 cani
311 2209 504 2254 Aesopico,
533 2212 591 2255 qui
616 2212 698 2243 dum
721 2211 882 2243 umbram
910 2213 1082 2254 carnium,

98 2262 192 2306 quod
215 2273 251 2293 ea
270 2262 380 2294 maior
396 2263 578 2305 adpareat,
605 2268 736 2304 captat,
765 2273 862 2294 veras
876 2262 991 2296 amisit
1009 2275 1084 2296 car-
1108 2289 1110 2310 ζ

99 2324 179 2344 nes:
211 2312 292 2355 quia
323 2312 390 2344 nisi
421 2313 576 2345 attulerit
605 2314 646 2344 ad
676 2312 759 2345 alias
784 2319 874 2345 artes
899 2310 964 2346 hoc
989 2316 1082 2358 quod
1108 2322 1110 2370 Ι

99 2362 172 2395 dixi
205 2363 498 2403 instrumentum,
533 2363 689 2395 fortassis
722 2363 874 2408 aliquam
905 2365 1084 2398 doctrinae

791 105 950 143 DECL.
992 106 1067 142 DE
1100 107 1475 147 DIALECTICA.

2079 123 2149 159 162

1152 194 1394 227 consultorum
1422 196 1542 230 literae
1568 198 1635 231 sint
1661 202 1831 245 quaedam
1855 205 1949 239 velut
1969 208 2140 245 absolutio

1150 252 1183 278 et
1202 245 1437 279 exaedificatio
1455 245 1722 293 Philosophiae,
1748 255 1840 297 quod
1859 257 1985 297 gradus
2002 261 2043 292 ad
2064 261 2140 295 illas

1148 301 1238 328 artes
1255 307 1318 338 per
1335 292 1418 328 haec
1435 297 1546 339 prima
1564 300 1732 335 elementa
1747 303 1926 339 faciendus
1941 308 1995 343 sit.
2048 309 2138 355 Hip-

1146 352 1304 389 pocrates
1330 346 1454 379 scribit
1478 347 1628 390 alicubi,
1663 351 1841 388 Medicum
1864 357 1925 401 qui
1947 359 1991 391 sit
2007 358 2136 394 -Philo-

1145 393 1295 439 sophus,
1330 396 1434 439 plane
1460 397 1622 431 divinum
1649 402 1763 435 virum
1790 417 1872 439 esse.
1925 407 2021 442 Idem
2050 424 2134 455 pro-

1143 446 1232 479 fecto
1258 447 1301 479 de
1325 446 1470 481 scientia
1492 448 1579 481 iuris
1596 450 1698 483 etiam
1717 454 1785 487 dici
1803 464 1931 498 potest,
1956 461 2036 504 quia
2052 463 2133 496 fon-

1144 503 1194 529 tes
1219 497 1361 529 illarum
1385 498 1513 531 artium
1538 505 1642 545 atque
1665 509 1779 544 ortus,
1804 514 1837 540 et
1860 520 1980 543 causae
2003 511 2049 545 ita
2070 515 2130 547 de-

1143 559 1240 580 mum
1274 547 1370 580 cerni
1401 556 1570 591 possunt,
1607 551 1636 583 si
1668 557 1847 589 accesserit
1878 556 2129 605 Philosophiae

1143 597 1303 630 scientia:
1332 598 1417 631 adeo
1441 600 1587 633 summis
1610 601 1680 634 illis
1703 605 1837 638 artibus
1854 609 1950 643 addit
1966 610 2129 648 Philoso—

1142 645 1226 692 phia
1242 660 1314 681 non
1331 649 1438 682 modo
1456 650 1594 689 lumen,
1622 653 1682 685 sed
1699 655 1802 688 etiam
1819 657 2033 700 dignitatem.

1242 723 1455 770 Quanquam
1478 733 1594 760 autem
1620 740 1735 763 sacrae
1757 731 1878 766 literae
1900 747 1972 769 non
1990 750 2129 776 sumant

1140 785 1194 806 res
1211 786 1228 806 a
1240 772 1482 819 Philosophia,
1509 784 1626 811 tamen
1642 780 1722 824 quia
1738 793 1935 818 sermonem
1953 799 1970 820 a
1987 791 2127 832 publica

1140 826 1396 859 consuetudine
1422 834 1631 862 mutuantur
1651 831 1725 864 sine
1741 831 1929 869 Dialectica
1949 845 1981 872 et
2000 853 2126 875 c0⁰na—

1139 875 1184 908 tis
1201 876 1353 917 attilam,
1381 879 1588 921 compositio
1605 883 1776 915 sermonis
1794 888 1953 927 cognosci
1973 867 2126 936 11οηῦρο-

1140 931 1214 960 test.
1267 924 1411 960 Adhaec
1437 940 1515 961 cum
1542 931 1719 964 neminem
1738 946 1851 978 neque
1868 938 1986 980 plura,
2010 954 2125 988 neque

1138 976 1284 1009 meliora
1317 978 1405 1010 scire
1437 986 1613 1021 oporteat,
1646 994 1749 1026 quam
1776 983 2018 1031 Theologum‚
2052 1006 2125 1027 non

1138 1028 1303 1060 convenit
1325 1040 1405 1061 eum
1428 1029 1575 1063 aliarum
1599 1032 1726 1065 artium
1744 1036 1865 1069 rudem
1883 1050 1972 1072 esse:
2000 1043 2043 1075 ab
2060 1041 2126 1078 hoc

1138 1078 1325 1111 consilium
1344 1079 1386 1112 de
1401 1080 1560 1113 maximis
1574 1082 1678 1115 rebus
1694 1085 1841 1126 petitur:
1870 1086 1927 1122 bic
1943 1103 2124 1127 censuram

1138 1139 1210 1160 non
1231 1130 1336 1162 modo
1361 1130 1403 1162 de
1427 1131 1572 1177 priratis
1595 1134 1770 1176 moribus,
1795 1139 1852 1169 sed
1879 1140 1982 1173 etiam
2001 1144 2043 1176 de
2060 1157 2125 1188 pu..

1138 1178 1238 1211 blicis
1261 1180 1397 1222 legibus
1419 1181 1510 1223 agit,
1537 1194 1622 1227 quas
1641 1185 1682 1216 ad
1702 1197 1755 1218 res
1771 1185 1859 1220 mihi
1880 1191 2021 1234 quidem
2040 1196 2126 1228 ube-

1137 1229 1211 1261 rior
1228 1231 1399 1274 quaedam
1420 1239 1453 1264 et
1472 1232 1683 1276 locupletior
1700 1236 1859 1271 doctrina
1879 1243 2010 1286 requiri
2029 1245 2126 1278 vide-

1137 1286 1212 1319 tur,
1237 1293 1341 1324 quam
1367 1281 1470 1323 vulgo
1495 1291 1634 1325 putant:
1663 1286 1705 1318 de
1727 1299 1793 1331 qua
1819 1295 1857 1322 ut
1875 1290 1911 1323 in
1931 1297 2125 1335 praesentia

1137 1341 1211 1362 non
1236 1331 1369 1371 dicam,
1397 1344 1510 1376 neque
1528 1334 1622 1365 enim
1639 1342 1690 1368 est
1708 1336 1860 1373 instituti
1878 1344 1987 1375 nostri
2007 1347 2124 1380 omnia

1137 1381 1318 1424 persequi,
1354 1388 1490 1413 tantum
1526 1380 1608 1416 haec
1639 1386 1681 1417 ad
1707 1393 1982 1426 commonendos
2006 1397 2126 1429 adole-

1136 1437 1268 1463 scentes
1290 1431 1386 1463 dico:
1416 1431 1564 1473 Quoties
1583 1434 1625 1466 ‹le
1644 1432 1800 1470 hominis
1817 1446 1940 1474 natura
1959 1455 1997 1477 ac
2016 1449 2126 1489 parti-

1136 1480 1201 1511 bus
1217 1478 1400 1522 Theologo
1418 1482 1606 1515 dicendum
1625 1485 1698 1517 est?
1750 1486 1798 1521 At
1815 1502 1888 1523 eam
1908 1504 1979 1526 rem
1999 1497 2124 1531 clarius

1136 1529 1301 1573 explicari
1325 1532 1453 1573 poterit
1476 1532 1522 1571 is,
1548 1533 1603 1565 cui
1630 1542 1731 1568 notae
1754 1546 1834 1572 sunt
1858 1550 1997 1577 nostrae
2014 1548 2056 1579 de
2070 1560 2122 1582 re-

1135 1592 1214 1612 rum
1231 1587 1355 1613 natura
1373 1581 1640 1625 disputationeS.

1237 1654 1419 1697 Quantum
1438 1657 1526 1689 lucis
1544 1659 1675 1693 adferet
1692 1663 1798 1696 sacris
1816 1664 1945 1709 literis,
1968 1671 2124 1714 quiPhi-

1134 1703 1363 1749 losophorum
1389 1707 1586 1740 doctrinam
1611 1711 1654 1742 de
1679 1714 1838 1748 moribus
1855 1729 1932 1751 cum
1951 1720 2021 1754 illis
2038 1736 2123 1757 con-

1134 1756 1244 1789 feret?
1277 1763 1311 1790 et
1338 1758 1514 1797 ostendet,
1546 1771 1635 1804 quae
1665 1766 1901 1807 consentiant,
1936 1782 2024 1815 qnae
2048 1786 2119 1809 non

1134 1807 1365 1842 consentiant.
1433 1806 1508 1851 Ego
1538 1821 1621 1843 vero
1651 1813 1753 1846 etiam
1785 1821 2016 1854 necessarium
2051 1837 2122 1859 esse

1134 1857 1270 1897 iudico,
1308 1859 1491 1891 ostendere
1523 1866 1703 1907 utrunque
1735 1866 1914 1902 doctrinae
1945 1883 2053 1914 genus
2090 1885 2123 1911 et

1135 1908 1319 1941 intervalla
1338 1916 1429 1942 certa
1450 1910 1591 1953 regione
1609 1914 1821 1957 describere,
1849 1926 1879 1952 et
1897 1920 1981 1955 fines
2000 1936 2121 1960 eorum

1134 1970 1270 2001 regere,
1293 1966 1332 1991 ut
1360 1959 1590 1995 lureconsulti
1616 1963 1829 2009 loquuntur,
1857 1982 1900 2002 ne
1925 1975 2032 2015 possit
2057 1977 2122 2009 ite-

1134 2021 1211 2042 rum
1240 2009 1276 2041 in
1301 2006 1524 2044 Christianae
1554 2013 1734 2048 doctrinae
1761 2021 2013 2060 possessionem
2036 2025 2122 2060 Phi-

1134 2057 1302 2104 losophia,
1327 2060 1534 2105 irrumpere.
1589 2064 1693 2105 Quod
1726 2067 1752 2099 si
1786 2068 1946 2106 fecissent
1978 2082 2120 2118 veteres,

1134 2122 1206 2143 non
1230 2121 1340 2155 usque
1362 2112 1448 2144 adeo
1472 2114 1705 2149 contaminata
1730 2126 1814 2152 esset
1838 2128 1918 2155 ante
1933 2121 2016 2159 haec
2033 2134 2120 2161 tem-

1134 2173 1217 2203 pora
1247 2162 1406 2194 doctrina
1439 2163 1678 2201 ecclesiastica.
1754 2167 1848 2210 Quid
1885 2176 1979 2217 quod
2012 2179 2116 2213 etiam

1134 2209 1301 2244 historiae
1331 2213 1530 2255 cognitione
1559 2227 1647 2258 opus
1679 2224 1728 2250 est
1752 2217 1954 2266 Theologo,
1990 2227 2026 2259 in
2052 2243 2118 2274 qua

1134 2269 1171 2295 ut
1205 2268 1362 2306 tempora
1399 2265 1638 2306 consentiant,
1689 2267 1857 2304 iudicium
1891 2286 1930 2306 ex
1965 2279 2119 2314 motibus

1135 2313 1307 2351 siderum,
1335 2319 1368 2346 et
1394 2325 1433 2346 ex
1460 2315 1645 2358 eclipsibus
1667 2319 1835 2361 sumitur,
1862 2336 1965 2368 quam
1985 2329 2026 2360 ad
2047 2343 2117 2364 rem

1135 2363 1212 2407 quis
1234 2375 1305 2396 non
1329 2364 1509 2407 intelligit,
1532 2379 1680 2410 quarum
1705 2371 1832 2404 artium
1853 2375 1994 2410 scientia
2017 2379 2118 2413 adhi-

98 2413 281 2452 umbram,
327 2413 475 2446 solidam
513 2425 594 2446 vero
632 2413 829 2447 doctrinam
858 2426 931 2446 non
964 2427 1085 2449 conse-
1109 2426 1111 2481 ι
1135 2414 1248 2446 henda
1280 2414 1349 2447 sit?
1402 2414 1556 2448 Proinde
1591 2419 1674 2462 quid
1707 2421 1801 2453 aliud
1834 2432 1881 2457 est
1907 2439 2008 2471 quam
2034 2430 2117 2467 ὄνος

99 2470 237 2508 quetur.

101 2565 249 2597 maxime
271 2565 498 2597 necessariam
526 2577 596 2597 esse
617 2565 744 2599 iudico.

155 2715 339 2749 ὒῙειΛΝΊ-η.
367 2719 470 2750 Orza,
497 2719 579 2749 Vot„
609 2719 668 2749 XI.

1109 2485 1111 2514 3
1135 2477 1239 2511 (zytm'
1260 2461 1464 2508 Διιυστήζηα,
1493 2467 1552 2511 qui
1578 2480 1654 2500 cum
1673 2481 1848 2505 sacrarum
1866 2475 2043 2512 literarum
2064 2483 2117 2514 in-

201 2513 282 2547 Dixi
314 2512 483 2547 hactenus
513 2514 555 2546 de
579 2513 785 2555 Dialectica,
819 2514 899 2559 quia
925 2517 1083 2550 omnium
1110 2528 1112 2568 ἶ

800 2565 911 2598 Porro
928 2567 1012 2611 quid
1030 2580 1086 2601 re-
1110 2575 1112 2587 ³

101 2615 198 2659 liqna
214 2615 381 2648 elementa
400 2613 650 2659 Philosophiae
670 2613 821 2649 habeant
839 2616 1019 2658 utilitatis,
1046 2631 1085 2651 ex
1109 2604 1112 2622 ἤ

101 2677 141 2698 eo
168 2665 268 2698 facile
293 2666 443 2709 intelligi
471 2673 600 2710 potest,
626 2678 703 2699 cum
721 2666 898 2700 Medicina
927 2674 961 2701 et
978 2667 1086 2702 Iuris-
1109 2673 1112 2711 j

1136 2522 1266 2559 terpres
1289 2513 1465 2558 perhiberi
1485 2518 1584 2559 velit,
1611 2520 1763 2564 reliquas
1780 2536 1900 2558 omnes
1916 2528 2116 2573 disciplinas

1135 2566 1363 2609 aspernatur?
1429 2566 1547 2609 Quare
1591 2577 1628 2601 ut.
1667 2571 1808 2613 finiam,
1850 2575 2018 2612 adhortor
2056 2595 2116 2615 vos

1136 2617 1388 2656 adolescentes,
1412 2625 1450 2651 ut
1476 2619 1600 2652 iustam
1622 2633 1762 2663 operam
1781 2625 1956 2660 collocetis
1977 2631 2011 2661 in
2033 2629 2116 2664 haec

1135 2667 1268 2711 primae
1299 2668 1418 2701 aetatis
1446 2670 1581 2707 studia,
1613 2678 1651 2704 ut
1675 2674 1715 2704 ad
1740 2674 1889 2720 reliquas
1917 2679 2116 2724 disciplinas

1542 2721 1582 2754 11
