2338 2958
100 102 151 138 37

101 199 183 222 cum
219 184 426 230 sapientiam
458 195 557 218 suam
593 192 731 220 vocaret
763 180 1093 231 ἀμφισβητήσιμον

103 237 208 282 ὄναρ.
269 235 315 270 At
342 233 526 269 hominum
551 234 802 283 λογολεσχείας
831 237 934 269 etiam
959 235 1091 269 divinis

100 287 213 320 literis
237 294 438 321 nostrorum
465 294 663 331 temporum
688 285 862 330 Theologi
886 287 1090 331 praetulere,

99 338 230 383 quibus
245 338 431 376 debemus,
466 343 504 371 ut
529 335 621 370 nihil
640 335 705 371 hoc
721 344 877 382 tempore
894 338 964 371 siut
982 335 1088 370 Chri-

99 388 232 423 stianae
253 387 395 429 literae,
421 387 491 421 nisi
517 388 676 421 maliciae
694 389 862 433 quaedam
886 388 1020 421 fallacis
1037 388 1089 420 lo-

100 439 243 484 quelae‚
267 446 306 472 ut
323 439 382 471 ille
397 439 489 482 apud
508 437 712 472 Ciceronem
731 439 790 472 ait.
844 437 962 479 Adeo,
993 439 1087 483 quod

99 489 282 523 doctrinae
303 500 413 532 genus
437 489 608 522 divinitus
630 489 672 521 ad
692 490 934 531 corrigendas,
961 489 1088 521 confir-

99 540 262 580 mandas,
288 539 590 584 consolandasque
610 536 795 572 hominum
815 547 949 573 mentes
968 539 1089 583 prodi-

98 597 174 624 tum
199 596 266 630 est,
293 590 461 631 frivolae,
492 591 584 624 addo
603 590 707 623 etiam
726 591 887 623 indoctae
904 587 1088 634 Sophista—

98 652 177 674 rum
201 637 264 674 καὶ
284 639 436 686 βιῆἰηλω
456 638 679 685 κενοφωνίαι
704 652 827 683 magna
853 653 892 674 ex
916 648 1012 684 parte
1029 653 1087 674 ex-

96 691 243 727 tinxere.
299 691 362 725 Vel
377 691 552 725 contemni
566 698 718 735 poterat,
742 691 870 736 siquid
887 691 1085 735 vulgarium

94 742 226 776 artium
251 742 457 782 interiisset,
489 753 610 775 verum
634 754 709 775 eam
734 742 957 786 disciplinam
976 742 1086 775 inter—

96 792 232 833 cidere,
271 804 360 838 quae
392 804 463 825 una
493 799 543 826 est
579 792 852 836 periclitantium
885 793 1085 826 animorum

97 843 221 877 dortus
237 850 270 877 et
287 843 423 888 asylum
436 869 446 883 ,
478 843 637 876 adflictae
658 843 890 877 conscientiae
907 844 1085 883 solatium,

96 894 176 939 quis
191 905 264 926 non
280 893 465 938 deploret?
507 891 553 926 Et
572 891 627 926 his
642 894 753 927 literis
768 895 978 939 antiquatis,
1005 894 1085 939 qui-

94 944 162 977 bus
187 944 271 977 solis
296 944 430 977 muniri
455 942 677 977 Christianae
702 956 756 978 res
773 945 951 985 solebant,
979 956 1083 990 quam

94 994 320 1041 tyrannidem
360 994 397 1027 in
432 1006 554 1028 omnes
581 992 767 1028 hominum
802 996 946 1029 ordines
976 995 1084 1029 Satan

95 1052 250 1079 exerceat
276 1045 453 1084 saeviens,
487 1046 591 1079 etiam
621 1045 737 1079 dicere
766 1042 904 1081 horreo.
957 1044 1082 1088 Quon-

94 1097 175 1130 dam
194 1097 387 1140 prudenter
403 1096 440 1128 in
455 1095 743 1129 administrandis
761 1096 962 1130 civitatibus
984 1109 1084 1130 cave-

93 1146 217 1186 batur,
245 1158 290 1179 ne
313 1146 474 1190 publicae
497 1146 588 1190 leges
612 1147 877 1189 ignorarentur,
909 1147 977 1179 nisi
1004 1148 1084 1192 quis

93 1208 218 1230 aeneas
239 1197 358 1229 decern
381 1196 539 1230 virorum
561 1198 659 1230 urbis
682 1196 818 1232 Romae
843 1198 996 1237 tabulas,
1024 1205 1082 1231 aut

91 1247 226 1289 ligneas
250 1244 522 1280 Atheniensium
545 1247 679 1286 ἄξονας
704 1249 823 1283 nescit.
882 1247 929 1282 Et
943 1249 1083 1292 sapien—

92 1298 248 1332 tissimus
266 1296 341 1332 Rex
360 1296 500 1339 Minos,
533 1297 645 1339 lovis,
674 1306 714 1332 ut
734 1300 871 1339 ferunt,
897 1296 1080 1344 ὀαριστύς,

91 1349 283 1393 quotannis
298 1348 389 1389 leges
405 1360 484 1382 suas
501 1349 571 1381 aeri
589 1349 780 1393 insculptas
797 1357 849 1383 ter
864 1349 1082 1382 circumferri

91 1410 156 1444 per
169 1410 311 1431 omnem
327 1397 468 1431 Cretam
487 1399 617 1439 voluit,
643 1411 688 1432 ne
711 1411 783 1432 non
801 1405 916 1433 essent
929 1406 962 1433 et
976 1399 1081 1442 vulgo

91 1449 308 1482 notissimae.
371 1447 467 1490 Quid
499 1461 710 1490 memorem,
753 1457 923 1495 quantum
956 1461 1082 1493 operae

89 1496 299 1543 Philosophi
324 1499 497 1541 dogmatis
529 1511 612 1532 suae
637 1500 784 1544 quisque
813 1499 974 1532 factionis
1006 1500 1081 1532 edi-

88 1549 227 1585 scendis
243 1549 474 1593 impendant?
524 1548 659 1583 Pudeat
681 1547 920 1588 Christianos,
951 1549 1080 1594 quibus

90 1601 175 1635 solis
201 1607 235 1634 et
256 1599 322 1634 Dei
345 1607 379 1633 et
401 1599 538 1641 Patris,
574 1606 607 1633 et
626 1600 823 1634 Servatoris
840 1601 894 1634 sui
914 1600 1080 1634 salutaria

89 1651 217 1696 placita
239 1651 311 1684 sere
334 1651 553 1694 ignorantur.
613 1649 661 1685 Et
684 1651 745 1696 qui
772 1658 823 1685 tot
843 1649 950 1694 Regis
967 1651 1079 1685 nostri

88 1702 292 1748 insignibus
306 1701 410 1735 nobis
425 1701 617 1746 placemus,
640 1702 779 1736 lavacro
790 1699 1078 1748 παλιγγενεσίας,

89 1754 174 1787 item
208 1764 305 1786 sacro
337 1764 448 1796 pane,
484 1752 573 1785 illud
604 1753 719 1796 ipsum
750 1752 979 1796 negligimus,
1019 1764 1080 1796 per

88 1805 185 1849 quod
227 1815 338 1836 unum
376 1801 534 1846 proxime
567 1803 610 1835 ad
647 1802 762 1847 ipsum
795 1803 913 1836 accedi
954 1809 1079 1847 potest.

89 1853 274 1898 Siquidem
290 1864 405 1893 sermo
423 1852 563 1885 maximi
582 1852 696 1886 Patris
711 1851 872 1887 Christus
889 1860 949 1887 est.
997 1853 1078 1887 Non

89 1904 157 1937 alia
181 1903 317 1936 ratione
337 1900 518 1936 Christum
551 1903 678 1936 certius
709 1904 940 1947 expresserint
969 1904 1077 1937 animi

88 1954 222 1992 nostri,
255 1965 361 1998 quam
393 1964 508 1986 sacrae
541 1953 722 1987 doctrinae
758 1954 894 1993 studio,
936 1955 974 1987 in
1009 1967 1076 1999 qua

88 2005 185 2038 illius
213 2004 309 2038 velut
343 2003 380 2036 in
411 2004 553 2048 speculo
586 2005 718 2038 relucet
745 2004 869 2048 imago.
925 2003 1076 2038 Carnem

87 2062 251 2090 aeternus
273 2053 338 2088 Dei
364 2065 476 2088 sermo
501 2054 636 2095 induit,
666 2061 704 2088 ut
728 2061 760 2088 et
787 2067 852 2088 nos
868 2055 1078 2099 significaret

86 2106 199 2140 divini
216 2105 387 2138 sermonis
402 2106 610 2139 commercio
623 2103 895 2140 ἂποθεοῦσθαι.
928 2105 964 2139 ld
981 2108 1075 2151 quod

87 2157 225 2200 elegans
242 2155 404 2201 quidam,
431 2162 465 2189 et
481 2155 559 2200 pins
574 2157 747 2189 nascentis
763 2155 937 2191 Ecclesiae
955 2155 1076 2191 Theo-

89 2208 190 2250 logus
223 2213 386 2247 testatur,
419 2207 602 2252 inquiens,
634 2219 699 2240 nos
729 2219 889 2241 sermone
920 2209 1076 2242 veritatis

89 2257 226 2302 genitos
250 2269 342 2298 esse,
374 2263 414 2290 ut
446 2269 598 2292 essemus
622 2258 799 2302 primitiae
828 2265 1077 2293 creaturarum.

89 2308 197 2352 Quod
222 2308 251 2341 si
273 2304 554 2341 Christianarum
578 2309 749 2342 mentium
774 2309 873 2342 alvus
889 2316 938 2342 est
956 2307 1077 2343 Evan-

88 2359 196 2403 gelica
215 2358 392 2396 doctrina,
425 2371 514 2403 quae
538 2360 698 2400 vesania,
726 2372 814 2406 quae
835 2360 994 2404 impietas
1017 2367 1078 2401 est,

86 2408 275 2444 hominum
309 2409 473 2451 figmenta
499 2410 697 2453 praeferre?
756 2409 801 2444 Et
829 2411 865 2443 in
893 2411 998 2444 sacris
1022 2412 1078 2445 vel

88 2460 239 2494 maxime
269 2460 455 2493 necessarii
487 2467 570 2494 sunt
593 2462 634 2494 ad
660 2462 884 2495 formandum
910 2462 1078 2501 animum,

89 2510 191 2545 Pauli
207 2511 462 2545 commentarii.
507 2510 594 2544 Nam
611 2523 688 2545 cnm
707 2513 774 2545 alia
792 2513 972 2546 volumina
991 2513 1081 2556 leges

89 2561 348 2606 praescribant,
385 2561 451 2594 alia
470 2573 585 2595 rerum
605 2570 776 2605 gestarum
799 2561 979 2596 historiam
1000 2576 1083 2597 nar-

90 2619 188 2652 rent,
227 2611 357 2645 Paulus
384 2619 502 2645 noster
527 2610 724 2647 methodica
749 2615 899 2659 quadam
924 2614 1085 2658 disputa-

93 2664 188 2697 tione
203 2674 261 2696 eos
287 2663 382 2696 locos
398 2663 638 2708 persequitur,
664 2665 748 2698 citra
768 2677 855 2709 quos
873 2677 943 2697 uon
963 2667 1086 2698 admo-

557 96 721 135 DECL.
759 97 834 134 DE
873 96 1095 135 STUDIO
1131 94 1477 133 DOCTRINAE
1510 94 1671 132 PAUL.

2077 102 2125 137 38

1142 184 1225 217 dum
1244 182 1415 226 profuerit
1439 183 1529 227 leges
1555 182 1729 218 didicisse.
1780 183 1851 218 Nec
1871 184 2126 231 Prophetarum

1142 233 1324 269 vaticinia,
1353 245 1415 266 nec
1431 231 1661 276 Evangelicae
1677 232 1842 269 historiae
1864 239 1952 270 adiri
1972 246 2127 281 possunt,

1139 284 1206 316 nisi
1228 282 1332 317 huius
1349 285 1638 325 commentarios,
1663 297 1725 318 ceu
1743 297 1880 320 amnem
1905 289 2065 321 comitem
2083 291 2124 321 ad

1139 346 1252 375 mare,
1279 331 1437 367 methodi
1455 334 1544 375 vice,
1571 336 1737 380 sequaris,
1789 336 1878 370 Nam
1903 351 1980 371 cum
1999 339 2034 371 iu
2055 347 2124 373 tra-

1138 386 1262 418 ctanda
1289 382 1443 418 hominis
1468 393 1610 426 natura,
1646 386 1832 431 tyrannide
1858 389 2004 432 peccati,
2040 390 2125 431 legis

1138 447 1262 479 regnu,
1296 436 1476 469 absolutae
1500 436 1639 469 virtutis
1659 437 1813 479 origine,
1840 451 1877 472 ac
1900 441 2124 484 propagatio-

1138 499 1200 526 ne,
1226 486 1470 525 sacramentis,
1503 486 1670 520 consistat
1694 499 1808 520 rerum
1827 487 2122 533 Theologicarum

1135 549 1292 576 summa,
1317 537 1443 570 unicus
1461 535 1592 570 Paulus
1618 534 1680 570 hos
1695 537 1789 570 locos
1810 540 1920 581 palam
1942 542 1988 573 oh
2004 541 2123 574 oculos

1138 588 1338 620 mortalium
1374 587 1501 631 posuit.
1561 587 1740 628 Breviter,
1775 590 2026 634 redemptionis
2058 604 2123 624 no-

1136 646 1226 671 strae
1243 638 1408 682 gratiam,
1433 639 1590 682 adeoque
1609 635 1790 671 Christum
1810 639 1922 682 ipsum
1941 642 2122 684 ignorare-

1136 700 1231 729 mus,
1265 689 1293 721 si
1326 688 1473 722 Paulum
1504 689 1581 721 orbi
1610 695 1780 722 terrarum
1805 688 1900 723 Deus
1932 691 2124 727 invidisset.

1134 738 1256 784 Neque
1281 739 1373 772 enim
1397 737 1577 774 Christum
1602 740 1759 780 novisse,
1792 747 1841 774 est
1864 738 2045 775 historiam
2068 756 2121 776 re-

1136 802 1213 823 rum
1238 791 1282 823 ab
1308 790 1382 833 ipso
1404 797 1577 833 gestarum
1603 796 1740 831 tenere,
1776 792 1835 823 sed
1860 803 2044 835 agnoscere
2068 795 2123 826 in-

1135 840 1249 883 gentia
1277 841 1441 874 beneficia
1454 868 1463 879 ,
1498 853 1585 885 quae
1604 852 1664 884 per
1682 841 1796 886 ipsum
1815 842 1851 874 in
1870 843 1990 876 orbem
2012 850 2122 878 terra—

1135 903 1212 924 rum
1231 889 1318 935 Opt.
1337 891 1431 924 Max.
1450 890 1544 924 Deus
1561 892 1702 933 effudit,
1724 891 1895 936 Spiritum
1912 894 2061 937 scilicet,
2090 902 2122 928 et

1134 942 1314 975 absolutae
1337 942 1477 976 virtutis
1500 949 1679 982 autorem,
1705 948 1737 975 et
1755 943 1963 978 arrabonem
1981 946 2122 987 gratiae,

1134 1004 1238 1038 quem
1264 990 1411 1026 antehac
1439 993 1615 1026 nesciebat
1637 993 1844 1029 mortalitas.
1903 994 2045 1028 Frustra
2066 997 2121 1029 di-

1134 1043 1227 1075 vinis
1258 1043 1394 1086 legibus
1424 1043 1582 1077 animum
1611 1044 1813 1084 devoveris,
1847 1045 1914 1078 nisi
1940 1043 2121 1079 Christum

1134 1105 1226 1134 esse,
1252 1093 1362 1127 Paulo
1389 1094 1572 1137 magistro,
1606 1094 1693 1127 scias
1713 1106 1815 1135 eum,
1847 1107 1866 1128 a
1890 1108 1960 1141 quo
1978 1097 2121 1140 spiritus

1134 1145 1305 1189 petendus
1321 1145 1365 1177 sit
1381 1157 1501 1178 amans
1515 1157 1637 1178 eorum
1655 1157 1744 1189 quae
1762 1146 1835 1188 lege
1851 1146 2034 1180 iubentur:
2059 1149 2122 1181 de-

1134 1196 1217 1228 inde
1240 1203 1272 1229 et
1297 1197 1376 1240 qui,
1409 1196 1436 1228 si
1457 1196 1540 1240 quid
1567 1202 1704 1240 praeter
1720 1196 1848 1239 legem,
1875 1204 1913 1230 ut
1932 1197 2120 1231 imbecilli-

1134 1253 1185 1280 tas
1206 1243 1378 1287 humana,
1411 1247 1618 1291 deliqueris,
1653 1246 1818 1289 ignoscat.
1878 1247 2020 1281 Frustra
2038 1250 2120 1282 item

1133 1295 1382 1342 Evangelicam
1412 1295 1595 1330 historiam
1628 1297 1810 1337 didiceris,
1851 1299 1917 1331 nisi
1956 1296 2121 1333 historiae

1133 1359 1256 1390 scopos
1288 1355 1322 1381 et
1351 1359 1474 1388 nsum,
1508 1348 1569 1380 illo
1603 1355 1837 1387 monstrante,
1870 1349 2119 1386 observaveris.

1135 1396 1204 1431 Ubi
1230 1398 1273 1429 de
1296 1398 1380 1439 legis
1403 1398 1648 1440 abrogatione,
1681 1399 1724 1430 de
1747 1405 1906 1441 peccato,
1941 1400 1983 1433 de
2007 1413 2120 1442 carne,

1103 1457 1106 1464 ¹
1134 1448 1177 1479 de
1202 1447 1349 1490 spiritu,
1383 1448 1426 1479 de
1453 1448 1534 1480 filiis
1556 1448 1775 1491 adoptionis,
1811 1449 1853 1481 de
1871 1449 2049 1492 libertate,
2077 1453 2120 1485 de

1133 1497 1299 1531 servitute
1323 1497 1481 1535 disserit,
1515 1498 1599 1541 quid
1618 1498 1712 1530 aliud
1735 1499 1823 1541 agit,
1850 1511 1954 1543 quam
1973 1508 2031 1539 ut,
2058 1514 2119 1535 ceu

1132 1544 1299 1580 methodo
1319 1548 1489 1592 quadam,
1515 1548 1699 1581 universae
1712 1550 1902 1592 scripturae
1920 1551 2038 1584 lumen
2056 1554 2119 1585 ad-

1132 1597 1243 1633 serat?
1283 1596 1421 1631 Omitto
1439 1610 1526 1643 quae
1544 1599 1726 1644 mysteria,
1751 1612 1854 1644 quam
1873 1601 2035 1634 sublimia
2056 1604 2119 1635 do-

1132 1654 1225 1689 ceat,
1251 1649 1314 1682 uhi
1328 1650 1482 1692 coeperis
1496 1649 1532 1682 in
1550 1662 1628 1682 eum
1646 1650 1810 1684 attentius
1828 1651 1948 1684 oculos
1962 1653 2119 1695 defigere.

1131 1699 1224 1735 Satis
1241 1700 1397 1743 amplum
1420 1700 1512 1732 enim
1531 1700 1682 1734 fructum
1699 1701 1838 1741 seceris,
1864 1702 1890 1734 si
1911 1703 1965 1735 vel
1987 1715 2005 1736 a
2024 1704 2118 1736 limi-

1131 1762 1176 1783 ne
1203 1750 1420 1785 salutaveris.
1478 1749 1568 1783 Nam
1598 1752 1693 1796 quod
1733 1752 1776 1784 ad
1806 1752 2062 1787 confirmandas
2086 1762 2119 1788 et

1131 1801 1364 1835 consolandas
1399 1800 1629 1834 conscientias
1670 1801 1809 1839 attinet,
1857 1815 1960 1836 nemo
1997 1803 2118 1847 Paulo,

1130 1864 1207 1885 mea
1230 1851 1372 1897 quidem
1397 1851 1588 1892 sententia,
1620 1853 1870 1896 praeferendus
1893 1861 1954 1888 est.
2012 1854 2118 1888 Sum-

1131 1915 1186 1936 ma
1207 1914 1289 1935 cura
1315 1909 1405 1943 esto,
1431 1909 1470 1935 ut
1495 1902 1532 1935 in
1551 1899 1616 1935 hoc
1638 1903 1768 1943 discas,
1796 1917 1864 1948 quo
1880 1901 2007 1938 habeas
2027 1906 2117 1940 vitae

1129 1954 1278 1986 sormam
1295 1965 1334 1986 ac
1354 1953 1522 1996 regulam.
1574 1951 1717 1987 Etenim
1735 1954 1762 1986 si
1783 1956 1997 1998 disceptandi
2023 1964 2055 1989 et
2073 1957 2116 1989 li-

1129 2004 1264 2047 tigandi
1281 2005 1390 2046 gratia
1410 2004 1593 2044 didiceris,
1619 2004 1699 2037 vide
1721 2017 1825 2049 quam
1842 2005 1946 2038 facias
1963 2013 2115 2040 atrocem

1130 2054 1346 2088 sanctissimo
1378 2055 1453 2088 viro
1486 2054 1674 2096 iniuriam,
1708 2055 1770 2099 qui
1806 2056 1898 2099 pacis
1929 2057 2116 2099 adsertore,

1129 2118 1300 2150 praecone
1315 2103 1468 2145 Christi,
1493 2105 1553 2151 qui
1571 2105 1665 2138 solus
1680 2117 1759 2138 vera
1777 2118 1842 2150 pax
1861 2113 1928 2145 est,
1956 2114 2026 2141 tam
2043 2109 2116 2141 soe-

1129 2158 1172 2189 de
1202 2156 1365 2190 abuteris.
1423 2155 1511 2189 Nam
1537 2157 1631 2201 quod
1659 2156 1800 2200 quidem
1825 2154 2036 2201 Theologica
2072 2161 2114 2192 ad

1128 2219 1285 2246 scenam,
1310 2208 1353 2239 ad
1371 2207 1467 2249 vulgi
1491 2207 1649 2250 plausum
1675 2215 1901 2251 comparant,
1928 2210 2115 2253 deploran-

1128 2260 1212 2291 dum
1246 2258 1355 2300 magis
1387 2270 1490 2302 quam
1522 2257 1765 2290 insectandum
1797 2265 1857 2293 est.
1924 2258 1996 2291 lam
2021 2267 2114 2294 etex

1127 2308 1238 2342 Paulo
1264 2320 1470 2351 cognoscere
1497 2308 1636 2348 licebit,
1669 2308 1728 2353 qui
1757 2309 1888 2342 fructus
1910 2309 2012 2353 longe
2037 2311 2115 2355 pul-

1127 2357 1322 2393 cherrimus
1346 2366 1414 2399 est,
1449 2359 1541 2392 inter
1569 2356 1806 2392 Christianam
1833 2360 2049 2402 doctrinam,
2084 2369 2115 2395 et

1127 2407 1393 2453 Philosophiam
1416 2409 1558 2453 proprie
1583 2409 1668 2454 quid
1699 2410 1849 2443 intersit:
1885 2412 1980 2455 quod
1999 2420 2036 2445 ut
2053 2425 2114 2455 ap-

1127 2461 1239 2506 prime
1269 2460 1501 2494 necessarium
1533 2467 1583 2493 est
1612 2472 1838 2502 cognoscere,
1881 2469 2053 2507 quotquot
2079 2464 2114 2495 iu

1127 2508 1381 2556 philosophicis
1407 2511 1532 2544 studiis
1551 2518 1753 2551 versantur,
1782 2512 1827 2543 ita
1847 2513 2039 2554 neglectum
2063 2515 2114 2545 vi-

1128 2565 1192 2596 deo
1219 2575 1236 2595 a
1270 2559 1432 2595 scholicis
1452 2561 1666 2595 Ductoribus
1700 2563 1734 2594 in
1760 2562 1979 2595 universum:
2012 2565 2069 2608 qui
2098 2576 2114 2594 e

1129 2611 1323 2656 Theologia
1360 2613 1461 2645 nobis
1491 2625 1563 2645 non
1593 2613 1687 2645 aliud
1722 2612 1848 2651 fecere,
1885 2626 1987 2655 quam
2019 2615 2112 2646 illam

1129 2664 1297 2698 Graeciae
1317 2661 1559 2698 hircissantem
1583 2675 1707 2704 anum,
1736 2661 2012 2707 Philosophiam.
2064 2664 2113 2697 De

1539 2714 1587 2746 3*
