2338 2958
116 121 191 158 853

217 206 315 240 Talis
339 217 419 238 cum
450 205 575 246 fuerit,
609 213 642 240 et
664 206 709 240 sit
733 207 945 240 conscientia
972 212 1102 245 nostra,
1126 206 1129 241 Ι
1153 204 1330 239 monibus.

466 118 625 156 DECL.
657 119 730 156 DE
763 119 959 156 DICTO:
1003 117 1238 155 PROBET
1274 118 1692 164 UNUSQUISQUE
1719 131 1802 159 ETC.

2077 126 2150 160 854

1384 203 1435 238 Ac
1454 206 1496 238 de
1513 206 1734 239 excusatione
1751 214 1953 241 nostrorum
1977 210 2144 243 consilio-

115 270 189 291 non
204 256 387 290 abiicimus
403 256 662 289 invocationem
675 255 753 298 Dei,
779 265 812 290 et
830 258 1004 302 supplices
1021 269 1102 289 ora·
1126 266 1127 282 l
1153 265 1232 286 rum
1260 261 1294 287 et
1321 262 1459 288 nostrae
1493 256 1685 290 voluntatis
1721 258 1804 290 alibi
1840 259 1940 301 plura
1977 259 2141 294 dicemus.

115 318 211 347 mus,
236 314 276 340 ut
294 307 424 339 exitum
441 307 580 340 consilii
599 307 711 340 nostri
736 316 830 350 regat
855 308 948 351 ipse,
983 314 1015 341 et
1037 318 1101 339 nos

113 359 302 402 gubernet,
345 364 376 390 et
407 355 595 401 prohibeat
616 357 854 391 Ecclesiarum
878 358 1101 391 dilaceratio-

113 419 185 442 nes,
246 406 304 440 Sic
330 407 460 441 Paulus
483 409 633 442 iniustae
659 409 896 442 criminationi
922 420 1100 453 opponere

111 459 228 499 docet,
256 459 489 492 conscientiae
503 459 687 499 iudicium,
715 471 793 492 cum
812 459 941 504 inquit:
970 458 1099 492 Probet

111 509 356 553 unusquisque
381 520 484 542 suum
506 521 610 553 opus,
639 516 671 542 et
689 510 737 542 sic
753 511 846 553 apud
863 521 935 542 sese
948 509 1096 551 gloriam

111 556 274 599 habebit,
304 571 376 593 non
399 560 443 593 ab
466 559 562 600 aliis,
595 560 631 592 id
657 565 725 598 est,
762 560 926 603 inspiciat
949 560 1098 604 quisque

109 621 170 643 sua
191 610 338 643 consilia
359 617 391 644 et
409 611 517 653 facta,
544 617 577 644 et
593 617 708 650 curet,
734 617 773 644 ut
797 611 887 643 bona
915 610 1097 643 conscien-

110 660 157 693 tia
180 667 364 703 regantur,
393 660 497 703 Quod
525 673 602 693 cuin
627 661 672 693 ita
696 661 796 699 facit,
824 658 998 705 habetque
1023 672 1096 693 non

109 723 235 744 vanam
253 711 531 754 persuasionem,
559 712 618 744 sed
639 723 755 743 veram
774 711 1007 744 conscientiae
1035 724 1095 754 ap—

108 762 366 806 probationem,
392 759 455 794 'nac
471 761 580 804 gloria
599 773 634 793 se
652 762 816 795 adversus
832 762 961 795 iudicia
981 760 1096 794 homi-

109 824 195 845 num
223 819 377 852 tueatur,
412 824 475 845 nec
499 813 647 855 pendeat
673 824 711 845 ex
738 813 890 845 aliorum
916 813 1096 856 applausu,

106 874 170 895 nec
205 863 391 896 calumniis
421 863 569 902 fractus,
620 875 718 896 suam
742 865 926 896 stationem
951 865 1095 896 deserat.

105 911 207 946 Esset
225 914 372 946 omnino
390 913 587 957 plausibile,
615 914 643 945 si
662 914 798 947 rabiose
817 914 1096 947 conviciaremur

105 963 418 1006 gubernatoribus,
446 970 480 997 et
498 964 742 997 minitaremur
759 965 806 998 eis
825 965 1023 998 seditiones.

209 1031 310 1064 Hanc
344 1031 401 1063 isti
427 1030 599 1064 libertatis
627 1038 813 1064 assertores
842 1031 999 1065 dicerent
1024 1043 1094 1065 esse

104 1082 349 1115 fortitudinem
375 1088 408 1115 et
431 1080 661 1114 constantiam
687 1079 911 1124 propheticae
934 1082 1093 1115 similem.

104 1131 174 1166 Sed
193 1133 300 1175 magis
315 1139 454 1165 nostrae
470 1131 703 1164 conscientiae
719 1131 860 1172 iudicia,
877 1143 980 1176 quam
999 1133 1094 1166 illius

104 1180 231 1216 theatri
249 1183 390 1227 plausus
408 1194 604 1227 sequamur.

207 1249 451 1283 Retinendum
479 1255 530 1282 est
554 1249 824 1281 fundamentum
850 1255 886 1282 et
913 1249 1094 1283 doctrinae

104 1300 287 1344 puritatis,
314 1307 366 1340 et,
392 1306 431 1333 ut
448 1299 483 1331 in
503 1311 627 1342 magua
645 1298 875 1342 imperiorum
897 1306 930 1332 et
953 1299 1095 1343 opinio—

105 1363 191 1384 num
207 1351 413 1384 confusione
431 1352 639 1389 cavendum,
666 1361 709 1382 ne
728 1350 874 1382 maiores
894 1350 1094 1394 dissipatio-

106 1413 168 1434 nes
193 1402 294 1442 fiant,
341 1413 384 1433 ne
412 1401 544 1433 maiora
572 1399 715 1433 dissidia
743 1402 947 1443 dogmatum
972 1414 1094 1434 accen-

105 1454 253 1492 dantur,
280 1459 311 1485 et
332 1458 483 1485 moestae
499 1450 674 1483 Ecclesiae
690 1451 880 1491 fovendae,
908 1452 1094 1485 consolan—

105 1504 190 1543 dae,
216 1503 490 1542 consociandae,
518 1514 590 1534 non
609 1502 820 1534 deserendae
837 1509 928 1535 sunt.

208 1568 281 1601 Has
299 1569 452 1602 rationes
468 1580 547 1601 cum
571 1565 740 1600 hactenus
767 1569 908 1612 quidem
934 1569 991 1611 pio
1018 1575 1093 1602 stu-

105 1620 165 1652 dio
183 1620 291 1653 secuti
308 1620 433 1659 simus,
460 1630 639 1662 speramus
651 1617 725 1651 Deo
744 1619 943 1652 voluntates
959 1626 1095 1652 nostras

106 1671 269 1714 probari,
294 1670 496 1714 praesertim
522 1681 600 1701 cum
626 1669 698 1711 ipse
718 1669 820 1707 sciat,
848 1681 934 1713 quae
956 1671 998 1701 de
1017 1682 1093 1713 gra-

104 1721 263 1754 vioribus
279 1720 529 1754 controversiis
545 1720 737 1753 certamina
754 1720 998 1752 sustineamus.

207 1787 314 1829 Quod
334 1800 416 1820 vero
435 1787 584 1820 sauciari
609 1786 747 1831 aliquos
770 1787 944 1819 scandalis
966 1785 1093 1819 horum

106 1838 314 1872 timidorum
331 1838 561 1871 consiliorum
580 1837 702 1869 dicunt
715 1863 723 1876 ,
751 1837 852 1869 video
874 1837 1004 1869 multos
1022 1849 1093 1869 non

105 1890 147 1922 de
164 1889 342 1927 doctrina,
370 1890 428 1921 sed
448 1889 490 1920 de
517 1887 676 1920 libertate
705 1898 871 1930 pugnare.
931 1885 1004 1920 Etsi
1032 1900 1094 1920 au-

104 1947 173 1972 tem
192 1937 229 1971 hi
249 1951 388 1983 quoque
408 1937 596 1971 dissimiles
613 1943 714 1977 sunt,
743 1943 776 1970 et
801 1938 1001 1982 aliquorum
1029 1940 1092 1970 do-

104 1991 179 2023 lore
195 2002 358 2029 moveor,
385 1997 501 2022 tamen
522 1994 665 2032 propter
682 1985 746 2019 hos
771 2000 842 2020 non
867 1989 1023 2021 sarienda
1044 1996 1093 2021 est

104 2041 245 2074 vastitas
279 2048 310 2074 et
347 2040 500 2073 solitudo
536 2039 571 2071 in
608 2045 659 2071 tot
696 2039 879 2081 regionum
917 2037 1093 2074 Ecclesiis.

105 2091 274 2124 Videmus
305 2102 447 2134 magnas
479 2101 550 2122 esse
578 2101 649 2122 non
683 2090 796 2121 solum
824 2089 1035 2123 iudiciorum
1061 2097 1093 2123 et

103 2142 311 2186 opinionum
339 2141 574 2179 diversitates,
617 2140 674 2172 sed
702 2140 812 2173 multo
834 2141 944 2183 magis
966 2141 1093 2173 volun-

104 2200 214 2226 tatum
227 2220 234 2232 ,
263 2199 295 2225 et
314 2190 536 2226 vehementes
554 2191 703 2235 impetus
720 2192 761 2223 ad
780 2190 948 2224 sactiones
965 2192 1094 2224 confir-

105 2245 261 2276 mandas,

208 2300 284 2334 Hos
303 2301 446 2334 affectus
462 2312 702 2333 remex-eatinus
723 2300 765 2331 ab
788 2296 843 2332 his
868 2300 1094 2334 deliberatio-

106 2352 230 2394 nibus,
257 2358 289 2385 et
308 2362 535 2396 quaeramus,
562 2350 738 2384 utPaulus
758 2350 891 2394 inquit,
919 2362 990 2383 non
1008 2352 1093 2396 quid

104 2403 209 2436 nobis
224 2403 416 2446 gloriosum
433 2409 491 2435 aut
509 2402 595 2435 utile
615 2402 675 2441 sit,
710 2403 767 2434 sed
793 2400 876 2445 quid
904 2403 1094 2435 moestissi-

107 2454 173 2487 mis
195 2451 361 2487 Ecclesiis
390 2453 516 2496 prosit,
551 2453 634 2497 quid
657 2453 698 2484 ad
726 2451 907 2484 doctrinae
933 2460 965 2486 et
988 2453 1095 2487 disci-

107 2505 222 2548 plinae
247 2504 548 2537 conservationem
583 2512 613 2536 et
644 2504 686 2535 ad
724 2503 889 2535 tuendam
914 2502 1094 2537 literarum

108 2555 360 2598 possessionem
377 2555 558 2587 conducat.

202 2621 296 2656 Haec
312 2634 392 2656 cum
411 2621 578 2654 mediocri
596 2632 676 2653 cura
693 2621 812 2653 fecisse
829 2633 893 2653 nos
911 2633 965 2654 res
979 2630 1094 2656 osten-

106 2675 184 2714 dat,
210 2673 329 2707 minus
349 2685 532 2707 movemur
551 2670 735 2705 hominum
756 2672 1004 2706 maledicorum
1022 2686 1094 2707 ser·
1119 2674 1121 2708 l

1153 303 1226 337 Vos
1243 317 1325 338 vero
1345 305 1404 349 qui
1421 318 1440 338 a
1458 306 1772 341 deliberationibus
1795 309 1945 352 publicis
1971 309 2142 348 abfuistis,

1151 359 1184 386 et
1212 355 1248 386 in
1273 355 1421 388 statione
1447 364 1558 389 vestra
1583 359 1751 399 manetis,
1780 360 1997 392 manifestam
2023 360 2141 392 dvl'en—

1150 404 1284 437 sionem
1315 403 1468 443 habetis,
1508 419 1571 439 cur
1599 420 1669 439 nun
1707 410 1841 443 abiecto
1876 410 2070 443 ministerio
2105 412 2139 442 in

1151 454 1290 497 templis
1321 455 1551 488 solitudinem
1578 458 1728 497 faciatis,
1771 461 1852 504 quia
1880 461 2057 493 vocationi
2082 474 2142 504 pa-

1149 505 1298 538 rendum
1319 512 1387 544 est,
1415 506 1519 539 etiam
1537 507 1565 538 si
1584 519 1651 551 qua
1670 509 1857 543 difficultas
1874 512 2055 544 toleranda
2080 518 2140 549 est,

1149 556 1253 588 modo
1270 556 1361 589 absit
1380 556 1552 600 impietas,

1250 629 1325 663 Hae
1352 631 1593 665 consolatione
1620 634 1755 667 munite
1782 642 1939 677 pectora,
1974 649 2035 669 nec
2062 649 2139 670 sau-

1148 680 1234 713 ciari
1264 681 1400 714 animos
1431 682 1513 715 ullis
1543 683 1729 716 calumniis
1762 684 1883 724 sinite,
1918 699 2004 730 quae
2037 689 2139 721 etiam

1147 731 1322 774 speciosae
1339 739 1432 773 sunt,
1455 739 1571 766 tamen
1589 734 1634 767 ita
1654 735 1864 777 cogitabitis,
1888 737 2050 770 mirificas
2069 751 2140 771 csse

1147 783 1350 827 praestigias
1366 783 1404 815 in
1421 784 1684 825 calumniando,
1705 798 1769 818 nec
1788 786 1858 819 dici
1874 794 1931 820 aut
1952 788 2026 820 fieri
2043 789 2140 833 quic—

1148 846 1252 877 quam
1272 840 1340 866 tam
1359 840 1450 866 recte
1468 846 1587 879 posse,
1616 838 1709 879 quod
1731 848 1802 869 non
1823 837 2057 881 plausibiliter
2079 841 2139 871 de-

1149 884 1287 927 pravari
1314 885 1439 927 possit:
1478 892 1510 918 et
1534 883 1599 918 hoc
1623 887 1761 919 saeculo
1787 885 1872 920 haec
1895 900 1950 920 ars
1979 889 2140 933 inprimis

1147 934 1300 973 excellit,
1329 941 1362 967 et
1387 935 1525 967 laudem
1545 933 1652 970 habet
1668 938 1870 981 sapientiae.
1924 939 1993 972 Sed
2011 941 2139 973 verita-

1147 985 1190 1018 tis
1206 985 1318 1018 oratio
1334 985 1481 1029 simplex
1498 993 1557 1019 est.

1238 1058 1458 1104 Aequiescite
1477 1061 1584 1104 igitur
1602 1061 1640 1094 in
1659 1059 1721 1094 hac
1739 1062 1921 1105 perspicua
1939 1070 1970 1096 et
1990 1064 2138 1107 simplici

1146 1110 1406 1150 consolatione,
1434 1113 1526 1155 quod
1546 1124 1619 1144 non
1643 1113 1855 1145 deserendae
1877 1114 1947 1147 sint
1965 1112 2138 1147 Ecclesia«-

1147 1167 1290 1205 propter
1305 1159 1369 1194 hos
1388 1161 1476 1194 ritus
1494 1162 1598 1195 nobis
1618 1163 1775 1198 usitatos,

1241 1234 1297 1269 Ad
1320 1233 1411 1268 hanc
1429 1243 1544 1269 autem
1562 1238 1838 1272 consolationem
1858 1240 2011 1284 adiungo
2029 1248 2060 1274 et
2078 1239 2139 1274 has

1146 1285 1425 1321 adhortationes-
1493 1286 1582 1320 Cum
1614 1300 1802 1322 aerumnae
1825 1302 1889 1323 nos
1914 1297 1983 1323 tam
2011 1292 2139 1326 multae

1147 1344 1347 1377 exerceant,
1393 1337 1500 1370 simus
1530 1350 1594 1371 nos
1620 1339 1656 1371 in
1680 1340 1778 1372 omni
1803 1341 1872 1374 vita
1897 1342 2138 1383 modestiores,

1147 1389 1191 1422 sit
1211 1389 1325 1421 maior
1350 1388 1516 1421 sedulitas
1541 1389 1578 1420 in
1612 1390 1778 1423 discendo
1816 1398 1849 1425 et
1879 1393 2056 1432 docendo,
2101 1401 2139 1426 ut

1146 1439 1256 1481 magis
1286 1438 1486 1481 intelligant
1515 1451 1658 1481 omnes,
1699 1453 1780 1474 vere
1812 1454 1829 1474 a
1865 1443 1967 1475 nobis
1997 1443 2138 1477 retineri

1147 1490 1342 1523 doctrinam
1376 1489 1629 1533 incorruptam.
1696 1490 1750 1525 Sit
1774 1499 1807 1525 et
1834 1493 1986 1536 precatio
2011 1495 2139 1527 arden-

1147 1542 1233 1581 tior,
1261 1541 1298 1572 in
1323 1552 1390 1584 qua
1409 1538 1484 1573 Deo
1508 1547 1541 1573 et
1568 1543 1768 1575 universam
1787 1540 1998 1584 Ecclesiam,
2023 1552 2055 1577 et
2078 1558 2138 1578 vos

1148 1592 1261 1634 ipsos,
1289 1597 1322 1623 et
1335 1597 1465 1623 vestras
1484 1591 1651 1632 familias,
1679 1593 1853 1635 coniuges,
1881 1601 1913 1627 et
1932 1607 2057 1638 parvos
2076 1608 2138 1628 na-

1146 1649 1200 1676 tos
1231 1640 1322 1673 veris
1355 1640 1542 1683 gemitibus
1571 1644 1843 1683 commendetis,
1878 1645 1959 1689 quia
1986 1646 2138 1678 certissi-

1147 1705 1242 1724 mum
1268 1698 1333 1730 est,
1361 1689 1554 1724 Ecclesiam
1579 1705 1649 1725 non
1675 1694 1758 1727 solis
1784 1691 1946 1728 humanis
1971 1696 2139 1736 consiliis,

1147 1744 1204 1774 sed
1236 1740 1422 1785 praecipue
1447 1753 1465 1774 a
1491 1741 1566 1775 Deo
1589 1744 1720 1777 servari
1744 1751 1777 1778 et
1801 1746 2008 1787 gubernari,
2051 1748 2139 1781 sicut

1147 1793 1315 1824 immensa
1347 1792 1586 1826 misericordia
1612 1793 1710 1827 Deus
1736 1807 1810 1827 eam
1845 1797 2017 1835 restituit,
2060 1810 2136 1830 cum

1148 1841 1261 1875 Adam
1296 1848 1328 1874 et
1356 1840 1453 1874 IIeva
1486 1850 1561 1884 post
1595 1844 1752 1887 lapsum,
1796 1847 1929 1879 nullius
1961 1854 2137 1880 creaturae

1146 1906 1230 1937 ope,
1258 1905 1296 1924 ex
1316 1892 1358 1924 iis
1376 1893 1544 1934 miseriis,
1571 1895 1699 1939 quibus
1724 1897 1878 1939 oppressi
1904 1904 2021 1938 erant,
2051 1899 2137 1931 libe-

1146 1943 1215 1976 rari
1237 1950 1410 1987 poterant.
1466 1942 1510 1977 Et
1528 1947 1618 1988 apud
1641 1945 1791 1978 Hoseam
1810 1947 1895 1980 dicit
1912 1946 2020 1981 Deus:
2052 1948 2136 1981 Per-

1146 1994 1233 2026 ditio
1263 2001 1321 2027 tua
1352 1992 1458 2027 Israel
1488 2007 1527 2027 ex
1556 2002 1588 2028 te
1610 1988 1682 2035 est,
1719 2010 1736 2030 a
1767 2010 1820 2030 me
1848 2010 1930 2031 vero
1967 2000 2135 2033 auxilium

1145 2051 1258 2078 tuum.

1248 2118 1299 2151 'l'e
1318 2119 1424 2161 igitur
1440 2119 1665 2163 omnipotens
1682 2120 1793 2162 Deus,
1820 2129 1958 2156 aeterne
1982 2131 2013 2157 et
2034 2127 2136 2158 uuit-e

1147 2176 1243 2212 pater
1264 2169 1408 2202 Domini
1434 2170 1543 2202 nostri
1572 2169 1648 2204 lesu
1674 2170 1819 2211 Christi,
1863 2174 2024 2208 conditor
2049 2177 2134 2208 coeli

1147 2227 1177 2252 et
1198 2226 1327 2260 terrae,
1356 2226 1389 2252 et
1410 2217 1614 2261 homiuum,
1648 2229 1681 2254 et
1698 2221 1874 2256 Ecclesiae
1904 2232 1981 2257 tuae
2004 2227 2134 2267 angeli-

1146 2282 1203 2303 cae
1223 2277 1254 2303 et
1273 2267 1467 2310 humanae,
1495 2283 1563 2303 una
1582 2283 1660 2304 cum
1680 2273 1750 2305 filio
1768 2280 1829 2306 tuo
1847 2273 2000 2308 Domino
2018 2284 2135 2310 nostro

1150 2321 1224 2353 lesu
1243 2318 1403 2361 Christo,
1427 2322 1590 2354 crucifixo
1606 2335 1668 2366 pro
1686 2324 1788 2356 nobis
1806 2331 1837 2357 et
1854 2327 2075 2365 resuscitato,
2103 2335 2135 2360 rt

1147 2371 1282 2415 Spiritu
1299 2377 1419 2404 sancto
1437 2378 1511 2411 tuo,
1539 2384 1680 2406 oramus
1699 2374 1733 2406 in
1752 2372 1806 2407 his
1825 2376 1930 2408 tantis
1948 2379 2134 2417 aerumnis,

1147 2429 1182 2454 nt
1203 2429 1346 2465 propter
1372 2421 1482 2454 filium
1507 2430 1605 2455 tuum
1623 2422 1819 2458 Dominum
1844 2434 2002 2460 nostrum
2022 2427 2132 2461 lesum

1146 2471 1327 2506 Christum
1371 2473 1482 2505 nostri
1519 2473 1735 2516 miserearis,
1782 2484 1812 2510 et
1841 2476 1975 2520 Spiritu
2016 2487 2132 2511 sanctu

1147 2523 1340 2556 Ecclesiam
1358 2523 1422 2555 tibi
1441 2530 1608 2568 perpetuo
1626 2525 1717 2559 inter
1734 2540 1797 2560 nos
1823 2528 1984 2569 colligas,
2021 2537 2050 2562 vt
2080 2541 2134 2561 re-

1147 2586 1223 2617 gas,
1257 2581 1290 2606 et
1315 2585 1443 2616 poenas
1470 2574 1636 2609 immensa
1657 2577 1895 2611 misericordia
1914 2586 1970 2611 tua
1987 2579 2133 2620 mitiges,

1148 2625 1275 2658 Amen.
1328 2623 1422 2659 Dixi.

1454 2724 1503 2761 54
1521 2725 1536 2744 *
