2338 2958
199 126 295 162 1019

799 112 960 151 DECL.
991 111 1065 148 DE
1099 109 1312 148 LEGUM
1341 110 1628 150 1UST1T1A.

2131 116 2233 153 1020

298 209 400 246 Utin
414 206 632 253 Papiniano,
658 201 719 248 qui
739 200 866 234 maluit
887 199 1058 240 interfici,
1082 210 1189 243 quam
1241 196 1404 231 Primum
1425 197 1501 243 ipse
1523 198 1636 234 factus
1656 205 1705 234 est
1723 196 1834 234 hostis
1850 201 1938 243 Dei,
1965 201 2116 235 aliorum
2141 202 2235 235 mul-

197 263 385 298 defendere
409 259 680 303 Imperatorem,
707 251 768 298 qui
787 251 931 285 fratrem
955 250 1106 285 interfici
1128 261 1191 283 cu-
1242 254 1359 282 torum
1383 249 1520 282 furores
1545 250 1786 285 confirmavit:
1822 250 1875 286 Ita
1897 264 1978 286 reus
1993 259 2044 286 est
2063 252 2135 285 irae
2151 251 2236 293 Dei,

197 320 348 349 raverat.

300 388 348 423 Et
365 388 403 420 in
413 383 533 420 Cassio
544 380 726 426 Longino,
755 378 813 412 cui
828 385 861 412 et
876 378 969 412 oculi
985 375 1085 411 effosi
1099 381 1192 416 sunt,

200 450 233 476 et
256 441 417 483 adempta
439 442 491 469 est
512 433 636 479 patria.
687 428 735 464 Et
757 429 904 463 memini
929 428 1003 473 ipse
1019 427 1192 462 excellen-

201 500 271 526 tem
304 487 532 534 sapientiam,
556 482 734 518 iusticiam
762 487 795 514 et
824 480 1057 514 constantiam
1085 477 1193 511 fuisse

200 545 239 576 in
256 541 367 575 amico
386 535 583 573 charissimi
606 533 715 579 patris
732 531 819 572 mei,
845 532 1002 566 Doctore
1019 528 1192 572 Gregorio

200 593 420 635 Lamparter‚
448 585 657 622 cancellario
667 580 1109 625 DucisWVirtebergensis,
1132 577 1194 624 qui

201 643 328 678 maluit
355 640 516 679 exulare,
556 643 654 681 parte
678 633 880 668 facultatum
908 632 1048 672 relicta,
1088 641 1193 674 quam

202 695 353 739 probare
381 698 416 725 et
442 689 609 723 adiuvare
640 684 843 719 turbulenta
876 683 1023 716 consilia
1058 691 1196 720 eorum,

203 745 265 790 qui
294 751 378 778 tunc
405 751 546 774 movere
569 737 703 771 bellum
732 747 805 768 non
830 734 1066 768 necessarium
1088 742 1196 764 cona-

203 798 346 830 liuntur.

307 869 384 905 Etsi
409 880 487 902 rara
514 871 597 899 sunt
620 862 705 897 haec
732 861 909 905 exempla,
950 860 1039 893 sicut
1066 859 1102 892 in
1132 855 1198 892 hac

203 934 330 967 magna
349 919 551 955 infirmitate
569 914 705 959 generis
723 910 870 946 humani
895 922 1033 954 semper
1050 910 1129 953 plus
1147 916 1197 942 est

204 975 395 1012 viciorum,
429 965 534 1015 quain
561 967 749 999 virtutum:
784 970 902 996 tamen
926 968 1030 995 erunt
1058 961 1197 1005 aliqua,

206 1034 240 1059 et
270 1035 333 1057 vos
361 1019 581 1066 praesertim,
613 1015 676 1061 qui
707 1014 801 1047 scitis
831 1012 1013 1046 diabolum
1038 1010 1200 1045 insidiari

207 1077 273 1110 toti
296 1074 454 1108 humano
481 1067 618 1113 generi,
648 1073 681 1099 et
703 1062 930 1109 Sophismata
956 1074 1136 1106 spargere,
1161 1067 1201 1095 ut

207 1128 279 1161 sint
300 1127 390 1159 saces
415 1121 591 1156 bellorum
614 1124 649 1151 et
674 1115 931 1153 vastationum,
958 1112 1201 1156 vigilantiores

207 1190 278 1211 esse
297 1174 451 1214 debetis,
476 1183 519 1204 ne
538 1169 614 1203 sitis
637 1178 767 1210 organa
787 1164 941 1204 diaboli,
968 1171 1001 1198 et
1019 1175 1101 1197 vasa
1116 1163 1201 1204 irae,

208 1238 239 1262 et
260 1233 370 1272 pestes
388 1222 524 1269 generis
545 1217 703 1253 humani.

311 1301 360 1337 Ut
386 1300 493 1344 igitur
515 1296 699 1331 Medicum
722 1303 860 1326 necesse
885 1297 954 1332 est,
988 1289 1201 1324 instructum

209 1368 281 1390 esse
305 1351 506 1397 cognitione
528 1359 609 1381 suae
633 1345 735 1385 artis,
774 1344 802 1377 si
830 1342 924 1376 volet
949 1342 1028 1375 aliis
1050 1341 1202 1374 mederi:

209 1407 338 1441 deinde
355 1411 388 1437 et
404 1403 505 1435 labor
522 1406 556 1432 et
573 1396 775 1435 assiduitas,
802 1401 837 1428 et
853 1393 966 1426 fidelis
982 1391 1121 1425 animus
1140 1392 1204 1425 ad-

210 1459 298 1493 sint:
326 1456 373 1488 ita
392 1454 429 1486 in
449 1450 505 1485 his
529 1450 590 1495 qui
607 1445 822 1482 adhibentur
837 1446 879 1478 ad
899 1444 1203 1487 gubernationem,

210 1509 365 1554 primum
383 1505 427 1538 sit
442 1501 596 1546 cognitio
614 1498 796 1533 doctrinae
823 1497 866 1529 de
890 1494 1043 1528 iusticia:
1076 1494 1204 1527 deinde

211 1561 256 1594 sit
277 1558 461 1594 voluntas,
496 1564 585 1598 quae
609 1551 647 1583 in
673 1549 791 1582 dando
818 1546 967 1580 consilio
993 1551 1134 1588 regatur
1158 1544 1204 1578 ti-

211 1622 310 1645 more
324 1607 409 1647 Dei,
433 1612 466 1639 et
489 1615 562 1638 non
588 1601 673 1634 velit
700 1599 848 1632 iniustas
874 1596 1082 1640 cupiditates
1108 1596 1204 1628 ullo-

212 1675 291 1696 rum
322 1657 509 1692 hominum
541 1653 653 1687 sciens
685 1661 820 1683 armare
849 1654 970 1681 contra
1002 1644 1136 1684 Deum,
1172 1652 1206 1678 et

213 1719 335 1747 contra
368 1707 529 1753 patriam.
596 1701 698 1736 Hunc
726 1699 881 1742 regulam
916 1697 1076 1742 sequenti
1110 1696 1205 1729 Deus

212 1763 336 1801 aderit,
362 1767 396 1793 et
411 1755 566 1791 honestis
583 1751 740 1787 consiliis
756 1750 853 1784 dabit
868 1749 1036 1805 salutares
1050 1754 1206 1804 essemus.

213 1816 311 1850 Sicut
327 1810 496 1854 scriptum
513 1813 563 1840 est
580 1805 617 1837 in
634 1802 842 1841 Salomone,
868 1801 911 1833 de
935 1804 1106 1842 sapientia
1122 1796 1205 1854 pei:

213 1865 326 1900 Penes
344 1874 398 1895 me
413 1865 463 1894 est
478 1856 667 1891 consilium
683 1860 715 1886 et
733 1862 922 1886 successus.
958 1848 1052 1883 Deus
1069 1859 1206 1891 sapiens

214 1925 247 1950 et
272 1916 403 1953 iustus,
441 1907 620 1943 coherceri
653 1904 731 1938 vult
755 1914 864 1946 genus
889 1899 1086 1958 humanum
1111 1899 1205 1956 intra

214 1974 343 2005 metas,
387 1972 473 2007 quas
504 1971 566 1993 sua
596 1954 767 2000 sapientia
793 1961 827 1988 et
852 1953 988 1985 iusticia
1015 1956 1207 1985 constltmt.

217 2018 294 2051 Hoc
319 2027 397 2049 cum
434 2011 601 2049 facimus,
635 2008 709 2051 ipse
739 2006 800 2038 dat
836 2013 1020 2048 prosperos
1052 2008 1208 2035 eventus.

216 2070 346 2101 (Iontra
384 2075 484 2103 vero,
533 2065 646 2094 astuta
683 2056 828 2089 consilia
867 2060 990 2087 contra
1023 2052 1208 2091 iusticiam,

217 2117 352 2153 etiamsi
384 2114 485 2147 initio
517 2112 682 2143 videntur
716 2107 837 2145 utilia,
872 2112 989 2137 tamen
1013 2101 1109 2137 Deus
1132 2109 1209 2146 post

217 2170 379 2209 exiguum
398 2173 533 2208 tempus
551 2158 701 2194 ostendit
720 2157 889 2191 iudicium
908 2166 1024 2195 suum,
1052 2151 1208 2186 horribi-

219 2222 311 2254 libus
344 2216 467 2262 poenis
498 2225 640 2251 eorum,
680 2209 741 2254 qui
773 2206 946 2241 iusticiam
975 2205 1209 2239 xiolaverunt.

219 2271 305 2304 x'ult
323 2269 416 2302 enim
435 2265 529 2299 Deus
549 2265 584 2296 in
601 2273 725 2305 genere
750 2257 926 2296 humano,
955 2256 1057 2290 etiam
1087 2255 1121 2287 in
1146 2252 1209 2287 hac

218 2323 308 2360 sita,
344 2317 497 2361 conspici
529 2313 678 2347 illustria
711 2308 929 2349 testimonia,
964 2307 1059 2352 quod
1085 2306 1209 2363 sit‘sa-

219 2374 330 2418 piens,
359 2370 480 2404 iustuS.
503 2373 535 2399 et
552 2365 692 2397 vindex.
746 2359 789 2394 Et
809 2370 950 2404 prorsus
968 2370 1038 2390 non
1059 2357 1208 2389 dubium

219 2433 287 2461 est,
315 2420 442 2455 atrocia
460 2417 583 2450 delicta
604 2413 720 2457 puniri
739 2412 843 2445 etiam
871 2412 904 2442 in
933 2407 996 2442 hac
1020 2409 1089 2464 vita
1116 2415 1210 2464 atro-

220 2476 318 2508 cibus
351 2470 486 2516 poenis.
553 2466 659 2499 Multi
696 2470 811 2497 autem
847 2460 1004 2494 scelerati
1037 2466 1140 2491 eti-'un
1174 2470 1209 2489 ιιι

220 2530 521 2565 ;,··t‹=r=1;·sp‹1euas
541 2524 669 2555 ruunt,
697 2514 778 2560 qui-'i
801 2525 872 2546 non
893 2523 1012 2544 rursus
1031 2511 1073 2543 aid
1094 2507 1208 2542 Deum

219 2581 484 2609 conuertuntur.

321 2653 388 2683 lam
406 2647 552 2688 cogitate
570 2651 698 2688 quanta
716 2642 756 2675 sit
777 2639 925 2676 miseria,
947 2644 1128 2681 postquam
1145 2636 1210 2668 nli-

221 2718 296 2749 ,ξιιμ
317 2703 425 2734 svn-ns
446 2706 474 2730 rt
496 2697 615 2728 volens
635 2694 727 2726 dedit
751 2691 985 2736 perniciosum
1011 2688 1209 2721 consilium.

1242 305 1386 343 propter
1405 310 1467 333 sua
1483 306 1518 334 et
1533 300 1649 335 aliena
1665 308 1814 345 peccata.

1345 381 1484 417 Deinde
1511 396 1590 417 cum
1613 391 1746 419 certum
1771 385 1833 427 sit,
1859 385 1959 431 sequi
1981 398 2111 430 poenas
2131 386 2237 421 etiam

1243 434 1283 467 in
1300 430 1366 467 hac
1383 435 1474 475 vita,
1499 446 1636 479 semper
1653 436 1719 469 erit
1734 435 1772 469 in
1789 443 1901 470 metu:
1927 443 1961 470 et
1978 443 2056 481 post
2073 437 2238 481 exiguum

1244 491 1382 528 tempus
1411 485 1593 519 adficietur
1621 486 1825 530 suppliciis,
1865 487 1956 520 sicut
1987 487 2155 533 Dionysii
2183 494 2239 533 ty-

1245 535 1348 568 ranni
1365 535 1573 581 praecipuus
1591 536 1826 578 consiliarius,
1853 543 1887 571 et
1902 537 2043 572 adiutor
2058 537 2240 579 saeviciae,

1246 583 1521 630 comprehensus
1539 587 1702 628 tandem,
1727 594 1858 622 tractus
1876 595 1928 622 est
1951 600 2012 632 per
2028 589 2152 622 urbem
2173 588 2240 633 Sy-

1246 648 1385 670 racusas
1403 637 1504 670 vivus
1516 664 1525 678 ,
1551 644 1583 671 et
1599 637 1770 673 laceratus
1785 639 1952 672 candenti
1969 639 2074 673 ferro.

1349 718 1486 754 Habuit
1511 732 1674 765 magnam
1692 722 1845 764 ‚laudem
1876 722 2069 767 sapientiae
2092 719 2242 757 Achito-

1248 768 1351 815 phel,
1378 771 1439 816 qui
1456 783 1535 805 cum
1551 771 1692 806 favisset
1715 773 1891 806 sceleratis
1914 773 2072 807 consiliis
2088 770 2244 808 Absolu-

1250 822 1326 863 nis,
1350 828 1468 866 postea
1485 833 1558 855 sese
1571 823 1814 866 strangulavit.
1867 822 1946 859 Etsi
1963 830 2078 858 autem
2101 823 2138 856 in
2161 824 2244 858 tali-

1249 873 1315 906 bus
1338 872 1481 916 poenis,
1521 884 1711 916 corporum
1741 874 1916 909 cruciatus
1948 874 2065 918 magni
2099 882 2182 908 sunt
2211 882 2244 910 et

1250 923 1359 957 saevi:
1386 930 1504 957 tamen
1524 924 1676 957 maiores
1691 930 1724 957 et
1742 925 1914 958 saeviores
1934 933 2016 959 sunt
2041 925 2151 958 animi
2177 926 2244 960 do-

1250 975 1364 1015 lores,
1389 974 1449 1019 qui
1475 974 1650 1015 existunt,
1677 987 1756 1009 cum
1781 986 1835 1014 se,
1862 987 1940 1009 cum
1966 975 2131 1019 patriam,
2164 988 2245 1010 cum

1251 1032 1341 1059 totas
1367 1031 1487 1068 gentes
1513 1024 1636 1059 vident
1665 1025 1708 1058 iis
1734 1026 1906 1067 consiliis,
1941 1037 2029 1071 quae
2054 1026 2108 1059 vel
2136 1027 2246 1060 dede-

1253 1081 1357 1116 runt,
1389 1076 1445 1108 vel
1474 1075 1709 1117 adiuvarunt,
1743 1076 1872 1121 perire:
1905 1083 1939 1110 et
1969 1076 2126 1110 sentiunt
2157 1077 2245 1111 iram

1252 1124 1330 1160 Dei.
1382 1123 1429 1160 Et
1446 1125 1551 1159 multi
1575 1125 1613 1160 in
1633 1123 1689 1159 his
1712 1127 1896 1161 doloribus
1921 1134 2031 1161 ruunt
2052 1127 2091 1160 in
2117 1139 2247 1172 poenas

1254 1183 1424 1211 aeternas.

1356 1251 1478 1296 Quare
1501 1263 1564 1286 vos
1594 1258 1628 1287 et
1660 1249 1834 1287 adhortor
1857 1260 1891 1288 et
1918 1254 2075 1289 obtestor
2104 1260 2249 1298 propter

1255 1303 1404 1347 gloriam
1428 1301 1516 1344 Dei,
1559 1309 1594 1337 et
1624 1310 1769 1348 propter
1801 1311 1953 1338 vestram
1991 1311 2025 1338 et
2053 1304 2250 1338 multorum

1254 1353 1442 1388 hominum
1468 1354 1636 1395 salutem,
1670 1361 1710 1389 ut
1734 1354 1905 1388 iudicium
1932 1353 1999 1388 Dei
2027 1354 2252 1395 intueamini,

1256 1412 1289 1439 et
1313 1405 1448 1439 maiore
1469 1416 1552 1438 cura
1579 1412 1672 1439 recte
1694 1405 1854 1447 discatis,
1880 1411 1914 1439 et
1936 1405 2126 1440 sententias
2151 1416 2251 1439 veras

1257 1456 1294 1489 in
1324 1456 1421 1490 curia
1449 1462 1483 1490 et
1508 1455 1546 1488 in
1569 1455 1711 1490 iudiciis
1736 1456 1956 1490 monstretis:
1983 1468 2048 1490 nec
2070 1467 2130 1501 spe
2152 1455 2252 1490 utili-

1257 1507 1356 1548 tatis,
1377 1518 1442 1540 nec
1457 1513 1554 1541 metu
1572 1507 1813 1551 periculorum
1830 1507 1872 1541 ad
1891 1507 2168 1541 adsentationem
2195 1506 2251 1539 in-

1258 1557 1460 1592 ssectamini.

1359 1630 1591 1666 Considerate
1628 1631 1732 1664 etiam
1770 1631 1928 1675 exempla
1964 1631 2087 1665 iudicii
2124 1631 2252 1672 divini,

1258 1695 1346 1729 quae
1363 1683 1528 1716 omnibus
1544 1681 1717 1715 aetatibus
1733 1681 1844 1715 multa
1859 1688 2073 1716 cernuntur:
2101 1693 2252 1727 quorum

1258 1734 1469 1779 cogitatione
1488 1744 1548 1766 vos
1563 1733 1779 1768 confirmate.

1360 1816 1463 1850 Hanc
1480 1815 1678 1850 orationem
1697 1814 1861 1853 recitavi,
1890 1827 1962 1848 non
1990 1821 2030 1849 ut
2053 1815 2254 1848 adolescen-

1260 1876 1310 1903 tes
1334 1867 1474 1911 ingenia
1501 1872 1681 1906 exercent,
1710 1866 1790 1905 sed,
1822 1872 1859 1900 ut
1884 1877 1988 1899 senex
2009 1867 2176 1899 mandato
2200 1865 2256 1898 di-

1261 1921 1344 1952 vino
1370 1916 1745 1951 communest-ctionem
1774 1928 1995 1960 proponens,
2030 1928 2134 1962 quam
2160 1915 2256 1950 Deus

1260 1983 1362 2014 saepe
1381 1969 1490 2012 repeti
1509 1967 1583 2001 vult
1601 1967 1636 1999 in
1656 1973 1729 1999 toto
1747 1978 1873 2009 genere
1892 1965 2066 2008 hnmano,
2093 1974 2131 2001 ut
2147 1978 2256 2010 agno-

1263 2031 1398 2055 scamus
1425 2021 1538 2063 ipsum
1563 2029 1635 2051 esse
1661 2017 1878 2062 sapientem,
1906 2024 1938 2051 et
1964 2018 2117 2059 iustum,
2144 2024 2176 2051 et
2201 2018 2256 2051 iu-

1262 2073 1396 2112 dicem,
1431 2077 1464 2104 et
1492 2069 1522 2103 ei
1550 2070 1840 2113 obtemperemus.
1909 2067 1987 2103 Oro
2013 2075 2129 2102 autem
2161 2066 2255 2102 hunc

1264 2124 1377 2167 ipsum
1401 2133 1522 2155 verum
1547 2119 1681 2159 Deum,
1710 2126 1844 2163 patrem
1869 2118 2016 2153 Domini
2042 2119 2155 2153 nostri
2180 2118 2257 2153 lesu

1263 2172 1415 2210 Christi,
1438 2171 1657 2205 conditorem
1678 2170 1813 2213 generis
1830 2168 1994 2208 humani,
2020 2177 2054 2204 et
2072 2180 2257 2203 conserva—

1264 2233 1373 2258 torem
1396 2222 1572 2257 Ecclesiae
1588 2229 1619 2256 et
1641 2221 1814 2254 societatis
1834 2218 2027 2260 humanae,
2054 2227 2091 2254 ut
2114 2227 2257 2266 propter

1264 2276 1394 2315 sdium,
1421 2273 1615 2307 Dominum
1639 2280 1798 2306 nostrum
1822 2270 1933 2305 lesum
1952 2270 2154 2311 Christum,
2178 2283 2258 2305 cru-

1264 2328 1403 2359 eit'mum
1433 2337 1496 2369 pro
1517 2323 1621 2356 nobis
1649 2330 1679 2356 et
1704 2323 1966 2359 resuscitatum.
1995 2334 2131 2367 semper
2149 2323 2184 2355 in
2204 2320 2258 2355 his

1265 2376 1470 2419 regionibus
1495 2382 1673 2407 aeternam
1704 2372 1896 2407 Ecclesiam
1923 2374 1989 2406 sibi
2022 2374 2183 2415 colligat.
2226 2380 2258 2406 et

1265 2435 1375 2460 semet
1403 2425 1553 2470 hospitia
1583 2423 1840 2465 Ecclesiarum,
1872 2432 1903 2459 et
1931 2431 2071 2459 tueatur
2100 2423 2258 2467 discipli-

1266 2492 1344 2512 uam
1375 2485 1408 2511 et
1435 2476 1617 2510 doetrinae
1647 2476 1779 2515 studia,
1805 2483 1835 2509 et
1855 2488 1914 2509 vos
1931 2483 2023 2519 regat
2043 2475 2178 2519 Spiritu
2195 2485 2258 2507 suo

1265 2538 1400 2562 snuctm
1431 2535 1459 2561 et
1484 2527 1583 2560 suein
1603 2539 1663 2559 xus
1681 2539 1758 2559 xasa
1780 2527 2057 2564 misericordiae,
2080 2532 2111 2558 et
2128 2537 2258 2567 organa

1265 2578 1633 2621 salutariaEcclesiae,
1663 2578 1903 2620 Reipublicae,
1930 2585 1963 2611 ct
1982 2577 2091 2610 xobis.
2133 2576 2257 2610 ¹lmen.
