2338 2958
207 134 282 172 959

209 219 290 254 lesti
310 215 466 252 Ecclesia
488 214 667 253 futurum,
693 218 731 246 ut
750 211 880 245 iterum
899 208 1104 243 dulcissima
1122 218 1202 241 con-

210 269 397 306 suetudine
425 267 598 299 fruantur.
661 263 752 297 Cum
778 261 888 305 igitur
902 259 1105 294 Fridericus
1128 265 1208 293 tan-

214 333 320 368 quam
344 331 384 352 ex
401 316 466 351 hac
483 314 632 349 statione
655 314 829 347 abductus
847 318 953 352 esset,
979 310 1131 344 loannes
1146 321 1209 354 pa·-

213 373 301 408 triae
318 370 412 404 solus
430 366 593 411 praefuit.

319 419 425 453 Plebe
443 429 524 450 mox
550 423 710 450 revocata
728 415 773 448 ad
792 414 967 454 officium,
994 424 1083 458 quae
1108 412 1209 445 illum

216 481 428 519 quocunque
443 480 478 501 se
497 468 674 510 vertebat,
702 466 912 510 agnoscebat
928 471 959 498 et
977 460 1211 497 venerabatur

216 532 255 559 ut
274 529 421 567 patrem,
446 525 479 553 et
496 531 591 552 arma
607 529 726 551 errore
742 523 899 561 sumpta,
926 522 1050 559 sponte
1069 514 1210 547 abiicie-

215 576 292 609 bat:
322 572 435 617 prima
453 570 570 604 statim
587 581 669 603 cura
684 568 770 608 fuit,
794 575 832 601 ut
848 568 883 600 in
904 573 974 600 tota
991 566 1125 599 ditione
1144 563 1212 597 Ec-

218 625 341 660 clesiae
366 622 635 666 inspicerentur.
695 619 786 652 Nam
813 626 846 653 et
876 624 968 651 recte
993 616 1212 659 intelligebat

218 677 292 721 ipse
308 673 505 708 doctrinam
523 673 565 705 de
579 671 673 712 Deo,
699 677 731 703 et
746 669 861 703 Deum
880 680 961 701 vera
976 668 1104 712 pietate
1119 666 1212 699 cole-

217 729 296 767 bat,
325 738 363 758 ac
387 736 488 757 mane
511 722 669 768 quotidie
696 721 739 754 ad
764 732 861 754 suam
889 719 1126 763 precationem
1151 717 1213 749 ad-

218 777 406 821 iungebat,
438 785 616 807 sacrorum
639 773 812 805 librorum
840 770 1040 804 lectionem.
1100 768 1213 801 Norat

219 829 328 873 igitur
356 825 582 871 praecipuum
614 835 685 857 esse
709 822 862 855 officium
888 821 1049 854 omnium
1080 819 1212 864 princi-

220 890 332 925 pum,
358 888 482 913 sonare
506 876 542 908 in
568 886 692 917 genere
718 871 875 906 humano
901 884 1021 905 vocem
1044 871 1214 912 divinam,

221 938 254 965 et
269 940 390 963 curare
414 934 453 961 ut
476 926 626 971 populus
650 931 740 958 recte
757 925 935 957 doceatur.
991 922 1095 956 Dedit
1115 932 1215 953 man-

221 983 300 1015 data
320 979 530 1017 liberaliter,
559 984 597 1011 nt
617 976 885 1020 praeficerentur
908 973 1026 1006 idonei
1040 972 1214 1011 pastores,

222 1040 256 1066 et
274 1030 456 1075 egentibus
472 1026 639 1062 Ecclesiis
658 1028 790 1060 reditus
807 1025 1096 1058 attribuerentur.

327 1080 368 1114 ln
393 1092 432 1114 ea
454 1079 687 1123 inspectione,
716 1089 794 1110 cum
816 1074 989 1109 Gotthani
1014 1082 1046 1108 et
1075 1074 1216 1107 lsenna-

223 1143 341 1168 censes
357 1137 516 1175 peterent
533 1128 731 1161 confirmari
749 1127 976 1159 donationem
996 1137 1083 1170 qnae
1095 1123 1216 1158 Eccle—

222 1186 283 1218 siis
306 1184 395 1216 facta
419 1187 512 1221 erat,
541 1187 575 1213 et
599 1180 635 1212 in
660 1178 770 1212 literis
796 1177 998 1210 recitassent
1017 1175 1218 1209 fridericus

222 1233 415 1280 Myconius
447 1238 480 1265 et
513 1230 630 1264 Iustus
663 1228 806 1262 Meuius
837 1227 970 1260 dictum
998 1227 1092 1271 quod
1128 1231 1216 1258 extat

223 1285 317 1330 apud
336 1282 496 1322 Esaiam,
522 1292 618 1324 reges
638 1287 741 1313 erunt
760 1279 951 1311 nutritores
968 1275 1157 1314 Ecclesiae,
1186 1283 1219 1309 et

223 1336 365 1380 reginae
393 1333 564 1367 nutrices:
601 1338 632 1365 et
653 1330 891 1374 scripsissent,
926 1326 992 1362 hoc
1009 1328 1102 1361 dicto
1123 1340 1218 1360 corn-

223 1385 407 1421 monefieri
445 1383 621 1429 principes
654 1389 688 1416 et
716 1380 951 1425 respublicas,
996 1386 1035 1412 nt
1068 1379 1218 1421 cogitent

224 1439 303 1472 ideo
328 1448 438 1481 genus
459 1433 653 1469 humanum
677 1431 896 1470 conservari,
923 1437 955 1463 et
979 1431 1218 1463 consociatum

225 1501 297 1523 esse
314 1487 490 1533 imperiis,
517 1492 556 1519 ut
575 1485 658 1518 inde
678 1483 864 1527 colligatur
880 1480 1046 1516 Ecclesia.
1101 1480 1220 1523 Quare

224 1540 452 1586 praecipuum
477 1537 523 1571 sit
548 1547 677 1569 munus
702 1534 920 1578 principum,
954 1532 1137 1565 consulere
1167 1530 1218 1563 illi

225 1591 319 1637 parti
343 1588 549 1626 bominum,
590 1595 622 1621 et
648 1593 760 1629 tegere
782 1597 820 1618 ac
844 1585 961 1617 fovere
987 1582 1160 1616 Ecclesias
1188 1588 1219 1615 et

226 1654 346 1676 earum
366 1641 544 1675 Doctores.
600 1637 676 1670 Hac
696 1635 821 1669 Esaiae
840 1634 1011 1667 sententia
1032 1646 1119 1678 quae
1137 1640 1220 1666 tnnc

226 1693 387 1726 nondum
415 1702 516 1734 saepe
534 1689 635 1722 citata
656 1694 746 1726 erat,
775 1687 819 1719 ita
841 1686 1031 1718 delectatus
1051 1691 1100 1717 est
1116 1683 1220 1716 Prin—

227 1755 323 1788 ceps,
357 1754 436 1775 mox
464 1747 502 1774 ut
528 1739 667 1773 iusserit
695 1737 760 1770 sibi
789 1737 902 1769 locum
929 1736 965 1768 in
991 1734 1092 1768 Esaia
1118 1746 1224 1771 mon„

227 1795 340 1831 sti-ari,
369 1799 403 1826 et
420 1791 646 1825 donationem
665 1788 814 1831 benigne
833 1786 1064 1819 confirmavit.
1119 1784 1220 1817 Talia

229 1844 368 1891 pietatis
378 1851 410 1876 et
421 1841 667 1875 beneficentiae
681 1840 788 1883 ipsius
798 1837 952 1880 exempla
965 1837 1074 1869 multa
1085 1835 1221 1869 omitto.

227 1898 352 1931 Secuta
371 1902 420 1928 est
437 1900 554 1938 postea
572 1891 709 1926 obsidio
727 1889 897 1927 Yiennae,
925 1887 1047 1932 quoin
1066 1885 1221 1930 periculo

229 1949 300 1991 ipse
323 1953 355 1979 et
378 1944 458 1978 Dux
481 1942 656 1984 Georgius
682 1952 824 1983 magnas
850 1939 966 1982 copias
993 1939 1033 1970 ad
1063 1936 1222 1969 Viennae

228 1997 468 2033 defensionem
489 1995 557 2027 cito
575 1993 756 2025 miserunt.
812 1990 882 2024 Nec
900 1990 970 2022 nlla
998 1989 1033 2021 in
1060 2000 1095 2021 re
1111 1987 1221 2020 defuit

228 2051 302 2083 eins
319 2047 472 2081 officium
490 2044 668 2078 cummuni
688 2041 791 2075 saluti
811 2040 1040 2074 Germaniae:
1068 2050 1222 2072 summa-

229 2113 295 2145 que
314 2100 380 2132 fule
395 2096 549 2136 Caesari,
577 2107 664 2140 qnae
679 2101 760 2127 sunt
777 2092 950 2132 Caesaris,
977 2098 1009 2124 et
1021 2090 1108 2129 Deo,
1134 2101 1223 2135 qnae

228 2150 294 2185 Dei
319 2156 419 2187 sunt,
445 2148 653 2192 praestabat.
707 2144 830 2177 Postea
857 2143 963 2187 igitur
986 2142 1021 2174 in
1045 2147 1222 2174 conventu

230 2202 456 2242 Augustano,
481 2198 543 2231 etsi
571 2197 678 2230 multa
700 2202 832 2229 tentata
856 2201 936 2227 sunt
954 2194 995 2226 ad
1015 2205 1094 2226 enm
1120 2192 1223 2224 inlle-

230 2254 414 2289 ctendnm,
443 2257 479 2283 nt
497 2249 683 2293 puritatem
702 2246 882 2279 doctrinae
900 2257 1003 2290 quam
1024 2251 1107 2278 tunc
1127 2254 1223 2276 rece-

231 2312 337 2347 perat,
361 2309 391 2335 et
410 2308 500 2334 recte
519 2299 748 2340 intelligebat,
771 2297 949 2330 aliiiceret:
976 2303 1090 2328 tamen
1107 2294 1223 2327 ‹unui-

230 2355 295 2387 bus
321 2352 483 2397 periculis
508 2351 763 2383 consessionem
792 2347 946 2380 veritatis
972 2346 1158 2390 praetulit,
1186 2356 1223 2377 ac

231 2417 331 2449 saepe.
350 2411 491 2438 testatus
506 2410 571 2439 est,
597 2414 630 2432 se
651 2412 762 2445 neque
781 2398 1002 2436 curiositate,
1030 2409 1144 2442 neque
1163 2408 1223 2429 cn-

232 2457 377 2501 piditate
394 2455 475 2491 nlla,
502 2466 614 2498 neque
631 2452 746 2484 studio
764 2449 1001 2483 contentionis
1017 2461 1034 2481 a
1053 2458 1223 2481 consensu

232 2515 282 2540 tot
307 2506 504 2540 seculorum
533 2511 561 2535 et
588 2503 742 2543 gentium
767 2501 978 2534 discessisse:
1007 2500 1064 2532 sed
1091 2512 1126 2530 se
1147 2510 1224 2530 ino-

234 2559 304 2591 veri
325 2555 552 2590 severissimis
569 2553 631 2586 Dei
653 2553 845 2589 mandatis,
875 2565 916 2584 ne
933 2551 1068 2592 agnitae
1087 2549 1223 2582 veritati

233 2611 452 2646 adversetur,
480 2617 583 2649 seque
604 2605 637 2636 in
658 2604 768 2637 causis
793 2603 943 2647 politicis
965 2602 1132 2634 omnibus
1158 2600 1223 2632 im-

235 2660 386 2704 peratori
421 2659 454 2690 in
482 2663 551 2690 tota
579 2655 647 2688 vita
673 2662 872 2687 reverenter
900 2654 1224 2697 obtemperaturum

235 2723 316 2745 esse.

662 123 821 162 DECL.
854 120 929 158 DE
964 119 1194 157 lOANNE
1228 120 1379 157 DUCE
1413 120 1537 157 SAX.
1571 120 1774 160 ELECT.

2173 123 2249 161 960

1259 208 1437 242 laudanda
1456 214 1524 249 est,
1556 208 1652 252 quod
1673 219 1747 242 non
1768 208 1882 244 voluit
1902 209 2042 244 misceri
2063 208 2251 254 opiniones

1259 260 1479 305 peregrinas,
1507 264 1541 292 et
1556 258 1701 292 inutiles
1716 257 1913 302 Ecclesiae,
1940 273 2019 294 cum
2041 267 2158 295 tamen
2174 271 2252 294 mo-

1261 311 1304 344 tis
1327 309 1628 354 disputationibus
1657 316 1743 344 tunc
1771 321 1898 354 magna
1925 318 2012 345 esset
2040 311 2252 356 opinionum

1261 362 1424 395 varietas:
1447 361 1506 394 sed
1524 360 1661 394 curavit
1678 367 1716 394 ut
1734 371 1788 393 res
1804 362 2016 395 necessariae
2030 362 2254 396 illustraren-

1261 420 1336 453 tur,
1363 419 1395 446 et
1412 418 1542 445 extaret
1556 411 1669 444 forma
1686 411 1866 445 doctrinae
1881 413 1924 445 de
1939 413 2104 446 omnibus
2120 412 2253 446 articu-

1262 464 1316 505 lis,
1341 475 1445 509 quam
1463 469 1496 495 et
1509 462 1596 495 aliae
1613 460 1790 495 Ecclesiae
1806 463 1863 507 pie
1878 463 1976 508 sequi
1995 470 2145 506 possent,
2164 463 2255 497 sicut

1262 521 1377 560 postea
1397 512 1487 546 hanc
1502 524 1662 546 normam
1687 513 1775 546 aliae
1790 513 1950 557 regiones
1972 521 2005 547 et
2021 512 2254 558 Respublicae

1263 572 1397 599 secutae
1422 571 1514 598 sunt.
1567 562 1706 597 Deinde
1731 571 1764 597 et
1786 564 1983 598 constantia
2005 564 2180 598 laudanda
2205 570 2256 598 est

1263 617 1300 649 in
1323 615 1577 650 asseveratione
1601 616 1782 648 doctrinae
1808 627 1909 648 verae
1932 621 1966 649 et
1993 615 2172 655 salutaris,
2205 621 2256 648 est

1264 675 1297 701 et
1312 679 1373 701 sua
1393 667 1468 700 laus
1487 666 1695 707 modestiae,
1723 667 1818 711 quod
1834 678 1938 699 nemo
1956 665 2050 710 pacis
2067 665 2258 699 studiosior

1263 718 1341 759 fuit,
1368 718 1463 762 quod
1481 717 1648 757 ostendit,
1674 729 1752 750 cum
1769 717 1849 750 aliis
1863 729 1958 750 arma
1975 728 2094 750 errore
2110 722 2260 760 sumpta,

1265 770 1337 813 ipse
1355 768 1451 802 velut
1471 769 1514 801 de
1532 767 1695 801 manibus
1717 768 1872 803 extorsit.
1922 766 2010 802 Erat
2031 767 2196 807 omnino,
2219 772 2259 800 ut

1265 819 1563 854 Lacedaemonios
1580 819 1699 852 laudat
1714 816 1955 864 Thucydides,
1982 815 2183 865 φιλήσυχος
2197 814 2260 852 καὶ

1266 867 1496 917 δραστήριος.
1549 867 1741 903 Evidentia
1766 876 1880 903 autem
1907 869 2062 903 veritatis
2086 875 2182 903 tanta
2210 873 2260 901 est

1267 922 1303 954 in
1321 921 1550 961 confessione,
1578 921 1840 954 conferentibus
1855 933 1930 953 eam
1947 921 1989 954 ad
2005 921 2133 960 sontes,
2160 919 2262 952 vide-

1268 973 1348 1006 licet
1358 973 1399 1005 ad
1412 972 1609 1005 doctrinam
1626 971 1790 1005 traditam
1802 983 1862 1015 per
1877 971 1988 1005 filium
2001 969 2078 1009 Dei,
2102 967 2262 1014 Prophe-

1267 1031 1318 1058 tas
1335 1021 1578 1068 etApostolos,
1604 1029 1637 1056 et
1654 1023 1696 1054 ad
1712 1022 1883 1067 symbola,
1910 1028 1948 1055 ut
1964 1022 2066 1055 bonis
2082 1020 2263 1054 mentibus

1268 1074 1438 1107 iudicium
1458 1085 1531 1106 non
1549 1074 1593 1107 sit
1609 1073 1762 1108 difficile.
1800 1072 1921 1118 ltaque
1938 1083 2140 1117 quanquam
2157 1070 2263 1105 multi

1268 1124 1444 1170 cyclopico
1463 1131 1667 1167 contemptu
1687 1124 1749 1157 Dei
1769 1124 1922 1167 (semper
1939 1123 2032 1156 enim
2055 1122 2178 1156 talium
2196 1121 2264 1155 ali-

1269 1188 1335 1220 qua
1360 1182 1410 1209 est
1440 1175 1650 1218 multitudo)
1682 1175 1933 1214 adversantur,
1968 1181 2083 1207 tamen
2107 1183 2171 1206 nos
2198 1169 2263 1205 hac

1269 1225 1509 1259 consolatione
1526 1228 1777 1258 sustentemus:
1811 1224 1916 1267 Quod
1935 1231 1985 1258 est
2011 1237 2051 1257 ex
2069 1222 2163 1264 Deo,
2189 1234 2262 1256 non

1270 1277 1494 1327 dissolvetur.
1548 1274 1594 1309 Et
1614 1275 1774 1308 videmus
1791 1274 1855 1308 Dei
1876 1275 2044 1308 beneficio
2062 1273 2263 1307 conservari

1271 1325 1362 1360 hanc
1379 1324 1590 1362 doctrinam.
1643 1325 1715 1360 Nec
1732 1337 1814 1359 vero
1833 1325 2014 1369 negligens
2030 1331 2104 1359 erat
2120 1325 2157 1357 in
2175 1324 2265 1357 iuris

1271 1378 1425 1412 dictione
1442 1378 1595 1422 politica,
1622 1384 1656 1411 et
1674 1377 1712 1411 in
1727 1378 1878 1420 regenda
1898 1375 2094 1420 disciplina.
2139 1374 2180 1408 ln
2199 1372 2265 1408 ho-

1271 1429 1418 1462 micidas
1446 1436 1478 1463 et
1510 1429 1546 1462 in
1570 1425 1736 1462 moechos
1759 1426 1977 1461 severissime
2004 1426 2265 1460 animadverte-

1272 1481 1342 1514 bat.
1397 1478 1538 1513 Civium
1557 1479 1815 1513 controversias
1834 1490 1968 1512 summa
1984 1477 2158 1523 aequitate
2175 1476 2266 1510 diri-

1272 1531 1398 1566 mebat.
1450 1529 1498 1565 Et
1521 1531 1740 1574 gubernabat
1764 1527 1850 1563 haec
1874 1529 2020 1563 consilia
2037 1529 2091 1562 vir
2116 1527 2267 1572 sapiens,

1273 1583 1432 1615 eruditus
1460 1589 1493 1615 et
1523 1582 1634 1616 iustus
1650 1581 1848 1615 Pontanns:
1877 1587 1909 1614 et
1927 1578 2188 1614 adhibebantur
2205 1578 2266 1612 alii

1272 1632 1400 1666 eruditi
1418 1632 1503 1673 viri,
1530 1640 1569 1667 ut
1596 1633 1766 1666 iudicium
1791 1643 1974 1665 consessus
1996 1630 2155 1665 eruditae
2176 1628 2267 1663 Aca-

1272 1683 1407 1716 demiae
1431 1683 1555 1715 similis
1579 1691 1676 1717 esset.
1729 1681 1802 1716 Etsi
1824 1689 1938 1715 autem
1959 1689 2083 1715 natura
2110 1680 2267 1713 liberalis

1273 1741 1363 1774 erat,
1389 1741 1421 1767 et
1445 1734 1722 1767 munificentiam
1748 1745 1826 1776 erga
1854 1732 2029 1777 principes
2053 1732 2190 1776 aliquos
2205 1731 2267 1763 de-

1273 1785 1435 1818 claravit:
1464 1791 1580 1817 tamen
1599 1785 1828 1827 restringebat
1842 1790 2024 1827 sumptus,
2051 1794 2094 1815 ne
2113 1788 2173 1815 aut
2189 1792 2267 1814 aere

1273 1836 1388 1868 alieno
1419 1835 1568 1879 patriam
1593 1842 1772 1875 oneraret,
1807 1842 1865 1867 aut
1895 1846 2007 1867 novae
2038 1832 2268 1877 expilationes

1273 1886 1436 1918 miseram
1461 1886 1598 1930 plebem
1624 1887 1714 1919 fame
1740 1892 1923 1925 necarent,
1956 1883 2007 1917 Ac
2034 1884 2113 1917 talis
2131 1883 2168 1916 in
2195 1890 2267 1917 tota

1274 1936 1345 1970 vita
1361 1937 1439 1978 snit,
1462 1948 1645 1981 nunquam
1666 1936 1917 1980 voluptatibus,
1945 1947 2126 1980 nunqnam
2147 1934 2197 1967 ira
2212 1933 2267 1967 vel

1274 1988 1484 2028 ambitione,
1513 1988 1566 2020 vel
1594 1988 1785 2031 cupiditate
1808 1987 1983 2020 vindictae
2005 1986 2116 2020 victus
2139 1985 2267 2018 disces-

1274 2039 1318 2072 sit
1337 2052 1353 2071 a
1376 2050 1458 2074 sese.

1379 2089 1427 2123 Ac
1444 2101 1544 2134 saepe
1560 2087 1647 2122 mihi
1665 2090 1708 2122 de
1725 2102 1765 2121 eo
1783 2089 1969 2131 cogitanti,
1996 2088 2091 2121 venit
2114 2088 2149 2120 in
2170 2097 2269 2119 men-

1277 2148 1344 2174 tem
1363 2141 1771 2185 dulcissimadescriptio
1792 2139 1902 2173 Marci
1923 2138 2111 2176 Antonini,
2139 2139 2181 2170 de
2198 2149 2269 2182 quo

1275 2191 1369 2225 Dion
1397 2192 1528 2237 inquit:
1569 2191 1705 2225 Similis
1733 2191 1797 2224 sibi
1829 2191 1891 2234 ipsi
1925 2202 2060 2234 semper
2086 2189 2171 2231 luit,
2205 2199 2270 2221 nec

1276 2250 1429 2275 nintatns
1454 2250 1501 2276 est
1528 2255 1596 2276 nna
1623 2243 1657 2275 in
1675 2255 1711 2275 re
1730 2254 1895 2287 unquam.
1921 2249 1993 2275 erat
2010 2248 2124 2274 antem
2145 2240 2271 2279 bonus,

1277 2302 1305 2327 et
1329 2292 1417 2326 nibil
1438 2302 1506 2328 erat
1528 2307 1599 2326 non
1622 2294 1797 2331 nativum,
1828 2290 1917 2325 nibil
1937 2299 2047 2325 astute
2065 2291 2269 2324 simulatum

1277 2352 1335 2378 aut
1354 2346 1535 2379 adscitum.
1575 2344 1673 2378 Talis
1691 2345 1844 2389 profecto
1864 2351 1936 2377 erat
1953 2350 1983 2376 et
2002 2341 2078 2375 Dux
2096 2341 2270 2375 saxoniae

1281 2395 1427 2429 loannes
1453 2395 1604 2431 Elector.
1652 2393 1774 2429 Exitus
1794 2395 1895 2427 etiam
1921 2394 2078 2437 placidus
2099 2392 2174 2427 fuit.
2219 2390 2270 2425 Ac

1278 2447 1385 2480 animi
1418 2447 1702 2492 aequabilitatem
1736 2447 1771 2479 in
1806 2443 1936 2479 litliiasi
1966 2452 1997 2479 et
2028 2444 2106 2477 aliis
2138 2443 2271 2476 morbis

1279 2505 1360 2531 tunc
1385 2510 1525 2543 quoque
1547 2498 1715 2542 praestitit
1744 2497 1919 2530 eximiam.
1982 2494 2069 2529 Nam
2094 2501 2270 2539 postremo

1278 2550 1423 2582 biennio
1442 2557 1515 2594 post
1544 2549 1836 2586 cliinactericnm,
1865 2546 2025 2580 xidelicet
2044 2552 2118 2589 post
2138 2556 2270 2578 annum

1278 2601 1396 2633 aetatis
1421 2601 1529 2644 ipsius
1552 2601 1802 2641 sexagesimum
1825 2599 1984 2633 tertium.
2012 2597 2175 2629 valetudo
2196 2602 2269 2629 erat

1279 2651 1460 2693 incertior,
1484 2665 1553 2697 qno
1581 2660 1736 2695 tempore
1761 2649 1850 2683 banc
1871 2648 2079 2682 levationem
2106 2648 2269 2679 dolorum

373 2709 411 2742 ln
430 2707 491 2742 bac
509 2707 727 2741 confessione
745 2706 898 2749 primum
918 2704 1099 2747 diligentia
1120 2702 1226 2748 ipsius
1250 2713 1254 2744 ι
1277 2705 1463 2746 quaerebat
1483 2703 1716 2747 praecipuam,
1742 2700 1917 2745 colloquia
1934 2699 2020 2733 alias
2036 2711 2114 2732 cnut
2133 2697 2271 2731 filiabus
