2338 2958
91 114 170 162 ’θοι

198 207 344 251 Quoties
368 213 469 250 putas
492 205 636 247 accidit,
665 207 866 250 praesertim
894 207 929 239 in
954 206 996 239 iis
1018 218 1083 239 no-

96 261 175 295 stris
200 257 376 297 moribus,
403 264 441 290 ut
463 263 625 299 aegrotus
649 264 815 302 tanquam
835 270 898 291 suo
916 270 951 290 se
967 257 1083 300 gladio

96 310 243 354 iugulet,
268 320 347 341 cum
364 307 532 341 detrectat
545 306 687 341 Medico
705 320 825 352 parere
837 335 846 348 ,
874 319 952 341 eum
969 308 1083 341 noxiis

96 358 348 405 cupiditatibus
386 357 600 391 alienissimo
634 365 790 401 tempore
821 358 961 392 frenum
991 359 1082 392 laxat

95 419 127 446 et
143 408 381 444 obsecundat?
431 406 495 442 Est
511 415 627 442 autem
646 409 929 453 indignissimum
948 409 1083 442 alienae

94 462 215 505 culpae
243 459 426 492 Medicum
463 471 560 492 reum
588 471 698 502 agere.
757 458 923 493 Attamen
955 459 1000 493 ita
1035 460 1082 500 fit,

93 519 132 547 ut
155 510 319 557 quicquid
342 510 490 553 peccarit
510 518 689 552 aegrotus,
719 509 858 543 Medico
877 511 1080 553 imputetur.

93 562 160 597 Sed
187 561 276 596 nolo
292 560 503 593 commorari
522 561 558 593 in
576 561 744 594 diluendo
762 558 828 593 hoc
844 561 1080 594 convitiorum

92 624 237 657 genere,
270 622 359 656 quae
387 623 465 644 cum
497 611 579 643 vino
610 612 769 651 madent,
803 612 893 644 bene
915 612 1006 655 poti,
1043 612 1079 644 in

92 662 253 698 convitiis
275 662 414 695 barbari
440 661 583 706 quidam
605 661 642 694 in
659 661 876 694 Medicinam
900 669 1078 697 evomunt.

93 713 178 748 Nam
205 721 239 747 et.
263 713 314 745 illi
340 712 405 755 ipsi
432 709 514 745 haec
540 719 740 753 recantant,
767 713 872 756 paulo
894 720 989 755 post,
1015 713 1078 745 ubi

91 763 230 808 crapula
262 762 501 797 contraxerint
527 763 584 795 alii
610 763 694 796 alias
717 769 840 807 pestes,
897 761 943 796 Et
966 775 1078 808 quan-

92 827 194 860 quam
218 825 294 847 sero
320 814 411 846 malo
437 813 563 851 coacti,
590 814 744 847 fatentur
765 814 798 846 id
824 815 918 859 quod
943 826 996 847 res
1016 822 1077 855 est,

93 865 223 910 optime
240 866 282 896 de
300 876 425 907 genere
443 861 599 897 humano
619 862 707 897 lianc
725 871 834 898 artem
852 864 989 899 mereri.

191 914 312 960 Neque
330 928 411 948 vero
431 915 583 948 utilitate
601 922 736 948 tantum
755 915 919 948 ducimur
935 917 977 948 ad
996 914 1077 948 Me-

89 966 226 1001 dicinae
249 967 508 1009 cognoscendae
531 965 707 1006 studium,
734 967 792 999 sed
817 978 857 998 ex
882 966 953 1010 ipsa
972 973 1077 999 natu-

89 1029 146 1051 rae
170 1017 486 1060 contemplatione,
526 1017 562 1048 in
587 1029 654 1060 qua
681 1023 839 1050 versatur
862 1023 934 1050 tota
959 1015 1077 1049 Medi-

88 1068 186 1107 cina,
214 1067 457 1100 incredibilem
476 1067 711 1110 voluptatem,
738 1079 882 1112 eamque
902 1066 1076 1100 honestis-

89 1120 211 1153 simam
236 1118 372 1151 animus
391 1118 479 1150 bene
497 1117 760 1162 liberaliterque
778 1117 958 1151 institutos
975 1117 1076 1161 capit.

89 1169 192 1212 Quod
213 1169 304 1202 enim
323 1168 578 1212 spectaculum,
606 1169 667 1213 qui
684 1168 757 1201 ludi
778 1169 885 1211 magis
905 1169 1076 1201 delectare

89 1231 153 1253 nos
178 1225 340 1262 possunt,
377 1230 479 1263 quam
508 1225 651 1251 naturae
678 1220 844 1259 varietas,
878 1219 905 1252 si
931 1220 1075 1263 propius

87 1270 280 1304 intuearis?

87 1328 316 1360 structuram,
353 1320 514 1352 ordinem
547 1332 585 1352 ac
620 1320 711 1352 vires
738 1321 889 1363 partium
915 1321 1073 1353 omnium

87 1378 239 1416 spectare
257 1371 372 1407 iuvat,
396 1370 453 1402 sed
472 1369 727 1402 minutissimae
742 1382 796 1402 res
814 1371 868 1402 vel
885 1371 1073 1402 maximam

86 1421 355 1455 admirationem
383 1420 541 1463 pariunt,
569 1432 648 1453 cuni
673 1421 913 1453 animadverto
939 1421 1072 1453 nullam

87 1483 158 1506 esse
189 1471 297 1504 totius
323 1477 468 1504 naturae
497 1477 647 1513 partem,
685 1480 753 1503 tam
782 1468 970 1509 humilem,
1003 1478 1071 1503 tam

86 1528 342 1565 contemptam,
384 1532 473 1565 quae
503 1532 576 1552 non
607 1532 767 1563 magnam
799 1521 869 1552 vim
907 1521 1070 1553 medendi

86 1571 222 1607 babeat.
276 1570 322 1605 Et
346 1583 417 1603 non
436 1571 541 1603 modo
558 1571 594 1602 in
616 1571 728 1603 malva
745 1577 778 1603 et
797 1568 988 1614 asphodelo
1007 1570 1072 1616 (si-

85 1630 143 1658 cut
160 1622 336 1657 Hesiodus
359 1619 481 1666 dixit),
512 1621 570 1654 sed
596 1621 632 1653 in
655 1628 806 1654 stercore
829 1621 934 1655 etiam
953 1621 1072 1662 suillo,

85 1681 144 1708 aut
169 1674 195 1707 si
218 1673 304 1719 quid
331 1670 397 1706 hoc
413 1672 518 1705 vilius
534 1679 602 1710 est,
627 1683 770 1714 magnas
786 1672 899 1705 inesse
915 1684 1072 1706 commo-

85 1725 220 1759 ditates.
272 1722 348 1767 Ego
381 1722 534 1766 profecto
567 1722 780 1756 mirabiliter
803 1723 953 1763 afficior,
991 1735 1068 1755 curn

85 1773 146 1809 bas
159 1787 277 1809 rerum
294 1781 436 1807 naturas
453 1773 655 1813 considero,
679 1780 713 1807 et
731 1785 809 1806 cum
827 1773 936 1817 ipsam
955 1771 1070 1806 archi-

83 1832 252 1862 tecturam
282 1824 406 1859 mundi
430 1825 606 1864 admiror,
631 1831 705 1856 tum
732 1823 854 1857 videor
880 1821 966 1856 mihi
992 1831 1070 1857 tan-

84 1891 187 1926 quam
211 1888 318 1910 manu
343 1875 513 1919 prendere
531 1875 662 1914 Deum,
690 1874 750 1919 qui
769 1886 840 1907 sese
857 1875 1013 1907 infundit
1031 1874 1067 1906 in

84 1940 206 1965 omnes
227 1939 298 1970 res,
327 1932 461 1968 vegetat
484 1932 518 1958 et
542 1926 601 1958 alit
626 1925 764 1964 omnia,
791 1931 825 1958 et
847 1936 927 1958 suas
942 1925 1069 1970 cuique

83 1981 136 2016 rei
155 1980 247 2013 vires
272 1984 437 2021 tanquam
461 1987 675 2009 oeconomus
696 1975 875 2008 distribuit
894 1983 923 2008 et
946 1976 1068 2010 volvit.

83 2029 225 2077 Opinor
244 2028 280 2061 in
300 2034 395 2061 tanta
413 2039 530 2059 rernm
549 2027 714 2060 varietate
734 2026 827 2059 cerni
848 2038 935 2059 sese:
963 2034 1067 2071 atque

83 2080 150 2117 hoc
177 2079 332 2114 studium
362 2077 653 2120 contemplandae
686 2083 830 2110 naturae
865 2077 909 2110 ita
935 2077 1066 2111 :nultos

83 2132 213 2171 tenuit,
238 2136 277 2162 nt
299 2140 500 2174 quanquam
520 2126 735 2160 Medicinam
760 2139 831 2160 non
857 2134 1066 2166 exercerent,

83 2191 199 2219 tamen
231 2180 295 2214 toti
327 2179 458 2212 fuerint
491 2177 527 2210 in
560 2190 599 2211 ea
634 2178 873 2222 perdiscenda.
933 2177 1064 2211 Verum

81 2231 170 2269 mihi
193 2230 383 2265 humanius
401 2230 557 2267 videtur,
583 2230 677 2273 quod
701 2229 884 2269 didiceris,
908 2229 942 2260 id
963 2229 1064 2261 etiam
1097 2235 1099 2238 ’

82 2292 284 2328 expromere
311 2280 348 2312 in
375 2291 458 2313 usus
485 2276 669 2312 hominum
692 2286 723 2312 et
741 2280 907 2312 maiorem
927 2279 1064 2312 laudem

80 2335 223 2369 meritos
241 2342 312 2364 esse
328 2342 405 2370 eos,
430 2329 491 2374 qni
509 2331 650 2363 morbos
669 2337 856 2369 curarunt,
883 2342 987 2374 quam
1005 2331 1063 2375 qui

80 2385 176 2420 dorni
207 2382 377 2416 inclusam
403 2387 512 2413 artem
540 2387 746 2418 tenuerunt.
781 2380 936 2414 contenti
964 2381 1066 2413 volu-

81 2442 190 2480 ptate,
225 2444 329 2478 quarn
355 2443 394 2464 ex
418 2430 620 2472 cognitione
645 2431 841 2475 capiebant.
883 2428 946 2464 Est
971 2431 1064 2464 enim

82 2484 148 2519 hoc
177 2486 213 2518 in
238 2481 359 2528 primis
381 2478 525 2514 homine
548 2481 713 2523 dignum,
749 2479 934 2514 hominum
960 2481 1062 2514 saluti

82 2542 250 2582 quantu-n
274 2532 384 2578 possis
410 2531 575 2575 opitulari
604 2539 708 2576 atque
733 2533 942 2576 prospicere.
995 2531 1064 2565 Su-

79 2596 159 2619 mus
181 2584 273 2617 enim
298 2582 452 2627 profecto
472 2582 545 2614 nati
565 2579 725 2615 homines
745 2581 928 2615 hominum
949 2593 1062 2623 causa,

78 2643 119 2670 nt
147 2646 251 2680 quam
283 2633 429 2678 quisque
458 2633 645 2666 utilitatem
676 2633 718 2665 ad
753 2633 860 2666 vitam
888 2639 1062 2676 praestare

81 2692 212 2731 posset,
238 2695 310 2718 eain
329 2683 414 2716 citra
433 2683 603 2716 invidiam
623 2683 657 2715 in
678 2683 856 2727 publicum
877 2683 1060 2718 conferret.

637 118 797 156 DECL.
831 119 907 155 DE
941 118 1216 156 ENCOMtO
1252 121 1591 160 MEDICINAE.

332 1269 452 1313 Neque
482 1275 618 1302 tantum
646 1269 682 1301 in
711 1269 845 1312 magnis
867 1271 1075 1314 corporibus
1101 1275 1102 1278 ’

2056 128 2130 162 202

1140 204 1186 239 Et
1203 219 1279 240 cum
1300 205 1391 240 nihil
1410 209 1453 241 sit
1471 209 1612 250 melius,
1640 217 1698 244 aut
1716 207 1910 250 honestius,
1937 218 1991 245 ant
2011 212 2126 255 splen-

1139 257 1275 299 didius,
1312 270 1416 303 quam
1448 259 1552 292 vitam
1582 272 1718 294 servare
1743 273 1781 295 ac
1805 262 1915 303 tueri,
1951 263 2126 307 praeclare

1138 307 1285 348 faciunt,
1310 309 1369 353 qui
1389 309 1473 342 artis
1492 307 1596 343 buius
1612 312 1744 345 fructus
1761 312 1839 345 aliis
1856 313 2036 357 impartire
2052 320 2123 346 stu—

1136 359 1240 400 dent,
1265 366 1369 404 atque
1388 371 1461 392 eam
1482 361 1527 392 ol)
1545 373 1680 394 causam
1699 360 1785 395 mibi
1804 362 1980 397 Homerus
1999 364 2123 396 dixisse,

1136 409 1292 450 videtur,
1330 410 1510 443 Medicum
1540 411 1654 444 virum
1685 414 1803 446 multis
1834 413 1912 448 aliis
1938 421 2122 458 praestare.

1136 459 1222 492 Nam
1249 473 1326 493 cum
1351 461 1600 502 arbitraretur,
1630 460 1765 495 bomini
1787 465 2029 507 dignissimum
2051 478 2121 498 esse

1137 511 1224 543 bene
1247 512 1371 544 mereri
1392 513 1433 544 de
1454 511 1550 551 aliis,
1578 519 1693 545 tamen
1713 514 1812 546 illum
1833 516 1977 548 eximiae
1994 517 2119 548 mereri

1134 562 1322 600 sentiebat,
1350 575 1388 595 ac
1410 562 1676 606 praest-rendum
1705 575 1776 596 esse
1802 565 1946 610 reliquis
1963 567 2120 599 mortali-

1133 613 1216 649 bus,
1251 613 1311 657 qui
1344 613 1448 645 vitam
1480 625 1617 646 servare
1643 615 1785 655 soleret,
1819 622 1879 648 aut
1903 623 1992 649 certe
2020 616 2056 649 iu
2084 629 2120 649 re

1132 669 1225 696 tanta
1246 676 1386 707 operam
1408 671 1568 698 sumeret.
1622 663 1684 698 Est
1700 665 1794 698 enim
1815 665 1851 698 in
1870 667 2003 710 magnis
2020 679 2119 711 saepe

1132 714 1234 746 etiam
1254 714 1425 752 voluisse,
1453 715 1639 748 laudabile.

1233 764 1352 810 Neque
1379 764 1442 797 ulli
1465 765 1529 797 arti
1555 765 1713 798 omnium
1737 767 1933 800 seculorum
1953 769 2118 800 memoria

1130 815 1300 858 ampliora
1335 815 1485 859 praemia
1512 817 1628 849 suere:
1665 817 1725 861 qui
1749 817 1905 860 gentium
1930 830 2120 851 consensus

1131 865 1232 898 fidem
1257 867 1367 899 facere
1391 873 1542 908 poterat,
1571 865 1661 899 banc
1684 875 1791 901 artem
1811 875 1842 901 et
1861 868 2010 901 maxime
2026 869 2118 901 salu-

1130 923 1239 948 tarem
1269 915 1494 956 hominibus,
1526 925 1557 950 et
1581 915 1862 951 honestissimam
1890 931 2026 963 semper
2048 931 2119 952 esse

1130 967 1332 1002 iudicatam.
1393 966 1481 1000 Nam
1513 975 1543 1001 et
1573 967 1731 1002 Romani
1761 982 1840 1001 cum
1874 968 2018 1002 Graecis
2048 977 2118 1002 tota

1128 1018 1231 1051 Italia
1255 1018 1532 1057 interdixerunt,
1567 1020 1694 1052 diserte
1718 1019 1877 1052 Medicos
1899 1028 2119 1063 exceperunt,

1129 1077 1159 1101 et
1184 1069 1218 1100 in
1246 1068 1342 1102 ltalia
1365 1069 1568 1102 retinendos
1593 1082 1664 1102 esse
1687 1071 1847 1113 publicae
1872 1070 1993 1103 salutis
2017 1083 2117 1104 causa

1101 1134 1104 1171 Ι
1129 1120 1322 1152 duxerunt:
1352 1119 1430 1162 Qua
1449 1120 1485 1152 in
1502 1133 1538 1153 re
1554 1132 1729 1153 summum
1746 1118 1917 1155 honorem
1933 1122 1998 1155 arti
2017 1120 2118 1154 liabi-

1101 1182 1105 1220 Ι
1128 1177 1201 1203 tuin
1221 1182 1292 1203 esse
1312 1170 1466 1205 cernitis.

1100 1222 1104 1272 Ι
1231 1220 1348 1263 Quare
1382 1233 1442 1253 vos
1474 1219 1662 1261 adhortor,
1704 1222 1828 1266 optimi
1855 1220 2118 1264 Adulescentes,

1129 1269 1280 1314 priunum
1292 1299 1300 1312 ‚
1328 1278 1364 1303 ut
1384 1272 1507 1304 ametis
1525 1279 1557 1305 et
1575 1272 1737 1314 religiose
1754 1272 1875 1306 colatis
1892 1274 2118 1315 Medicinam,

1127 1329 1159 1354 et
1176 1320 1256 1366 quia
1275 1322 1468 1355 valetudini
1487 1329 1619 1355 vestrae
1636 1323 1832 1365 prospicere
1849 1325 1955 1367 solet,
1983 1333 2016 1359 et
2035 1325 2115 1370 quia

1100 1380 1102 1406 l
1127 1372 1258 1405 divinis
1275 1372 1438 1405 laudibus
1456 1373 1491 1404 in
1509 1372 1615 1405 sacris
1631 1373 1741 1406 literis
1759 1380 1882 1406 ornata
1901 1382 1968 1416 est,
1995 1376 2116 1408 nobis-

1099 1408 1102 1442 l
1127 1433 1194 1466 que
1218 1423 1475 1462 commendata3
1512 1423 1657 1463 deinde,
1699 1430 1736 1457 ut
1766 1432 1937 1468 quantum
1967 1426 2115 1470 quisque

1126 1479 1237 1515 potest
1270 1473 1305 1504 in
1337 1485 1374 1505 ea
1407 1485 1531 1517 operae
1562 1480 1679 1516 ponat.
1734 1473 1917 1518 Siquidem
1945 1488 2017 1509 non
2046 1477 2112 1510 alia

1097 1520 1100 1572 l
1126 1535 1198 1562 res,
1228 1535 1332 1567 quam
1356 1530 1501 1555 naturae
1526 1524 1770 1567 pervestigatio
1791 1537 1879 1569 quae
1897 1526 2042 1560 liberale
2059 1527 2113 1559 in-

1125 1572 1286 1615 genium,
1313 1580 1371 1606 ant
1395 1573 1505 1616 magis
1524 1574 1638 1613 decet,
1667 1582 1725 1609 aut
1744 1575 1915 1619 ampliore
1934 1578 2114 1621 voluptate

1126 1624 1335 1666 perfundere
1357 1630 1479 1667 potest.
1530 1623 1612 1657 Non
1633 1625 1729 1658 aurei
1751 1632 1904 1667 montes,
1932 1628 1992 1672 qui
2011 1628 2046 1660 in
2062 1629 2113 1660 sa-

1125 1675 1217 1707 bulis
1234 1686 1305 1707 esse
1322 1675 1506 1715 dicuntur,
1532 1682 1668 1708 tantum
1684 1676 1800 1709 valent
1815 1673 1996 1712 honestam
2014 1691 2113 1712 men-

1127 1733 1192 1759 tem
1224 1725 1418 1766 oblectare,
1453 1733 1622 1770 quantum
1654 1738 1772 1759 earum
1804 1739 1920 1761 rerum
1952 1729 2112 1763 tractatio

1124 1776 1365 1820 cognitioque,
1400 1787 1485 1820 quas
1508 1777 1663 1810 continet
1688 1777 1877 1813 Medicina.
1930 1778 2112 1813 Postremo

1124 1839 1201 1859 cum
1226 1827 1346 1859 iuvare
1373 1823 1534 1859 homines
1559 1827 1602 1860 sit
1621 1835 1653 1860 et
1672 1829 1927 1861 sanctissimum
1947 1830 2113 1870 officium,

1123 1885 1154 1910 et
1177 1875 1318 1910 liomine
1337 1877 1600 1920 dignissimum,
1628 1879 1706 1911 date
1726 1890 1887 1921 operam,
1917 1887 1956 1914 nt
1972 1878 2038 1913 boc
2058 1881 2112 1913 in—

1123 1935 1356 1961 strumentum
1386 1927 1599 1971 amplissime
1625 1929 1781 1962 merendi
1813 1930 1855 1962 de
1878 1930 1976 1975 aliis,
2012 1931 2111 1965 vobis

1121 1978 1338 2022 comparetis.
1384 1978 1472 2011 Nam
1491 1979 1548 2011 ille
1563 1980 1703 2012 demum
1719 1987 1810 2013 recte
1827 1980 1975 2014 instituit
1993 1982 2111 2022 vitam,

1121 2029 1181 2074 qui
1199 2030 1241 2062 ad
1260 2028 1437 2073 publicam
1456 2029 1644 2063 utilitatem
1662 2041 1721 2063 sua
1742 2031 1856 2064 studia
1875 2038 1907 2064 et
1924 2033 2014 2065 vitae
2031 2044 2110 2065 cur-

1121 2093 1196 2113 sum
1215 2080 1331 2114 refert.
1385 2079 1479 2115 Dixi.

1941 2254 2096 2283 ani-²131.

1932 2298 2102 2311 v—A‘

1144 2246 1209 2280 No.
1228 2244 1288 2281 25.

1269 2343 1439 2386 Contra
1469 2346 1711 2401 empiricos
1738 2347 1957 2391 Medicvs.

1189 2432 1218 2457 ln
1234 2432 1382 2457 Declamat.
1404 2432 1434 2459 Τ.
1451 2433 1470 2460 l.
1492 2442 1518 2464 Ρ.
1530 2433 1581 2459 812
1594 2442 1670 2468 sqq.,
1695 2433 1811 2460 Sex-vest.
1832 2436 1866 2462 Τ.
1881 2435 1898 2462 Ι.
1918 2445 1943 2471 p.
1956 2436 2014 2462 269.
2026 2457 2032 2466 ,
2058 2435 2107 2461 m-

1222 2467 1314 2493 ehard.
1334 2466 1365 2492 T.
1382 2468 1414 2495 ll.
1435 2477 1460 2501 Ρ.
1475 2467 1534 2494 201.

1119 2547 1255 2580 Contra
1274 2549 1472 2591 empiricos
1483 2543 1676 2591 Medicvs,
1703 2549 1754 2582 M.
1765 2547 1965 2583 DXXXI.
1981 2548 2048 2583 ΡΙι.
2059 2550 2108 2583 Μ.

1118 2625 1276 2663 Difficile
1294 2636 1343 2662 est
1359 2631 1402 2662 de
1413 2629 1591 2663 Medicina
1610 2630 1763 2674 reperire
1781 2631 1993 2671 orationem,
2021 2644 2108 2675 quae

1117 2681 1270 2716 taedium
1295 2681 1459 2724 effugiat,
1492 2693 1571 2714 cum
1594 2682 1696 2715 toties
1719 2682 1762 2714 de
1785 2693 1844 2723 ea,
1878 2679 1944 2715 hoc
1969 2682 2004 2713 in
2032 2682 2106 2714 loco
