2338 2958
182 111 255 148 211

189 196 381 243 plurimum
406 207 424 228 a
449 193 609 227 doctrina
633 189 814 234 religionis
837 195 1030 224 mutuatur.
1091 186 1175 221 Ideo

761 101 927 139 DECL.
963 100 1038 137 DE
1079 95 1312 136 ORDINE
1346 93 1632 136 DISCENDI.

2141 98 2215 134 212

1329 181 1377 216 Et
1396 180 1550 214 vidimus
1573 178 1630 214 his
1648 182 1749 215 annis
1767 183 1937 227 quosdam
1955 179 2114 222 ἀνοσίως
2130 181 2219 218 θεο-

190 249 279 282 sicut
301 245 522 281 semivocales
545 250 580 276 et
595 243 622 275 si
647 239 780 275 habent
796 240 979 274 obscuram
999 240 1177 286 quandam
1230 234 1432 281 λογοῦντας
1448 232 1665 265 dementatos
1681 230 1885 267 huiusmodi
1901 233 2062 268 fanaticis
2078 233 2221 278 opinio-

191 310 310 333 vocem
321 324 331 339 ,
356 304 472 331 tamen
486 305 586 327 suum
604 304 733 326 munus
747 291 837 326 tueri
854 303 926 324 non
942 299 1087 335 possunt
1103 290 1178 323 sine

193 349 394 386 vocalibus,
427 346 471 379 ita
496 345 532 377 in
555 343 740 387 disciplina
763 342 921 386 politica,
948 341 1071 384 religio
1092 340 1180 374 civi-

194 401 286 433 libus
303 395 473 431 institutis
489 406 607 428 vocem
632 393 748 434 addit,
775 399 893 426 tuetur
909 393 1095 425 autoritate
1119 403 1180 424 sua

198 451 250 484 ius
266 448 460 482 humanum
475 473 483 486 ‚
508 451 539 477 et
555 445 717 479 emendat
739 456 818 477 cnm
835 455 923 487 opus
939 450 999 476 est.

298 498 420 531 Mutae
445 497 565 530 literae
588 495 686 540 quasi
720 495 891 539 privatam
916 494 1022 526 vitam
1048 492 1184 535 signifi-

199 556 296 589 cant,
330 560 418 592 quae
444 559 524 580 vere
559 553 657 579 muta
684 553 754 585 est,
796 542 862 577 hoc
891 551 939 578 est
973 544 1116 586 agrestis
1151 549 1185 576 et

198 602 288 641 sera,
321 599 396 632 sine
428 597 597 640 religione
631 604 663 629 et
695 595 789 629 civili
815 595 1078 628 consuetudine.
1138 592 1186 627 Ut

200 651 306 694 igitur
321 662 434 683 sermo
453 661 492 681 ex
517 647 748 680 dissimilibus
770 646 882 678 literis
899 646 1113 685 contexitur,
1137 643 1185 676 ita

199 702 335 735 diversa
361 711 486 744 genera
510 698 637 732 artium
660 704 763 742 atque
788 696 965 729 actionum
983 695 1019 728 in
1038 695 1108 729 vita
1125 706 1188 727 ne-

200 752 344 786 cessaria
364 758 457 785 sunt.

301 801 512 846 Quanquam
535 806 648 832 autem
668 798 874 831 iamdudum
892 810 1033 837 vereor,
1060 803 1098 829 ut
1121 795 1187 828 viri

202 853 295 887 docti
323 853 358 885 in
384 850 450 884 lioc
478 861 639 883 consessu
672 847 734 882 has
760 849 906 893 ineptias
928 861 1039 893 aequo
1071 846 1188 880 auimo

202 906 334 943 serant,
371 910 486 936 tamen
512 901 679 945 quoniam
705 897 854 933 habetur
870 900 982 933 oratio
1005 900 1045 931 ad
1065 898 1190 931 iuren-

203 961 331 994 tutem,
365 964 466 996 spero
490 963 546 984 eos
572 951 656 984 boni
684 951 906 984 consulturos
932 962 1003 983 esse
1021 947 1115 982 hunc
1135 949 1191 981 lu-

204 1007 306 1045 dum,
339 1004 375 1036 in
399 1016 468 1047 quo
493 1010 524 1036 et
540 1002 736 1035 societatem
756 1009 788 1034 et
813 1003 942 1044 gradus
966 1001 1094 1033 artium
1110 999 1191 1043 pin-

204 1068 282 1100 gere
306 1054 496 1087 voluimus.
555 1050 600 1086 Et
626 1053 738 1085 visum
766 1059 814 1085 est
840 1053 877 1085 in
905 1052 988 1096 ipsis
1012 1050 1192 1084 elementis

204 1107 383 1140 literarum
410 1106 568 1148 pingere,
601 1110 640 1136 ut
666 1103 834 1148 quoniam
861 1100 946 1136 haec
967 1102 1125 1147 quotidie
1148 1101 1193 1133 ob

203 1157 322 1190 oculos
347 1163 549 1193 versantur,
585 1165 685 1197 saepe
709 1154 851 1187 veniant
878 1154 940 1186 ista
974 1154 1008 1185 iu
1040 1159 1190 1184 mentem

204 1205 436 1245 scholasticis,
463 1217 613 1250 quorum
633 1205 844 1247 cogitatione
861 1205 963 1237 nobis
980 1204 1121 1248 quidem
1141 1202 1192 1234 vi-

205 1260 307 1292 detur
323 1257 398 1290 acui
419 1263 451 1289 et
470 1255 613 1289 formari
633 1255 801 1288 iudicium
820 1256 863 1287 de
881 1255 1032 1289 utilitate
1052 1253 1193 1286 artium.

205 1308 251 1343 Et
277 1320 338 1351 ego
371 1308 405 1340 in
429 1305 492 1339 bac
516 1304 633 1339 scliola
657 1306 832 1350 professor
856 1305 1123 1348 grammaticus,
1151 1303 1194 1336 li-

205 1360 329 1392 benter
350 1358 480 1401 sumpsi
511 1356 706 1390 orationem
731 1368 771 1388 ex
800 1354 866 1389 lioc
896 1355 1062 1395 artificio,
1099 1355 1191 1398 quod

206 1421 359 1443 exerceo.

303 1458 462 1502 Cogitate
478 1463 616 1497 autem,
640 1453 908 1496 Adolescentes,
934 1456 1017 1501 quid
1037 1456 1195 1488 futurum

207 1511 269 1551 sit,
295 1510 324 1543 si
348 1510 426 1555 quis
450 1507 726 1542 consonantibus
747 1507 908 1546 omissis,
935 1513 1070 1539 tantum
1093 1518 1195 1537 soca-

208 1563 299 1595 libus
323 1561 375 1594 uti
400 1559 484 1593 velit
508 1559 544 1591 iu
572 1558 765 1602 loquendn,
801 1557 827 1590 is
852 1558 1004 1601 profecto
1028 1569 1106 1589 cum
1123 1562 1195 1589 tota

209 1624 326 1647 rerum
343 1617 467 1644 natura
485 1609 665 1653 pugnabit.
719 1607 801 1641 Ideo
820 1608 912 1641 enim
933 1608 1053 1641 literae
1070 1618 1197 1639 vocan-

210 1671 267 1697 tur
285 1663 454 1696 elementa
466 1685 475 1699 ‚
499 1660 591 1705 quod
610 1659 696 1693 sicut
715 1659 750 1691 iu
767 1666 891 1692 natura
908 1658 1100 1691 necessaria
1118 1664 1197 1689 sunt

209 1715 397 1753 elementa,
425 1724 464 1745 ex
487 1711 615 1756 quibus
637 1721 782 1753 corpora
810 1716 990 1750 constant,
1018 1710 1063 1742 ita
1082 1708 1201 1741 literae

212 1763 424 1798 necessariae
466 1768 548 1795 sunt
587 1762 628 1793 ad
667 1773 862 1794 sci-monem
906 1760 1200 1804 componendum.

212 1815 331 1859 Quare
357 1814 446 1847 sicut
470 1813 528 1845 illa
556 1811 675 1844 divina
701 1811 805 1844 series
833 1811 867 1844 iu
893 1811 1120 1843 universitate
1147 1822 1202 1842 re—

213 1879 290 1900 rum
311 1864 574 1909 perturbaretur
590 1869 748 1905 exempto
767 1874 837 1894 uuo
854 1863 1045 1902 elemento,
1073 1861 1119 1894 ita
1142 1860 1203 1892 ab-

217 1916 312 1951 iectis
327 1913 624 1951 consonantibus,
651 1913 748 1946 nulla
768 1913 950 1946 articulata
972 1925 1037 1945 vox
1059 1911 1202 1945 existere

216 1973 341 2013 posset.
394 1965 515 2010 ltaque
542 1964 631 1998 sicut
647 1963 872 1997 dissimilium
901 1964 1080 1997 literarum
1102 1968 1205 1994 natu-

220 2018 301 2052 ralis
320 2017 412 2050 inter
430 2028 464 2049 se
481 2015 627 2048 societas
645 2021 712 2054 est,
741 2014 786 2048 ita
805 2014 992 2049 dissimiles
1007 2022 1097 2047 artes
1114 2013 1206 2045 inter

220 2082 254 2103 se
272 2068 454 2112 copulatae
471 2074 573 2111 atque
591 2066 774 2098 deiunctae
793 2071 884 2099 sunt.
939 2065 985 2098 At
1008 2063 1102 2098 bunc
1122 2061 1206 2096 clio*

221 2132 298 2153 rum
317 2117 443 2152 artium
465 2117 669 2161 perturbant
696 2117 770 2154 isti,
797 2116 856 2161 qui
884 2117 1037 2149 sentiunt
1059 2115 1207 2148 inferio-

223 2182 277 2204 rcs
299 2168 500 2212 disciplinas
523 2169 564 2200 ad
584 2167 690 2200 vitam
716 2167 856 2200 inutiles
875 2179 962 2206 esse,
987 2167 1067 2212 quia
1089 2177 1207 2199 earum

225 2223 356 2255 fructus
377 2218 548 2263 imperitis
566 2231 636 2251 non
658 2218 702 2251 ita
727 2218 760 2250 in
780 2225 964 2262 conspectu
984 2225 1044 2251 est.

327 2270 363 2304 Si
393 2270 471 2315 quis
497 2270 688 2302 admirator
717 2269 804 2301 ‹oeli
830 2281 867 2301 ac
894 2269 1074 2302 stellarum
1107 2266 1209 2313 (quid

227 2322 318 2355 enim
352 2318 406 2353 liis
436 2320 643 2364 corporibus
672 2317 854 2363 pulchrius
885 2319 1028 2361 cogitari
1057 2315 1212 2363 potcst‘?)

228 2373 308 2405 velit
339 2383 463 2415 aquam
491 2383 529 2404 ex
555 2383 669 2403 rerum
702 2377 825 2404 natura
850 2370 946 2409 tolli,
981 2372 1074 2416 quod
1102 2369 1214 2411 impar

229 2423 269 2457 sit
297 2422 474 2455 stellarum
493 2422 659 2461 claritati,
688 2434 806 2454 noune
831 2419 923 2454 bunc
945 2421 1099 2454 insanire
1119 2419 1214 2452 dice-

230 2474 370 2507 remus.7
422 2473 459 2507 Si
486 2473 561 2516 quis
588 2479 729 2516 proptcr
747 2472 1013 2505 admirationem
1035 2470 1215 2504 doctrinae

231 2524 431 2567 religionis,
465 2523 580 2556 iubeat
604 2536 621 2555 e
646 2523 714 2555 vita
742 2523 864 2556 tollere
882 2523 999 2555 omnia
1019 2523 1094 2555 iura
1112 2527 1215 2565 atque

231 2575 388 2609 instituta
407 2574 605 2610 cixitatum,
632 2574 749 2606 omnia
773 2574 911 2607 vincula
928 2574 1138 2607 domesticae
1163 2570 1216 2602 vi—

232 2634 303 2666 tae,
331 2638 448 2659 nonne
467 2621 560 2657 luiuc
579 2637 700 2656 ‹uniit-⁸
714 2625 787 2657 sani
811 2623 970 2658 bomiucs
988 2625 1020 2658 vi
1040 2632 1142 2670 atque
1160 2633 1216 2655 nr-

233 2678 298 2710 mis
314 2674 571 2710 cohercendum
592 2687 663 2708 esse
682 2675 897 2709 iudicarent?

1232 286 1357 324 nibus,
1385 282 1513 316 erroris
1531 282 1585 316 sui
1603 294 1732 326 poenas
1747 284 1842 319 dare.
1895 283 2110 318 Meministis
2125 285 2221 318 enim

1234 334 1474 369 Monetarium
1505 340 1539 367 et
1562 332 1833 378 Anabaptistas‚
1873 340 1907 367 et
1930 332 1996 368 hoc
2022 346 2131 378 genus
2154 335 2224 368 alia

1234 391 1408 430 portenta.
1461 383 1516 417 Ad
1536 382 1629 417 bunc
1646 385 1791 418 modum
1815 385 1965 418 iudicate
1984 385 2136 419 insanire
2153 397 2224 426 eos,

1235 436 1294 481 qui
1312 434 1458 468 cliorum
1477 442 1509 468 et
1527 442 1734 468 concentum
1758 435 1886 468 artium
1907 437 2132 479 perturbant,
2159 448 2225 469 ne·

1236 486 1354 529 glectis
1380 493 1412 519 et
1436 485 1644 529 contemptis
1662 485 1888 519 inferioribus
1908 486 2052 522 artibus.
2106 485 2226 530 Quare

1237 538 1326 570 sicut
1358 537 1400 569 de
1434 536 1612 569 literarum
1646 536 1828 570 elementis
1866 537 2074 580 cogitantes,
2113 544 2227 571 totum

1239 587 1338 633 ἄλφα
1353 584 1414 621 καὶ
1431 585 1529 632 βῆτα
1545 588 1778 619 necessarium
1799 598 1872 620 esse
1886 589 1928 620 ad
1945 599 2142 621 sermonem
2160 587 2229 620 du-

1239 638 1336 678 citis,
1371 638 1417 671 ita
1444 637 1649 681 disciplinas
1674 649 1795 671 omnes
1826 650 1914 683 quae
1941 638 1977 671 in
2003 636 2132 671 scholis
2155 645 2230 672 tra-

1240 691 1391 727 duntur,
1417 688 1660 721 existimabitis
1677 690 1718 721 ad
1739 689 1845 722 vitam
1865 700 1937 722 esse
1956 689 2177 724 necessarias.

1341 737 1431 771 Nam
1455 739 1481 771 is
1506 739 1646 771 demum
1663 746 1755 773 recte
1777 739 1904 772 sentiet
1920 740 1963 773 de
1984 739 2138 780 artibus,
2167 738 2230 784 qui

1242 802 1319 823 cum
1339 790 1466 831 gradus
1490 801 1609 821 earum
1632 790 1938 831 animadverterit,
1967 790 2137 833 intelliget
2157 790 2232 823 sin-

1243 841 1340 885 gulas
1357 846 1469 871 certae.
1485 840 1648 873 utilitatis
1667 852 1766 873 causa
1784 849 1937 883 repertas
1955 852 2037 876 esse.

1345 889 1440 922 llaec
1456 889 1526 922 dixi
1544 891 1585 922 ad
1604 892 1970 925 commonefaciendus
1985 891 2233 929 adolescentes,

1244 953 1393 986 quorum
1421 940 1550 973 multos
1574 941 1733 974 videmus
1757 953 1883 985 magno
1901 954 1973 975 non
1997 949 2132 976 tantum
2156 953 2234 981 suo,

1244 993 1301 1025 sed
1330 990 1483 1035 lleipub.
1509 992 1751 1032 incommodo,
1787 992 2029 1036 intempestive
2047 1003 2235 1037 properare

1245 1044 1286 1076 ad
1306 1042 1503 1085 superiores
1521 1042 1735 1086 disciplinas.
1788 1042 1876 1076 Nam
1899 1043 2013 1077 studia
2032 1049 2143 1076 vestra
2160 1053 2233 1076 non

1246 1100 1381 1127 tantum
1401 1095 1443 1125 ad
1463 1104 1542 1133 vos,
1569 1095 1626 1126 sed
1647 1094 1688 1125 ad
1708 1092 1884 1137 Rempub.
1904 1094 2093 1138 pertinent.

1348 1141 1393 1176 Et
1421 1141 1515 1176 bunc
1544 1143 1646 1176 finem
1677 1144 1875 1177 studiorum
1909 1152 2104 1178 vestrorum
2135 1143 2237 1177 vobis

1247 1206 1443 1238 proponere
1463 1194 1660 1233 debebatis,
1689 1202 1727 1228 ut
1751 1207 1792 1227 ea
1810 1195 1853 1227 ad
1874 1195 2029 1228 dandum
2046 1194 2236 1228 consilium

1264 1246 1401 1288 'reipub.
1421 1252 1454 1278 et
1480 1245 1522 1277 ad
1549 1245 1724 1278 docendas
1742 1243 1934 1284 Eccleskrs,
1960 1253 1993 1279 et
2014 1245 2237 1278 retinendam

1248 1296 1443 1329 doctrinam
1475 1295 1656 1339 religionis
1686 1296 1898 1329 conserenda
1928 1308 1999 1330 csse
2031 1295 2239 1337 statueretis,

1248 1358 1397 1391 quorum
1415 1343 1503 1377 nibil
1523 1353 1697 1389 praestare
1723 1345 1880 1390 poteritis
1904 1347 1979 1379 sine
2005 1347 2155 1390 perfecta
2173 1347 2239 1379 do-

1249 1397 1373 1429 ctrina.
1439 1395 1485 1429 At
1511 1397 1659 1439 perfecta
1678 1397 1836 1430 doctrina
1863 1397 1952 1429 nulli
1971 1397 2147 1440 continget
2164 1396 2239 1431 sine

1249 1446 1446 1490 disciplinis
1470 1446 1707 1482 inferioribus,

1352 1495 1441 1529 Cum
1460 1494 1523 1529 bac
1541 1497 1751 1540 cogitatione
1767 1497 1906 1530 animus
1925 1497 2163 1530 conformatus
2178 1503 2242 1538 est,

1252 1548 1409 1592 proxima
1429 1549 1471 1580 de
1489 1548 1612 1580 ordine
1632 1548 1789 1581 discendi
1807 1547 2015 1581 deliberatio
2034 1560 2106 1581 esse
2125 1548 2241 1582 debet.

1252 1599 1373 1644 'Neque
1391 1610 1452 1641 ego
1480 1595 1546 1631 boc
1565 1599 1641 1631 loco
1659 1599 1771 1631 dicam
1784 1623 1792 1636 ‚
1820 1605 1950 1643 quanta
1971 1599 2016 1632 sit
2035 1599 2087 1632 vis
2106 1598 2243 1633 ordinis

1253 1650 1289 1682 in
1316 1660 1460 1691 genere,
1495 1660 1584 1694 quae
1609 1660 1662 1681 res
1685 1656 1717 1682 et
1739 1656 1821 1683 nota
1848 1657 1916 1689 est,
1951 1656 1983 1682 et
2009 1649 2112 1683 latius
2138 1656 2244 1694 patet,

1254 1713 1358 1745 quam
1384 1707 1419 1733 ut
1449 1697 1505 1733 bic
1533 1700 1697 1744 explicari
1725 1700 1844 1744 possit.
1901 1699 1940 1734 Si
1966 1699 2116 1743 agricola
2147 1700 2245 1744 prius

1254 1763 1367 1784 serere
1391 1750 1492 1789 velit,
1527 1758 1643 1794 postea
1667 1763 1785 1791 arare,
1817 1757 1874 1784 aut
1898 1750 1926 1783 si
1952 1751 2035 1784 velit
2053 1752 2118 1785 sub
2135 1750 2245 1785 Cani-

1257 1802 1333 1835 cula
1351 1809 1539 1834 seuientem
1557 1802 1687 1839 facere,
1715 1803 1779 1835 sub
1795 1801 1919 1835 bruma
1935 1813 2054 1842 arare,
2076 1802 2176 1835 labor
2190 1808 2244 1836 at-

1256 1865 1323 1898 que
1343 1852 1497 1895 impensa
1516 1852 1674 1896 perierit:
1709 1853 1754 1886 ita
1776 1852 1805 1886 si
1825 1852 1860 1885 in
1885 1852 2120 1896 percipiendis
2138 1851 2246 1886 ‹lisci-

1258 1903 1364 1948 plinis
1387 1916 1458 1935 uon
1483 1911 1642 1937 servetur
1665 1902 1777 1938 iustus
1799 1903 1905 1942 ordo,
1942 1904 2115 1948 profectus
2131 1902 2246 1937 omnis

1258 1956 1496 1999 desperandus
1515 1953 1592 1989 erit.

1360 2003 1500 2038 Bonum
1519 2005 1648 2038 malum
1665 2004 1720 2044 sit,
1742 2004 1861 2046 aiunt,
1882 2016 1954 2038 non
1971 2005 2091 2038 datum
2111 2003 2247 2037 intem—

1260 2068 1360 2101 pore3
1402 2056 1551 2099 proinde
1573 2056 1677 2089 etiam
1710 2055 1922 2099 optimarum
1948 2061 1981 2089 et
2014 2054 2246 2088 maximarum

1261 2119 1377 2141 rerum
1402 2107 1517 2141 studia
1542 2113 1689 2143 nocent,
1724 2106 1751 2139 si
1771 2118 1841 2139 uon
1868 2113 1948 2150 apto
1965 2112 2120 2150 tempore
2137 2104 2248 2139 susci·

1262 2159 1414 2203 piantur.
1473 2160 1593 2200 Quare
1613 2157 1762 2190 maiores
1788 2157 1918 2197 nostri,
1951 2164 1989 2191 ut
2007 2156 2168 2190 ordinem
2192 2155 2248 2189 di-

1261 2209 1379 2244 scendi
1405 2209 1676 2247 constituerent,
1710 2216 1821 2241 certos
1846 2209 1974 2250 gradus
1999 2207 2097 2253 quasi
2126 2206 2251 2241 classes

1263 2261 1565 2301 excogitaverunt,
1601 2271 1662 2303 per
1683 2271 1771 2303 quos
1795 2259 1920 2292 ordine
1948 2258 1993 2292 ab
2023 2257 2251 2292 inferioribus

1264 2312 1398 2345 artibus
1417 2312 1656 2345 traduceretur
1668 2310 1830 2342 iuventus
1845 2312 1885 2343 ad
1902 2309 2107 2353 superiores.
2147 2307 2250 2342 Nunc

1266 2363 1362 2408 quasi
1391 2362 1570 2405 perso-ictis
1597 2361 1665 2394 illis
1699 2361 1889 2404 repagulis,
1925 2360 2024 2394 nullo
2049 2359 2174 2393 ordine
2198 2369 2251 2392 res

1266 2414 1408 2456 geritur.
1451 2412 1577 2446 Subito
1594 2413 1680 2446 sicut
1698 2411 1794 2453 fungi
1812 2419 2004 2445 nascuntur
2019 2411 2122 2444 nobis
2131 2407 2250 2443 Theo-

1268 2465 1354 2507 logi=
1400 2463 1639 2497 lurisconsulti
1667 2469 1696 2495 et
1723 2462 1871 2502 Medici.
1904 2462 1978 2496 siue
2002 2461 2252 2500 Grammaticus,

1267 2517 1342 2550 sim·
1372 2515 1574 2553 llinlertica,
1609 2514 1682 2546 siue
1708 2514 1843 2547 ratione
1867 2512 2025 2551 dicendi,
2057 2512 2134 2545 siue
2151 2511 2251 2544 iucu-

1268 2566 1395 2600 nabilis
1418 2560 1668 2609 l‘bilosopliiae
1694 2564 1864 2598 naturalis
1881 2576 1919 2597 ac
1942 2563 2096 2597 moralis.
2152 2563 2252 2605 Quo·

1269 2631 1346 2651 rum
1377 2617 1550 2658 cognitio,
1587 2629 1656 2648 uou
1686 2615 1799 2648 solum
1831 2614 1911 2659 quia
1939 2613 2156 2658 perliberalis
2190 2617 2251 2649 est.

1268 2670 1353 2702 olim
1373 2668 1576 2701 tradebatur
1591 2666 1824 2701 communiter
1839 2665 2026 2705 omnibus,
2048 2664 2251 2709 priusquam
