2338 2958
210 123 285 159 587

211 208 412 248 Aristiden,
438 205 634 242 Socratem,
660 200 820 239 Fabium,
847 200 1059 244 Scipionem.
1102 199 1195 243 Quia

211 260 304 294 enim
327 259 420 292 Deus
444 254 583 300 politias
607 260 639 286 et
664 259 752 285 artes
769 251 859 284 vitae
877 252 981 285 utiles
1004 257 1196 291 conservat,

210 311 388 344 interdum
404 306 500 340 addit
523 311 598 337 tum
617 303 930 347 gubernatoribus,
956 309 1031 335 tum
1053 302 1197 337 artifici-

211 363 277 395 bus
293 359 450 393 heroicos
476 362 608 388 motus:
637 366 700 386 nec
720 353 926 386 inusitatum
943 360 1014 392 est,
1040 353 1126 387 tales
1142 353 1197 385 vi-

211 424 268 447 ros
292 409 392 443 certis
409 406 600 440 virtutibus
624 405 829 438 antecellere
847 404 926 448 piis.
979 403 1048 438 Sed
1065 416 1105 437 eo
1123 415 1198 436 ma-

210 465 261 507 gis
283 459 473 493 dolendum
497 463 564 497 est,
590 462 685 489 tanta
704 455 739 487 vi
763 455 986 498 ingeniorum
1009 455 1198 499 praeditOS‚

211 525 283 546 non
302 520 500 554 agnoscere,
527 519 600 541 non
618 506 792 545 invocare,
817 518 888 538 non
905 506 1080 539 celebrare
1096 512 1197 539 auto-

210 576 283 597 rem
301 561 427 595 Deum.
479 558 625 592 Summa
647 564 700 591 est
722 557 861 589 miseria
879 557 996 589 vivere
1018 554 1198 589 homiuem

209 615 285 648 sine
302 612 397 649 Deo,
423 608 490 643 hoc
513 616 583 649 est,
610 621 682 641 non
701 608 864 640 invocare
882 606 1015 644 Deum,
1041 618 1114 639 non
1137 603 1200 638 ha-

210 665 292 697 bere
335 661 512 695 custodem
550 660 716 692 adversus
751 657 942 691 Diabolum
978 669 1049 690 non
1086 656 1201 689 iuvari

210 727 228 748 a
249 715 320 747 filio
345 712 424 750 Dei,
452 722 592 743 manere
610 707 744 742 bostem
763 707 848 744 Dei,
881 714 913 740 et
931 707 974 739 ab
992 719 1032 739 eo
1048 707 1165 741 abiici.

310 763 419 798 Recte
436 760 503 794 hoc
519 760 639 800 Stoici,
664 759 783 792 omnia
803 758 897 790 nasci
916 756 1099 791 hominum
1118 769 1201 790 cau-

211 827 267 857 sa,
300 813 462 847 homines
486 823 567 844 vero
593 817 632 844 ut
655 809 767 843 Deum
793 809 980 842 celebrent.
1041 807 1202 841 Fuerunt

211 865 329 908 magni
349 863 415 896 viri
434 869 467 895 et
498 862 601 895 utiles
619 860 750 905 patriae
777 859 907 892 Fabius
930 866 961 891 et
980 858 1117 903 Scipio:
1142 859 1201 892 sed

212 923 346 962 quanto
363 914 509 946 fuissent
527 911 813 956 praestantiores,
840 910 870 943 si
887 910 1009 942 inillis
1025 909 1131 943 tantis
1147 921 1203 942 re-

212 968 279 1000 bus
302 964 463 1008 gerendis
485 962 598 996 Deum
620 963 857 1001 invocassent,
885 968 918 995 et
934 961 1122 994 sensissent
1140 961 1202 993 ad-

213 1029 285 1051 esse
310 1018 433 1049 ducem
469 1020 502 1046 et
534 1014 804 1056 gubernatorem
833 1018 1011 1046 tantorum
1043 1011 1204 1044 certami-

212 1079 318 1107 num,
353 1078 391 1098 ac
418 1064 582 1097 victorias
611 1063 842 1096 contulissent
869 1064 912 1095 ad
940 1063 1203 1106 propagandam

212 1117 410 1152 doctrinam
434 1116 476 1147 de
502 1113 598 1154 Deo,
632 1114 675 1146 de
700 1112 765 1146 Dei
788 1113 1032 1151 invocatione,
1066 1113 1110 1145 de
1134 1113 1204 1146 vita

214 1175 366 1203 aeterna.
419 1164 516 1208 Quid
541 1164 667 1198 attinet
685 1164 842 1203 vincere,
869 1164 897 1196 si
922 1175 1042 1207 pacem
1066 1169 1204 1196 tantum

214 1221 334 1255 luxus,
369 1216 553 1254 libidines,
588 1214 757 1253 avaricia,
793 1214 957 1256 superbia
983 1213 1206 1246 comitentur.

216 1269 294 1303 lure
320 1268 427 1310 igitur
454 1264 681 1298 anteserimus
711 1261 765 1296 his
802 1264 1030 1296 bellatoribus
1057 1269 1206 1302 nostros,

214 1319 399 1357 Davidem,
426 1315 654 1349 Macabaeum
665 1313 846 1353 etsimiles,
873 1314 934 1358 qui
951 1314 987 1346 iu
1005 1313 1088 1357 ipsis
1105 1325 1206 1357 prae—

215 1371 272 1404 liis
284 1368 398 1402 Deum
416 1366 647 1405 invocabant,
674 1371 706 1397 et
733 1364 914 1408 religionis
931 1376 1034 1397 verae
1056 1365 1207 1398 tuendae

215 1432 317 1456 causa
334 1418 559 1452 dimicabant.

318 1469 501 1503 Praeterea
537 1466 761 1499 excellentem
801 1465 967 1499 virtutem
1005 1465 1207 1498 destitutam

215 1521 370 1557 excubiis
390 1527 421 1553 et
448 1517 604 1551 custodia
625 1517 686 1549 filii
710 1515 796 1555 Dei,
831 1516 1028 1560 plerunque
1046 1515 1208 1548 diabolus

216 1575 259 1608 de
279 1579 370 1605 statu
387 1570 562 1603 deturbat.
611 1567 693 1599 ldeo
709 1566 807 1598 vides
823 1567 860 1598 in
878 1564 1034 1599 historiis
1054 1575 1209 1598 summos

218 1625 312 1657 viros
327 1622 397 1654 sere
415 1630 537 1653 omnes
554 1617 751 1660 insignibus
764 1616 974 1659 quibusdam
991 1616 1131 1660 probris
1149 1616 1210 1647 de-

217 1676 385 1708 formatos
410 1681 493 1702 esse.
551 1666 749 1701 Meministi
774 1664 984 1711 Symmache
1015 1677 1069 1699 res
1099 1671 1210 1707 gestas

219 1719 486 1759 Themistd'clis‚
513 1725 544 1752 et
567 1730 655 1763 quae
671 1718 714 1750 de
731 1729 770 1749 eo
795 1716 982 1760 praeconia
998 1716 1118 1749 fecerit
1139 1722 1209 1748 tota

220 1773 382 1812 Graecia,
407 1770 571 1803 videlicet
587 1767 691 1801 huius
705 1767 812 1800 unius
829 1767 896 1799 viri
913 1767 1083 1805 consiliis,
1100 1766 1211 1799 victos

219 1837 291 1859 esse
307 1823 439 1862 Persas,
466 1827 500 1854 et
517 1826 687 1852 servatam
706 1816 904 1852 Graeciam.
958 1816 1052 1859 Quid
1074 1815 1212 1849 homini

220 1881 333 1921 potest
359 1871 467 1906 tribui
494 1870 680 1913 gloriosius
704 1880 742 1901 ac
762 1868 899 1901 maius?
941 1865 987 1901 Et
1009 1875 1126 1901 tamen
1151 1879 1212 1899 cu-

220 1926 333 1960 mulat
359 1921 421 1956 has
449 1922 570 1954 laudes
597 1920 747 1962 scriptor
776 1917 944 1952 historiae
972 1916 1213 1963 Thucydides,

221 1977 281 2023 qui
308 1981 439 2008 tantam
469 1972 504 2004 in
529 1969 767 2004 Themistocle
794 1969 864 2001 vim
896 1969 1048 2011 ingenii,
1079 1975 1211 2001 tantam

221 2027 438 2070 sagacitatem
465 2034 504 2055 ac
526 2020 749 2065 prudentiam
776 2019 881 2052 fnisse
901 2019 1005 2059 dicit,
1033 2025 1071 2052 nt
1094 2019 1129 2051 in
1155 2029 1213 2051 su-

221 2079 304 2111 bitis
322 2073 485 2120 periculis
503 2072 684 2104 celerrime
701 2070 887 2103 consilium
914 2070 1067 2112 reperire
1087 2075 1212 2113 posset,

223 2136 253 2162 et
271 2130 313 2161 de
331 2125 459 2158 suturis
475 2122 692 2156 coniecturas
712 2118 855 2153 haberet
874 2120 1101 2158 certissimas,
1128 2125 1161 2152 et
1177 2119 1212 2151 in

224 2179 328 2213 rebus
344 2175 502 2208 obscuris
518 2173 668 2205 maxime
691 2171 843 2209 videret,
872 2171 956 2215 quid
975 2171 1163 2213 prodesset.

326 2227 391 2260 llic
409 2225 551 2257 divinus
574 2223 628 2255 vir
652 2230 726 2266 post
749 2222 931 2255 victoriam
956 2222 1023 2254 sibi
1047 2222 1132 2254 adeo
1160 2220 1213 2252 in-

205 2280 327 2313 ,dnlsit
342 2305 350 2315 ,
377 2283 411 2309 nt
430 2275 618 2319 aliquando
636 2275 758 2305 sedens
774 2273 809 2305 iu
829 2270 1003 2311 vehiculo,
1031 2285 1047 2305 a
1065 2278 1215 2316 quatuor

226 2331 330 2363 nudis
347 2327 554 2359 mulieribus
569 2325 603 2356 in
623 2325 737 2357 sorum
757 2321 965 2358 traheretur.
1003 2321 1038 2356 O
1055 2322 1215 2366 petulan-

227 2381 310 2414 tiam
329 2385 422 2411 tanta
441 2376 571 2417 ingenii
592 2375 798 2418 praestantia
811 2401 818 2412 ,
848 2374 954 2407 tantis
978 2375 1082 2406 rebus
1099 2372 1214 2416 gestis.

227 2439 321 2465 tanta
340 2428 448 2471 gloria
474 2426 764 2467 indignissimam.
818 2425 913 2466 Quid
933 2422 1015 2457 huic
1035 2425 1109 2457 viro
1135 2435 1215 2467 pro-

227 2482 291 2514 fuit
318 2479 486 2511 excellens
511 2477 677 2520 sapientia
703 2489 739 2508 ac
764 2477 892 2518 virtus,
919 2487 1060 2508 excusso
1085 2482 1215 2507 rector«=

228 2531 324 2567 Deo.
360 2541 447 2573 qnae
475 2540 578 2571 qnam
615 2528 658 2560 sit
687 2527 822 2558 infirma
852 2533 884 2559 et
913 2527 1032 2567 fugax„
1067 2525 1215 2558 maxime

228 2582 420 2617 ostendunt
438 2576 521 2610 hacc
543 2575 681 2609 heroica
707 2577 874 2620 exempla.
929 2576 973 2610 [It
1001 2577 1036 2609 iu
1055 2575 1217 2614 llercnle,

232 2632 432 2667 Alexandro
457 2638 487 2661 et
517 2629 594 2659 aliis
624 2628 762 2666 multis,
793 2640 898 2672 «piam
925 2628 1084 2660 ardentes
1116 2626 1215 2659 initio

230 2686 378 2728 impetus
393 2681 434 2713 ad
450 2681 613 2711 virtutem
630 2679 783 2716 suerunt.
801 2679 930 2722 quibus
945 2678 1125 2723 aliquanto
1142 2683 1218 2721 post

899 112 1060 150 DECL.
1097 112 1173 149 DE
1208 111 1529 149 AMBROSIO.

2160 116 2233 153 588

1247 200 1284 232 in
1310 198 1386 232 ocio
1410 197 1656 241 languefacti5‚
1684 210 1773 243 quae
1805 200 1972 236 dedecora
2005 209 2118 236 secuta
2143 210 2234 238 sunt.

1246 249 1334 283 Nam
1358 249 1432 281 sine
1450 249 1522 281 filio
1541 248 1632 288 Dei,
1654 256 1692 282 nt
1715 249 1788 293 ipse
1806 250 1937 296 inquit:
1963 252 2047 286 Sine
2063 265 2120 287 me
2145 252 2236 286 nihil

1247 300 1390 345 potestis
1407 300 1537 341 facere,
1561 300 1665 333 etiam
1682 300 1842 334 coelestia
1859 303 1950 336 dona
1974 317 2045 337 non
2071 311 2153 338 sunt
2169 306 2236 337 dn-

1247 351 1382 384 rabilia.

1349 400 1418 435 Sed
1442 399 1534 433 dicet
1557 397 1809 445 SymmachuS,
1835 413 1898 435 cur
1922 403 2028 446 igitur
2050 412 2121 439 tam
2143 406 2238 440 foedi

1247 452 1364 496 lapsus
1390 458 1490 490 sunt,
1517 451 1716 490 samsonis,
1744 451 1891 486 Davidis
1917 461 1949 486 et
1972 455 2142 497 aliorum,
2176 456 2237 501 qui

1249 502 1400 546 amplexi
1415 502 1557 535 suerunt
1575 498 1831 545 Prophetarum
1849 504 2069 537 doctrinam?
2106 505 2238 540 Eadem

1251 565 1350 587 causa
1376 559 1444 591 est,
1469 553 1563 596 quod
1590 552 1700 585 nostri
1725 564 1825 596 saepe
1851 560 2020 587 rectorem
2045 556 2156 590 filium
2175 557 2240 591 Dei

1251 604 1448 643 excutiunt,
1478 610 1516 635 ut
1533 601 1619 636 Saul
1646 609 1678 636 et
1701 603 1762 636 alii
1795 604 2082 641 innumerabiles.
2135 605 2240 640 Nulla

1252 656 1346 688 enim
1364 661 1414 688 est
1431 652 1585 691 hominis
1603 654 1751 697 perfecta
1771 655 1892 689 virtus,
1945 655 2013 689 Sed
2031 657 2134 690 multi
2151 665 2242 691 recte

1252 705 1441 738 sentientes
1458 705 1607 737 redeunt
1624 704 1666 736 ad
1686 704 1818 745 Deum,
1843 705 1961 747 agnito
1982 707 2177 750 placatore,
2204 714 2242 741 ut

1252 756 1422 795 Samson,
1447 753 1580 795 David,
1608 754 1798 788 Manasses.
1849 754 1916 789 Hic
1935 757 2042 800 magis
2059 757 2162 792 etiam
2180 760 2242 791 de-

1252 806 1445 850 plorandae
1462 811 1545 838 sunt
1560 802 1780 839 ethnicorum
1799 808 1975 843 tenebrae.
2019 807 2190 842 Hercules
2206 809 2243 842 in

1253 858 1358 890 rebus
1380 855 1542 889 secundis
1561 854 1675 888 Deum
1701 868 1773 889 non
1793 857 1949 897 invocat,
1973 870 2036 891 nec
2055 860 2164 892 cernit
2188 871 2245 892 ar-

1254 914 1387 942 matum
1412 918 1447 939 se
1471 917 1542 938 esse
1565 904 1629 938 hoc
1647 907 1773 939 robore
1795 908 1904 940 animi
1923 909 2105 942 divinitus.
2160 909 2244 943 Ideo

1255 958 1360 1003 paulo
1392 964 1468 1001 post
1501 963 1635 990 tantum
1661 958 1766 990 decus
1789 958 1937 999 amittit,
1971 960 2099 994 deinde
2124 961 2161 993 in
2187 973 2245 994 ae-

1253 1008 1390 1042 rumnis
1414 1008 1501 1041 iacet
1525 1007 1600 1040 sine
1618 1005 1712 1044 Deo,
1745 1007 1819 1041 sine
1843 1009 2066 1053 opitulatore.
2118 1010 2189 1044 Nec
2214 1011 2245 1044 ei

1255 1061 1448 1104 quidquam
1474 1055 1633 1090 ethnicae
1657 1058 1843 1100 religiones
1867 1067 2025 1103 prosunt.
2078 1060 2127 1094 At
2144 1060 2245 1095 Sam-

1255 1110 1348 1149 soni,
1374 1108 1504 1141 Davidi
1528 1109 1668 1152 prodest
1690 1106 1874 1151 Evangelii
1896 1110 2047 1153 noticia,
2073 1113 2167 1157 quod
2193 1118 2246 1145 te-

1255 1168 1367 1194 statur
1394 1159 1567 1191 divinitus
1599 1158 1725 1201 respici
1754 1160 1931 1201 adflictos,
1963 1168 2003 1194 ut
2027 1174 2127 1206 saepe
2153 1163 2247 1197 canit

1255 1210 1391 1249 David,
1419 1215 1457 1242 ut
1482 1209 1518 1240 in
1536 1208 1685 1241 Psalmis
1708 1208 1854 1243 dicitur:
1885 1210 2012 1244 Invoca
2028 1225 2083 1246 me
2101 1214 2138 1246 in
2155 1214 2248 1247 cala-

1257 1262 1396 1299 mitate,
1419 1266 1451 1292 et
1468 1258 1613 1302 eripiam
1630 1265 1671 1292 te.

1350 1309 1490 1343 Audisti
1509 1306 1718 1354 Symmache
1733 1309 1898 1344 distincta
1916 1312 2096 1346 doctrinae
2112 1325 2250 1356 genera,

1257 1373 1345 1406 quae
1363 1372 1442 1393 cum
1467 1360 1571 1392 ambo
1591 1360 1681 1392 natis
1701 1361 1742 1393 ad
1767 1361 2066 1396 immortalitatem
2091 1375 2248 1398 necessa-

1258 1412 1310 1445 ria
1332 1411 1420 1450 sint,
1448 1410 1549 1444 fateri
1570 1421 1708 1443 necesse
1737 1417 1787 1444 est
1814 1413 1974 1446 mutilam
2001 1425 2074 1447 esse
2099 1422 2249 1449 vestram

1258 1461 1474 1501 doctrinam,
1501 1472 1590 1505 quae
1615 1471 1758 1504 prorsus
1777 1462 1934 1504 ignorat,
1959 1466 2138 1508 quomodo
2156 1465 2251 1501 Deus

1259 1513 1414 1557 placatus
1430 1511 1491 1551 sit,
1514 1508 1605 1543 nibil
1622 1511 1782 1545 adfirmat
1797 1513 1839 1546 de
1854 1513 1972 1548 futuro
1988 1515 2132 1556 iudicio,
2159 1515 2250 1551 nihil

1259 1564 1302 1596 de
1330 1562 1509 1595 voluntate
1537 1561 1601 1594 Dei
1633 1573 1711 1604 erga
1747 1563 1918 1597 adflictos.
1982 1564 2076 1598 Haec
2105 1566 2142 1599 in
2174 1568 2250 1602 solo

1259 1612 1454 1654 Evangelio
1475 1613 1664 1645 traduntur
1687 1614 1779 1656 quod
1798 1611 1952 1647 Ecclesia
1977 1616 2137 1649 omnium
2162 1624 2251 1651 tem-

1261 1675 1386 1707 porum
1416 1662 1607 1705 profitetur.
1671 1664 1829 1704 Agnosce
1854 1664 1961 1706 igitur
1986 1667 2146 1700 tenebras
2166 1680 2250 1706 esse,

1261 1711 1482 1747 ethnicorum
1509 1712 1715 1754 religiones,
1749 1714 2008 1758 &obtempera
2025 1717 2102 1749 voci
2123 1716 2187 1751 Dei
2209 1720 2252 1753 de

1261 1764 1358 1797 coelo
1375 1763 1513 1795 sonanti
1532 1775 1570 1795 ac
1589 1763 1829 1805 praecipienti.
1858 1772 1896 1798 nt
1913 1765 2043 1799 Filium
2057 1768 2252 1809 audiamus,

1262 1826 1340 1847 cum
1365 1814 1411 1846 ait
1434 1820 1595 1845 aeternus
1615 1812 1717 1846 Pater
1744 1814 1787 1846 de
1803 1813 1963 1849 Christo:
1992 1815 2060 1850 Hie
2078 1825 2127 1852 est
2157 1819 2250 1854 filins

1262 1875 1360 1897 meus
1388 1864 1554 1902 dilectus,
1587 1860 1680 1895 bunc
1715 1865 1844 1900 audite.
1909 1865 2010 1901 Hanc
2039 1880 2158 1902 vocem
2186 1869 2252 1905 Dei

1263 1922 1364 1948 testes
1382 1914 1542 1958 Apostoli
1561 1914 1623 1947 toti
1641 1914 1719 1946 orbi
1744 1915 1983 1960 tradiderunt,
2011 1919 2250 1955 confirmatam

1263 1965 1382 1998 multis
1398 1965 1605 1998 coelestibus
1621 1965 1740 2006 signis.

1366 2015 1544 2047 llactenus
1569 2027 1606 2047 ex
1632 2015 1872 2049 doctrinarum
1902 2019 2089 2060 generibus
2119 2022 2252 2063 gravis-

1263 2079 1349 2100 sune
1368 2073 1546 2099 ostensum
1567 2073 1617 2099 est
1635 2066 1861 2099 necessariam
1877 2094 1886 2105 ,
1916 2080 2032 2101 veram
2063 2077 2096 2102 et
2122 2071 2253 2104 saluta-

1264 2130 1336 2150 rem
1365 2128 1436 2149 esse
1461 2114 1635 2149 Ecclesiae
1658 2117 1864 2149 doctrinam.
1918 2119 2054 2161 Quarto
2084 2123 2253 2157 accedunt

1264 2169 1397 2207 simlia,
1428 2179 1516 2211 quae
1531 2173 1648 2199 tamen
1673 2179 1745 2199 non
1763 2174 1844 2200 sunt
1864 2168 1953 2202 levia
1977 2177 2034 2203 ant
2052 2170 2188 2205 infirma
2204 2180 2254 2207 te-

1264 2218 1426 2251 stimonia
1445 2225 1583 2250 nostrae
1601 2217 1790 2259 religionis,
1810 2218 1969 2253 videlieet
1986 2228 2152 2265 perpetua
2168 2235 2254 2256 con-

1265 2269 1414 2302 servatio
1442 2266 1634 2305 Ecclesiae„
1658 2275 1690 2300 et
1712 2269 1880 2301 autoritas
1904 2271 2065 2310 testium=
2089 2273 2148 2317 qui
2173 2273 2253 2308 inde

1266 2332 1374 2364 usque
1400 2320 1442 2351 ab
1461 2319 1561 2351 initio
1581 2318 1758 2351 acerrimis
1776 2320 2062 2355 dimicationilnis
2086 2335 2254 2368 propaga—

1266 2378 1390 2403 verunt
1412 2369 1654 2411 Evangelium.
1711 2368 1853 2402 Yestrae
1877 2370 2086 2416 Symmaclie
2107 2374 2252 2417 religio-

1267 2434 1344 2460 nes,
1372 2428 1427 2453 ant
1449 2431 1567 2453 recens
1586 2420 1746 2453 inventae
1763 2428 1854 2461 sunt,
1878 2429 1936 2455 aut
1954 2423 2104 2456 incertos
2122 2421 2253 2458 hahent

1266 2481 1423 2507 autores,
1458 2477 1489 2503 et
1516 2471 1672 2515 quotidie
1700 2471 1788 2503 aliae
1815 2480 2025 2510 nascuntur.
2058 2473 2146 2507 aliae
2173 2488 2255 2509 exo-

1267 2523 1432 2556 lescente-s
1459 2522 1646 2555 intereunt.
1703 2520 1742 2555 Et
1766 2522 1902 2556 infinita
1928 2523 2178 2559 dissimilitudo
2204 2534 2254 2560 est

1267 2586 1337 2606 non
1357 2573 1470 2606 solnm
1488 2573 1637 2609 rituum,
1666 2573 1722 2605 sed
1744 2573 1853 2606 unilto
1870 2573 1978 2615 magis
1993 2574 2203 2617 opinionum
2221 2584 2254 2610 et

1267 2624 1468 2657 sententiae.
1521 2621 1690 2656 Chaldaei
1713 2623 1827 2665 ignem
1844 2623 1979 2656 colunt:
2011 2623 2172 2670 Aegvptii
2191 2628 2253 2661 bo-

1268 2688 1356 2713 vem.
1373 2675 1465 2714 seles,
1486 2681 1679 2718 serpentes:
1709 2665 2127 2719 Lampsacenil‘riapum:
2157 2676 2252 2711 The-
