2338 2958
151 103 201 153 59
642 94 802 132 DECL.
835 91 910 129 DE
941 90 1219 129 ENCOMto
1251 89 1689 136 ELOQUENTIAE.
2136 93 2188 129 60

153 201 232 224 cero
251 185 363 221 dixit?
398 183 495 227 Quid
518 181 656 216 civilius
674 192 712 214 ea
737 180 853 223 legum
871 179 1147 224 praedicatione,

153 251 259 286 quam
283 249 324 271 ex
345 231 616 271 Demosthenica
637 230 797 265 oratione
819 228 914 265 κατὰ
939 227 1145 277 ἀριστογεί-

156 302 262 329 τονος
279 284 524 321 Iurisconsulti
542 283 578 315 in
597 293 677 315 suos
698 281 967 316 commentarios
990 287 1146 315 transtu-

156 340 249 375 lere‘.>
281 338 351 373 Sed
376 346 543 381 quorsum
571 332 694 366 attinet
717 329 775 366 hic
804 333 975 376 prolixius
998 331 1147 374 scripto-

155 403 234 426 rum
255 384 437 437 ἔγκώμιον
455 383 590 418 texere?
626 382 725 426 Quin
742 383 807 427 ipsi
824 383 1018 428 periculum
1032 381 1148 421 facite,

157 442 242 488 quid
264 452 304 473 ex
326 436 478 471 classicis
496 434 644 480 quisque
662 440 829 478 praestet,
857 439 988 478 quanta
1011 431 1147 476 perspi-

158 493 285 528 cuitate
300 488 478 532 gratiaque
501 485 620 519 omnia
638 485 800 528 explicet,
828 496 932 529 quam
954 484 1148 527 prudenter

158 542 276 578 omnia
295 538 445 581 colligat,
472 548 560 582 quae
576 536 617 569 ad
638 535 836 569 institutum
853 534 1042 578 pertinent.
1071 532 1148 567 Nisi

160 594 253 628 enim
270 591 313 623 ad
330 587 459 622 horum
478 587 709 620 imitationem
729 593 760 619 te
775 597 978 628 componas,
1005 595 1149 629 prorsus

161 641 378 687 desperanda
396 645 445 672 est
462 645 553 671 recte
566 636 707 670 dicendi
726 635 977 680 iudicandique
992 635 1149 668 facultas.

161 694 344 738 Superest,
377 696 417 723 ut
442 689 636 721 iudicemus
669 693 702 720 et
729 687 874 719 alteram
897 698 1055 726 causam,
1088 696 1150 718 cur

160 742 380 789 eloquentiae
397 739 522 774 stodiis
540 738 710 772 iudicium
730 737 807 770 acui
831 737 1066 771 statuerimus.
1111 735 1149 768 ld

161 807 244 829 vero
263 794 319 833 fit,
346 791 439 837 quod
457 791 545 822 bene
561 788 702 822 dicendi
720 799 802 820 eura
826 800 888 831 per
905 799 978 820 sese
995 786 1148 830 vegetio-

161 858 234 881 rem
249 844 407 878 animum
426 840 560 879 reddit,
583 846 622 872 ut
639 839 722 884 quid
742 838 779 870 in
795 851 933 883 quaque
950 850 986 871 re
1003 837 1152 870 maxime

162 894 361 933 conveniat,
388 898 448 924 aut
466 890 587 935 prosit,
614 890 742 923 rectius
759 889 954 933 perspiciat.
1008 888 1096 922 Nam
1114 894 1153 920 ut

161 956 347 991 corporum
366 943 476 976 robur
494 940 658 974 exercitio
685 940 887 973 confirmari
908 941 1079 979 videmus,
1106 938 1152 970 ita

163 998 238 1032 fieri
265 994 406 1040 nequit,
443 992 530 1037 quin
558 989 747 1024 hebescant
775 1003 895 1024 eorum
923 991 1052 1028 animi,
1092 988 1153 1034 qui

164 1048 264 1082 nullo
291 1044 474 1088 ingenioso
508 1043 628 1075 labore
657 1041 864 1076 excitantur.
917 1041 1060 1074 Nemini
1088 1041 1155 1073 du-

164 1101 263 1133 bium
290 1103 358 1134 est,
386 1094 473 1139 quin
494 1093 645 1126 multum
674 1093 846 1126 conducat
870 1093 1043 1125 bonorum
1069 1090 1156 1123 scri-

165 1156 308 1195 ptorum
332 1146 450 1179 lectio:
480 1143 613 1176 Verum
636 1143 702 1175 nisi
725 1144 767 1175 ad
790 1143 886 1175 illam
903 1142 1081 1176 scribendi
1102 1141 1157 1173 di-

166 1198 338 1243 cendique
357 1195 573 1230 consuetudo
594 1194 791 1233 accesserit,
823 1206 936 1239 neque
962 1192 1156 1237 perspicere

167 1250 250 1286 satis
274 1254 372 1282 acute
397 1246 526 1291 poteris
557 1245 698 1277 illorum
723 1245 912 1277 sententias
936 1255 974 1277 ac
997 1244 1158 1282 virtutes,

168 1312 282 1346 neque
314 1298 432 1332 animo
461 1303 589 1329 certam
621 1295 799 1327 iudicandi
828 1293 1158 1338 commentandique

168 1351 324 1395 regulam
349 1347 543 1391 concipere.
596 1345 786 1388 Propterea
811 1347 852 1378 ad
884 1345 1156 1388 comparandam

168 1412 243 1438 tum
270 1398 458 1445 loquendi,
492 1404 567 1431 tum
596 1396 775 1428 iudicandi
806 1396 1024 1435 facultatem,
1064 1391 1159 1426 nihil

169 1452 316 1499 perinde
341 1448 575 1482 necessarium
602 1453 669 1486 est,
706 1452 810 1490 atque
834 1446 914 1490 styli
944 1445 1160 1478 exercitium.

171 1504 266 1547 Quid
294 1501 388 1534 enim
413 1499 509 1531 aliud
533 1497 673 1530 volebat
691 1495 882 1536 Afranius,
915 1508 994 1528 cum
1018 1496 1160 1537 fingeret

169 1567 237 1589 usu
259 1559 356 1598 patre
380 1549 584 1593 sapientiam
613 1553 816 1591 prognatam
836 1557 925 1587 esse,
948 1558 1052 1591 quam
1077 1545 1160 1578 assi-

171 1607 242 1639 duo
263 1600 403 1635 dicendi
428 1598 758 1642 commentandique
778 1597 895 1630 studio
920 1597 1078 1629 animum
1103 1607 1162 1628 ex—

171 1653 351 1701 pergefteri
369 1662 407 1682 ac
426 1649 583 1683 erudiri?
618 1647 777 1693 Reliquit
795 1648 829 1680 in
847 1660 922 1681 eam
941 1647 1162 1688 sententiam,

172 1707 314 1750 dignam
333 1701 536 1735 memoriam
561 1699 771 1743 posteritatis
789 1711 907 1732 vocem
927 1696 1164 1739 Anaxagoras,

175 1756 241 1803 τὴν
266 1755 393 1800 χεῖρα,
439 1748 573 1797 σοφίας
599 1747 723 1783 αἰτίαν
754 1746 866 1792 εἶναι,
907 1749 1000 1794 quod
1025 1748 1163 1780 videbat

176 1816 266 1841 artes
291 1815 412 1838 omnes
432 1815 496 1835 usu
521 1801 732 1845 comparari,
759 1800 906 1845 ocioque
928 1799 1067 1842 ingenia
1095 1799 1166 1831 sere

177 1858 398 1893 sterilescere.
444 1853 531 1887 Nam
551 1859 587 1885 ut
606 1849 824 1884 mechanicas
841 1858 930 1883 artes
949 1849 1164 1894 experiundo

177 1909 354 1944 discimus,
381 1916 494 1950 neque
512 1903 696 1947 quisquam
718 1909 787 1935 tam
805 1903 948 1934 ‹lemens
965 1908 1026 1940 est,
1055 1900 1114 1944 qni
1133 1911 1167 1932 se

179 1972 258 1994 mox
284 1957 434 2001 Apellen
468 1955 541 1987 sore
569 1953 737 1991 confidat,
771 1953 831 1985 ubi
865 1952 1068 1996 penicillum
1096 1950 1168 1994 pri—

178 2022 274 2044 mum
305 2009 339 2040 in
367 2017 491 2039 manus
516 2003 702 2048 acceperit,
727 2004 773 2036 ita
796 2003 908 2036 multo
928 2015 992 2035 usu
1017 2002 1168 2035 assuefa-

182 2061 302 2094 cienda
322 2069 419 2090 mens
437 2063 503 2095 est,
531 2062 568 2088 ut
585 2066 656 2087 sese
674 2054 786 2087 acrius
805 2055 839 2086 in
859 2054 977 2086 onmia
1001 2053 1169 2085 intendat.

177 2111 304 2155 ‘ltaque
337 2115 471 2141 tantum
507 2106 596 2151 stylo
631 2105 752 2138 tribuit
782 2105 923 2137 Marcus
955 2103 1099 2141 Cicero,
1132 2109 1166 2135 ut

183 2162 355 2206 optimum
382 2166 412 2191 et
444 2156 778 2202 praestantissimum
803 2155 943 2188 dicendi
974 2155 1168 2187 effectorem

184 2226 220 2246 :n-
252 2211 454 2251 magistrum
485 2220 555 2239 esse
584 2207 779 2251 scripserit,
816 2207 1007 2251 solitusque
1040 2206 1083 2238 sit
1111 2216 1172 2248 per

184 2263 317 2299 orium,
354 2260 438 2292 alias
462 2271 478 2289 e
499 2258 642 2290 Graecis
666 2257 792 2291 Latina
816 2259 944 2295 facere,
973 2257 1057 2289 alias
1083 2267 1171 2288 nova

185 2315 329 2351 cudere,
358 2309 671 2345 ati..s‹t‹·ct;·=n:n·‹·,
699 2321 764 2353 qua
792 2308 961 2341 industria
982 2314 1010 2340 et
1040 2306 1170 2351 ingenii

186 2365 255 2396 vim
281 2376 318 2395 ac
345 2363 498 2401 vigorem
532 2360 692 2391 tuebatur
723 2367 755 2392 et
787 2359 1019 2402 locupletabat
1052 2359 1172 2390 [aeun-

187 2416 292 2448 «liam.
346 2414 401 2444 Sic
423 2411 514 2443 enim
536 2411 577 2441 de
594 2422 627 2441 se
648 2410 718 2453 ipse
745 2411 777 2442 in
795 2409 926 2448 Bruto,
952 2422 995 2442 ne
1013 2410 1096 2454 quid
1125 2415 1173 2440 te-

186 2477 279 2499 mere
300 2462 513 2495 comminisci
542 2461 675 2494 videar:
715 2474 777 2493 nos
796 2469 909 2493 autern
936 2473 1006 2493 non
1033 2460 1175 2493 desiste-

188 2518 326 2551 hamus,
355 2527 432 2545 cuin
451 2512 545 2543 ouini
564 2523 687 2550 genere
711 2512 984 2549 exercitationis,
1012 2519 1083 2545 ttnn
1103 2522 1174 2542 ma-

187 2568 278 2600 xime
297 2566 396 2610 stylo,
422 2570 577 2595 nostruin
598 2563 682 2594 illud
702 2563 793 2606 quod
813 2570 895 2599 erat„
924 2575 1047 2604 augere
1064 2574 1175 2606 quau-

188 2627 401 2660 tnmcunth
432 2621 512 2645 erat.
579 2611 831 2645 Demosthenes
867 2614 1072 2657 aliquandiu
1106 2624 1175 2644 tue-

1193 178 1350 219 abdidit,
1382 177 1572 222 feruntque
1594 177 1872 222 pertinacissime
1894 177 2056 212 fraudato
2082 178 2187 222 genio

1195 229 1384 263 lucubrare
1420 228 1576 263 solitum.
1633 226 1767 274 Estque
1801 225 2013 263 Plutarchus
2047 226 2189 270 author,

1197 280 1350 313 lucernis
1373 285 1481 312 noctu
1511 289 1614 312 usum
1644 291 1717 312 esse
1738 279 1914 320 adsiduis,
1945 280 2058 313 donec
2081 279 2189 325 quin-

1198 330 1436 376 quagesimum
1454 341 1587 362 annum
1607 329 1732 373 attigit.
1785 330 1993 377 Didicerunt
2011 330 2105 363 enim
2122 341 2190 364 usu

1199 380 1464 426 prudentissimi
1483 378 1662 419 homines,
1689 392 1794 425 quam
1811 392 1884 414 non
1902 380 2057 423 vulgaris
2078 380 2190 415 artifi-

1200 432 1248 465 cis
1263 432 1325 470 sit,
1353 431 1508 464 dilucide
1523 436 1670 475 apteque
1687 431 1812 464 dicere.
1866 429 1915 465 At
1932 443 1971 464 ex
1989 431 2118 464 nostris
2133 431 2190 464 iu-

1201 483 1350 516 venibus
1393 482 1672 527 quotusquisque
1713 481 1769 514 vel
1810 489 1980 526 perpetuo
2015 481 2190 515 decennio

1199 545 1311 567 unum
1329 533 1481 578 aliquem
1498 532 1711 566 versiculum
1726 532 1878 566 scribere
1898 532 2077 566 instituit?
2111 531 2192 566 Ple-

1201 585 1301 629 rique
1321 583 1620 627 compendiariam
1640 584 1732 616 viam
1749 583 1790 616 ad
1809 584 2091 628 consequendam
2109 594 2192 616 eru-

1203 635 1372 668 ditionem
1391 646 1463 667 esse
1478 640 1640 672 censent,
1665 634 1693 667 si
1710 646 1814 678 quam
1839 633 1990 678 plurima
2013 633 2194 667 audierint

1203 692 1262 719 aut
1277 685 1437 728 legerint.
1467 684 1588 729 Itaque
1604 685 1665 717 alii
1681 690 1773 719 totos
1789 684 1862 717 dies
1879 695 2017 717 sursum
2034 696 2073 718 ac
2089 685 2194 717 deor-

1204 748 1280 769 sum
1296 742 1455 775 currunt,
1471 733 1607 768 scholas
1622 747 1743 768 omnes
1760 741 1972 779 perreptant,
1992 741 2195 779 praecepto·-

1205 798 1258 820 res
1283 786 1410 830 passim
1433 787 1602 829 audiunt,
1631 786 1875 831 miranturque
1892 797 1966 818 non
1987 785 2194 826 intellectos,

1206 838 1332 871 dictata
1347 837 1545 881 excipiunt,
1572 837 1772 870 uncialibus
1788 836 1897 869 literis
1919 833 2083 870 elenchos
2100 846 2198 869 eom-⁴

1205 887 1459 921 mentariorum
1481 894 1623 927 notant,
1650 887 1762 920 minio
1782 887 1967 920 illustrant.
2022 885 2062 920 ln
2080 886 2197 931 precio

1207 946 1289 973 sunt
1303 938 1526 982 interpretes,
1550 938 1610 982 qui
1628 949 1732 982 quam
1757 938 1908 981 plurima
1926 938 2092 971 dictando
2109 943 2198 970 tem-

1209 1001 1273 1034 pus
1298 982 1506 1026 extraliunt,
1539 1000 1602 1021 nec
1623 988 1808 1033 quisquam
1830 988 1971 1021 semisse
1995 995 2198 1032 praecepto-

1208 1053 1281 1074 rem
1298 1039 1432 1078 emerit,
1461 1039 1521 1084 qui
1538 1040 1581 1071 ab
1599 1036 1663 1071 hac
1677 1039 1933 1072 consuetudine
1950 1039 2004 1072 vel
2021 1046 2201 1073 transver-

1209 1103 1285 1124 sum
1303 1102 1455 1133 unguem
1473 1089 1680 1123 discesserit.
1734 1088 1891 1123 Rursum
1909 1089 1969 1122 alii
1988 1090 2094 1123 domo
2114 1100 2200 1122 nus—

1211 1154 1314 1187 quam
1341 1141 1463 1185 pedem
1491 1141 1690 1184 proferunt,
1718 1140 1888 1185 librisque
1905 1151 1941 1173 se
1958 1147 2126 1185 tanquam
2144 1139 2201 1183 pi-

1210 1193 1321 1225 strino
1354 1191 1493 1225 cuidam
1523 1191 1710 1232 addicunt,
1744 1188 1880 1225 chartas
1908 1191 2057 1224 volvunt
2080 1201 2119 1223 ac
2146 1202 2202 1223 re-

1212 1243 1378 1283 volvunt,
1404 1243 1525 1275 beatos
1548 1253 1582 1274 se
1605 1248 1749 1285 putant,
1776 1241 1836 1274 ubi
1855 1241 2013 1286 quotidie
2034 1251 2202 1283 magnum

1213 1305 1399 1327 numerum
1423 1290 1622 1326 chartarum
1646 1292 1895 1336 percurrerint.
1948 1289 2006 1325 An
2025 1303 2097 1325 non
2114 1291 2204 1325 utri-

1214 1357 1280 1389 que
1315 1344 1433 1376 miseri
1470 1344 1654 1381 videntur,
1701 1355 1778 1376 cum
1813 1349 1912 1376 tanto
1948 1343 2085 1383 labore,
2124 1349 2204 1376 tan-

1213 1402 1317 1439 taque
1355 1393 1569 1427 valetudinis
1606 1393 1736 1426 iactura
1773 1393 1932 1437 desipere
1975 1400 2111 1427 tantum
2148 1393 2206 1426 di-

1215 1451 1323 1478 scant.
1378 1443 1538 1477 Primum
1557 1443 1650 1476 enim
1669 1443 1736 1475 nisi
1754 1444 1844 1488 stylo
1862 1443 2030 1477 excitetur
2052 1443 2204 1484 animus,

1217 1506 1276 1539 per
1303 1505 1374 1527 sese
1402 1492 1574 1527 hebescit:
1610 1494 1738 1527 deinde
1768 1506 1846 1527 cum
1876 1494 2062 1528 immodica
2087 1506 2123 1528 se
2150 1495 2204 1527 vel

1216 1544 1489 1585 auscultatione,
1516 1544 1569 1577 vel
1596 1544 1744 1577 lectione
1768 1545 1945 1584 obruunt,
1980 1545 2205 1588 ingeniorum

1217 1597 1323 1629 aciem
1336 1622 1344 1635 ‚
1367 1595 1393 1627 si
1410 1606 1477 1640 qua
1495 1594 1660 1637 contigit,
1687 1595 1903 1628 obtundunt.
1942 1594 2014 1629 Iam
2033 1603 2064 1629 et
2082 1597 2205 1630 iudicii

1218 1646 1335 1690 inopia
1361 1646 1418 1685 fit,
1454 1652 1492 1678 ut
1518 1646 1589 1678 sere
1616 1646 1763 1688 pessima
1793 1658 1950 1691 quaeque
1982 1647 2208 1691 cupidissime

1218 1697 1363 1731 audiant
1396 1708 1434 1729 ac
1467 1696 1600 1739 legant,
1635 1708 1679 1729 ne
1710 1709 1780 1729 non
1818 1697 1927 1730 multa
1961 1705 2207 1741 pervagentur.

1221 1748 1320 1791 Quos
1347 1747 1374 1780 si
1405 1746 1482 1791 quis
1515 1758 1576 1779 ceu
1613 1747 1757 1780 domum
1793 1755 1972 1781 revocatos
2006 1749 2209 1793 interroget,

1221 1799 1305 1843 qnid
1338 1795 1402 1830 hac
1422 1797 1579 1829 discendi
1609 1798 1744 1830 ratione
1775 1805 1982 1843 sequantur,
2018 1800 2096 1844 quis
2120 1801 2209 1839 finis,

1220 1861 1309 1894 quae
1328 1855 1416 1882 meta
1434 1848 1551 1881 animo
1577 1849 1754 1892 proposita
1772 1849 1834 1886 sit,
1864 1849 2033 1893 intelliget
2051 1862 2124 1883 non
2145 1851 2211 1884 ali-

1222 1908 1272 1934 ter
1303 1912 1341 1932 ac
1372 1906 1487 1931 mente.
1518 1905 1652 1941 captos,
1687 1899 1771 1943 quid
1805 1907 1907 1941 agant
1940 1901 2084 1936 nescire.
2138 1901 2208 1935 Nec

1222 1951 1315 1984 enim
1334 1950 1386 1982 vel
1406 1950 1607 1989 sententias,
1631 1950 1684 1982 vel
1707 1961 1903 1983 sermonem
1922 1951 2131 1994 scriptorum
2146 1953 2211 1986 ob-

1222 2009 1372 2037 servant,
1400 2013 1476 2033 cuin
1498 2000 1659 2033 imitandi
1676 2013 1757 2034 cura
1777 2007 1908 2034 vacent.
1950 2001 2105 2035 'l'antum
2126 2015 2211 2036 ocu-

1223 2053 1265 2085 lis
1282 2052 1496 2095 auribusque
1523 2051 1705 2093 negocium
1728 2051 1878 2091 faciunt,
1906 2052 2046 2085 animus
2069 2053 2209 2087 interim

1226 2102 1495 2146 Epi·u‹=ni‹t‹==1=n
1519 2103 1694 2146 quenulam
1719 2113 1881 2134 somnum
1899 2103 2046 2137 dormit:
2074 2111 2106 2137 et
2131 2116 2210 2138 cum

1225 2154 1361 2186 nullutn
1386 2160 1517 2185 certum
1542 2152 1717 2197 exemplar
1737 2153 1931 2196 exprimere
1957 2155 2137 2193 studeant.
2163 2155 2212 2195 fit,

1226 2211 1260 2238 ut
1279 2211 1306 2237 et
1328 2204 1467 2236 dicendi
1490 2210 1521 2236 et
1542 2203 1718 2236 indicandi
1738 2204 1826 2237 ratio
1843 2206 2064 2248 depravetur.
2119 2205 2214 2239 Gra-

1227 2256 1358 2288 tnlatur
1382 2255 1446 2287 sibi
1468 2252 1719 2288 Demosthenes
1735 2256 1826 2298 apud
1847 2253 2082 2289 Athenienses
2098 2257 2214 2291 dictu-

1228 2318 1306 2343 rus,
1339 2307 1431 2351 quod
1453 2305 1515 2349 ipsi
1534 2317 1594 2348 per
1610 2317 1681 2337 sese
1699 2318 1787 2350 quae.
1810 2307 1939 2350 optima
1965 2307 2032 2341 sint
2058 2315 2212 2343 cernant.

1199 2388 1202 2395 ,
1229 2356 1271 2391 ΑΙ
1291 2370 1353 2389 nos
1370 2357 1448 2402 styli
1467 2356 1666 2389 exercitium
1687 2357 1927 2400 praedicamus
1944 2355 2015 2397 his,
2043 2358 2101 2403 qui
2120 2371 2214 2392 nun-

188 2669 352 2702 ditantlae
379 2664 548 2698 orationis
580 2676 679 2695 causa
705 2676 738 2695 se
773 2664 804 2695 iu
833 2676 972 2706 specum
1000 2664 1175 2709 quendam
1202 2663 1204 2668 ’

1228 2421 1331 2453 quani
1356 2407 1549 2451 pericnlum
1577 2407 1624 2439 rei
1650 2408 1824 2445 fecerunt.
1852 2420 1914 2441 ner¹
1936 2410 2214 2448 commodorum,

1229 2471 1316 2503 qnae
1339 2472 1454 2491 secuto
1473 2456 1556 2490 haee
1575 2459 1774 2491 exercitatio
1794 2459 1923 2498 adfert,
1952 2459 2021 2492 vim
2047 2461 2215 2504 amplitu-

1229 2510 1418 2554 dinemque
1437 2509 1489 2542 vel
1509 2521 1568 2553 per
1593 2516 1818 2543 transennam
1837 2510 2020 2546 viderunt.
2049 2524 2118 2556 quo
2142 2524 2217 2544 ma-

1230 2561 1279 2601 gis
1304 2569 1440 2598 metuo,
1476 2573 1517 2592 ne
1541 2573 1663 2603 partun
1690 2561 1767 2593 sulei
1794 2558 1916 2593 haheat
1940 2562 2052 2595 oratio
2086 2569 2217 2602 nostra,

1230 2624 1307 2644 cum
1332 2613 1420 2656 stylo
1447 2618 1580 2644 tantuin
1606 2611 1806 2645 tribuimus.
1862 2610 1991 2645 Verum
2017 2613 2044 2645 si
2069 2614 2147 2658 quis
2169 2621 2217 2647 est

1231 2675 1303 2695 non
1331 2664 1432 2707 plane
1463 2662 1606 2707 iniquus
1632 2661 1763 2700 Musis„
1800 2662 1826 2694 is
1849 2663 1940 2706 apud
1968 2675 2001 2696 se
2033 2665 2215 2708 expendat.
