2338 2958
58 591 69 595 *
98 603 258 638 quaeque
282 592 451 635 excerpsit
473 604 513 625 ex
534 590 691 625 historiis
712 590 896 626 Romanis.

99 103 175 142 445

99 203 179 226 rum
196 199 314 223 causas
330 184 552 221 considerare
569 194 701 232 posset:
727 199 808 221 nam
830 185 914 222 haec
930 187 1086 231 exempla

99 239 303 288 praesertim
336 236 519 281 Principes
546 250 690 272 monere
720 240 763 272 de
797 239 957 283 plurimis
982 238 1086 271 rebus

98 295 256 338 possunt.
306 286 495 322 Contexuit
517 288 624 331 igitur
649 287 860 333 Rodolphus
891 288 1087 322 eruditissi-

98 353 192 376 mam
213 338 391 383 epitomen
414 351 453 372 ex
477 338 605 373 Bibliis
631 346 664 373 et
684 339 885 380 Herodoto,
920 341 963 373 de
978 337 1087 384 Assy-

97 391 232 425 riorum
257 396 289 423 et
313 388 498 423 Persarum
516 390 682 435 imperio,
712 391 754 424 de
771 390 934 424 civilibus
953 391 1087 424 discor-

97 441 167 476 diis
186 439 402 474 Graecarum
420 440 599 474 civitatum
625 453 664 474 ex
682 438 892 486 Thucydide
915 447 947 474 et
965 440 1087 473 Xeno-

96 489 251 536 phonte,
286 491 329 523 de
351 488 517 535 Philippo
543 498 575 525 et
599 490 801 525 Alexandro
825 497 857 524 et
880 490 1087 524 successori-

96 542 165 576 bus
198 554 238 574 ex
260 539 420 575 Diodoro
451 548 484 575 et
507 541 668 586 Polybio.
727 540 866 575 Deinde
899 541 1087 574 lectissima

949 591 1089 625 Postre-

99 655 158 676 mo
178 649 211 675 et
230 641 434 676 Germanici
454 642 551 685 regni
569 654 622 675 res
638 643 838 686 praecipuas
854 642 1003 685 collegit.
1036 639 1089 675 Ac

98 693 139 726 in
165 705 204 726 eo
230 693 359 736 scripto
382 705 455 726 non
477 693 591 726 solum
616 692 809 733 laboravit,
841 699 881 726 ut
898 704 952 725 res
976 700 1090 726 tantas

96 744 281 788 perspicue
306 749 485 783 narraret,
516 743 575 775 sed
602 743 703 775 etiam
728 750 765 776 ut
784 743 897 776 obiter
915 744 1086 786 legentem

98 793 300 838 Principem
324 794 489 838 pleraque
511 800 686 826 moneret:
721 806 789 838 qua
814 794 851 826 in
871 805 908 826 re
926 794 1089 837 apparuit

99 856 179 878 eum
205 856 277 877 non
299 844 404 877 modo
429 844 559 884 literis,
586 845 644 877 sed
668 844 771 877 etiam
789 844 883 877 civili
901 844 1088 888 prudentia

98 895 276 929 excellere.
335 894 405 927 Sed
428 906 506 927 cum
536 894 603 927 iam
625 901 716 928 aetas
739 895 981 936 maturuisset,
1009 907 1088 928 cum

98 945 168 978 iam
203 944 466 978 lucubrationes
499 941 712 989 theologicas
748 943 965 986 inchoasset,
1016 957 1089 978 non

97 995 252 1029 multum
283 1006 386 1038 supra
417 995 722 1039 quadragesimum
757 1008 888 1029 annum
924 1008 1090 1040 egressus,

97 1096 160 1130 tali
186 1095 322 1129 laeticia
348 1097 516 1129 donatum
543 1108 632 1136 esse,
658 1109 736 1129 cum
762 1097 918 1139 legamus
937 1109 1015 1130 eum
1036 1097 1090 1140 pie

98 1145 245 1180 sensisse
272 1147 314 1179 de
338 1143 500 1186 Christo,
527 1158 565 1178 ac
590 1147 704 1179 studia
720 1147 762 1179 ad
784 1147 930 1190 gloriam
946 1146 1013 1180 Dei
1029 1149 1091 1179 de-

101 1197 267 1237 stinasse,
302 1203 335 1230 et
357 1208 472 1229 mores
497 1197 604 1230 fuisse
628 1197 704 1241 pios
721 1204 753 1230 et
778 1195 944 1231 honestos
967 1198 1090 1231 audia-

99 1259 192 1281 mus.
245 1246 390 1280 Habetis
406 1244 589 1280 historiam
609 1248 701 1280 vitae
720 1246 916 1291 Rodolphi.

201 1297 305 1331 Nunc
330 1297 505 1342 reliquum
528 1304 596 1338 est,
630 1304 668 1330 ut
693 1298 771 1331 talis
798 1299 864 1331 viri
885 1298 1088 1331 memoriam

100 1348 189 1391 grati
215 1348 437 1382 conservetis.
485 1346 655 1390 Cogitetis
673 1355 843 1393 quantum
863 1349 970 1382 suerit
984 1361 1090 1381 orna-

100 1405 257 1431 mentum
278 1397 509 1437 Germaniae,
530 1410 634 1442 quam
653 1399 741 1431 bene
757 1399 800 1431 de
815 1399 926 1432 literis
947 1399 1091 1432 meritus

100 1449 156 1483 sit.
216 1447 356 1480 Primus
379 1448 471 1481 enim
498 1448 534 1480 in
559 1447 750 1482 Germania
775 1451 959 1483 emendare
984 1461 1092 1492 genus

101 1499 273 1532 sermonis
299 1498 432 1542 coepit,
467 1506 499 1531 et
523 1499 681 1532 accendit
706 1499 852 1533 Latinae
877 1507 910 1533 et
937 1499 1091 1533 Graecae

101 1550 242 1592 linguae
267 1549 398 1582 studia:
434 1561 540 1593 quare
567 1550 597 1582 ei
626 1549 817 1593 plurimum
841 1562 961 1583 omnes
984 1550 1091 1582 debe-

100 1611 191 1634 mus.
270 1598 520 1632 Adulescentes
554 1599 657 1633 etiam
691 1600 766 1632 eius
800 1600 973 1633 admoniti
1016 1607 1090 1633 tum

101 1649 268 1692 exemplis
291 1656 364 1681 tum
386 1649 506 1689 dictis,
540 1650 749 1692 prudentius
781 1651 823 1683 de
846 1651 973 1684 studiis
998 1650 1092 1684 iudi-

101 1712 178 1734 care
203 1699 340 1732 discant
362 1706 396 1733 et
419 1699 527 1743 ipsius
551 1700 734 1733 imitentur
751 1701 968 1744 diligentiam
991 1708 1022 1734 et
1037 1703 1090 1733 s‘e-

101 1750 284 1784 dulitatem
297 1775 305 1788 ,
331 1762 396 1794 qua
416 1750 670 1783 infirmioribus
687 1751 836 1793 ingeniis
854 1752 964 1785 multo
983 1752 1092 1794 magis
1115 1752 1117 1759 ¹

101 1813 190 1846 opus
217 1807 283 1838 est,
313 1812 416 1844 quarn
434 1801 502 1833 illis
528 1798 678 1834 heroicis
700 1802 852 1841 naturis,
880 1802 1028 1846 quibus,
1054 1808 1091 1834 ut

102 1852 150 1885 ita
178 1851 310 1890 dicam,
345 1850 453 1884 multa
482 1851 696 1893 proveniunt
728 1848 901 1896 ἀνήροτα.
964 1851 1091 1885 Consi—

64 1936 67 1939 ,
104 1902 192 1934 lium
209 1901 312 1933 etiam
332 1900 440 1943 ipsius
457 1901 494 1932 in
513 1902 639 1934 studiis
662 1903 900 1941 considerare,
928 1903 1021 1947 quod
1040 1901 1092 1933 vi-

103 1951 230 1985 delicet
246 1963 317 1983 non
336 1951 482 1983 divulsit
497 1957 586 1984 artes
604 1959 726 1985 natura
752 1953 947 1996 copulatas,
974 1965 1091 1985 rerum

104 2002 300 2036 doctrinam
328 2008 358 2033 et
383 2001 638 2045 eloquentiam,
670 2003 727 2035 sed
749 2002 783 2035 iu
804 2010 953 2048 utroque
968 2014 1092 2046 genere

101 2064 236 2087 summa
252 2051 362 2084 animi
378 2058 481 2096 atque
497 2052 629 2095 ingenii
648 2054 873 2087 contentione
891 2053 1093 2094 elaboravit,

101 2104 197 2149 quod
230 2109 271 2136 ut
304 2113 366 2134 vos
394 2115 534 2147 quoque
555 2103 706 2144 faciatis,
739 2111 909 2148 quantum
940 2116 1092 2148 possum,

102 2165 223 2187 omnes
247 2150 426 2187 adhortor.
486 2151 533 2187 Et
564 2154 599 2186 in
624 2151 691 2187 hoc
718 2154 876 2188 instituta
903 2163 984 2189 sunt
1009 2152 1091 2187 haec

105 2201 309 2237 scholastica
332 2203 515 2244 exercitia,
547 2204 638 2237 utin
655 2212 804 2249 utroque
830 2217 954 2249 genere
973 2205 1092 2238 elabo—

103 2266 241 2294 remus,
269 2254 360 2297 quod
387 2254 527 2298 quidem
544 2267 583 2288 eo
604 2255 802 2288 faciendum
823 2263 890 2297 est,
917 2263 955 2290 ut
970 2254 1091 2289 Eccle-

103 2304 174 2338 siae
190 2316 228 2338 ac
243 2302 396 2346 Reipub.
419 2305 500 2338 usui
523 2316 594 2339 esse
611 2307 796 2350 possimus,
849 2305 937 2340 Nam
955 2318 1018 2340 nec
1034 2318 1089 2339 re-

102 2367 181 2389 rum
198 2354 351 2397 cognitio
370 2361 461 2387 recte
485 2357 680 2399 comparari
698 2364 808 2400 potest
831 2357 906 2390 sine
923 2357 1091 2391 exercita-

100 2405 198 2440 tione
217 2404 377 2444 dicendi,
405 2417 468 2437 nec
483 2406 640 2441 destituti
660 2408 782 2447 rebus,
814 2408 930 2441 idonei
947 2413 1030 2442 sunt
1045 2409 1087 2441 ad

102 2456 190 2490 seria
215 2455 357 2499 negocia
380 2455 597 2499 explicanda.
647 2457 778 2499 Porro,
806 2459 833 2491 si
853 2459 1005 2493 officium
1025 2470 1090 2491 no-

102 2514 211 2541 strum
235 2507 422 2550 diligenter
447 2507 651 2546 fecerimus,
687 2507 782 2542 Deus
815 2509 917 2541 etiam
950 2509 1088 2543 ornabit

102 2569 166 2590 nos
199 2557 378 2602 praemiis:
428 2564 467 2591 ut
496 2556 688 2599 Ecclesias,
723 2559 769 2593 ita
808 2557 963 2601 scholas,
1000 2572 1088 2606 quae

102 2614 184 2641 sunt
198 2608 383 2652 praecipua
395 2619 474 2651 pars
484 2605 678 2649 Ecclesiae,
693 2611 932 2649 conservabit,
952 2611 1085 2645 etiamsi

100 2658 325 2702 negliguntur
339 2659 383 2692 ab
400 2659 460 2700 iis,
485 2659 546 2704 qui
561 2667 750 2704 praesunt,
774 2660 988 2707 quiquidem
1006 2663 1086 2696 lon-

669 99 827 140 DECL.
878 99 952 136 DE
1005 101 1147 138 VITA
1194 102 1538 142 AUGUSTINI.

1116 1855 1117 1861 ¹
1142 1850 1235 1883 tibus
1255 1849 1517 1893 disputationes.

2048 106 2121 141 446

1138 200 1177 232 ge
1195 196 1323 223 errant.
1375 188 1524 234 Propter
1545 187 1719 224 Ecclesias
1745 197 1776 225 et
1794 188 1948 230 scholas,
1977 191 2062 235 ipsi,
2089 199 2122 226 et

1138 239 1280 283 politiae
1297 247 1491 274 servantur.
1543 241 1662 284 Quare
1687 242 1838 275 vicissim
1856 241 1960 274 nobis
1977 242 2122 284 gratiam

1139 290 1266 322 referre
1290 290 1480 323 debebant:
1507 293 1600 336 quod
1620 293 1648 325 si
1672 305 1743 326 non
1760 293 1905 330 sacient,
1933 291 2028 325 Deus
2043 293 2122 324 illos

1139 340 1260 384 puniet
1287 346 1319 372 et
1345 346 1459 373 tamen
1477 342 1628 386 aliquem
1643 350 1783 387 portum
1801 342 1995 383 Ecclesiae,
2022 340 2124 375 scho-

1139 391 1180 423 lis
1206 397 1238 424 et
1263 397 1382 423 nostro
1408 391 1525 424 ordini
1552 395 1728 434 ostendet,
1762 394 1852 428 sicut
1876 394 2051 437 promisit:
2078 392 2123 426 Se

1140 453 1211 473 non
1234 442 1438 474 defuturum
1462 442 1523 480 iis,
1557 443 1616 486 qui
1642 444 1837 477 doctrinam
1856 443 2031 478 Ecclesiae
2053 443 2125 477 uti-

1140 492 1207 524 lem
1227 502 1419 535 propagare
1438 499 1470 526 et
1489 504 1615 526 ornare
1629 495 1782 528 student.
1835 494 1931 528 Dixi.

1152 673 1217 708 No.
1243 672 1304 708 58.
1949 689 1996 706 an.
2021 678 2114 709 1539.

1146 720 1316 734 ῸΝ
1924 723 2127 740 m

1388 774 1463 817 De
1490 777 1585 816 vita
1611 774 1794 833 Anyusl
1801 775 1880 817 ini.

1210 854 1288 888 Apud
1309 855 1381 882 Crat.
1402 854 1470 889 Myt.
1490 865 1515 888 p.
1528 856 1576 880 291
1593 866 1666 890 sqq„
1686 856 1712 881 in
1733 856 1856 883 Declam.
1874 856 1905 882 T.
1921 855 1955 881 11.
1969 854 2080 890 p.263.‚
2099 853 2128 880 in

1242 889 1355 915 Servest.
1370 888 1404 915 ll.
1423 898 1448 923 p.
1463 890 1523 915 257.
1549 895 1574 915 et
1595 900 1636 924 ap.
1657 890 1774 916 Richard
1792 890 1837 917 Ill.
1857 900 1882 925 p.
1899 891 1959 916 651.

1141 969 1267 1002 Oratio
1297 967 1342 1002 de
1369 971 1447 1002 vita
1473 968 1549 1003 dive·
1576 970 1852 1016 Augustini,
1880 980 2004 1004 mense
2024 971 2143 1012 Sept.

119 1046 159 1079 eb
187 1043 243 1078 sb
273 1057 304 1077 m
331 1046 385 1078 n’s
433 1057 498 1077 ·em
529 1053 541 1079 t
637 1053 647 1080 t
704 1046 725 1075 q
878 1047 884 1053 .
945 1048 953 1054 .
1073 1018 1272 1073 -3ltc1bc'ta
1317 1030 1339 1053 a
1377 1022 1516 1053 Ioanne
1555 1024 1707 1055 Saxone
1746 1022 1997 1062 Holsatiensi,
2045 1029 2130 1053 cum

97 1058 116 1079 r
164 1058 184 1078 ¹¹
247 1058 269 1078 u
309 1058 325 1078 ²¹
358 1059 365 1077 ¹
403 1058 441 1078 θλ
503 1058 524 1090 p
545 1058 583 1078 ¹²⁵
599 1058 660 1081 ‘³⁵'
701 1058 812 1090 ”pem
829 1059 922 1080 emm
944 1059 1072 1079 1mmor
1115 1073 1117 1094 1
1142 1071 1278 1104 iterum
1309 1070 1527 1105 decerneret
1549 1071 1767 1116 quibusdam
1789 1072 1955 1106 honestis
1978 1074 2015 1104 et
2042 1081 2130 1103 eru-

1115 1119 1234 1154 ‘ditis
1266 1120 1460 1156 iuvenibus
1493 1124 1708 1169 Blayisterit'
1748 1124 1923 1165 titulum,
1959 1123 1999 1156 in
2033 1121 2130 1155 Λεα-

1427 1172 1552 1207 demia
1584 1173 1846 1220 Vneberyensi.

1140 1236 1265 1276 Video
1283 1255 1417 1276 morem
1437 1257 1508 1278 esse
1526 1242 1683 1287 scholae,
1710 1252 1751 1279 ut
1766 1244 1855 1279 mihi
1872 1246 2013 1291 quidem
2032 1245 2129 1277 vide-

1141 1302 1218 1334 tur,
1253 1294 1356 1327 laude
1382 1295 1544 1338 dignum,
1579 1303 1619 1330 ut
1642 1297 1679 1329 in
1705 1294 1759 1330 his
1785 1297 2026 1341 congressibus
2045 1295 2130 1329 alias

1142 1347 1184 1377 de
1206 1345 1334 1377 artium
1364 1352 1425 1378 aut
1454 1347 1623 1379 virtutum
1654 1347 1824 1389 dignitate
1857 1348 2010 1388 dicatur,
2044 1347 2130 1382 alias

1141 1393 1309 1428 historiae
1325 1395 1498 1428 clarorum
1518 1397 1673 1429 virorum
1691 1398 1901 1437 recitentur,
1930 1410 2018 1443 quae
2036 1399 2129 1432 mul-

1142 1453 1175 1480 ta
1192 1453 1340 1479 monent
1362 1446 1579 1479 iuventutem
1598 1448 1652 1480 vel
1677 1449 1719 1480 de
1737 1449 1862 1482 studiis
1882 1449 1938 1482 vel
1958 1450 2000 1482 de
2017 1449 2129 1482 mori-

1142 1498 1217 1529 bus.
1272 1495 1359 1529 Cum
1384 1504 1499 1530 autem
1524 1499 1566 1530 de
1589 1498 1798 1531 artibus'alii
1816 1511 1916 1543 saepe
1934 1500 2131 1533 luculenter

1142 1546 1311 1584 dixerint,
1341 1558 1490 1591 quorum
1511 1559 1588 1580 cum
1605 1549 1649 1582 sit
1664 1549 1775 1582 oratio
1794 1551 1932 1583 subtilis
1949 1557 1981 1584 et
1998 1557 2129 1594 arguta,

1141 1597 1250 1639 magis
1275 1597 1401 1629 idonea
1428 1603 1478 1631 est
1502 1598 1572 1630 illis
1597 1599 1770 1640 materiis,
1801 1612 1903 1645 quam
1928 1613 2023 1642 mea,
2049 1613 2130 1634 rur-

1141 1660 1199 1681 sus
1215 1647 1326 1689 delegi
1341 1645 1521 1681 historiam
1534 1675 1543 1689 ,
1571 1661 1643 1681 non
1663 1661 1701 1682 eo
1718 1657 1872 1692 tantum,
1900 1652 1993 1696 quod
2013 1664 2129 1684 exem-

1141 1699 1199 1742 pla
1224 1699 1387 1741 prodesse
1410 1698 1584 1733 iuventuti
1609 1706 1743 1738 statuo,
1775 1703 1836 1734 sed
1852 1702 1954 1735 etiam
1970 1703 2015 1734 ob
2039 1700 2129 1736 hanc

1141 1761 1299 1788 causam,
1332 1749 1427 1793 quod
1450 1746 1517 1799 lio-c
1540 1761 1649 1793 genus
1675 1752 1918 1785 narrationum
1943 1750 2030 1785 mihi
2050 1753 2129 1797 qui-

1142 1801 1221 1832 dem
1238 1805 1352 1832 texere
1377 1799 1514 1832 facilius
1539 1808 1608 1839 est,
1637 1813 1742 1845 quam
1761 1802 1839 1835 illas
1857 1810 1994 1845 argutas
2012 1804 2054 1836 de
2071 1815 2129 1836 ar-

1570 1849 1622 1884 Ac
1640 1863 1695 1884 me
1712 1864 1824 1896 nuper
1839 1853 1913 1886 dies
1929 1851 2128 1896 Augustino

1142 1900 1296 1940 dicatus,
1338 1900 1547 1943 cogitantem
1577 1902 1620 1934 de
1652 1902 1761 1946 ipsius
1783 1903 1941 1946 ingenio,
1984 1904 2130 1948 pietate,

1141 1950 1297 1994 scriptis,
1326 1951 1530 1991 admonuit,
1558 1953 1600 1984 de
1625 1952 1700 1996 ipso
1718 1960 1755 1986 ut
1775 1954 1923 1987 maxime
1941 1954 2129 1987 dicendum

1141 2008 1311 2046 putarem.
1374 1999 1517 2045 Opinor
1547 2014 1669 2035 omnes
1703 2004 1778 2046 pios
1801 2005 1931 2049 ubique
1957 2012 2130 2038 terrarum

1143 2050 1248 2085 huius
1284 2051 1352 2084 viri
1386 2053 1629 2085 recordatione
1662 2053 1837 2087 delectari.
1907 2055 1975 2089 Sed
2005 2056 2042 2087 in
2065 2054 2130 2088 hac

1142 2100 1259 2136 schola
1284 2103 1469 2146 praecipue
1487 2111 1618 2146 gratam
1643 2104 1716 2137 eius
1734 2105 1949 2138 mentionem
1974 2118 2045 2139 esse
2069 2107 2130 2139 de-

1143 2160 1211 2193 cet,
1239 2153 1275 2185 in
1298 2165 1366 2198 qua
1387 2151 1606 2195 Augustinus
1623 2155 1721 2199 quasi
1743 2162 1882 2189 renatus
1907 2163 1974 2195 est,
2001 2163 2035 2189 et
2055 2157 2130 2189 eius

1141 2203 1320 2244 doctrina,
1347 2216 1435 2248 quae
1457 2203 1562 2238 iacuit
1587 2205 1712 2238 obruta
1731 2207 1948 2239 densissimis
1965 2207 2130 2248 tenebris,

1141 2267 1213 2287 non
1238 2255 1351 2287 solum
1371 2254 1528 2287 restituta
1545 2261 1612 2294 est,
1640 2257 1698 2288 sed
1725 2257 1828 2289 etiam
1847 2258 1967 2290 lumen
1983 2258 2128 2302 accepit:

1141 2317 1229 2350 quae
1244 2317 1322 2338 cum
1340 2305 1382 2337 sit
1399 2305 1589 2338 necessaria
1608 2303 1799 2347 Ecclesiae,
1826 2308 1950 2341 merito
1961 2306 2129 2351 Augusti-

1141 2368 1224 2389 num
1243 2367 1360 2388 amare
1377 2356 1561 2396 debemus,
1585 2357 1645 2400 qni
1663 2357 1844 2391 coelestem
1866 2359 1966 2391 illum
1988 2356 2130 2393 thesau-

1141 2419 1216 2440 rum
1234 2407 1420 2450 praecipue
1437 2407 1667 2441 conservaxit.
1713 2406 1759 2441 Et
1777 2407 1942 2442 nonnihil
1962 2407 2128 2443 historiae

1140 2457 1292 2500 cognitio
1316 2456 1485 2490 momenti
1509 2458 1642 2497 adfert,
1669 2458 1970 2501 adintelligendas
1986 2467 2128 2494 contro-

1139 2508 1285 2547 versias,
1313 2519 1401 2552 quae
1420 2508 1463 2539 ab
1481 2519 1520 2540 eo
1539 2514 1741 2542 tractantur.
1793 2510 1830 2543 Si
1848 2511 1884 2542 in
1903 2511 2030 2544 talibus
2049 2523 2126 2554 spe-

1139 2559 1280 2591 ctaculis
1310 2570 1387 2591 cum
1414 2559 1563 2603 quadam
1594 2559 1848 2603 approbatione
1875 2561 2014 2594 auditae
2045 2567 2126 2594 sunt

1138 2607 1305 2643 historiae
1341 2608 1499 2642 Platonis
1533 2615 1567 2643 et
1599 2607 1816 2651 Aristotelis,
1856 2619 1985 2656 quanto
2016 2610 2125 2653 magis

1137 2661 1301 2694 convenit
1316 2660 1432 2694 favere
1447 2660 1687 2695 adserentibus
1701 2661 1758 2705 pia
1781 2661 1934 2705 exempla
1951 2662 2126 2704 guberna-
