2338 2958
217 114 292 151 247

219 199 303 233 vitia
317 206 410 235 sunt.
462 198 626 243 Plerique
643 209 696 230 res
713 207 799 241 quas
813 195 1022 240 profitentur
1036 207 1109 229 non
1125 194 1208 229 satis

220 257 319 285 notas
343 248 558 289 habuerunt,
594 247 770 292 plerisque
793 247 883 281 ratio
909 247 1059 281 docendi
1085 246 1208 287 defuit,

221 308 255 335 et
276 301 306 334 si
334 313 449 334 rerum
473 298 597 343 peritia
620 310 691 331 non
718 297 886 338 desuerit,
909 309 978 343 qua
997 299 1040 330 de
1058 309 1094 330 re
1113 308 1207 331 nunc

219 351 360 395 longius
381 350 449 383 dici
473 361 546 382 non
571 355 694 392 potest.
746 347 892 382 Hesiodi
911 355 1026 381 autem
1047 348 1146 392 prior
1165 347 1209 380 li-

221 403 334 435 bellus
359 409 451 435 totus
473 397 603 444 ἠθικὰς
627 406 693 440 est,
720 399 893 443 posterior
915 401 999 432 dum
1018 398 1208 441 agricultu-

222 465 280 486 rae
307 457 486 495 praecepta
518 451 641 490 tradit,
677 456 775 483 ortus
806 457 839 483 et
867 460 1008 483 occasus
1040 449 1208 486 siderum,

221 503 400 547 multaque
423 501 491 534 alia
515 513 603 546 quae
620 501 661 534 ad
682 507 841 534 naturam
861 500 1137 543 cognoscendam
1157 499 1208 531 sa-

222 554 340 593 ciunt,
367 552 620 596 complectitur.
674 550 878 596 Requiretis
900 551 1008 593 igitur
1031 562 1070 583 ex
1090 549 1208 593 priore

222 604 343 636 libello
366 615 505 636 morum
533 609 731 646 praecepta,
759 601 925 646 quoniam
950 601 1016 633 nisi
1036 601 1138 633 certis
1157 600 1209 632 le-

221 654 323 697 gibus
344 662 377 688 et
401 654 585 687 sententiis
608 653 732 685 moniti
758 659 789 685 et
813 651 1022 691 adsuefacti,
1061 648 1209 684 honesta

220 717 238 737 a
265 704 429 748 turpibus
451 705 647 737 discernere
665 703 910 742 didicerimus,
940 709 973 735 et
991 701 1151 745 amplecti
1171 713 1209 734 ea

222 768 311 800 quae
333 756 476 795 decent,
504 755 622 798 sugere
639 754 811 787 contraria
829 764 1016 791 conemur,
1043 759 1135 785 recte
1153 751 1210 784 in-

221 806 319 839 stitui
352 807 420 839 vita
452 818 525 838 non
560 812 682 849 potest.
743 803 1019 837 Honestissimae
1051 813 1209 848 quaeque

221 857 514 901 gravissimaeque
540 858 583 888 de
607 855 774 888 omnibns
797 854 921 888 officiis
944 854 1139 888 sententiae
1163 853 1209 886 ob

221 907 342 940 oculos
368 919 438 939 esse
465 907 595 951 positae
619 906 766 944 debent,
801 907 844 939 ad
868 917 954 951 quas
976 916 1097 938 omnes
1120 904 1210 937 vitae

221 965 354 1002 partes,
383 958 478 990 velut
502 959 544 990 ad
562 956 780 1002 Cynosuram
804 968 945 989 cursum
964 968 1065 989 suum
1085 961 1210 988 nautae

222 1009 399 1051 dirigunt,
433 1019 685 1052 comparemus.
760 1007 830 1041 Sed
861 1007 1030 1052 qnoniam
1062 1005 1208 1039 Hesiodi

220 1065 401 1104 praecepta
419 1060 630 1104 quibusdam
650 1059 729 1091 ideo
748 1070 869 1102 parum
888 1058 1100 1101 probantur,
1127 1056 1209 1102 quia

221 1110 362 1153 gentilis
383 1107 487 1143 homo
506 1110 644 1142 videtur
661 1109 774 1142 aliena
791 1116 822 1142 et
839 1109 1029 1152 pugnantia
1047 1121 1124 1141 cum
1145 1120 1210 1141 no-

221 1168 291 1194 stra
318 1160 487 1203 religione
509 1160 687 1200 docuisse,
722 1157 779 1192 hic
803 1171 901 1192 error
925 1159 1029 1201 vulgo
1055 1159 1209 1191 eximen-

222 1212 287 1245 dus
307 1218 366 1245 est.
421 1211 632 1256 Quanquam
651 1217 766 1243 autem
783 1209 924 1252 longior
941 1216 990 1242 est
1008 1208 1067 1242 illa
1086 1209 1207 1252 dispu-

223 1262 324 1302 tatio,
358 1275 463 1307 quam
495 1269 533 1295 ut
564 1258 621 1295 hic
645 1261 809 1306 explicari
837 1267 906 1293 tota
933 1259 1058 1304 possit,
1093 1266 1208 1293 tamen

224 1312 375 1345 iudicavi
401 1325 525 1356 operae
550 1312 705 1356 precium
726 1324 782 1344 me
799 1311 973 1344 facturum
991 1322 1078 1349 esse,
1105 1310 1133 1342 si
1150 1321 1209 1342 ex-

223 1375 387 1407 ponerem
419 1375 506 1407 quae
540 1363 590 1395 vis
619 1363 681 1402 sit,
715 1373 872 1406 quaeque
895 1361 1064 1394 autoritas
1088 1371 1209 1393 eorum

221 1420 504 1458 praeceptorum,
532 1425 619 1457 quae
637 1420 709 1445 tum
727 1411 918 1451 Hesiodus,
946 1418 1019 1445 tum
1035 1411 1093 1444 alii
1111 1409 1211 1443 multi

222 1464 395 1507 sapientes
419 1471 451 1497 et
474 1464 567 1497 docti
592 1463 657 1497 viri
676 1475 755 1497 cum
775 1462 1122 1500 animadvertissent,
1147 1474 1211 1494 no-
1235 1435 1240 1496 l

223 1515 278 1549 bis
307 1527 326 1548 a
361 1522 483 1548 natura
519 1514 697 1559 proposita
726 1525 817 1553 esse,
859 1510 1074 1557 deprehensa
1106 1505 1240 1563 expo-l

221 1573 385 1606 suerunt,
414 1572 447 1599 et
471 1566 508 1598 in
532 1565 649 1598 literas
675 1564 893 1604 retuterunt,
918 1569 957 1597 ut
975 1562 1211 1596 commonvfa-
1235 1568 1240 1608 ff

223 1623 340 1650 cerent
363 1628 440 1655 eos,
474 1616 534 1661 qui
557 1623 701 1660 propter
724 1612 972 1650 infirmitateml
988 1613 1210 1657 ingeniorum
1235 1613 1239 1643 ι’

222 1675 282 1701 aut
311 1667 453 1707 aetatis,
487 1673 547 1700 aut
570 1666 674 1700 etiam
698 1665 950 1699 consuetudine
976 1665 1011 1697 in
1037 1671 1087 1698 tot
1111 1663 1211 1696 malis
1236 1648 1240 1719 ἒ

223 1719 390 1762 exemplis
414 1717 614 1762 depravati,
642 1728 782 1750 cernere
808 1716 873 1760 ipsi
901 1716 1021 1748 eadem
1041 1727 1112 1748 non
1133 1726 1211 1758 pos-

223 1777 309 1803 sent.
366 1769 519 1802 Proinde
537 1768 584 1801 sic
600 1775 800 1805 statuemus,
828 1765 941 1799 nihilo
960 1766 1076 1798 minus
1091 1765 1210 1797 divina

224 1827 403 1863 praccepta
430 1831 501 1852 esse
525 1831 562 1852 ea
587 1831 674 1864 qnae
698 1831 715 1851 a
735 1829 839 1850 sensu
860 1817 1039 1851 connuuni
1060 1823 1092 1849 et
1110 1823 1211 1849 natu—

223 1883 280 1904 rae
305 1871 434 1904 iudicio
454 1870 602 1904 mutuati
621 1869 713 1902 docti
733 1867 891 1901 homines
909 1868 1074 1909 gentiles,
1102 1867 1212 1900 literis
1238 1875 1239 1881 ¹

224 1923 456 1957 mandarunt,
485 1933 589 1966 quam
606 1933 693 1965 qnae
709 1926 827 1953 extant
845 1920 879 1951 in
897 1919 980 1963 ipsis
993 1918 1102 1952 saxeis
1118 1916 1210 1950 Mosi
1238 1920 1240 1960 ¹,

225 1973 366 2007 tabulis.
418 1970 481 2005 Est
497 1972 590 2004 enim
608 1972 643 2004 in
663 1971 819 2004 confesso
836 1968 1010 2003 hnmanae
1030 1968 1136 2002 ruenti
1156 1968 1211 2000 di·
1237 1963 1240 1996 Ῑ

224 2024 357 2056 vinitus
384 2023 574 2065 insculptas
596 2035 668 2055 esse
686 2022 853 2067 quasdam
872 2021 962 2063 leges
981 2021 1022 2053 de
1043 2019 1213 2058 moribus,
1237 2007 1241 2042 l

225 2075 344 2119 quales
364 2082 462 2106 sunt:
493 2073 675 2106 Neminem
703 2072 1017 2112 tamtv1nttttnvsso3
1047 2071 1213 2103 colendos
1238 2095 1240 2118 3

225 2137 296 2158 esse
328 2132 502 2167 parentes;

225 2176 386 2217 gratia¹¹13
419 2175 680 2215 Magistratibns
698 2175 890 2219 part-tulum
909 2186 995 2213 essm
1025 2174 1168 2206 alendos
1182 2179 1211 2205 et
1238 2198 1242 2232 ί

226 2227 464 2259 «ΙοῖνιιιΙνιυΙοε
497 2238 567 2258 esse
598 2239 655 2258 eos
686 2226 747 2270 qui
772 2232 910 2257 nostrae
936 2224 1014 2257 fulci
1038 2223 1212 2257 commissi
1238 2244 1241 2259 1

227 2286 324 2317 snnt3
361 2284 455 2320 pacta
484 2279 653 2309 servanda
681 2289 765 2310 esse.
834 2274 905 2308 llas
930 2288 1008 2308 rum
1035 2275 1109 2307 sani
1135 2273 1213 2318 qui·
1238 2266 1241 2314 Ι

227 2328 306 2360 ‹l.··m
338 2326 498 2359 immines
525 2325 759 2371 deprehensas
785 2327 1005 2360 ostenderint
1031 2325 1212 2370 imperitis,
1238 2322 1241 2374 l

227 2379 310 2423 quid
336 2386 380 2411 cst
408 2391 469 2411 cur
488 2391 558 2411 non
577 2386 605 2411 vt
626 2389 788 2411 vocemus
805 2377 943 2410 divinas
963 2377 1072 2419 leges,
1101 2383 1133 2409 et
1154 2389 1213 2420 pa-
1238 2384 1241 2391 ·

228 2442 365 2461 temnus
397 2429 445 2462 eis
479 2437 644 2473 tanquam
676 2430 818 2461 «livinae
848 2428 948 2462 voci?
1002 2427 1123 2473 Neque
1155 2420 1241 2475 ille?

228 2480 299 2523 ipse
327 2480 484 2512 coelestis
511 2479 612 2513 l’atcr
636 2480 746 2523 pluris
771 2492 788 2512 a
814 2479 916 2512 nobis
943 2479 1015 2512 fit-ri
1042 2491 1098 2511 eas
1124 2477 1214 2519 leges

228 2531 337 2563 voluit
367 2543 451 2575 quas
477 2531 510 2562 in
537 2543 616 2563 saxo
643 2531 798 2575 scripsit,
825 2543 929 2575 qnam
953 2542 1039 2575 quas
1064 2531 1098 2563 in
1121 2529 1214 2572 ipsos

228 2581 426 2614 animorum
455 2589 654 2614 nostrorum
680 2594 799 2614 sensns
827 2582 1065 2624 impresserat,
1109 2591 1214 2626 qnas-

228 2644 311 2676 que⁸
346 2639 383 2665 ut
408 2631 536 2665 Paulus
567 2632 631 2672 ait,
665 2632 699 2664 in
727 2632 892 2665 cordibus
919 2629 1103 2665 bominum
1127 2630 1212 2664 scri-

228 2690 360 2725 pserat,
386 2684 428 2716 de
444 2683 572 2729 quibus
588 2683 635 2716 sir
656 2683 745 2716 inter
762 2696 796 2716 se
810 2695 933 2715 omnes
952 2681 1112 2717 homines
1129 2693 1213 2715 con-

541 2126 628 2156 bene
662 2124 876 2156 merentibus
911 2121 1107 2155 habendam
1142 2133 1241 2154 esse·

754 108 913 146 DECL.
953 109 1028 145 DE
1060 107 1263 146 PRAEF.
1297 108 1355 143 IN
1389 106 1715 146 HESIODUM.

2176 111 2251 148 248

1258 193 1435 234 sentiunt,
1470 200 1511 228 ut
1540 193 1638 227 nulla
1670 201 1742 228 tam
1763 195 1835 229 tera
1854 196 2036 230 barbaries
2059 194 2125 237 sit,
2158 196 2252 230 nulli

1259 252 1328 278 tam
1355 243 1489 288 perdite
1508 244 1609 283 mali,
1637 245 1698 290 qui
1716 256 1788 279 non
1807 252 1843 280 et
1855 247 2009 281 sentiant
2024 253 2057 280 et
2072 247 2249 281 fateantur

1259 302 1350 329 recta
1366 306 1449 333 esse,
1477 307 1566 340 quae
1583 295 1662 328 illae
1678 295 1870 330 sententiae
1887 297 2142 341 praescribunt,
2168 297 2250 343 qui-

1259 358 1326 391 que
1349 358 1427 378 cum
1452 357 1525 379 non
1551 346 1859 389 obtemperarunt,
1885 359 1959 380 non
1983 347 2049 391 ipsi
2068 355 2249 392 peccatum

1259 403 1421 430 accusent
1445 408 1483 429 ac
1508 397 1678 430 damnent
1702 408 1824 438 suum,
1851 398 1982 443 quique
2007 409 2080 431 non
2101 410 2250 432 verean-

1261 455 1318 481 tur
1342 459 1471 480 numen
1499 447 1644 481 existere
1669 447 1831 492 aliquod,
1857 449 1913 482 cui
1936 447 1990 481 vel
2013 447 2043 481 si
2062 448 2153 481 nulli
2180 460 2249 482 un-

1260 510 1365 542 quam
1395 498 1561 532 mortales
1586 498 1774 532 resciscant
1798 499 1946 540 factum,
1979 509 2111 543 poenas
2133 499 2251 533 daturi

1261 548 1341 583 sint.
1401 547 1507 581 Nulla
1538 555 1608 582 tam
1638 548 1803 582 immanis
1832 549 1930 583 natio
1960 556 2029 590 est,
2062 560 2152 594 quae
2175 560 2248 583 non

1262 599 1362 632 tacita
1379 599 1564 640 maleficos,
1589 599 1758 638 crudeles,
1787 600 1941 643 ingratos
1955 599 2070 634 oderit
2081 611 2120 633 ac
2131 610 2252 644 asper-

1261 656 1383 690 netur,
1413 651 1604 695 probetque
1629 662 1667 683 ea
1691 662 1779 695 quae
1805 650 2004 684 societatem
2028 650 2121 684 inter
2137 661 2172 684 se
2191 662 2252 694 ge-

1263 701 1358 733 neris
1379 698 1524 733 humani
1542 701 1759 734 devinciunt.
1811 701 1901 734 Nam
1919 708 1952 735 et
1968 697 2033 735 hos
2050 701 2111 746 qui
2128 697 2252 745 hospi-

1263 758 1313 784 tes
1337 758 1509 791 mactant,
1535 751 1596 796 qui
1619 763 1718 785 senes
1741 758 1854 795 patres
1869 752 2065 790 trucidant,
2090 751 2152 796 qui
2169 751 2252 785 nul-

1262 802 1330 834 lam
1358 802 1601 845 coniugiorum
1630 802 1732 835 fidem
1760 803 1898 841 colunt,
1931 802 1959 836 si
1982 803 2252 843 admoneantur,

1263 859 1386 885 natura
1411 852 1507 885 fateri
1531 853 1642 895 cogit,
1675 853 1819 896 indigna
1843 865 1878 886 se
1899 851 2106 887 hominibus
2127 853 2250 888 facere.

1264 902 1335 936 lam
1363 902 1398 935 in
1425 900 1479 935 his
1503 903 1563 947 qui
1588 903 1655 936 sibi
1680 903 1830 937 alicuius
1854 904 1979 948 flagitii
2001 903 2135 937 conscii
2158 909 2254 945 sunt,

1263 953 1437 986 cruciatus
1468 960 1501 987 et
1523 960 1674 986 terrores
1697 953 1782 988 tanti
1807 961 1960 988 mentem
1984 954 2180 998 exagitant,
2212 959 2253 989 ut

1262 1006 1425 1048 adpareat
1456 1004 1613 1037 divinam
1645 1005 1821 1050 quandam
1854 1005 1926 1038 vim
1954 1016 2044 1046 esse,
2077 1016 2167 1050 quae
2190 1005 2254 1038 ad-

1263 1055 1357 1088 missi
1385 1055 1524 1088 sceleris
1544 1055 1678 1100 pudere
1693 1062 1812 1099 cogat,
1838 1067 1997 1101 quaeque
2014 1054 2254 1099 impendentis

1262 1106 1425 1149 supplicii
1441 1112 1573 1140 metum
1592 1106 1750 1141 incutiat.
1802 1106 1895 1141 Sunt
1908 1106 2016 1150 igitur
2032 1106 2070 1139 in
2087 1103 2253 1140 humanis

1263 1156 1390 1188 animis
1413 1162 1526 1189 certae
1549 1157 1593 1189 de
1615 1157 1774 1190 moribus
1797 1158 1906 1199 leges,
1934 1169 2023 1202 quae
2042 1164 2117 1191 tum
2132 1156 2252 1201 priva-

1262 1213 1333 1240 tam
1353 1206 1460 1240 vitam
1478 1213 1623 1250 regunt,
1651 1213 1724 1240 tum
1743 1207 1955 1240 constituere
1970 1219 2008 1240 ac
2025 1214 2143 1240 tenere
2159 1205 2252 1241 Res-

1263 1257 1346 1300 pub.
1372 1257 1500 1290 iudicia
1526 1269 1686 1291 exercere
1711 1264 1744 1291 et
1766 1258 1966 1291 societatem
1984 1255 2170 1291 hominum
2189 1259 2251 1292 de-

1263 1307 1406 1340 fendere
1431 1308 1638 1341 docuerunt.
1690 1306 1737 1342 Et
1761 1316 1799 1343 ut
1822 1308 1974 1342 fatemur
1995 1320 2058 1342 nos
2078 1307 2252 1342 divinitus

1263 1358 1424 1391 conditos
1447 1370 1519 1391 esse
1544 1370 1583 1391 ac
1609 1359 1811 1403 propagari,
1836 1359 1882 1393 ita
1907 1359 2070 1392 dubitare
2091 1368 2165 1392 non
2191 1360 2254 1392 de-

1264 1410 1403 1449 bemus,
1438 1409 1524 1454 quin
1555 1421 1572 1442 e
1600 1409 1697 1442 coelo
1727 1409 1764 1442 in
1787 1407 1879 1442 hanc
1901 1409 2008 1443 vitam
2033 1409 2255 1444 attulerimus

1265 1460 1341 1492 illas
1360 1460 1450 1493 vitae
1468 1460 1570 1503 leges,
1592 1466 1624 1493 et
1642 1460 1721 1493 illos
1734 1460 1917 1503 igniculos,
1943 1460 2003 1505 qui
2016 1468 2047 1493 et
2059 1462 2254 1495 ostendunt

1265 1509 1409 1544 honesta
1440 1517 1473 1543 et
1501 1512 1691 1545 admonent
1723 1522 1860 1554 semper
1886 1522 2043 1555 praeesse
2064 1523 2197 1544 numen
2219 1516 2256 1546 et

1265 1562 1458 1605 inspectare
1481 1562 1600 1594 onmia
1626 1558 1812 1595 hominum
1836 1561 1981 1595 consilia
2006 1574 2044 1595 ac
2059 1561 2166 1602 facta,
2190 1562 2254 1596 de-

1265 1623 1331 1657 que
1352 1611 1527 1646 sceleratis
1551 1612 1765 1656 supplicium
1788 1623 1926 1646 sumere
1949 1612 2072 1645 solere.
2122 1611 2254 1647 Paulus

1265 1662 1394 1695 alicubi
1416 1659 1619 1695 huiusmodi
1641 1663 1831 1698 sententias
1849 1663 2029 1697 veritatem
2048 1661 2115 1696 Dei
2130 1663 2254 1707 adpel-

1266 1714 1332 1753 lat‚
1357 1725 1436 1746 cum
1460 1713 1565 1747 vellet
1587 1713 1783 1756 significare
1806 1711 1869 1747 has
1890 1714 2079 1758 opiniones
2102 1726 2175 1747 non
2193 1726 2251 1748 er·

1266 1775 1343 1797 rore
1366 1765 1517 1809 quodam
1539 1776 1558 1797 a
1579 1765 1772 1799 maioribus
1790 1777 1852 1809 per
1868 1776 1992 1798 manus
2010 1776 2082 1798 esse
2098 1765 2254 1807 traditas,

1265 1827 1329 1848 nec
1360 1821 1488 1848 temere
1518 1815 1572 1848 vel
1604 1815 1800 1859 obrepsisse
1830 1816 1951 1855 nobis,
1984 1815 2038 1848 vel
2067 1815 2102 1848 in
2126 1815 2254 1850 animis

1266 1864 1427 1906 haerere,
1462 1866 1521 1899 sed
1553 1867 1640 1899 adeo
1666 1867 1844 1900 mentibus
1870 1866 2001 1900 nostris
2024 1866 2146 1900 infixas
2168 1878 2253 1908 esse,

1267 1917 1331 1956 ita,
1358 1923 1394 1949 ut
1421 1917 1498 1949 eiici
1521 1923 1580 1950 aut
1603 1917 1679 1951 erui
1705 1917 1802 1951 nulla
1827 1917 1860 1950 vi
1883 1916 2029 1961 possint.
2082 1916 2157 1961 Ego
2174 1929 2254 1951 cum

1265 1968 1422 2012 expendo
1440 1968 1662 2001 autoritatem
1679 1965 1804 2002 harum
1822 1968 1947 2011 legum,
1974 1974 2007 2002 et
2026 1968 2251 2001 animadver-

1267 2026 1322 2058 to,
1351 2031 1454 2063 quam
1480 2019 1640 2062 religiose
1662 2019 1729 2052 coli
1753 2030 1810 2052 eas
1833 2019 1932 2053 Deus
1957 2019 2127 2063 postulet,
2153 2031 2252 2052 com-

1266 2082 1410 2102 moveor
1429 2070 1602 2113 protecto,
1633 2076 1665 2103 et
1683 2081 1801 2103 earum
1821 2069 2051 2114 scriptoribus
2067 2081 2101 2102 m
2149 2069 2177 2103 's
2194 2082 2253 2104 ca-

1267 2121 1362 2164 pior;
1395 2132 1545 2163 agnosco
1568 2120 1662 2154 enim
1689 2133 1760 2154 non
1785 2121 1861 2154 sine
1887 2128 2021 2159 mente,
2050 2127 2087 2154 ut
2106 2080 2170 2155 iffa
2193 2120 2254 2162 ait,

1267 2172 1341 2204 siue
1366 2172 1511 2205 mimine
1536 2172 1677 2211 divum,
1710 2168 1793 2205 llaec
1817 2171 1862 2205 ab
1889 2171 1958 2204 illis
1983 2170 2086 2204 nobis
2109 2171 2254 2205 vivendi

1269 2231 1447 2266 praecepta
1474 2223 1600 2257 tradita
1625 2233 1708 2255 esse.
1777 2222 1896 2265 Quare
1919 2235 1990 2255 non
2016 2222 2099 2256 satis
2122 2222 2256 2257 intelli·

1266 2281 1349 2315 gunt
1379 2272 1506 2307 borum
1531 2274 1741 2317 scriptorum
1760 2273 1925 2314 consilia,
1949 2273 2009 2319 qni
2030 2286 2102 2307 non
2118 2273 2255 2318 perspi-

1267 2325 1363 2358 ciunt
1389 2326 1484 2358 unde
1510 2331 1558 2358 tot
1580 2322 1724 2357 bont-sta
1746 2332 1946 2369 praecepta,
1973 2331 2022 2358 tot
2038 2337 2159 2368 graves
2174 2335 2255 2358 sen-

1268 2376 1396 2409 tentiae
1420 2375 1609 2410 manarint.
1663 2373 1714 2408 De
1738 2374 1913 2419 religione
1930 2375 2031 2409 aliter
2045 2377 2171 2409 ‹tocent
2189 2385 2255 2409 nos

1266 2424 1487 2460 Christianae
1519 2426 1658 2464 literae,
1691 2427 1751 2459 sed
1782 2427 1826 2459 de
1851 2426 1963 2460 civilis
1991 2426 2082 2459 vitae
2106 2437 2255 2460 consue-

1268 2478 1408 2516 tudine,
1449 2477 1697 2511 communibus
1729 2485 1874 2511 naturae
1908 2477 2099 2521 praeceptis
2133 2487 2254 2521 parere

1267 2539 1330 2561 nos
1345 2527 1507 2562 Christus
1523 2528 1630 2561 voluit
1645 2541 1651 2565 ;
1681 2540 1795 2573 neque
1810 2540 1891 2561 vero
1909 2525 1999 2561 nibil
2018 2529 2061 2561 ad
2077 2525 2255 2562 Christia-

1266 2591 1351 2612 ntnn
1378 2579 1528 2624 pertinet
1553 2579 1667 2612 cixilis
1686 2579 1776 2613 vitae
1795 2579 2022 2613 consuetudo.
2075 2577 2155 2612 Non
2171 2585 2255 2614 sunt

1266 2630 1371 2670 igitur
1397 2630 1722 2675 praetermittenda,
1749 2629 1777 2663 si
1800 2642 1868 2675 qna
1892 2629 1985 2662 docti
2012 2636 2044 2663 et
2069 2629 2171 2674 periti
2188 2626 2253 2663 lto-

1266 2681 1377 2716 mines
1405 2695 1442 2716 ea
1467 2683 1509 2716 de
1533 2694 1570 2715 re
1592 2689 1818 2715 monuerunt.
1871 2679 2012 2714 Nullius
2031 2688 2147 2715 autem
2165 2677 2252 2714 Phi·-
