2338 2958
93 102 170 139 289

92 199 175 223 casu
191 188 360 223 incensas,
419 188 515 223 Haec
533 195 696 233 portenta
715 201 779 234 pro
799 189 892 224 veris
907 190 1082 223 affirmare

91 237 235 274 homine
251 239 438 282 indignum
456 247 521 281 est,
548 241 678 274 nedum
702 238 932 286 Pliilosopho.
974 240 1080 274 Nulla

90 297 161 324 tam
186 290 333 323 barbara
358 302 442 334 gens
464 292 548 332 fuit,
576 304 665 337 quae
688 304 761 325 non
776 293 939 334 sentiret,
964 292 1080 326 stellas

88 352 161 374 esse
178 347 270 374 certa
288 348 321 375 et
337 342 513 376 durabilia
535 343 604 376 Dei
624 355 728 387 opera
740 369 749 384 ‚
775 350 808 376 et
824 344 927 377 certis
943 343 1080 386 legibus

86 391 191 430 ferri,
233 404 380 436 magnae
411 394 561 427 alicuius
597 394 759 428 utilitatis
791 406 905 427 causa.
959 394 1077 438 Quare

86 443 300 477 contumelia
320 451 371 478 est
384 446 552 478 adversus
569 444 703 485 Deum,
730 445 861 489 fingere
882 443 972 479 lianc
988 457 1074 479 con-

85 493 260 528 fusionem
288 507 425 537 rernm,
461 496 580 531 Solem
606 508 771 540 vaporem
797 508 869 529 esse
904 508 984 529 casu
1020 497 1076 529 in-

85 544 324 587 flammatum,
354 554 386 580 et
407 559 487 581 casu
506 548 609 586 serri,
635 557 675 581 ut
694 547 880 581 Lucretius
897 547 960 580 ait:

201 624 273 664 Quo
291 628 374 656 cibus
393 635 479 657 vocat
495 635 582 668 atque
602 630 709 657 invitat
727 635 848 656 euntem

152 675 303 707 Flammea
322 690 374 718 per
392 681 508 708 coelum
522 686 690 719 pascentem
707 690 832 718 corpora
849 681 967 718 passim.

82 747 168 782 Plus
194 750 306 784 valeat
332 751 425 795 apud
455 762 519 783 nos
543 751 712 784 autoritas
740 763 819 784 cnm
849 751 1070 785 doctissimo-

81 811 161 833 rum
179 797 385 842 hominnm,
413 801 474 846 qui
500 799 584 835 haec
607 802 836 836 deliramenta
858 802 1071 845 gravissimis

80 852 296 894 argumentis
319 853 565 894 confutarunt,
599 860 674 886 tuin
704 865 786 886 vero
820 854 924 887 etiam
948 854 1067 887 divina

79 903 220 935 oracula
247 903 283 936 in
308 903 413 936 sacris
430 904 561 948 literis,
589 916 608 937 a
635 905 764 949 quibus
789 905 975 938 dissentire
999 905 1066 937 im-

79 952 190 998 pietas
213 961 274 990 est.
326 953 402 988 Hae
427 955 518 988 clare
543 962 736 996 testantur,
766 955 904 1000 Solem,
928 955 1067 989 Lunam

81 1011 115 1038 et
140 1004 276 1051 reliqua
293 1007 417 1051 sydera
445 1017 516 1039 esse
533 1013 624 1040 certa
646 1014 679 1040 et
697 1007 873 1040 durabilia
897 1005 962 1040 Dei
985 1019 1068 1051 ope-

77 1067 136 1094 ra,
159 1063 190 1089 et
209 1057 346 1090 addunt
362 1069 478 1091 sacrae
495 1057 633 1098 literae,
657 1058 757 1091 cuius
773 1058 935 1092 utilitatis
952 1070 1067 1099 causa,

78 1107 214 1141 lumina
231 1109 392 1142 coelestia
412 1109 552 1142 condita
569 1109 654 1143 sint:
684 1116 787 1142 erunt
805 1110 917 1153 signa,
946 1116 979 1143 et
994 1109 1066 1142 dis-

78 1166 223 1192 cernent
238 1166 394 1203 tempora
411 1167 444 1194 et
461 1172 584 1195 aunOS.
646 1159 742 1194 Haec
759 1161 969 1205 descriptio,
1001 1161 1064 1194 etsi

76 1210 219 1243 brevius
243 1217 312 1251 est,
345 1218 461 1245 tamen
490 1223 545 1244 res
568 1223 711 1254 magnas
736 1212 999 1255 complectitur,
1033 1220 1066 1246 et

75 1260 324 1295 Astronomiae
339 1262 498 1296 studium
515 1264 699 1307 approbat.
751 1262 840 1296 Nam
859 1270 896 1297 ut
913 1263 1065 1308 reliquas

75 1319 192 1356 partes
207 1313 386 1354 omittam,
414 1313 442 1346 si
469 1313 531 1347 Sol
554 1314 633 1347 ideo
656 1314 820 1347 conditus
839 1322 908 1358 est,
933 1321 973 1348 ut
1000 1326 1064 1347 an-

76 1375 163 1396 num
189 1363 349 1397 conficiat
379 1371 413 1397 et
438 1365 630 1406 gubernet,
657 1365 850 1397 necessaria
876 1372 924 1398 est
942 1365 1063 1398 obser—

75 1414 170 1448 vatio
196 1426 317 1448 cursus
335 1413 446 1455 Solis;
485 1427 566 1448 nam
594 1415 668 1448 sine
684 1415 931 1449 observatione
947 1423 1063 1449 motus

73 1465 172 1498 nulla
197 1473 280 1499 sunt
301 1472 501 1510 temporum
519 1474 624 1511 atque
645 1479 821 1499 annorum
846 1466 1063 1500 discrimina.

74 1514 195 1559 Quare
217 1529 290 1549 non
314 1515 504 1550 obscurum
531 1524 581 1550 est
605 1524 637 1551 et
661 1517 850 1561 approbari
876 1530 893 1550 a
913 1517 1006 1556 Deo,
1031 1525 1061 1550 et

72 1567 225 1612 praecipi
245 1568 526 1601 observationem
545 1568 747 1601 coelestium
766 1575 937 1601 motuum.
990 1566 1062 1600 Nec

72 1625 235 1663 putemus
251 1630 322 1652 esse
341 1619 434 1652 leves
452 1630 590 1660 causas,
618 1631 726 1664 quare
741 1631 804 1651 nos
821 1620 864 1651 ad
890 1616 980 1652 hanc
997 1619 1062 1652 do-

72 1669 221 1703 ctrinam
251 1667 414 1704 hortetur
445 1670 549 1704 etiam
583 1669 704 1703 divina
729 1670 910 1705 autoritas,
969 1669 1059 1703 Nam

71 1728 317 1766 praeterquam
358 1722 454 1766 quod
495 1721 665 1755 utilitates
706 1733 850 1764 magnas
879 1721 983 1755 affert
1017 1722 1058 1754 ad

70 1784 294 1806 communem
316 1772 442 1812 vitam,
470 1773 574 1806 etiam
597 1779 716 1806 monet
739 1784 803 1805 nos
821 1770 878 1805 hic
895 1769 1059 1816 pulcher-

69 1824 180 1857 rimus
197 1825 286 1857 ordo
305 1830 486 1864 motuum,
514 1821 604 1856 hanc
621 1831 784 1857 naturam
809 1835 881 1856 non
907 1822 1059 1856 extitisse

70 1886 172 1916 casu,
198 1876 258 1908 sed
282 1875 326 1908 ab
348 1881 490 1908 aeterna
511 1882 626 1907 mente
646 1881 759 1908 ortam
786 1885 858 1907 esse
883 1880 915 1907 et
932 1874 1057 1916 guber-

69 1925 159 1960 nari.
221 1925 378 1959 Proinde
401 1925 502 1958 valde
524 1926 709 1959 confirmat
734 1925 770 1957 in
796 1925 924 1958 animis
946 1922 1058 1958 hone-

68 1984 138 2011 stas
159 1977 347 2020 opiniones
370 1977 413 2009 de
431 1975 506 2009 Deo
532 1983 564 2010 et
584 1978 627 2009 de
644 1975 879 2020 providentia.
933 1975 1057 2021 ltaque

69 2040 109 2062 ex
127 2025 354 2073 Philosophis
378 2027 445 2061 soli
465 2025 634 2072 Epicurei
658 2028 800 2060 suerunt
818 2025 946 2068 ἄθεοι,
975 2027 1056 2072 quia

68 2077 153 2112 haec
176 2079 328 2114 illustria
351 2080 394 2112 de
418 2077 494 2112 Deo
518 2078 736 2117 testimonia,
774 2078 955 2118 videlicet,
981 2090 1057 2111 cer-

68 2130 218 2163 tissimas
242 2138 401 2164 motuum
428 2130 536 2173 leges,
563 2136 595 2162 et
615 2129 813 2162 mirabilem
833 2126 1053 2162 harmoniam

68 2181 223 2225 aspicere
251 2181 454 2216 noluerunt.
508 2179 616 2214 Decet
646 2180 754 2223 igitur
787 2180 878 2213 bona
914 2180 1055 2224 ingenia

69 2229 159 2264 lianc
181 2228 464 2265 honestissimam
493 2231 691 2265 doctrinam
716 2243 853 2271 amare,
881 2238 914 2264 et
941 2243 1054 2276 quan-

67 2290 143 2316 tum
168 2282 243 2315 fieri
268 2289 398 2327 potest,
425 2282 559 2328 aliquid
583 2294 709 2327 operae
733 2283 769 2315 in
793 2288 968 2316 tantarum
1000 2295 1054 2316 re-

67 2345 147 2367 rum
175 2333 443 2379 inquisitionem
478 2334 661 2369 collocare.
722 2334 774 2367 Ac
808 2332 910 2366 facile
943 2334 1052 2367 multa

65 2384 261 2429 percipient
294 2382 350 2425 hi,
400 2383 462 2429 qui
492 2384 715 2419 mediocriter
750 2385 787 2417 in
821 2381 1053 2418 Aritlnnetica

65 2436 240 2470 exercitati
257 2442 350 2469 sunt.

169 2486 291 2522 Redeo
314 2487 425 2530 igitur
446 2487 490 2520 ad
507 2483 787 2524 Aritbmeticen,
815 2485 982 2530 quoniam
1009 2487 1053 2520 de

67 2549 105 2571 ea
123 2539 308 2583 praecipue
330 2537 446 2571 dicere
469 2548 666 2582 coeperam.
717 2536 911 2582 Postquam
934 2544 1050 2572 autem

65 2588 233 2623 utilitates
266 2589 559 2629 commemoravi,
607 2599 696 2633 quae
725 2588 869 2633 quidem
905 2588 1052 2622 minime

64 2646 146 2673 sunt
172 2640 356 2681 obscurae,
383 2641 539 2674 breviter
563 2639 699 2684 aliquid
716 2639 956 2672 adiiciendum
983 2652 1049 2684 pu—

64 2690 136 2724 tavi
154 2691 196 2723 de
219 2691 396 2725 facilitate.
450 2691 531 2726 Scio
555 2689 725 2724 deterreri
744 2690 982 2725 adolescentes
1007 2691 1051 2725 ab

109 2743 286 2776 Meus-tn.
314 2744 417 2778 Ortr..
445 2739 528 2778 Υοι.
558 2744 622 2776 xl.

559 99 719 138 DECL.
753 100 831 138 DE
864 100 1067 149 PRAEF.
1103 100 1161 136 IN
1193 99 1665 143 ARITHMETICEN.

2052 115 2126 150 290

1134 185 1190 221 his
1207 189 1343 223 artibus
1368 191 1537 234 opinione
1560 192 1786 230 difficultatis.
1840 194 1909 230 Sed
1929 200 2024 243 quod
2042 201 2125 235 atti-

1134 246 1193 273 net
1210 241 1252 273 ad
1279 240 1380 274 initia
1402 240 1671 285 Arithmetices,
1699 257 1789 290 qnae
1811 246 1848 280 in
1873 245 2003 282 scholis
2028 252 2122 285 tradi

1132 291 1264 330 solent,
1293 299 1327 325 et
1351 304 1439 337 quae
1466 294 1508 325 ad
1531 295 1779 339 quotidianum
1806 310 1909 332 usum
1932 301 2122 336 conserun-

1131 349 1206 383 tur,
1233 340 1458 376 vehementer
1475 352 1610 385 errant,
1638 346 1664 378 si
1685 344 1768 381 haec
1786 357 1911 392 putant
1928 352 2119 386 admodum

1131 393 1287 426 difficilia
1313 405 1396 428 esse.
1450 392 1519 427 Ars
1545 396 1658 429 oritur
1684 410 1723 431 ex
1749 407 1874 434 natura
1899 401 1971 445 ipsa
1992 405 2119 438 mentis

1130 441 1322 485 humanae,
1357 452 1390 479 et
1417 442 1521 479 habet
1546 447 1753 482 certissimas
1784 452 2117 491 demonstrationes.

1129 496 1249 538 Quare
1272 496 1373 529 initia
1397 508 1459 529 nec
1483 497 1649 538 obscura,
1677 511 1739 532 nec
1763 501 1918 537 difficilia
1946 516 2018 538 esse
2034 518 2116 550 pos-

1120 548 1226 587 'snnt‚
1254 546 1325 580 imo
1347 547 1466 592 priora
1492 556 1672 593 praecepta
1699 551 1785 584 adeo
1811 555 1992 599 perspicua
2021 565 2115 597 sunt,

1127 604 1166 631 ut
1191 598 1289 641 pueri
1317 599 1422 632 etiam
1450 611 1487 631 ea
1510 599 1643 642 possint
1670 603 1827 647 assequi,
1855 606 1936 649 quia
1960 614 2032 641 tota
2060 620 2115 642 res

1125 660 1143 681 a
1162 656 1287 682 natura
1303 649 1428 685 oritur.
1481 648 1620 683 Deinde
1635 653 1940 697 multiplicationis
1964 665 1996 691 et
2021 660 2114 692 divi-

1125 700 1236 733 sionis
1254 707 1436 745 praecepta
1453 701 1635 746 aliquanto
1659 703 1736 746 plns
1758 706 1945 750 requirunt
1962 709 2115 753 diligen·

1126 751 1211 792 tiae,
1240 753 1297 784 sed
1326 759 1444 785 tamen
1473 765 1595 785 causae
1625 754 1694 787 cito
1718 757 1865 800 perspici
1891 767 2037 802 possunt
2068 762 2113 795 ab

1123 803 1274 836 attentis.
1335 801 1634 838 Exercitationem
1663 812 1695 838 et
1727 818 1827 840 nsum
1854 810 2002 854 requirit
2028 809 2112 845 haec

1123 865 1196 894 ars,
1223 861 1261 887 nt
1279 853 1368 886 aliae
1385 866 1518 889 omnes.
1555 853 1620 888 Est
1639 856 1732 888 enim
1754 859 1996 901 verissimum,
2016 865 2110 907 quod

1122 905 1169 938 ait
1195 903 1437 949 Anaxagoras,
1480 918 1624 938 manuni
1648 919 1719 940 esse
1743 921 1880 943 cansam
1908 913 2112 956 sapientiae,

1121 955 1321 999 significans
1348 956 1422 989 sine
1454 957 1702 991 exercitatione
1735 967 1767 993 et
1794 963 2007 1004 experientia
2037 977 2110 997 non

1122 1019 1220 1051 posse
1245 1014 1336 1040 artes
1360 1014 1452 1041 recte
1479 1008 1619 1052 percipi.
1674 1009 1811 1044 Deinde
1836 1012 1947 1046 sicubi
1973 1021 2023 1048 est
2045 1016 2111 1048 ali-

1119 1058 1204 1102 quid
1224 1058 1461 1099 difficultatis,
1489 1060 1721 1094 memineritis
1737 1062 1872 1096 nnllam
1893 1076 1965 1098 esse
1984 1072 2109 1107 artem,

1119 1121 1208 1154 quae
1226 1107 1320 1142 nihil
1345 1107 1473 1143 habeat
1491 1110 1719 1147 difficultatis.
1771 1111 1818 1148 Et
1843 1116 1968 1150 erratis
1993 1117 2110 1160 profe-

1119 1167 1192 1201 cto,
1218 1160 1246 1193 si
1264 1160 1344 1205 styli
1363 1161 1566 1194 exercitium
1586 1163 1714 1206 putatis
1730 1164 1866 1198 facilius
1887 1179 1977 1207 esse,
2003 1180 2108 1213 quam

1118 1208 1201 1244 haec
1232 1211 1332 1245 initia
1357 1209 1623 1247 Arithmetices:
1679 1227 1742 1247 nee
1774 1213 1913 1250 scholae
1949 1226 2032 1253 sunt
2067 1231 2107 1253 eo

1116 1263 1278 1296 conditae
1309 1270 1413 1308 atque
1440 1264 1666 1305 constitutae,
1701 1272 1739 1299 ut
1762 1266 1896 1310 ignavis
1921 1270 2037 1304 ocium
2063 1272 2106 1303 ad

1117 1315 1347 1357 perfruendas
1380 1314 1516 1358 ineptas
1550 1315 1748 1360 voluptates
1784 1321 2016 1363 concedatur,
2047 1323 2106 1354 sed

1117 1364 1303 1409 requirunt
1315 1365 1450 1405 studia,
1477 1377 1597 1398 curam
1615 1373 1648 1400 et
1664 1379 1779 1401 acrem
1798 1370 2000 1404 animorum
2021 1384 2106 1406 con-

1117 1415 1323 1451 tentionem.
1374 1414 1447 1448 Nec
1462 1428 1545 1449 vero
1564 1429 1651 1460 nego
1670 1419 1779 1452 multa
1799 1421 1844 1453 ab
1862 1419 2107 1456 Arithmeticis

1115 1466 1271 1510 quaesita
1297 1472 1330 1499 et
1353 1466 1597 1500 animadversa
1621 1480 1712 1510 esse,
1747 1483 1835 1515 quae
1860 1473 1984 1515 procul
2010 1486 2106 1508 rece-

1115 1517 1205 1550 dunt
1221 1529 1239 1549 a
1257 1523 1359 1560 captu
1377 1516 1641 1560 imperitorum3
1665 1532 1746 1553 nam
1769 1529 1860 1555 artes
1883 1536 2005 1558 omnes
2030 1525 2105 1568 agi-

1114 1567 1246 1600 tatione
1269 1575 1441 1602 crescunt.
1494 1567 1564 1602 Sed
1589 1581 1652 1611 ego
1677 1571 1805 1616 loquor
1827 1574 1869 1606 de
1899 1572 1954 1607 his
1980 1575 2103 1615 initiis,

1114 1630 1202 1663 qnae
1229 1625 1263 1652 et
1280 1618 1380 1651 vobis
1408 1618 1499 1651 tradi
1524 1619 1638 1654 solent
1663 1627 1695 1654 et
1719 1624 1763 1655 ad
1788 1636 1888 1657 usum
1913 1627 2102 1660 conferun-

1114 1676 1181 1704 tur.
1236 1668 1354 1712 Quare
1372 1670 1609 1704 adolescentes
1624 1672 1793 1707 abiiciant
1809 1675 2015 1719 opinionem
2033 1678 2104 1711 dis-

1113 1720 1294 1761 ficultatis,
1321 1727 1355 1754 et
1369 1733 1495 1764 magno
1519 1722 1639 1756 animo
1659 1731 1690 1757 et
1707 1726 1857 1769 quadam
1875 1739 1954 1760 cuin
1976 1739 2034 1773 spe
2059 1731 2101 1762 ad

1113 1769 1204 1804 lianc
1221 1778 1331 1805 artem
1354 1772 1557 1805 discendam
1582 1776 1766 1809 accedant:
1794 1779 1888 1821 quod
1913 1779 1940 1811 si
1963 1779 2102 1817 sacient,

1112 1822 1241 1855 deinde
1257 1829 1289 1856 et
1306 1834 1424 1856 rerum
1442 1824 1595 1857 suavitas
1611 1825 1782 1860 detinebit
1796 1840 1872 1868 eos,
1899 1836 1931 1862 et
1947 1830 2101 1865 sentient

1112 1873 1185 1917 ipsa
1219 1886 1336 1907 rerum
1366 1874 1454 1907 serie
1484 1875 1728 1910 difficultatem
1762 1878 1887 1912 minui.
1943 1878 2100 1925 Exposui

1111 1937 1200 1970 quae
1226 1924 1397 1958 utilitates
1424 1926 1608 1970 praecipue
1635 1930 1803 1971 petendae
1826 1930 1896 1964 sint
1915 1944 1954 1964 ex
1975 1930 2100 1966 Arith-

1112 1976 1257 2016 metica,
1292 1976 1364 2008 dixi
1389 1976 1493 2009 etiam
1520 1979 1563 2010 de
1589 1979 1764 2015 facultate.
1817 1979 1990 2026 Reliquae
2018 1991 2100 2018 sunt

1111 2027 1200 2060 aliae
1222 2027 1409 2068 utilitates,
1443 2029 1501 2060 sed
1527 2029 1767 2069 obscuriores,
1802 2032 1846 2064 de
1869 2034 1997 2077 quibus
2025 2047 2099 2068 non

1111 2078 1221 2111 multa
1240 2078 1369 2111 dicam.
1425 2078 1659 2113 Verissimum
1679 2088 1745 2121 est,
1768 2089 1920 2116 caeteras
1937 2092 2028 2118 artes
2046 2087 2098 2119 sa-

1109 2129 1210 2163 cilius
1239 2129 1392 2173 percipi,
1430 2130 1569 2173 cognita
1605 2128 1850 2169 Aritlimetica.
1911 2133 1975 2169 Est
2002 2137 2096 2169 enim

1108 2177 1342 2214 Aritlnnetica
1368 2180 1461 2213 inter
1487 2181 1618 2224 primas
1641 2189 1751 2224 artes,
1779 2197 1868 2230 quae
1884 2187 1985 2220 docet
2003 2188 2098 2221 diiu-

1108 2231 1224 2264 dicare
1243 2243 1282 2264 ac
1300 2231 1512 2264 distribuere
1529 2244 1638 2265 unum
1657 2241 1689 2267 et
1711 2236 1840 2276 multa;
1869 2239 2022 2272 ostendit
2039 2252 2098 2271 or-

1107 2283 1225 2315 dinem
1245 2294 1382 2321 rernm,
1409 2290 1440 2315 et
1463 2290 1583 2316 monet
1605 2285 1748 2318 confusa
1767 2287 1961 2322 evolvenda
1977 2297 2008 2323 et
2025 2290 2098 2322 dis-

1107 2334 1280 2366 cernenda
1311 2344 1394 2366 esse.
1455 2332 1551 2367 Haec
1578 2342 1660 2368 sunt
1685 2336 1786 2370 initia
1816 2339 2097 2374 ratiocinationis

1108 2385 1143 2417 in
1163 2383 1381 2419 hominibus.
1436 2382 1519 2417 Ideo
1536 2385 1647 2429 prima
1665 2394 1715 2421 est
1735 2401 1964 2423 numerorum
1990 2392 2098 2425 intel-

1107 2435 1270 2479 ligentia,
1298 2435 1406 2480 idque
1421 2435 1568 2469 sensisse
1585 2437 1714 2480 opinor
1729 2436 1988 2485 Pythagoram,
2017 2456 2095 2475 cum

1105 2486 1276 2526 definivit,
1299 2492 1452 2519 mentem
1463 2498 1536 2519 esse
1547 2500 1751 2531 nnmerum3
1780 2491 1988 2534 significavit
2001 2494 2094 2526 enim

1105 2538 1259 2572 animam
1284 2548 1358 2570 esse
1380 2537 1697 2583 ratiocinantem,
1725 2554 1814 2586 quae
1838 2544 2006 2576 discernit
2029 2556 2094 2584 res,

1105 2598 1138 2624 et
1158 2588 1320 2621 ordinem
1341 2589 1601 2623 animadvertit.
1636 2589 1731 2624 Ilaec
1745 2600 1826 2626 sunt
1843 2594 1991 2627 maxime
2013 2606 2093 2638 pio-

1105 2641 1181 2685 pria
1209 2638 1339 2680 menti,
1380 2646 1414 2674 et
1444 2648 1526 2674 sunt
1558 2641 1689 2685 primae
1725 2644 1852 2678 mentis
1887 2645 2093 2677 functiones.

1104 2691 1222 2735 Quare
1241 2697 1320 2735 apte
1339 2690 1516 2732 definivit,
1545 2699 1698 2726 mentem
1718 2705 1790 2727 esse
1805 2706 2009 2733 numerum,
2039 2696 2092 2728 vi-

1434 2741 1479 2775 19
