2338 2958
54 112 128 149 189
541 106 700 145 DECL.
729 106 803 143 DE
838 97 1068 144 STUDIIS
1100 105 1598 143 ADOLESCENTUM.
2009 100 2081 137 190

51 196 192 230 nullum
209 195 254 229 sit
270 193 509 240 tyrocinium?
533 193 614 227 Non
632 194 740 238 igitur
757 194 861 228 debet
883 199 1040 238 praeter·
1093 193 1209 226 omnis
1233 193 1440 226 aedificandi
1465 193 1567 225 labor
1590 204 1628 225 ac
1650 197 1828 235 sumptus,
1856 196 2020 224 ettamen
2039 201 2078 223 ea

51 247 144 282 mitti
165 246 237 280 ulla
256 245 410 286 occasio,
437 256 505 290 qua
525 251 704 291 utcunque
724 258 842 279 rernm
862 251 1039 278 tantarum
1093 256 1206 289 neque
1221 244 1406 287 conspicua
1422 251 1503 277 sunt
1520 255 1583 276 nec
1599 242 1875 285 magnificentiae
1885 249 1944 275 aut
1960 241 2078 285 splen-

53 298 155 332 ruina
173 296 291 330 fulciri
315 308 354 329 ac
381 294 563 340 prohiberi
584 297 703 341 possit.
757 295 931 329 Examina
957 307 1040 327 vero
1092 295 1171 328 dori
1197 294 1437 327 aedificiorum
1459 294 1652 338 quidquam
1682 294 1837 333 addunt,
1876 292 1923 326 ita
1952 290 2079 325 harum

53 355 241 392 utrumque
267 353 462 391 praestant,
495 347 616 381 fovent
644 347 813 384 studium,
833 346 1041 379 ecclesiasti—
1092 345 1287 390 primarum
1312 345 1440 379 artium
1465 345 1656 387 cognitioni
1683 356 1746 377 ceu
1767 343 1998 376 fundamento
2024 342 2081 374 in-

52 411 110 433 cae
127 397 327 439 doctrinae,
355 404 387 431 et
404 399 447 431 ad
466 397 636 432 elementa
653 397 790 442 pietatis
811 397 1040 442 perdiscenda
1093 397 1258 429 nituntur
1273 407 1394 429 omnes
1413 401 1568 427 caeterae
1587 395 1802 438 disciplinae,
1819 394 1890 427 etsi
1908 394 2002 438 ipsae
2019 403 2081 436 per

52 450 199 492 adigunt
217 449 474 489 adolescentes,
501 461 565 482 nec
584 461 622 482 ea
640 460 803 493 prorsum
826 448 956 491 negligi
981 454 1040 481 aut
1091 459 1126 480 se
1144 447 1261 479 minus
1279 444 1411 479 babent
1434 446 1632 489 splendoris
1648 452 1706 478 aut
1724 445 1986 484 ostentationis,
2013 441 2081 476 boc

51 499 261 533 intercidere
280 499 474 544 patiuntur,
502 506 535 533 et
554 497 680 533 barum
699 499 894 542 primarum
911 498 1038 532 artium
1092 505 1209 532 tamen
1236 497 1322 530 iuris
1351 509 1390 530 ac
1416 497 1598 539 dignitatis
1622 496 1802 535 obtinent,
1835 503 1874 529 ut
1898 496 1973 528 sine
1996 494 2082 538 ipsis

53 550 313 585 Grammaticae
347 562 386 584 ac
416 549 627 584 Dialecticae
660 551 861 583 rudimenta
898 560 1040 582 conser-
1064 550 1067 571 ²
1092 549 1231 582 nullum
1267 559 1375 591 genus
1410 547 1591 580 doctrinae
1623 547 1709 579 disci
1738 554 1827 579 recte
1855 547 1985 590 possit,
2026 544 2082 577 vel

52 607 148 635 vant.
201 600 340 635 Scimus
366 607 482 635 autem
510 612 615 646 quam
641 600 829 633 difficulter
851 601 894 633 ad
920 612 957 633 ea
985 600 1041 632 di-
1092 599 1246 633 tractari.
1300 598 1389 632 'Nam
1408 610 1495 643 quae
1513 604 1669 631 monstra
1686 597 1829 639 gignent
1845 597 1882 629 in
1901 597 1978 629 aliis
1996 595 2083 628 arti-

52 652 180 686 scenda
197 652 454 696 compellantur
469 651 717 690 adolescentes,
735 657 916 695 propterea
935 652 1040 696 quod,
1092 652 1174 690 bus,
1219 650 1281 694 qui
1315 649 1504 689 sermonis,
1551 661 1654 693 quem
1693 648 1930 681 Grammatica
1960 646 2084 686 tradit,

52 710 93 738 ut
114 714 195 735 vere
220 701 351 736 Fabius
377 703 483 743 dixit,
514 702 593 746 plus
625 699 757 735 habent
787 702 903 746 operis
934 713 1040 747 qnam
1094 701 1207 745 ignari
1231 701 1358 734 erunt?
1400 699 1516 742 Quam
1534 712 1618 732 vero
1641 698 1840 742 prodigiose
1864 698 2084 737 iudicabunt,

53 753 309 788 ostentationis.
353 752 474 798 Neque
489 753 678 786 obscurum
698 760 765 793 est,
793 765 896 798 quam
915 750 1040 786 harum
1094 760 1125 786 et
1150 763 1236 797 quas
1263 749 1466 791 Chimeras,
1493 762 1580 795 quos
1606 749 1914 795 Hippocentaurus
1939 748 2084 791 fingent,

53 804 185 838 artium
219 804 373 848 cognitio
425 804 617 837 necessaria
652 804 698 837 sit
731 805 772 836 ad
805 805 1042 849 quodcunque
1094 804 1136 836 ad
1163 814 1409 848 quamcunque
1442 802 1666 846 disciplinam
1698 807 1866 844 proruent
1895 811 1986 839 sese,
2022 797 2084 843 qui

53 855 201 889 omnino
224 866 333 898 genus
360 855 542 888 doctrinae
565 855 845 899 adspirantibus;
880 861 913 888 et
936 866 1041 899 quam
1066 856 1069 875 ⁸
1093 853 1305 888 Dialecticae
1326 853 1484 886 subsidio
1509 852 1686 889 destituti,
1721 863 1834 896 neque
1857 862 1930 883 rem
1958 850 2085 883 obscu-

53 918 128 940 non
151 905 363 939 infoeliciter
385 906 509 946 modo,
535 907 594 939 sed
619 914 652 940 et
674 906 824 950 turpiter
844 906 1042 950 superiores
1066 880 1070 952 ι
1094 917 1168 938 ram
1192 905 1393 937 definiendo
1419 904 1609 947 explicare,
1650 915 1712 935 nec
1740 901 1940 944 ambiguam
1965 901 2085 933 videre

53 957 258 1001 disciplinas
282 963 450 995 tractent,
479 957 539 1002 qui
564 954 648 990 haec
670 957 898 990 fundamenta
923 956 1042 998 negle-
1095 964 1156 989 aut
1177 956 1414 998 distinguere,
1448 967 1511 988 nec
1533 961 1640 988 totam
1662 954 1699 986 in
1724 960 1836 997 partes
1862 963 1941 986 suas
1963 950 2086 984 distri—

52 1015 191 1043 xerunt.
244 1006 341 1050 Quid
360 1007 454 1040 enim
480 1007 518 1040 in
535 1019 745 1053 quacunque
772 1008 839 1040 alia
855 1007 1041 1051 disciplina
1066 957 1071 1078 Ι
1095 1008 1203 1041 buere
1222 1007 1350 1046 scient,
1379 1018 1442 1038 nec
1457 1006 1616 1038 ordinem
1633 1005 1764 1045 ullum,
1792 1010 1851 1037 aut
1865 1013 2087 1047 consequen-

54 1058 190 1098 efficiet,
216 1058 278 1103 qui
295 1059 468 1091 sermonis
487 1058 558 1090 vim
577 1071 615 1091 ac
634 1058 882 1102 proprietatem
899 1059 1042 1101 ignora-
1095 1059 1179 1091 tiam
1203 1069 1322 1090 rerum
1343 1057 1553 1099 intelligent.
1606 1053 1706 1089 Nihil
1732 1054 1824 1087 firmi
1851 1066 1915 1087 nec
1940 1053 2007 1097 ipsi
2031 1051 2087 1084 di-

55 1109 132 1142 bit?
158 1108 348 1152 Quomodo
367 1109 428 1141 ille
449 1109 570 1152 scripti
587 1109 736 1142 alicuius
757 1109 965 1142 sententiam
983 1121 1042 1141 ve-
1067 1080 1070 1156 Ι
1097 1121 1208 1148 scere,
1236 1120 1350 1152 neque
1372 1108 1459 1140 alios
1474 1109 1598 1140 docere
1621 1113 1806 1150 poterunt,
1833 1116 1960 1149 susque
1975 1104 2087 1148 deque

53 1159 219 1199 nabitur,
245 1171 324 1192 cum
342 1159 449 1192 verba
469 1166 501 1193 et
525 1171 647 1193 eorum
670 1167 879 1193 structuram
898 1172 970 1192 non
987 1159 1042 1191 in-
1095 1159 1239 1193 incertis
1268 1165 1379 1199 certa,
1421 1171 1503 1191 vera
1532 1158 1630 1191 falsis
1657 1158 1827 1190 misceant
1860 1166 1998 1188 necesse
2026 1159 2087 1188 est.

52 1209 210 1253 telliget'?
258 1208 374 1253 Quam
407 1210 608 1254 prodigiosa
638 1211 774 1244 somnia
805 1211 927 1253 finget,
963 1223 1042 1243 cum
1095 1210 1417 1244 Commemorarem
1435 1221 1539 1254 quam
1559 1208 1656 1241 noxii
1674 1209 1760 1242 tales
1778 1207 1906 1240 deinde
1924 1204 2087 1239 homines

52 1261 100 1294 ita
117 1273 180 1294 ceu
198 1260 253 1293 via
270 1260 400 1305 lapsus,
427 1261 599 1294 orationis
615 1273 719 1295 sensu
737 1262 935 1302 destitutus,
963 1273 1044 1294 sen—
1067 1283 1070 1301 ,
1095 1261 1303 1304 Rebuspub.
1321 1273 1359 1293 ac
1369 1260 1535 1294 Ecclesiis
1554 1260 1687 1292 soleant
1705 1270 1787 1298 esse,
1816 1264 1848 1291 et
1864 1269 1969 1303 quam
1985 1267 2086 1300 saepe

51 1312 200 1346 tentiam
227 1311 324 1345 velut
354 1312 393 1344 in
426 1312 582 1346 tenebris
611 1313 759 1356 palpans
794 1310 1044 1356 prehensabit?
1067 1317 1071 1353 i
1096 1312 1292 1355 ingentium
1318 1311 1535 1344 tumultuum
1561 1318 1665 1354 atque
1690 1310 1845 1343 cladium
1865 1315 2004 1341 autores
2027 1318 2086 1339 ex-

51 1361 176 1397 Rebus
203 1374 344 1406 quoque
379 1374 459 1396 eum
494 1363 637 1396 destitui
664 1373 803 1395 necesse
831 1370 899 1401 est,
935 1374 1040 1407 quem
1098 1363 1251 1402 titerint,
1280 1362 1348 1394 nisi
1375 1362 1409 1394 id
1435 1374 1500 1394 usu
1520 1368 1623 1405 atque
1649 1367 1851 1394 nostrorum
1873 1359 1977 1391 etiam
1996 1364 2087 1391 tem—

53 1413 168 1446 oratio
185 1419 218 1446 et
235 1413 359 1454 verba,
385 1413 515 1458 quibus
533 1425 587 1446 res
603 1419 685 1446 sunt
702 1413 881 1446 involutae
903 1424 941 1446 ac
960 1425 1044 1456 pro-
1098 1425 1222 1457 porum
1240 1411 1450 1456 experientia
1470 1411 1577 1444 nimis
1594 1419 1718 1445 notum
1734 1422 1805 1443 esse
1822 1409 2025 1448 arbitrarer,
2053 1413 2088 1440 et

53 1464 169 1504 ditae,
196 1463 402 1497 destituunt.
454 1462 564 1497 Recte
586 1463 694 1507 igitur
713 1462 951 1497 Grammatica
975 1476 1044 1496 nu-
1096 1463 1255 1507 angustia
1278 1462 1447 1506 temporis
1469 1475 1525 1495 me
1551 1462 1586 1495 id
1610 1462 1722 1495 facere
1746 1458 1926 1505 prohibet.
1988 1458 2087 1502 Qua-

0 1515 2 1522 *
52 1514 180 1548 tricula
203 1513 334 1547 dicitur
358 1514 518 1547 omnium
548 1515 677 1548 artium
702 1526 740 1547 ac
765 1514 1044 1557 disciplinarum,
1096 1520 1240 1558 propter
1264 1513 1330 1545 iam
1356 1513 1460 1545 finem
1483 1513 1628 1553 faciam,
1654 1512 1890 1545 adolescentes
1908 1508 2088 1550 adhortor,

53 1572 87 1599 et
102 1565 156 1598 illi
173 1571 328 1598 caeterae
352 1565 509 1605 laudem,
536 1562 632 1598 hunc
650 1562 822 1598 honorem
841 1572 872 1598 et
897 1564 1042 1607 gratiam
1095 1571 1133 1598 ut
1151 1565 1256 1597 istum
1276 1563 1435 1596 discendi
1452 1563 1634 1604 ordinem,
1661 1575 1764 1608 quem
1784 1574 1846 1607 per
1868 1559 1933 1595 hos
1958 1562 2086 1604 gradus

0 1628 2 1631 ’
52 1615 301 1650 nutricationis
323 1615 475 1649 libenter
499 1615 676 1649 tribuunt:
708 1621 853 1648 sumunt
883 1616 977 1647 enim
1000 1615 1044 1648 ab
1096 1622 1228 1648 veteres
1253 1615 1466 1658 descriptum
1490 1615 1700 1655 voluerunt,
1734 1620 1767 1647 et
1791 1613 1969 1651 examina,
1997 1624 2087 1657 qno-

53 1679 93 1701 ea
109 1666 339 1712 unaqualibet
359 1673 493 1699 certum
517 1679 556 1699 ac
580 1666 766 1711 proprium
789 1666 960 1699 orationis
986 1677 1044 1709 ge-
1097 1679 1175 1699 rum
1197 1673 1267 1699 tam
1291 1666 1524 1710 multiplicem
1549 1666 1734 1699 utilitatem
1758 1676 1829 1697 esse
1849 1664 1989 1705 vident,
2013 1674 2087 1695 non

53 1730 132 1759 nus,
158 1724 192 1751 et
208 1724 326 1751 arcent
340 1729 379 1751 ac
395 1717 572 1761 repellunt
589 1729 607 1750 a
623 1728 658 1750 se
674 1728 733 1750 eos
750 1716 953 1760 discipulos»,
982 1716 1043 1761 qui
1097 1723 1337 1756 contemnant,
1365 1717 1425 1749 sed
1442 1723 1596 1750 statuant
1614 1728 1672 1749 eos
1689 1715 1748 1761 qui
1767 1715 1831 1748 ista
1848 1715 2087 1753 instituerunt,

55 1767 316 1802 Grammaticae
338 1768 447 1801 ubera
475 1767 572 1811 prius
596 1780 669 1801 non
693 1774 873 1802 suxerunt.
927 1766 1044 1809 Quin·
1096 1780 1162 1801 usu
1176 1774 1279 1812 atque
1295 1774 1405 1801 aetate
1420 1768 1498 1811 plus
1515 1768 1657 1811 vidisse,
1686 1774 1719 1800 et
1733 1766 1935 1799 fidelissime
1954 1764 2087 1797 doctri-

52 1819 196 1853 titianus
216 1818 364 1864 requirit
383 1819 439 1851 vel
460 1819 645 1863 praecipue
669 1818 818 1852 nutricis
837 1830 978 1861 operam
1006 1818 1044 1850 in
1097 1830 1162 1851 nae
1205 1818 1330 1851 studiis
1371 1830 1410 1851 ac
1444 1817 1652 1863 Rebuspub.
1687 1818 1886 1851 consultum
1927 1815 2086 1859 cupiisse.

53 1870 241 1903 formando
257 1868 358 1912 pueri
375 1880 435 1901 ore
452 1880 490 1901 ac
510 1869 646 1912 lingua,
674 1870 821 1913 vultque
838 1869 944 1912 deligi
970 1881 1043 1901 non
1096 1869 1266 1903 Dissoluti
1290 1869 1423 1912 ingenii
1451 1876 1520 1910 est,
1556 1882 1634 1903 cum
1660 1867 1887 1902 sanctissimis
1913 1867 2086 1899 maiorum

54 1919 278 1959 indisertam,
331 1925 364 1952 et
397 1919 598 1952 fabularum
631 1932 670 1952 ac
705 1917 935 1952 historiarum
970 1932 1042 1952 non
1096 1920 1266 1954 institutis
1282 1932 1319 1952 ac
1335 1920 1493 1954 moribus
1509 1932 1676 1965 pugnare,
1700 1927 1733 1953 et
1749 1919 1865 1952 nullas
1881 1919 1982 1961 leges,
2004 1917 2086 1950 nul-

56 1971 235 2014 ignaram,
262 1981 421 2015 quaeque
438 1982 516 2003 cum
542 1970 657 2014 primo
677 1970 764 2003 lacte
785 1970 889 2003 simul
915 1982 1042 2014 purum
1095 1972 1169 2005 lum
1192 1971 1354 2004 ordinem
1374 1983 1493 2012 nosse,
1521 1978 1650 2004 temere
1667 1971 1784 2004 omnia
1804 1971 1959 2013 citraque
1977 1968 2084 2000 ratio-

55 2020 227 2055 orationis
259 2031 368 2063 genus
395 2027 428 2054 et
443 2022 614 2066 quaedam
634 2021 846 2054 liberalioris
863 2021 1043 2055 doctrinae
1096 2034 1176 2056 nem
1203 2021 1467 2063 administrare,
1502 2021 1729 2068 Cyclopicum
1755 2027 1818 2054 est.
1877 2020 1976 2062 Quae
2007 2019 2085 2062 plus

54 2072 226 2106 elementa
256 2071 428 2105 instillare
452 2072 572 2115 possit.
634 2071 735 2115 Quae
760 2083 843 2105 vero
867 2072 1043 2106 nutricula
1096 2085 1199 2118 quam
1235 2072 1418 2106 barbarica
1446 2073 1535 2113 vita,
1572 2074 1654 2118 quia
1682 2079 1803 2105 nostro
1833 2071 1949 2104 seculo
1978 2069 2085 2102 nimis

53 2129 167 2168 potest
183 2123 225 2156 ad
245 2119 330 2155 haec
347 2122 528 2156 efficienda
546 2123 655 2165 magis
676 2123 801 2156 idonea
822 2134 910 2164 esse,
937 2136 1042 2168 quam
1098 2124 1209 2168 placet
1233 2121 1458 2165 bominibus,
1485 2125 1646 2157 videmus
1665 2136 1769 2168 quam
1789 2122 1908 2155 multis
1933 2120 2086 2163 ingenti—

55 2172 318 2207 Grammatica'?
370 2171 513 2207 Format
545 2171 630 2207 haec
666 2174 836 2218 fingitque
870 2185 908 2207 os
943 2175 1043 2219 pueri
1095 2176 1160 2208 bus
1184 2175 1286 2207 malis
1312 2175 1473 2208 laborent
1498 2173 1552 2208 his
1582 2174 1801 2218 temporibus
1823 2184 1877 2206 res
1899 2171 2085 2210 humanae,

56 2231 233 2265 tenerum,
260 2224 450 2257 adsuefacit
473 2225 516 2257 ad
534 2225 706 2258 sermonis
732 2236 841 2268 genus
859 2226 1041 2269 proprium
1096 2232 1294 2271 quantaque
1311 2226 1354 2260 sit
1371 2226 1529 2258 omnium
1546 2237 1656 2269 prope
1676 2237 1793 2258 rerum
1812 2224 2029 2268 perturbatio
2047 2234 2085 2256 ac

55 2286 95 2309 ac
113 2281 266 2315 certum,
291 2277 491 2318 poematum
510 2282 613 2321 atque
631 2274 858 2309 historiarum
877 2276 1042 2309 noticiam
1095 2277 1333 2316 labefactatio,
1373 2283 1404 2310 ct
1431 2289 1534 2321 quam
1560 2289 1632 2309 non
1665 2276 1769 2319 paulo
1802 2276 1982 2319 graviora,
2016 2275 2083 2307 nisi

55 2326 183 2367 tradit,
209 2332 243 2359 et
261 2326 322 2359 illo
343 2326 457 2368 primo
474 2326 561 2360 lacte
579 2327 799 2372 eloquentiae
817 2339 854 2359 ac
873 2327 1043 2369 gravioris
1095 2327 1190 2361 Deus
1222 2327 1392 2370 singulari
1423 2327 1607 2360 clementia
1639 2325 1845 2370 probibeat,
1883 2327 2084 2371 impendere

57 2377 241 2411 doctrinae
268 2383 409 2421 pectora
435 2377 515 2418 alit,
548 2378 695 2421 subigit,
722 2384 975 2422 praeparatque
999 2379 1042 2411 ad
1095 2379 1294 2413 videantur.
1347 2377 1395 2411 U
1423 2378 1515 2410 enim
1542 2378 1579 2410 in
1608 2385 1797 2418 concentu,
1824 2377 1850 2409 si
1871 2391 1937 2411 vox
1954 2390 2023 2409 una
2042 2378 2086 2409 ab

55 2428 263 2472 capiendum
299 2427 500 2461 uberiorem
536 2435 748 2462 caeterarum
777 2429 1042 2472 disciplinarum
1096 2428 1279 2462 harmonia
1305 2429 1487 2469 dissideat,
1514 2436 1666 2462 caeterae
1689 2440 1810 2461 omnes
1827 2428 2007 2462 dissonare
2029 2428 2084 2461 in-

55 2479 201 2512 cultum.
253 2477 335 2512 Non
365 2479 473 2522 igitur
507 2479 624 2512 tenuis
656 2486 716 2513 aut
744 2480 859 2512 ieiuna
893 2486 943 2513 est
970 2480 1043 2512 eius
1067 2487 1069 2535 ἵ
1095 2481 1248 2525 cipiunt,
1286 2487 1426 2524 totaque
1455 2477 1664 2525 symphonia
1697 2480 1944 2523 perturbatur,
1982 2481 2027 2511 ita
2056 2480 2085 2511 si

55 2541 179 2573 opera,
210 2531 269 2563 sed
296 2530 351 2563 vel
377 2529 561 2574 praecipua
585 2537 617 2563 et
642 2542 681 2563 ex
707 2531 872 2563 omnibus
895 2531 1043 2563 maxime
1067 2538 1070 2579 j
1095 2543 1164 2565 una
1185 2532 1300 2575 aliqua
1321 2531 1357 2563 in
1378 2543 1414 2563 re
1431 2543 1448 2563 a
1466 2531 1599 2574 legibus
1616 2531 1826 2569 disceditur,
1858 2530 2084 2575 consequitur

54 2581 258 2621 necessaria,
279 2580 343 2615 etsi
360 2580 394 2613 id
411 2581 447 2613 in
464 2581 614 2625 speciem
632 2582 750 2614 minus
764 2583 916 2625 adparet.
952 2580 1041 2614 Nam
1067 2583 1069 2644 i
1095 2583 1172 2615 aliis
1200 2594 1340 2627 quoque
1369 2582 1405 2614 in
1432 2582 1537 2615 rebus
1565 2582 1702 2615 infinita
1737 2581 1953 2626 perturbatio
1981 2588 2084 2624 atque

53 2631 351 2676 quemadmodum
371 2632 611 2665 fundamentis
629 2632 709 2665 nixa
727 2640 807 2666 sunt
830 2639 860 2665 et
886 2632 1041 2665 fulciun-
1095 2633 1276 2677 dissipatio
1301 2633 1438 2666 ordinis
1463 2645 1501 2666 ac
1524 2633 1742 2677 disciplinae.
1796 2632 2020 2676 Quapropter
2038 2643 2083 2664 ne

52 2687 112 2715 tur
136 2681 313 2723 aedificia,
354 2694 443 2728 quae
477 2683 505 2715 si
535 2695 660 2727 parum
689 2683 787 2716 firma
815 2690 915 2724 sunt,
951 2654 1069 2728 periti
1093 2684 1241 2718 minima
1272 2684 1414 2729 quidem
1450 2686 1706 2718 contemnenda
1742 2690 1841 2723 sunt,
1880 2682 2081 2726 praesertim
