2338 2958
103 146 180 181 833

117 231 186 266 No.
209 228 290 265 105.
923 245 970 264 an.
995 233 1090 263 1549.

340 331 416 372 De
450 329 584 386 Casp.
612 331 869 390 Cruciyero.

172 409 203 435 ln
230 408 322 435 select.
346 409 426 437 Decl.
446 409 480 435 T.
505 409 550 436 ΙΙΙ.
575 419 600 444 p.
615 410 693 442 31⁵„
724 409 853 436 Richard.
874 409 908 435 T.
925 408 969 434 ΙΙΙ.
990 417 1016 442 ρ.
1032 408 1102 440 810.,

205 443 325 469 Servest.
347 445 382 472 Τ.
407 444 454 470 ΙΙΙ.
475 452 503 477 p.
520 443 598 476 292,
628 449 652 469 et
671 445 699 469 in
719 443 751 470 T.
770 443 818 471 ΙΙΙ.
838 443 949 469 Ersord.
967 442 1005 468 lit.
1024 442 1058 474 S,
1077 442 1100 468 5.

202 478 291 505 Etiam
310 478 452 513 separatim
472 478 572 514 prodiit
591 478 704 505 Witeb.
725 478 798 505 1549.
826 478 852 503 8.
878 479 895 502 2
914 478 950 512 pt.

103 569 231 603 Oratio
257 566 304 602 de
338 568 539 613 Casparo
567 569 844 614 Cruciyero,
876 565 922 601 ab
944 568 1098 600 Erasmo

278 618 450 654 Reinholt
476 618 717 654 salveldense·
744 620 922 653 recitata.

102 685 292 736 Principio
321 692 450 735 gratias
479 703 542 735 ago
565 690 641 724 Deo
671 698 814 724 aeterno
843 691 933 735 patri
961 690 1097 723 domini

103 742 215 776 nostri
243 741 319 775 Iesu
343 740 494 782 Christi,
529 742 618 775 fonti
643 742 834 786 sapientiae
861 750 893 776 et
920 741 1095 775 conditori

104 805 242 833 rerum,
278 794 372 838 quod
396 790 586 826 Ecclesiam
614 793 707 826 inter
730 805 795 826 nos
818 793 885 825 sibi
909 792 1043 836 colligit
1059 792 1096 824 in

105 844 203 878 omni
220 843 424 877 aeternitate
441 843 557 886 ipsum
575 843 843 877 celebraturam:
871 851 903 877 et
920 850 995 877 toto
1015 855 1095 876 eum

103 901 244 940 pectore
261 906 342 935 oro,
369 906 413 927 ne
429 894 521 928 sinat
538 894 632 927 inter
646 906 711 927 nos
727 895 882 938 extingui
901 895 1014 928 lucem
1031 894 1096 927 do-

104 945 254 986 ctrinae,
289 946 348 978 sed
379 945 549 978 immensa
585 945 826 978 misericordia
860 957 921 979 sua
953 951 1097 989 propter

104 996 217 1029 filium
237 994 300 1029 hos
316 1002 434 1029 coetus
444 997 616 1038 gubernet
631 1002 665 1029 et
677 1003 809 1036 servet,
832 1004 864 1030 et
883 994 947 1029 hos
958 1002 1096 1029 nostros

104 1047 260 1080 alveolos
282 1047 472 1080 clementer
497 1053 664 1090 protegat.
725 1046 954 1081 Consuetudo
979 1052 1094 1079 autem

106 1104 156 1131 est
173 1098 277 1141 digna
304 1097 407 1130 laude
432 1098 469 1130 in
496 1096 550 1130 his
568 1097 810 1139 congressibus
835 1099 877 1130 ad
894 1108 1097 1129 commone—

104 1148 300 1182 faciendam
335 1147 572 1187 iuventutem,
606 1148 661 1180 vel
690 1148 874 1192 praeconia
906 1148 1098 1188 doctrinae,

105 1199 162 1232 vel
180 1199 336 1242 exempla
354 1198 574 1231 eruditorum
591 1198 748 1232 recitare.
796 1198 883 1231 Nam
902 1199 940 1230 in
960 1196 1014 1231 his
1032 1211 1097 1231 no-

106 1248 186 1283 stris
218 1249 344 1283 studiis
384 1250 570 1293 praecipue
604 1261 678 1282 non
711 1249 824 1282 solum
857 1250 1098 1282 accenduntur

106 1300 218 1334 animi
241 1299 503 1333 considerantes
526 1299 675 1333 aliorum
702 1300 912 1333 industriam
932 1306 965 1333 et
985 1300 1098 1333 virtu—

107 1358 196 1391 tem,
223 1351 281 1384 sed
302 1350 578 1384 commonefiunt
592 1351 696 1384 etiam
715 1352 756 1384 de
775 1350 895 1384 multis
917 1351 1040 1392 rebus,
1066 1357 1099 1383 et

108 1401 206 1448 quasi
245 1401 388 1444 vestigia
418 1401 640 1445 superiorum
670 1401 895 1446 aspicientes,
935 1401 1028 1434 viam
1055 1402 1096 1434 ad

108 1452 290 1487 doctrinae
303 1463 418 1485 arcem
439 1452 591 1487 discunt.

212 1501 263 1537 Ac
287 1500 375 1535 mihi
400 1503 542 1548 quidem
566 1500 633 1536 hoc
656 1503 770 1547 ipsum
789 1503 873 1537 anui
892 1511 1029 1548 tempus
1045 1516 1100 1536 re-

108 1561 217 1588 novat
239 1553 443 1587 memoriam
473 1553 575 1586 amici
607 1554 719 1587 nostri
741 1552 886 1598 Caspari
910 1554 1101 1598 Crucigeri,

110 1605 209 1640 cuius
231 1605 376 1638 morbus
399 1602 465 1638 hoc
489 1615 608 1637 mense
634 1616 728 1637 anno
745 1605 924 1649 superiore
941 1606 1101 1648 ingrave-

110 1668 203 1690 scere
219 1661 389 1699 coeperat.
442 1654 564 1700 Itaque
581 1667 660 1688 cum
679 1653 765 1688 mihi
785 1656 931 1689 adsidue
949 1656 1016 1688 iam
1036 1656 1101 1688 ob—

110 1714 268 1740 versetur
290 1706 366 1739 eius
388 1706 521 1749 imago,
556 1712 589 1739 et
611 1706 786 1739 desiderio
803 1707 877 1740 eius
895 1719 967 1740 non
987 1707 1101 1739 solum

110 1764 254 1802 propter
287 1756 476 1790 amicitiam
511 1763 544 1790 et
578 1756 777 1790 studiorum
805 1752 1102 1795 coniunctionem,

111 1809 171 1842 sed
187 1808 289 1841 etiam
308 1813 452 1851 propter
465 1804 640 1840 Ecclesiae
657 1807 844 1840 orbitatem
864 1807 997 1850 ingenti
1015 1807 1103 1839 adfi-

113 1859 202 1897 ciat,
232 1857 336 1891 etiam
354 1857 390 1889 in
407 1854 502 1890 hunc
515 1857 631 1890 locum
649 1858 1017 1891 commemorationem
1030 1864 1103 1891 stu-

113 1910 255 1944 diorum
293 1914 327 1942 et
357 1908 529 1941 virtutum
559 1907 632 1940 eius
656 1907 883 1941 adferendam
909 1919 980 1941 esse
1010 1908 1104 1941 duxi.

112 1960 245 1994 Notum
271 1965 321 1993 est
346 1958 441 1992 enim
466 1958 556 1991 illud
579 1958 764 1999 omnibus,
791 1957 885 1993 ὅπου
910 1971 964 1997 τις
989 1957 1103 2006 ἀλγεῖ,

113 2011 209 2046 κεῖσε
225 2007 287 2044 καὶ
300 2007 368 2054 τὴν
381 2007 476 2054 χεῖρ’
497 2008 578 2053 ἔχει.
623 2008 694 2042 Nec
710 2015 846 2042 tantum
863 2016 902 2043 ut
917 2010 972 2043 vel
988 2008 1107 2043 dolori

114 2074 193 2095 meo
229 2060 451 2104 indulgeam,
493 2060 548 2092 vel
584 2059 740 2093 debitum
768 2060 940 2095 amicitiae
967 2067 1106 2094 nostrae

114 2123 245 2146 munus
275 2118 464 2155 praestem,
501 2108 568 2144 boc
597 2117 842 2154 argumentum
875 2110 1005 2154 delegi,
1045 2112 1103 2145 sed

115 2163 227 2197 multo
239 2162 347 2205 magis
362 2162 624 2194 adolescentum
636 2173 749 2201 causa,
770 2162 898 2206 quibus
908 2162 1104 2206 exemplum

116 2224 237 2248 recens
263 2219 297 2246 et
318 2212 454 2245 illustre
478 2224 656 2256 proponO,
690 2212 790 2245 cuius
813 2212 1044 2246 consideratio
1063 2214 1106 2246 de

117 2263 173 2298 his
196 2263 280 2307 ipsis
300 2262 442 2301 studiis,
473 2263 509 2295 in
529 2264 658 2308 quibus
680 2269 883 2303 versantur,
918 2263 1025 2298 multa
1049 2275 1106 2297 eos

117 2326 260 2348 monere
277 2313 416 2358 poterit.
469 2313 539 2347 Nec
563 2314 743 2347 instituam
767 2313 902 2347 Graeco
922 2326 1020 2348 more
1043 2326 1105 2359 pa-

118 2364 318 2410 negyricam
341 2363 595 2404 laudationem,
631 2365 689 2398 sed
710 2365 864 2398 breviter
889 2365 979 2399 vitae
996 2365 1108 2410 ipsius

118 2415 322 2456 historiam,
357 2415 471 2448 studia
503 2421 537 2448 et
574 2416 617 2448 de
648 2415 809 2448 maximis
838 2416 944 2449 rebus
978 2416 1106 2449 iudicia

119 2467 292 2504 narrabo,
327 2477 477 2510 quorum
508 2465 679 2499 memoria
712 2466 906 2510 posteritati
929 2466 1027 2500 utilis
1048 2473 1108 2500 est.

121 2517 238 2563 Atque
262 2516 397 2551 utinam
422 2516 614 2549 multorum
641 2517 861 2550 eruditorum
890 2529 930 2550 ex
957 2517 1016 2551 illa
1035 2518 1109 2551 sin-

122 2568 254 2601 ceriore
283 2566 491 2612 antiquitate
515 2567 733 2606 testimonia,
771 2579 850 2600 vere
874 2574 907 2601 et
929 2569 1109 2613 perspicue

123 2613 249 2661 scripta
273 2623 441 2653 extarent.
501 2616 589 2650 Nam
615 2614 681 2650 hoc
705 2617 780 2662 ipso
797 2617 892 2652 Deus
915 2619 1052 2664 aliquos
1072 2620 1109 2652 in

124 2667 279 2703 Ecclesia
303 2669 552 2703 excellentibus
578 2668 681 2700 donis
701 2675 822 2710 ornat,
857 2676 895 2703 ut
919 2676 1021 2704 testes
1039 2670 1110 2704 sint

124 2731 225 2753 verae
243 2719 452 2758 sententiae,
481 2726 510 2752 et
539 2719 625 2751 alios
646 2720 826 2761 erudiant,
852 2733 890 2754 ac
907 2731 967 2754 sua
985 2721 1111 2755 suffra-

174 2772 348 2803 Mnaxrn.
367 2773 471 2803 Oeta.
486 2771 568 2802 Υοι..
585 2771 646 2803 XI.

697 142 855 181 DECL.
887 143 963 180 DE
995 143 1147 182 CASP.
1181 145 1541 183 CRUCIGERO.

2073 153 2147 207 εἴη

1153 233 1294 276 gatione
1316 233 1536 269 confirment.
1597 232 1676 268 Erit
1694 234 1801 279 igitur
1817 242 1849 270 et
1867 233 1957 270 hanc
1973 237 2082 281 ipsam
2100 239 2146 273 ob

1153 295 1290 317 causam
1316 285 1472 318 narratio
1495 285 1708 328 simplicior,
1742 286 1824 331 quia
1851 287 1931 320 volo
1957 299 2031 320 eam
2050 290 2146 322 testi-

1152 335 1263 366 monii
1290 336 1430 379 pondus
1456 332 1606 376 habere,
1634 349 1712 369 cum
1736 337 1878 382 quidem
1898 337 2009 382 ipsius
2026 347 2144 382 pectus

1151 382 1239 417 mihi
1259 386 1399 429 penitus
1411 392 1533 419 notum
1551 385 1665 421 fuerit.
1706 385 1754 421 Et
1771 388 1938 432 quoniam
1956 386 2040 422 haec
2050 396 2144 423 aetas

1151 435 1254 478 plena
1279 442 1329 468 est
1354 435 1593 479 suspicionum
1623 444 1655 469 ct
1682 438 1958 481 calumniarum,
1990 446 2023 474 et
2052 452 2143 481 vere,

1150 491 1189 518 ut
1204 484 1382 519 Homerus
1403 486 1536 531 inquit,
1573 484 1641 530 οὐχ
1657 484 1738 532 ὁσίη
1756 486 1852 522 κακὰ
1868 486 2017 534 ῥάπτειν
2034 488 2142 536 ἀλλή-

1151 537 1263 577 λοισι,
1292 547 1336 569 ne
1353 536 1437 581 quid
1456 537 1594 570 finxisse
1612 538 1751 578 videar,
1777 545 1879 572 testes
1895 552 1991 574 meae
2011 542 2143 575 oratio-

1150 587 1205 620 nis
1222 598 1294 620 esse
1308 587 1390 620 volo
1401 612 1410 626 ‚
1435 585 1685 621 Reverendum
1701 588 1817 622 virum
1836 597 2009 633 pastorem
2019 591 2141 626 Eccle-

1150 637 1220 670 siae
1243 644 1399 678 nostrae,
1434 644 1467 671 et
1486 637 1678 681 Georgium
1701 637 1912 679 Rorarium,
1941 642 2033 676 viros
2049 643 2142 677 inte-

1150 689 1336 732 gerrimos,
1364 689 1494 734 quibus
1513 690 1577 723 suit
1595 689 1900 724 familiarissimus.
1954 691 2139 727 Instituam

1150 740 1258 783 igitur
1286 752 1403 772 veram
1439 746 1472 772 et
1505 741 1635 773 nudam
1673 742 2060 784 commemorationem,
2102 757 2140 778 ac

1149 802 1310 836 prorsus,
1336 797 1375 823 nt
1394 789 1600 832 Geometer,
1626 790 1736 824 lineas
1753 798 1889 825 tantum
1906 794 2052 828 aedificii
2072 795 2140 828 du-

1149 854 1244 880 cam,
1269 843 1311 874 de
1327 841 1454 887 quibus
1472 842 1585 875 extrui
1610 853 1774 885 magnum
1793 855 1881 887 opus
1896 856 2014 888 posse,
2039 846 2140 879 facile

1149 892 1299 935 intelligi
1317 893 1455 936 poterit.

1252 942 1386 977 Ordiar
1409 950 1546 983 autem,
1577 942 1665 976 sicut
1689 943 1856 978 usitatum
1880 952 1948 987 est,
1975 958 1993 979 a
2016 947 2140 991 patria.

1148 993 1258 1028 Natus
1275 1001 1324 1028 est
1339 993 1470 1038 Caspar
1480 992 1648 1036 Cruciger
1664 994 1700 1026 in
1718 995 1850 1040 inclyto
1865 997 1996 1040 oppido
2008 996 2139 1042 Lipsia.

1148 1045 1216 1078 Hic
1232 1045 1258 1077 si
1279 1046 1321 1078 de
1339 1044 1471 1088 patriae
1492 1044 1655 1077 laudibus
1674 1042 1849 1078 rhetorico
1868 1059 1965 1080 more
1982 1048 2140 1081 dicturus

1149 1107 1276 1136 essem,
1304 1102 1474 1141 quantum
1495 1095 1660 1127 volumen
1687 1096 1768 1128 addi
1788 1097 1927 1141 posset?
1979 1097 2047 1132 Sed
2067 1099 2139 1143 ipse

1149 1146 1296 1191 patriam
1330 1145 1554 1190 praecipuam
1589 1143 1781 1179 Ecclesiam
1815 1159 1887 1180 esse
1914 1149 2036 1183 sensit:
2077 1162 2140 1183 nec

1149 1204 1219 1230 tam
1251 1197 1378 1230 natalis
1413 1196 1480 1229 loci
1514 1196 1714 1230 celebritate
1750 1198 1897 1231 laetatus
1923 1206 1992 1238 est,
2033 1213 2137 1245 quam

1150 1249 1244 1293 quod
1263 1246 1441 1281 Ecclesiae
1455 1246 1540 1279 civis
1555 1246 1667 1281 factus
1684 1255 1746 1283 est.
1798 1247 1871 1281 Nec
1888 1256 2004 1283 tamen
2022 1250 2139 1294 ingr-a-

1149 1306 1205 1333 tus
1222 1298 1289 1332 fuit
1306 1298 1449 1342 patriae.
1503 1298 1725 1340 Agnoscebat
1737 1298 1950 1342 singularem
1969 1302 2139 1335 foelicita-

1150 1357 1218 1384 tem
1241 1361 1312 1382 esse
1338 1348 1434 1382 nasci
1460 1347 1496 1380 in
1522 1348 1584 1381 tali
1606 1349 1710 1391 urbe,
1745 1350 1782 1382 in
1806 1362 1873 1395 qua
1891 1362 1969 1384 cum
1990 1353 2140 1396 optima-

1150 1413 1227 1434 rum
1248 1400 1376 1433 artium
1395 1399 1509 1432 studia
1528 1399 1695 1441 floreant,
1723 1406 1756 1434 et
1780 1412 1904 1444 magna
1923 1402 1967 1435 sit
1983 1404 2137 1437 erudito-

1150 1464 1227 1485 rum
1252 1450 1470 1496 frequentia,
1509 1450 1663 1483 inveniri
1696 1451 1856 1485 doctores
1885 1452 2140 1488 adolescentiae

1151 1502 1388 1542 commodius,
1415 1513 1519 1546 quam
1536 1501 1621 1534 alibi
1641 1509 1798 1545 possunt.

1253 1551 1329 1586 Etsi
1351 1559 1466 1585 autem
1491 1552 1562 1584 vim
1586 1553 1741 1596 ingenii,
1775 1565 1865 1598 quae
1882 1554 1950 1588 suit
1972 1554 2007 1587 in
2027 1567 2066 1588 eo
2083 1568 2140 1589 ex-

1151 1604 1280 1637 cellens
1305 1610 1337 1637 et
1362 1602 1525 1640 mirifica,
1559 1614 1632 1635 non
1657 1604 1770 1636 solum
1789 1605 1831 1637 ad
1848 1616 1967 1638 causas
1983 1603 2142 1651 physicas

1151 1655 1264 1689 resero
1277 1679 1285 1693 ,
1314 1654 1372 1687 sed
1390 1653 1566 1696 singulare
1576 1652 1640 1686 Dei
1658 1655 1791 1687 donum
1807 1654 1912 1688 fuisse
1931 1662 2062 1689 statuo:
2091 1663 2141 1689 ta-

1152 1718 1233 1738 men
1252 1711 1284 1738 et
1304 1717 1320 1737 a
1342 1711 1528 1748 parentum
1548 1711 1672 1738 natura
1686 1733 1695 1746 ‚
1722 1713 1754 1739 et
1772 1717 1790 1738 a
1807 1706 1919 1739 causis
1935 1707 2143 1741 coelestibus

1153 1756 1268 1800 aliqua
1293 1762 1438 1788 naturae
1460 1756 1674 1799 praestantia
1697 1763 1834 1800 sumpta
1850 1757 1999 1791 videtur.
2061 1757 2141 1791 Fuit

1154 1807 1246 1839 enirn
1274 1806 1309 1837 in
1335 1812 1445 1838 matre
1470 1805 1580 1838 virtus
1605 1806 1742 1841 eximia.
1794 1805 1841 1840 Et
1857 1808 1899 1840 de
1916 1808 2032 1851 positu
2050 1809 2142 1841 side-

1154 1869 1231 1890 rum
1250 1856 1393 1889 memini
1412 1854 1606 1889 Gauricum
1625 1857 1671 1889 ita
1685 1857 1855 1897 iudicare,
1884 1858 2016 1901 ingenii
2032 1860 2144 1892 excel-

1154 1907 1298 1940 lentiam
1316 1907 1514 1939 mirandam
1533 1907 1738 1949 significari,
1765 1909 1823 1941 sed
1840 1908 1945 1941 simul
1964 1910 2066 1942 etiam
2085 1923 2144 1942 va-

1155 1959 1224 1991 rios
1241 1958 1383 1990 morbos
1403 1957 1622 1992 denunciari.
1674 1957 1726 1991 Ac
1744 1958 1770 1991 si
1789 1959 1866 2003 quis
1883 1961 2030 2005 requirit
2051 1962 2144 2004 posi-

1156 2017 1229 2043 tum
1256 2009 1431 2048 siderum,
1466 2014 1503 2041 ut
1526 2014 1640 2041 extare
1670 2009 1780 2042 multa
1806 2011 1960 2055 exempla
1985 2012 2146 2055 optarim,

1156 2061 1184 2092 is
1206 2066 1361 2102 tempore
1389 2058 1542 2092 indicato
1567 2056 1682 2092 thema
1707 2060 1908 2095 constituat.
1968 2061 2078 2095 Natus
2096 2070 2144 2096 est

1156 2110 1248 2144 enim
1268 2109 1400 2153 Caspar
1420 2121 1514 2143 anno
1536 2108 1644 2144 1504.
1670 2110 1726 2143 die
1744 2111 1855 2155 prima
1875 2111 2028 2145 Ianuarii
2046 2113 2144 2147 circi-

1157 2169 1208 2195 ter
1231 2158 1354 2193 horam
1380 2160 1548 2204 primam,
1583 2167 1661 2204 post
1682 2162 1833 2194 mediam
1861 2169 2019 2203 noctem,
2047 2164 2091 2196 ita
2111 2171 2147 2197 ut

1157 2214 1225 2245 duo
1250 2218 1386 2245 tantum
1420 2211 1489 2243 sint
1519 2211 1696 2244 domicilia
1729 2213 1889 2245 omnium
1914 2214 2147 2256 planetarum,

1157 2263 1238 2302 Sol,
1273 2261 1393 2294 Venus
1420 2268 1453 2294 et
1476 2260 1674 2295 Mercurius
1702 2262 1738 2294 in
1767 2262 1984 2306 Capricorno
2006 2266 2146 2299 tertium

1158 2315 1273 2347 locum
1297 2313 1341 2345 ab
1365 2309 1561 2356 horoscopo
1585 2319 1766 2357 occupent.
1820 2312 1955 2347 Caeteri
1974 2327 2094 2349 omnes
2111 2316 2145 2347 iu

1158 2363 1311 2403 Cancro,
1355 2361 1546 2403 Saturnus,
1583 2361 1735 2406 Iupiter,
1768 2363 1866 2397 Mars
1896 2372 1927 2399 et
1951 2365 2051 2399 Luna
2072 2367 2144 2398 vol-

1159 2422 1291 2448 vuntur
1317 2413 1353 2445 in
1374 2425 1468 2446 nono
1494 2413 1589 2453 loco,
1618 2420 1778 2459 extatque
1795 2421 1931 2449 tantum
1949 2427 2052 2459 snpra
2069 2418 2147 2448 fini-

1160 2474 1270 2500 torem
1285 2460 1465 2510 (στάχυς)
1480 2465 1571 2508 spica
1586 2463 1756 2507 Virginis,
1784 2473 1954 2510 quantum
1973 2467 2062 2499 infra
2086 2469 2146 2499 ad-

1159 2515 1228 2549 huc
1248 2516 1375 2549 absunt
1391 2526 1409 2546 a
1428 2515 1518 2547 linea
1537 2513 1730 2549 horizontis
1741 2517 1830 2549 (luae
1847 2517 2001 2550 lucentes
2020 2518 2053 2549 in
2071 2525 2145 2549 utra

1160 2566 1276 2607 chele,
1304 2577 1391 2611 quae
1414 2565 1556 2610 quidem
1580 2566 1682 2599 nobis
1706 2567 1810 2599 simul
1828 2568 2001 2600 oriuntur.
2054 2566 2147 2599 Con-

1161 2619 1253 2661 gruit
1282 2617 1385 2650 etiam
1418 2622 1510 2650 totus
1533 2617 1733 2650 asterismus
1757 2617 1885 2650 Leonis
1915 2630 1992 2650 cuin
2015 2618 2147 2650 decium

1161 2671 1237 2703 loco
1263 2669 1306 2701 al)
1328 2665 1533 2710 horoscopo.
1593 2665 1656 2700 Est
1679 2668 1824 2700 omnino
1843 2679 2044 2709 congressus
2068 2669 2149 2701 stel-

1162 2721 1274 2754 larum
1293 2732 1364 2752 non
1388 2717 1559 2761 vulgaris,
1586 2719 1629 2751 de
1647 2730 1716 2762 quo
1734 2719 1776 2751 ab
1795 2719 1940 2752 eruditis
1954 2718 2060 2751 multa
2080 2719 2149 2752 dis-

1665 2768 1714 2803 53
