2338 2958
216 118 286 154 251

220 210 334 238 vester
357 202 400 236 ab
426 201 486 235 illo
506 199 691 235 transferat
716 208 755 230 ac
781 202 970 230 mutuetur.
1024 194 1100 229 Nos
1125 194 1206 240 qui-

221 258 301 290 dem
317 261 487 300 quantum
504 252 540 284 in
557 249 620 283 bac
637 247 770 291 ingenii
787 255 890 293 atque
907 245 1120 280 eruditionis
1137 258 1207 279 me-

221 306 405 340 diocritate
432 308 605 347 praestare
630 310 834 343 possumus,
868 298 1031 331 dabimus
1056 307 1210 340 operam,

223 368 266 390 ne
289 367 391 401 quem
413 351 590 397 poeniteat
612 349 716 383 nohis
737 349 984 383 enarrantibus
1005 345 1102 380 bunc
1120 346 1211 380 Poe'-

221 414 292 442 tam
311 415 451 450 operam
469 402 616 437 dedisse.
668 399 763 435 Dixi.

238 591 304 624 No.
323 589 382 624 33.

234 637 403 651 *οη-ω

515 688 589 730 De
619 684 926 742 gratitudine.

297 778 376 812 Apud
394 778 464 804 Crat.
483 777 548 810 Myt.
571 785 595 810 p.
614 775 661 800 176
676 783 749 809 sqq„
777 772 945 812 in-Deelam.
961 771 995 797 Τ.
1009 769 1030 797 l.
1048 780 1075 804 p.
1089 769 1168 802 632..
1189 768 1218 794 in

330 814 448 840 Sei-veit.
462 811 494 837 T.
511 812 530 837 Ι.
546 819 571 844 ρ.
584 810 643 836 552.
660 814 685 835 ει
699 808 770 843 apud
784 807 909 834 Bnehard.
922 806 954 834 T.
970 806 1004 832 u.
1018 815 1043 840 p.
1059 805 1119 830 279.

230 897 355 930 Oratio
380 892 426 927 de
447 888 680 937 gratitudine
700 889 751 922 M.
778 884 1038 921 Alexandri
1066 884 1220 918 Alesia·

229 947 379 988 scoti,
416 943 582 981 Decani,
619 941 657 973 in
693 940 920 983 promotione
955 938 1222 983 Magi-strenam

520 1002 616 1026 anno
636 989 931 1025 M.D.XXX1V.

231 1068 314 1109 Etsi
333 1068 484 1103 aliorum
501 1063 708 1105 consilium,
735 1063 797 1109 qui
813 1060 880 1097 hoc
902 1061 980 1095 loco
998 1061 1040 1094 de
1058 1059 1223 1094 universa

230 1116 461 1163 Philosophia
478 1117 590 1161 deque
605 1115 705 1148 omni
719 1114 856 1148 ratione
873 1113 1072 1147 studiorum
1089 1110 1223 1153 gravis-

233 1175 320 1209 sime
337 1170 452 1204 dicere
475 1168 590 1201 solent
607 1176 818 1209 magnopere
841 1163 974 1208 probo,
999 1169 1117 1196 tamen
1134 1172 1225 1205 quo-

234 1225 327 1259 niam
354 1222 392 1254 in
410 1217 475 1253 hac
496 1216 630 1261 ingenii
653 1215 722 1249 mei
747 1214 950 1248 infirmitate
973 1211 1224 1255 intelligebam,

234 1287 288 1310 me
307 1284 378 1306 non
397 1281 495 1316 posse
512 1274 689 1302 tantarum
710 1278 829 1300 rerum
847 1265 1050 1298 varietatem
1066 1261 1224 1296 oratione

234 1327 429 1361 illustrare,
457 1318 623 1353 constitui
640 1318 683 1350 de
696 1329 767 1351 una
783 1317 935 1362 quadam
951 1314 1080 1347 virtute
1099 1312 1225 1350 dicere,

236 1378 342 1420 digna
364 1383 444 1407 cum
466 1369 569 1403 bouis
596 1367 680 1401 viris
706 1367 893 1404 omnibus,
928 1372 1004 1398 tum
1021 1375 1105 1397 vero
1126 1374 1227 1407 prae—

235 1428 336 1472 cipue
360 1421 488 1457 harum
516 1426 715 1453 nostrarum
733 1417 861 1451 artium
880 1428 919 1450 ac
945 1415 1128 1449 literarum
1153 1419 1228 1446 stu-

236 1477 361 1516 diosis,
388 1471 551 1506 videlicet
576 1471 618 1503 de
639 1468 872 1512 gratitudine:
909 1478 1015 1512 quam
1040 1472 1080 1499 ut
1096 1464 1228 1507 delige-

239 1542 328 1568 rem,
354 1537 427 1559 non
444 1522 557 1557 solum
575 1520 715 1566 publica
731 1530 833 1553 causa
851 1518 1023 1552 adductus
1039 1527 1114 1573 sum
1128 1542 1137 1555 ,
1161 1514 1228 1549 etsi

239 1587 449 1622 magnopere
477 1579 560 1618 opto
586 1583 682 1612 eam,
716 1582 795 1603 cum
821 1580 901 1602 vere
928 1568 974 1602 sit
995 1577 1228 1623 maximarum

238 1631 408 1664 virtutum
433 1625 570 1663 nutrix,
596 1622 640 1655 ab
656 1621 823 1655 omnibus
849 1631 988 1653 summo
1010 1617 1127 1651 studio
1151 1615 1230 1657 coli,

240 1692 360 1715 verum
381 1677 484 1710 etiam
502 1673 673 1720 quiedam
693 1684 746 1704 me
770 1670 897 1716 privati
916 1669 1004 1703 ratio
1027 1667 1228 1702 commovit.

240 1731 383 1768 Etenim
407 1739 484 1761 cum
505 1737 564 1770 per
582 1722 751 1757 iniuriam
775 1733 830 1755 me
848 1721 960 1766 patria
982 1719 1144 1765 pulsum,
1170 1729 1232 1751 ve-

241 1784 395 1817 nientem
423 1776 492 1811 huc
517 1788 557 1809 ex
581 1775 650 1808 alio
668 1773 753 1806 orbe
775 1783 910 1806 summa
932 1768 1150 1805 humanitate
1165 1765 1232 1801 ho-

242 1833 345 1879 spitio
362 1826 577 1873 exceperitis,
595 1832 627 1858 et
643 1836 754 1857 annos
773 1824 839 1856 iam
857 1823 991 1868 aliquot
1007 1826 1166 1855 amanter
1181 1826 1232 1853 te-

242 1884 347 1930 gatis,
373 1881 473 1914 valde
498 1877 730 1911 laborandum
757 1872 842 1907 mihi
872 1873 1011 1917 putavi,
1037 1879 1077 1906 ut
1102 1876 1234 1904 extaret

242 1937 360 1980 aliqua
376 1927 602 1975 gratitudinis
619 1938 714 1959 meae
728 1925 947 1969 significatio.
984 1922 1091 1957 Caius
1107 1920 1235 1956 Caesar

244 1987 415 2029 insignem
441 1977 690 2023 hospitalitatis
717 1976 856 2010 laudem
888 1975 1012 2009 tribuit
1035 1972 1236 2012 Germanis,

246 2037 335 2072 lianc
356 2047 417 2077 ego
435 2033 470 2065 iu
489 2029 543 2064 bis
561 2029 647 2062 meis
664 2028 844 2060 erroribus
863 2033 895 2059 ct
916 2026 1019 2059 exilio
1038 2037 1115 2057 mco
1139 2035 1235 2056 com-

247 2088 330 2134 peri,
348 2097 407 2118 vos
424 2092 456 2117 et
466 2081 572 2115 veteri
594 2079 754 2112 instituto
774 2077 936 2115 retinere,
962 2084 992 2109 et
1011 2076 1048 2108 in
1066 2073 1129 2108 hac
1150 2074 1235 2107 urhe

247 2137 430 2185 praecipue
447 2131 596 2167 exerceri
615 2130 671 2175 pio
690 2130 842 2176 quodam
856 2125 1076 2160 Christianae
1096 2125 1235 2168 religio-

249 2191 300 2223 nis
319 2186 457 2225 studio,
485 2195 573 2229 quae
600 2182 690 2214 inter
715 2187 865 2213 caeteras
884 2179 1029 2211 virtutes
1053 2175 1237 2221 hospitali-

249 2248 351 2276 tatem
371 2236 437 2270 coli
459 2233 623 2279 prm-cipit
644 2238 676 2264 et
698 2230 912 2274 amplissime
938 2229 1101 2261 laudibus
1126 2234 1238 2260 ornat,

250 2295 366 2334 Quare
395 2286 540 2330 grati-nm
573 2282 637 2315 lim:
665 2283 806 2315 nomine
832 2278 942 2313 liabeo
971 2277 1052 2312 huic
1079 2278 1239 2323 publicae

251 2340 390 2376 dicendi
409 2333 674 2373 consuetinlini,
702 2334 795 2378 quod
816 2332 950 2364 aditum
977 2328 1064 2363 mihi
1088 2331 1130 2362 ad
1158 2329 1239 2362 uni-

253 2403 369 2425 versos
401 2400 461 2420 vos
494 2385 652 2430 patefacit
682 2392 715 2417 rt
747 2382 965 2415 occasionem
1002 2381 1144 2425 praebet
1177 2380 1238 2412 diu

251 2450 424 2488 optatam,
459 2436 609 2470 vicissim
644 2446 739 2466 meae
774 2433 966 2466 voluntatis
998 2431 1239 2465 declarandae.

254 2492 483 2538 Aptissimum
508 2488 613 2528 igitur
638 2483 702 2517 hoc
729 2491 973 2524 argumentum
997 2495 1093 2516 meae
1122 2493 1238 2527 perso-

254 2558 317 2579 nae
341 2554 412 2575 esse
437 2538 599 2572 indicavi.
658 2535 792 2568 l).·imle
818 2548 888 2567 non
909 2534 1022 2567 solum
1044 2533 1239 2567 orationem

254 2607 383 2632 mmm·
418 2592 476 2623 aad
502 2589 604 2621 etim·
636 2587 830 2629 exc-inpium
856 2585 1054 2618 arbitrabar
1081 2584 1241 2629 profutu-

256 2659 333 2680 rum
349 2655 430 2681 esse,
456 2638 669 2672 exiissitaudi
689 2636 825 2680 aliquus
841 2638 881 2669 ad
901 2637 1150 2677 gratitudinem
1168 2646 1240 2667 mn-

256 2697 320 2730 ioii
348 2692 528 2735 diligt-ntia
555 2688 811 2733 prae-stainlam.
867 2688 1027 2729 Agnosco
1053 2694 1168 2720 autem
1187 2697 1241 2718 me

865 105 1024 146 DECL.
1059 106 1134 144 DE
1169 104 1608 145 GRATITUDINE.

2178 111 2252 148 252

1261 207 1375 241 neque
1391 195 1434 228 de
1450 194 1578 229 virtute
1598 194 1685 240 ipsa,
1705 207 1818 241 neque
1834 197 1878 231 de
1896 197 2020 231 vestris
2035 196 2170 231 meritis
2187 208 2251 242 pro

1262 247 1430 290 dignitate
1449 246 1565 279 dicere
1586 257 1704 290 posse,
1731 247 1789 280 sed
1814 259 1914 291 spero
1932 260 1993 281 vos
2017 260 2080 292 pro
2099 249 2252 282 candore

1263 305 1378 331 vestro
1405 296 1561 330 officium
1588 294 1651 330 hac
1675 296 1712 329 in
1736 309 1773 330 re
1796 310 1914 332 meum
1939 299 2150 342 probaturos
2169 310 2254 339 esse,

1265 347 1399 381 etiamsi
1422 347 1623 392 eloquentia
1647 346 1875 382 desideretur.

1265 405 1369 444 atque
1387 398 1488 431 etiam
1508 409 1589 438 οπο,
1616 403 1656 431 ut
1676 395 1832 432 hominis
1858 399 2034 443 peregrini
2057 399 2252 433 orationem

1925 348 2044 391 Quare
2063 360 2124 382 vos
2147 349 2253 383 etiam

1267 450 1359 483 bona
1383 461 1460 482 cum
1480 448 1582 481 venia
1603 448 1773 489 audiatis,
1799 449 1836 482 id
1853 449 2060 483 beneficium
2079 450 2181 483 etiam
2198 450 2255 483 in-

1268 507 1320 534 ter
1348 507 1482 533 caetera
1515 511 1604 544 quae
1634 496 1723 531 mihi
1754 511 1773 532 a
1797 500 1896 533 vobis
1926 500 2169 534 liberalissime
2193 500 2258 534 tri-

1270 552 1449 591 buuntur,
1480 557 1579 593 grato
1603 549 1723 583 animo
1749 552 1947 586 recensebo.
2005 550 2110 585 Scitis
2139 558 2256 584 autem

1271 601 1541 642 Adulescentes,
1581 600 1720 634 nullum
1753 601 1909 634 officinm
1933 601 2058 635 iustius
2089 613 2128 635 ac
2149 601 2260 645 magis

1271 651 1505 685 necessarium
1529 663 1619 692 esse,
1646 663 1751 697 quam
1773 648 1902 685 habere
1923 652 2068 695 gratiam
2092 652 2260 686 beneme-

1272 703 1359 738 ritis.
1411 701 1507 735 Ilaec
1528 702 1622 735 enim
1641 714 1712 735 una
1730 714 1796 735 vox
1813 709 1862 736 est
1882 715 1955 735 non
1974 703 2087 736 solum
2104 703 2261 736 erudito-

1272 765 1350 787 rum
1366 753 1527 786 omnium
1539 779 1548 793 ‚
1573 755 1631 786 sed
1649 753 1759 797 ipsius
1775 753 1878 787 etiam
1895 760 2054 793 naturae,
2079 765 2260 798 quaemu-

1273 812 1329 839 tus
1352 803 1476 836 officiis
1501 801 1663 836 homines
1689 804 1781 837 inter
1798 815 1834 837 se
1852 804 2032 837 devinctos
2051 815 2123 837 esse
2137 803 2262 839 voluit.

1275 855 1393 897 Quare
1415 854 1543 897 ingrati
1569 866 1647 886 cum
1666 851 1750 887 haee
1768 855 1940 888 naturalia
1959 854 2098 888 vincula
2115 855 2264 888 societa-

1275 906 1320 940 tis
1342 903 1517 938 humanae
1540 904 1756 945 dissolvant,
1788 905 1855 949 ipsi
1878 912 2023 939 naturae
2053 905 2185 939 bellum
2207 905 2264 938 in-

1275 957 1365 989 ferre
1380 955 1563 989 iudicandi
1578 961 1670 990 sunt.
1706 952 1783 989 Etsi
1797 963 1910 989 autem
1929 954 2013 989 haec
2029 956 2102 1000 ipsa
2119 962 2265 990 naturae

1277 1008 1328 1040 lex
1344 1006 1464 1040 divina
1481 1006 1653 1052 quaedam
1668 1018 1734 1039 vox
1750 1013 1800 1041 est
1816 1006 1992 1040 mentibus
2008 1004 2194 1040 hominum
2210 1007 2268 1040 iu-

1276 1058 1418 1102 scripta,
1439 1064 1558 1091 tamen
1574 1063 1607 1090 et
1622 1056 1658 1089 in
1674 1057 1779 1090 sacris
1792 1057 1904 1090 literis
1921 1063 2037 1091 extant
2054 1057 2146 1090 clara
2164 1068 2267 1101 prae-

1277 1116 1394 1152 cepta,
1428 1120 1516 1153 quae
1541 1119 1606 1140 nos
1628 1108 1670 1140 ad
1695 1107 1879 1141 colendam
1904 1108 2156 1151 gratitudinem
2182 1105 2268 1142 hor-

1278 1165 1415 1198 tantur,
1450 1164 1482 1190 et
1505 1159 1649 1202 quidem
1675 1158 1781 1201 gratis
1807 1159 1980 1202 praemia,
2015 1158 2163 1204 ingratis
2185 1170 2267 1192 vero

1279 1219 1408 1254 poenas
1425 1208 1596 1242 divinitus
1617 1208 1765 1252 proponi
1789 1209 1925 1241 docent.
1978 1207 2036 1241 Sic
2061 1209 2156 1242 enim
2182 1209 2268 1243 scri-

1280 1267 1379 1305 ptum
1409 1266 1476 1293 est:
1511 1258 1592 1292 Non
1625 1259 1761 1292 recedet
1793 1259 1923 1292 malum
1950 1271 1968 1291 a
1997 1260 2102 1293 domo
2131 1259 2270 1303 ingrati.

1280 1311 1400 1353 Quare
1418 1322 1492 1343 non
1511 1310 1626 1342 solum
1644 1315 1768 1342 natura
1788 1309 1942 1353 ingratos
1960 1316 2127 1355 tanquam
2146 1310 2271 1344 imma-

1281 1361 1341 1394 nia
1358 1367 1516 1393 monstra
1532 1360 1610 1393 odit
1627 1366 1660 1393 et
1679 1367 1870 1400 execratur,
1895 1361 1954 1393 sed
1973 1361 2077 1394 etiam
2094 1367 2196 1404 urget
2211 1373 2271 1395 eos

1281 1412 1376 1446 Deus
1393 1410 1592 1444 iustissimis
1608 1410 1740 1455 poenis.
1782 1409 1936 1444 Proinde
1953 1410 1981 1444 si
1998 1417 2160 1444 naturam
2177 1411 2272 1456 aspi-

1282 1462 1413 1496 ciemus
1428 1468 1461 1495 et
1477 1461 1575 1506 quasi
1594 1461 1800 1494 evolvemus
1815 1461 1952 1494 animos
1971 1461 2035 1505 ipsi
2060 1468 2215 1501 nostros,
2242 1466 2272 1496 si

1282 1524 1396 1547 sacras
1419 1513 1538 1545 literas
1563 1512 1808 1553 consulemus,
1842 1523 1916 1545 non
1937 1512 2051 1545 solum
2075 1512 2273 1547 videbimus

1283 1570 1455 1609 quantum
1485 1561 1612 1596 habeat
1637 1563 1852 1606 ingratitudo
1885 1563 2042 1602 sceleris,
2081 1563 2140 1596 sed
2166 1563 2272 1597 etiam

1284 1614 1556 1653 constituemus,
1591 1625 1663 1646 non
1696 1625 1766 1646 esse
1795 1613 2051 1654 dubitandum,
2086 1613 2173 1659 quin
2197 1613 2273 1648 Deo

1286 1677 1414 1710 poenas
1432 1665 1558 1707 ingrati
1577 1663 1692 1697 daturi
1710 1664 1790 1699 sint.
1840 1663 1934 1697 Haec
1950 1664 1978 1697 si
1996 1665 2275 1705 considerabitis,

1286 1723 1324 1750 ut
1348 1727 1409 1748 vos
1433 1715 1636 1759 praesertim
1661 1715 1777 1751 decet,
1805 1715 1866 1760 qui
1890 1716 1934 1747 ad
1959 1715 2074 1749 studia
2102 1716 2274 1750 virtutum

1286 1764 1437 1801 adhibiti
1456 1766 1555 1805 estis,
1590 1766 1748 1799 statuetis
1766 1777 1846 1803 vos,
1873 1773 1905 1799 et
1921 1773 1958 1800 ut
1976 1764 2050 1799 Deo
2073 1773 2105 1799 et
2130 1773 2276 1800 naturae

1288 1817 1453 1862 pareatis,
1481 1829 1559 1849 cum
1576 1828 1655 1859 erga
1676 1816 1783 1854 alios,
1811 1823 1884 1849 tum
1903 1817 2052 1849 maxime
2076 1828 2155 1860 erga
2173 1830 2276 1862 prae-

1288 1875 1444 1912 ceptores
1468 1874 1620 1907 vestros,
1647 1873 1681 1900 et
1705 1864 1794 1899 banc
1817 1867 2041 1900 Academiam
2067 1875 2183 1911 gratos
2205 1880 2277 1902 esse

1289 1920 1427 1954 dehere.
1470 1916 1611 1951 Etenim
1627 1930 1705 1951 curn
1724 1917 1861 1951 nullum
1880 1918 1923 1951 sit
1939 1918 2052 1951 maius
2070 1919 2276 1953 beneficium

1290 1971 1326 2003 in
1348 1970 1461 2006 terris,
1489 1981 1594 2014 qnam
1612 1968 1780 2009 veritatis,
1807 1975 1839 2002 et
1856 1976 1967 2002 rectae
1984 1969 2164 2003 doctrinae
2181 1982 2278 2004 com-

1290 2021 1496 2060 municatio,
1523 2021 1678 2064 profecto
1692 2019 1800 2053 nullis
1816 2019 1894 2063 plus
1908 2020 2076 2053 debemus
2090 2032 2196 2066 qnam
2212 2018 2279 2063 his,

1291 2085 1442 2117 quornm
1460 2072 1590 2111 labore,
1625 2071 1692 2104 fide
1719 2083 1756 2103 ac
1774 2070 1982 2104 liberalitate
1999 2082 2054 2104 res
2070 2078 2185 2106 tantae
2200 2078 2280 2106 tan-

1291 2136 1395 2168 quam
1424 2123 1459 2155 in
1479 2122 1546 2155 vita
1573 2122 1785 2155 necessariae
1808 2121 1912 2154 nobis
1935 2122 2157 2166 contingunt.
2209 2121 2281 2157 Ne-

1292 2187 1358 2219 que
1378 2174 1471 2206 enim
1495 2173 1681 2216 ignoratis,
1708 2172 1816 2205 vitam
1842 2172 1916 2205 sine
1939 2172 2072 2214 literis,
2095 2173 2172 2207 sine
2196 2174 2282 2208 reli-

1292 2226 1406 2267 gionis
1422 2225 1583 2262 scientia.
1611 2223 1687 2257 sine
1710 2223 1930 2268 antiquitatis
1949 2223 2098 2265 noticia,
2123 2224 2199 2259 sine
2215 2225 2282 2259 nli-

1293 2289 1359 2321 qua
1386 2285 1527 2308 natnrae
1554 2282 1657 2320 atque
1682 2271 1910 2307 honestorum
1936 2275 2133 2308 officiorum
2158 2276 2281 2320 cogni-

1295 2329 1389 2359 tium·
1409 2340 1478 2359 non
1500 2327 1612 2359 solum
1633 2326 1799 2359 incultam
1814 2352 1821 2364 ,
1849 2326 1907 2358 srd
1928 2325 2031 2370 plane
2049 2326 2281 2361 miserrimam

1295 2379 1410 2413 tuisse.
1465 2376 1625 2422 Denique
1654 2377 1758 2410 ctiam
1790 2378 1963 2421 pecudum
1989 2377 2058 2411 vita
2090 2377 2284 2422 optabilior

1296 2429 1398 2462 l'nrrit
1433 2441 1537 2474 quam
1578 2425 1783 2466 luo-ninum,
1831 2427 2024 2472 quamlibet
2059 2428 2282 2463 affluentium

1296 2481 1454 2512 onmium
1482 2491 1597 2512 rernm
1624 2479 1741 2522 copia,
1774 2478 1801 2511 si
1827 2491 1906 2511 cnm
1927 2478 1998 2511 illis
2018 2479 2174 2512 tenebris
2196 2492 2282 2514 ton-

1297 2533 1411 2564 inncta
1435 2538 1482 2564 est
1509 2529 1726 2572 impiissimis
1751 2529 1820 2562 illis
1838 2529 2016 2562 erroribus
2037 2537 2069 2563 et
2086 2529 2181 2565 vitiis
2202 2543 2284 2575 age-

1297 2591 1356 2615 ιϊι.
1413 2581 1531 2626 ltaque
1551 2581 1648 2613 sarilo
1669 2580 1814 2613 iudicari
1840 2587 1973 2624 potest,
2001 2581 2194 2624 plurimum
2219 2593 2285 2616 nos

1295 2635 1422 2665 debere
1449 2633 1520 2665 illis
1544 2632 1633 2665 sitae
1661 2632 1828 2669 ducibus.
1863 2631 1922 2675 qui
1954 2643 2017 2664 nos
2042 2632 2077 2664 in
2106 2632 2217 2666 lucem
2242 2644 2282 2666 ex

1296 2685 1542 2717 obscurissima
1568 2683 1716 2725 caligine
1744 2682 1915 2721 educunt,
1946 2689 1978 2715 rt
2002 2683 2089 2716 hene
2116 2684 2283 2730 beateque
