<?xml version="1.0" encoding="UTF-8"?>
<!DOCTYPE html PUBLIC "-//W3C//DTD XHTML 1.0 Transitional//EN"
    "http://www.w3.org/TR/xhtml1/DTD/xhtml1-transitional.dtd">
<html xmlns="http://www.w3.org/1999/xhtml" xml:lang="en" lang="en">
 <head>
  <title>
</title>
<meta http-equiv="Content-Type" content="text/html;charset=utf-8" />
  <meta name='ocr-system' content='tesseract 3.04.00' />
  <meta name='ocr-capabilities' content='ocr_page ocr_carea ocr_par ocr_line ocrx_word'/>
</head>
<body>
  <div class='ocr_page' id='page_1' title='image "./operaquaesupersu11melauoft/operaquaesupersu11melauoft_0035.png"; bbox 0 0 2338 2958; ppageno 0'>
   <div class='ocr_carea' id='block_1_1' title="bbox 83 93 134 131">
    <p class='ocr_par' dir='ltr' id='par_1_1' title="bbox 83 93 134 131">
     <span class='ocr_line' id='line_1_1' title="bbox 83 93 134 131; baseline -0.02 0"><span class='ocrx_word' id='word_1_1' title='bbox 83 93 134 131; x_wconf 80' lang='lat'>55</span> 
     </span>
    </p>
   </div>
   <div class='ocr_carea' id='block_1_2' title="bbox 79 175 1077 2705">
    <p class='ocr_par' dir='ltr' id='par_1_2' title="bbox 79 175 1077 2705">
     <span class='ocr_line' id='line_1_2' title="bbox 84 175 1075 222; baseline -0.006 -7"><span class='ocrx_word' id='word_1_2' title='bbox 84 179 245 215; x_wconf 87' lang='lat' dir='ltr'>oratione</span> <span class='ocrx_word' id='word_1_3' title='bbox 272 183 430 214; x_wconf 89' lang='lat' dir='ltr'>utantur.</span> <span class='ocrx_word' id='word_1_4' title='bbox 488 175 562 221; x_wconf 87' lang='lat' dir='ltr'>Qui</span> <span class='ocrx_word' id='word_1_5' title='bbox 584 177 613 211; x_wconf 92' lang='lat' dir='ltr'>si</span> <span class='ocrx_word' id='word_1_6' title='bbox 636 190 709 212; x_wconf 90' lang='lat' dir='ltr'>rem</span> <span class='ocrx_word' id='word_1_7' title='bbox 733 177 878 222; x_wconf 89' lang='lat' dir='ltr'>propius</span> <span class='ocrx_word' id='word_1_8' title='bbox 903 175 1075 221; x_wconf 88' lang='lat' dir='ltr'>inspexis-</span> 
     </span>
     <span class='ocr_line' id='line_1_3' title="bbox 84 227 1075 275; baseline -0.005 -10"><span class='ocrx_word' id='word_1_9' title='bbox 84 237 180 272; x_wconf 72' lang='lat' dir='ltr'>sent,</span> <span class='ocrx_word' id='word_1_10' title='bbox 207 229 413 275; x_wconf 81' lang='lat' dir='ltr'><strong>neutiquam</strong></span> <span class='ocrx_word' id='word_1_11' title='bbox 431 228 650 262; x_wconf 88' lang='lat' dir='ltr'>adsciticium</span> <span class='ocrx_word' id='word_1_12' title='bbox 667 236 701 263; x_wconf 92' lang='lat' dir='ltr'>et</span> <span class='ocrx_word' id='word_1_13' title='bbox 713 239 1011 273; x_wconf 90' lang='lat' dir='ltr'>supervacaneum</span> <span class='ocrx_word' id='word_1_14' title='bbox 1030 227 1075 260; x_wconf 91' lang='lat' dir='ltr'>ab</span> 
     </span>
     <span class='ocr_line' id='line_1_4' title="bbox 84 278 1074 326; baseline -0.004 -11"><span class='ocrx_word' id='word_1_15' title='bbox 84 280 306 326; x_wconf 82' lang='lat' dir='ltr'>eloquentiae</span> <span class='ocrx_word' id='word_1_16' title='bbox 338 280 594 324; x_wconf 82' lang='lat' dir='ltr'>professoribus</span> <span class='ocrx_word' id='word_1_17' title='bbox 618 280 738 314; x_wconf 87' lang='lat' dir='ltr'>fucum</span> <span class='ocrx_word' id='word_1_18' title='bbox 769 278 904 324; x_wconf 81' lang='lat' dir='ltr'>requiri</span> <span class='ocrx_word' id='word_1_19' title='bbox 939 278 1074 311; x_wconf 89' lang='lat' dir='ltr'>iudica-</span> 
     </span>
     <span class='ocr_line' id='line_1_5' title="bbox 82 329 1073 375; baseline -0.003 -11"><span class='ocrx_word' id='word_1_20' title='bbox 82 337 174 365; x_wconf 87' lang='lat' dir='ltr'>rent.</span> <span class='ocrx_word' id='word_1_21' title='bbox 226 331 306 375; x_wconf 89' lang='lat' dir='ltr'>Ipsa</span> <span class='ocrx_word' id='word_1_22' title='bbox 322 330 493 364; x_wconf 88' lang='lat' dir='ltr'>orationis</span> <span class='ocrx_word' id='word_1_23' title='bbox 509 330 654 374; x_wconf 89' lang='lat' dir='ltr'>puritas,</span> <span class='ocrx_word' id='word_1_24' title='bbox 681 329 869 374; x_wconf 87' lang='lat' dir='ltr'>nativaque</span> <span class='ocrx_word' id='word_1_25' title='bbox 882 329 986 362; x_wconf 89' lang='lat' dir='ltr'>facies</span> <span class='ocrx_word' id='word_1_26' title='bbox 1002 329 1073 362; x_wconf 92' lang='lat' dir='ltr'>ele—</span> 
     </span>
     <span class='ocr_line' id='line_1_6' title="bbox 81 380 1071 427; baseline -0.004 -12"><span class='ocrx_word' id='word_1_27' title='bbox 81 382 200 425; x_wconf 88' lang='lat' dir='ltr'>gantia</span> <span class='ocrx_word' id='word_1_28' title='bbox 218 388 288 422; x_wconf 88' lang='lat' dir='ltr'>est,</span> <span class='ocrx_word' id='word_1_29' title='bbox 316 393 420 427; x_wconf 87' lang='lat' dir='ltr'>quam</span> <span class='ocrx_word' id='word_1_30' title='bbox 444 382 512 415; x_wconf 87' lang='lat' dir='ltr'>nisi</span> <span class='ocrx_word' id='word_1_31' title='bbox 532 389 670 422; x_wconf 85' lang='lat' dir='ltr'>tueare,</span> <span class='ocrx_word' id='word_1_32' title='bbox 697 391 769 413; x_wconf 91' lang='lat' dir='ltr'>non</span> <span class='ocrx_word' id='word_1_33' title='bbox 794 380 898 412; x_wconf 90' lang='lat' dir='ltr'>modo</span> <span class='ocrx_word' id='word_1_34' title='bbox 922 391 996 412; x_wconf 92' lang='lat' dir='ltr'>non</span> <span class='ocrx_word' id='word_1_35' title='bbox 1013 391 1071 412; x_wconf 83' lang='lat' dir='ltr'>ve-</span> 
     </span>
     <span class='ocr_line' id='line_1_7' title="bbox 82 431 1073 477; baseline -0.004 -11"><span class='ocrx_word' id='word_1_36' title='bbox 82 439 186 466; x_wconf 90' lang='lat' dir='ltr'>nuste</span> <span class='ocrx_word' id='word_1_37' title='bbox 210 439 270 466; x_wconf 92' lang='lat' dir='ltr'>aut</span> <span class='ocrx_word' id='word_1_38' title='bbox 294 432 496 477; x_wconf 91' lang='lat' dir='ltr'>inquinate,</span> <span class='ocrx_word' id='word_1_39' title='bbox 523 433 583 465; x_wconf 89' lang='lat' dir='ltr'>sed</span> <span class='ocrx_word' id='word_1_40' title='bbox 606 431 817 475; x_wconf 84' lang='lat' dir='ltr'>improprie,</span> <span class='ocrx_word' id='word_1_41' title='bbox 843 431 1008 470; x_wconf 92' lang='lat' dir='ltr'>obscure,</span> <span class='ocrx_word' id='word_1_42' title='bbox 1034 442 1073 463; x_wconf 90' lang='lat' dir='ltr'>ac</span> 
     </span>
     <span class='ocr_line' id='line_1_8' title="bbox 82 480 1074 528; baseline -0.003 -12"><span class='ocrx_word' id='word_1_43' title='bbox 82 483 201 527; x_wconf 89' lang='lat' dir='ltr'>inepte</span> <span class='ocrx_word' id='word_1_44' title='bbox 230 483 370 518; x_wconf 80' lang='lat' dir='ltr'>dixeris.</span> <span class='ocrx_word' id='word_1_45' title='bbox 431 480 479 517; x_wconf 91' lang='lat' dir='ltr'>Et</span> <span class='ocrx_word' id='word_1_46' title='bbox 507 482 804 528; x_wconf 84' lang='lat' dir='ltr'>quemadmodum</span> <span class='ocrx_word' id='word_1_47' title='bbox 834 481 870 514; x_wconf 91' lang='lat' dir='ltr'>in</span> <span class='ocrx_word' id='word_1_48' title='bbox 902 481 1074 524; x_wconf 84' lang='lat' dir='ltr'>fingendis</span> 
     </span>
     <span class='ocr_line' id='line_1_9' title="bbox 82 532 1073 576; baseline -0.003 -9"><span class='ocrx_word' id='word_1_49' title='bbox 82 533 291 575; x_wconf 88' lang='lat' dir='ltr'>corporibus</span> <span class='ocrx_word' id='word_1_50' title='bbox 310 546 348 567; x_wconf 90' lang='lat' dir='ltr'>ea</span> <span class='ocrx_word' id='word_1_51' title='bbox 364 534 506 566; x_wconf 93' lang='lat' dir='ltr'>demum</span> <span class='ocrx_word' id='word_1_52' title='bbox 523 532 692 576; x_wconf 80' lang='lat' dir='ltr'>elegantia</span> <span class='ocrx_word' id='word_1_53' title='bbox 710 538 779 573; x_wconf 93' lang='lat' dir='ltr'>est,</span> <span class='ocrx_word' id='word_1_54' title='bbox 805 532 868 565; x_wconf 91' lang='lat' dir='ltr'>ubi</span> <span class='ocrx_word' id='word_1_55' title='bbox 884 532 971 565; x_wconf 90' lang='lat' dir='ltr'>iusta</span> <span class='ocrx_word' id='word_1_56' title='bbox 990 544 1073 576; x_wconf 90' lang='lat' dir='ltr'>pro-</span> 
     </span>
     <span class='ocr_line' id='line_1_10' title="bbox 81 582 1072 630; baseline -0.002 -13"><span class='ocrx_word' id='word_1_57' title='bbox 81 584 246 630; x_wconf 82' lang='lat' dir='ltr'>portione</span> <span class='ocrx_word' id='word_1_58' title='bbox 272 585 428 617; x_wconf 89' lang='lat' dir='ltr'>membra</span> <span class='ocrx_word' id='word_1_59' title='bbox 452 583 570 617; x_wconf 89' lang='lat' dir='ltr'>omnia</span> <span class='ocrx_word' id='word_1_60' title='bbox 595 583 688 616; x_wconf 88' lang='lat' dir='ltr'>inter</span> <span class='ocrx_word' id='word_1_61' title='bbox 714 595 749 616; x_wconf 94' lang='lat' dir='ltr'>se</span> <span class='ocrx_word' id='word_1_62' title='bbox 773 582 1016 623; x_wconf 88' lang='lat' dir='ltr'>consentiunt,</span> <span class='ocrx_word' id='word_1_63' title='bbox 1044 582 1072 614; x_wconf 91' lang='lat' dir='ltr'>si</span> 
     </span>
     <span class='ocr_line' id='line_1_11' title="bbox 81 633 1073 680; baseline -0.003 -12"><span class='ocrx_word' id='word_1_64' title='bbox 81 635 169 680; x_wconf 92' lang='lat' dir='ltr'>quid</span> <span class='ocrx_word' id='word_1_65' title='bbox 186 646 282 668; x_wconf 91' lang='lat' dir='ltr'>secus</span> <span class='ocrx_word' id='word_1_66' title='bbox 304 635 430 675; x_wconf 87' lang='lat' dir='ltr'>facias,</span> <span class='ocrx_word' id='word_1_67' title='bbox 457 641 691 667; x_wconf 90' lang='lat' dir='ltr'>monstrosum</span> <span class='ocrx_word' id='word_1_68' title='bbox 711 633 793 674; x_wconf 88' lang='lat' dir='ltr'>erit,</span> <span class='ocrx_word' id='word_1_69' title='bbox 820 634 867 667; x_wconf 85' lang='lat' dir='ltr'>ita</span> <span class='ocrx_word' id='word_1_70' title='bbox 892 645 971 666; x_wconf 91' lang='lat' dir='ltr'>cum</span> <span class='ocrx_word' id='word_1_71' title='bbox 995 644 1073 676; x_wconf 80' lang='lat' dir='ltr'>ger-</span> 
     </span>
     <span class='ocr_line' id='line_1_12' title="bbox 81 684 1072 728; baseline -0.002 -10"><span class='ocrx_word' id='word_1_72' title='bbox 81 697 222 718; x_wconf 88' lang='lat' dir='ltr'>manam</span> <span class='ocrx_word' id='word_1_73' title='bbox 251 685 422 719; x_wconf 91' lang='lat' dir='ltr'>orationis</span> <span class='ocrx_word' id='word_1_74' title='bbox 447 684 594 728; x_wconf 89' lang='lat' dir='ltr'>speciem</span> <span class='ocrx_word' id='word_1_75' title='bbox 618 696 708 717; x_wconf 77' lang='lat' dir='ltr'>nova</span> <span class='ocrx_word' id='word_1_76' title='bbox 735 684 991 728; x_wconf 86' lang='lat' dir='ltr'>compositione</span> <span class='ocrx_word' id='word_1_77' title='bbox 1010 685 1072 716; x_wconf 91' lang='lat' dir='ltr'>de-</span> 
     </span>
     <span class='ocr_line' id='line_1_13' title="bbox 81 735 1071 779; baseline 0 -10"><span class='ocrx_word' id='word_1_78' title='bbox 81 736 305 776; x_wconf 75' lang='lat' dir='ltr'>formaveris,</span> <span class='ocrx_word' id='word_1_79' title='bbox 336 741 568 768; x_wconf 85' lang='lat' dir='ltr'>monstrosam</span> <span class='ocrx_word' id='word_1_80' title='bbox 592 735 696 779; x_wconf 90' lang='lat' dir='ltr'>plane</span> <span class='ocrx_word' id='word_1_81' title='bbox 721 747 760 768; x_wconf 79' lang='lat' dir='ltr'>ac</span> <span class='ocrx_word' id='word_1_82' title='bbox 785 735 938 778; x_wconf 85' lang='lat' dir='ltr'>ineptam</span> <span class='ocrx_word' id='word_1_83' title='bbox 957 735 1071 769; x_wconf 84' lang='lat' dir='ltr'>facies.</span> 
     </span>
     <span class='ocr_line' id='line_1_14' title="bbox 81 783 1071 831; baseline -0.003 -11"><span class='ocrx_word' id='word_1_84' title='bbox 81 785 186 820; x_wconf 91' lang='lat' dir='ltr'>Picus</span> <span class='ocrx_word' id='word_1_85' title='bbox 208 786 246 819; x_wconf 90' lang='lat' dir='ltr'>in</span> <span class='ocrx_word' id='word_1_86' title='bbox 275 786 419 831; x_wconf 89' lang='lat' dir='ltr'>epistola</span> <span class='ocrx_word' id='word_1_87' title='bbox 444 798 512 831; x_wconf 91' lang='lat' dir='ltr'>qua</span> <span class='ocrx_word' id='word_1_88' title='bbox 537 786 697 819; x_wconf 88' lang='lat' dir='ltr'>barbaris</span> <span class='ocrx_word' id='word_1_89' title='bbox 714 783 965 829; x_wconf 85' lang='lat' dir='ltr'>Philosophiae</span> <span class='ocrx_word' id='word_1_90' title='bbox 987 785 1071 818; x_wconf 88' lang='lat' dir='ltr'>scri-</span> 
     </span>
     <span class='ocr_line' id='line_1_15' title="bbox 82 833 1072 883; baseline -0.002 -11"><span class='ocrx_word' id='word_1_91' title='bbox 82 837 245 883; x_wconf 87' lang='lat' dir='ltr'>ptoribus</span> <span class='ocrx_word' id='word_1_92' title='bbox 268 836 525 881; x_wconf 86' lang='lat' dir='ltr'>patrocinatur,</span> <span class='ocrx_word' id='word_1_93' title='bbox 559 836 706 877; x_wconf 89' lang='lat' dir='ltr'>ludens,</span> <span class='ocrx_word' id='word_1_94' title='bbox 740 837 844 870; x_wconf 91' lang='lat' dir='ltr'>credo</span> <span class='ocrx_word' id='word_1_95' title='bbox 878 837 916 869; x_wconf 92' lang='lat' dir='ltr'>in</span> <span class='ocrx_word' id='word_1_96' title='bbox 949 833 1072 882; x_wconf 74' lang='grc' dir='ltr'><em>ἀδόξῳ</em></span> 
     </span>
     <span class='ocr_line' id='line_1_16' title="bbox 82 887 1071 931; baseline -0.003 -9"><span class='ocrx_word' id='word_1_97' title='bbox 82 893 308 931; x_wconf 86' lang='lat' dir='ltr'>argumento,</span> <span class='ocrx_word' id='word_1_98' title='bbox 341 894 374 921; x_wconf 93' lang='lat' dir='ltr'>et</span> <span class='ocrx_word' id='word_1_99' title='bbox 395 887 601 930; x_wconf 84' lang='lat' dir='ltr'>elegantiam</span> <span class='ocrx_word' id='word_1_100' title='bbox 627 900 645 920; x_wconf 90' lang='lat' dir='ltr'>a</span> <span class='ocrx_word' id='word_1_101' title='bbox 670 894 760 920; x_wconf 89' lang='lat' dir='ltr'>recte</span> <span class='ocrx_word' id='word_1_102' title='bbox 777 887 917 920; x_wconf 86' lang='lat' dir='ltr'>dicendi</span> <span class='ocrx_word' id='word_1_103' title='bbox 936 887 1071 920; x_wconf 84' lang='lat' dir='ltr'>ratione</span> 
     </span>
     <span class='ocr_line' id='line_1_17' title="bbox 83 938 1072 983; baseline -0.002 -11"><span class='ocrx_word' id='word_1_104' title='bbox 83 945 229 983; x_wconf 84' lang='lat' dir='ltr'>separat,</span> <span class='ocrx_word' id='word_1_105' title='bbox 249 944 281 971; x_wconf 87' lang='lat' dir='ltr'>et</span> <span class='ocrx_word' id='word_1_106' title='bbox 293 938 458 982; x_wconf 87' lang='lat' dir='ltr'>explicari</span> <span class='ocrx_word' id='word_1_107' title='bbox 475 949 528 971; x_wconf 92' lang='lat' dir='ltr'>res</span> <span class='ocrx_word' id='word_1_108' title='bbox 544 938 782 983; x_wconf 86' lang='lat' dir='ltr'>qualicunque</span> <span class='ocrx_word' id='word_1_109' title='bbox 798 938 957 971; x_wconf 88' lang='lat' dir='ltr'>oratione</span> <span class='ocrx_word' id='word_1_110' title='bbox 973 949 1072 982; x_wconf 89' lang='lat' dir='ltr'>posse</span> 
     </span>
     <span class='ocr_line' id='line_1_18' title="bbox 81 986 1072 1033; baseline -0.002 -10"><span class='ocrx_word' id='word_1_111' title='bbox 81 996 208 1023; x_wconf 87' lang='lat' dir='ltr'>censet.</span> <span class='ocrx_word' id='word_1_112' title='bbox 262 988 355 1021; x_wconf 90' lang='lat' dir='ltr'>Huic</span> <span class='ocrx_word' id='word_1_113' title='bbox 374 989 537 1033; x_wconf 86' lang='lat' dir='ltr'>equidem</span> <span class='ocrx_word' id='word_1_114' title='bbox 559 986 651 1021; x_wconf 89' lang='lat' dir='ltr'>nibil</span> <span class='ocrx_word' id='word_1_115' title='bbox 673 1000 877 1029; x_wconf 87' lang='lat' dir='ltr'>succenseo,</span> <span class='ocrx_word' id='word_1_116' title='bbox 904 989 965 1033; x_wconf 90' lang='lat' dir='ltr'>qui</span> <span class='ocrx_word' id='word_1_117' title='bbox 990 989 1072 1021; x_wconf 92' lang='lat' dir='ltr'>bar-</span> 
     </span>
     <span class='ocr_line' id='line_1_19' title="bbox 83 1039 1070 1083; baseline 0 -11"><span class='ocrx_word' id='word_1_118' title='bbox 83 1039 218 1073; x_wconf 88' lang='lat' dir='ltr'>bariem</span> <span class='ocrx_word' id='word_1_119' title='bbox 236 1051 307 1072; x_wconf 92' lang='lat' dir='ltr'>non</span> <span class='ocrx_word' id='word_1_120' title='bbox 327 1040 436 1082; x_wconf 85' lang='lat' dir='ltr'>magis</span> <span class='ocrx_word' id='word_1_121' title='bbox 451 1052 490 1072; x_wconf 84' lang='lat' dir='ltr'>ex</span> <span class='ocrx_word' id='word_1_122' title='bbox 508 1039 618 1072; x_wconf 89' lang='lat' dir='ltr'>animi</span> <span class='ocrx_word' id='word_1_123' title='bbox 633 1039 802 1073; x_wconf 88' lang='lat' dir='ltr'>sententia</span> <span class='ocrx_word' id='word_1_124' title='bbox 819 1045 949 1079; x_wconf 90' lang='lat' dir='ltr'>tuetur,</span> <span class='ocrx_word' id='word_1_125' title='bbox 966 1051 1070 1083; x_wconf 92' lang='lat' dir='ltr'>quam</span> 
     </span>
     <span class='ocr_line' id='line_1_20' title="bbox 82 1089 1073 1134; baseline -0.001 -11"><span class='ocrx_word' id='word_1_126' title='bbox 82 1090 209 1123; x_wconf 81' lang='lat' dir='ltr'>febrim</span> <span class='ocrx_word' id='word_1_127' title='bbox 227 1089 424 1123; x_wconf 88' lang='lat' dir='ltr'>Favorinus</span> <span class='ocrx_word' id='word_1_128' title='bbox 440 1090 618 1124; x_wconf 84' lang='lat' dir='ltr'>laudabat.</span> <span class='ocrx_word' id='word_1_129' title='bbox 662 1089 738 1122; x_wconf 90' lang='lat' dir='ltr'>Hoc</span> <span class='ocrx_word' id='word_1_130' title='bbox 755 1089 876 1128; x_wconf 89' lang='lat' dir='ltr'>miror,</span> <span class='ocrx_word' id='word_1_131' title='bbox 903 1101 976 1123; x_wconf 92' lang='lat' dir='ltr'>esse</span> <span class='ocrx_word' id='word_1_132' title='bbox 992 1090 1073 1134; x_wconf 74' lang='lat' dir='ltr'>qui-</span> 
     </span>
     <span class='ocr_line' id='line_1_21' title="bbox 81 1139 1070 1185; baseline -0.001 -12"><span class='ocrx_word' id='word_1_133' title='bbox 81 1141 148 1173; x_wconf 84' lang='lat' dir='ltr'>hus</span> <span class='ocrx_word' id='word_1_134' title='bbox 165 1146 235 1173; x_wconf 93' lang='lat' dir='ltr'>tam</span> <span class='ocrx_word' id='word_1_135' title='bbox 251 1140 398 1172; x_wconf 85' lang='lat' dir='ltr'>frivolae</span> <span class='ocrx_word' id='word_1_136' title='bbox 414 1140 568 1183; x_wconf 84' lang='lat' dir='ltr'>argutiae</span> <span class='ocrx_word' id='word_1_137' title='bbox 585 1140 675 1174; x_wconf 89' lang='lat' dir='ltr'>serio</span> <span class='ocrx_word' id='word_1_138' title='bbox 698 1141 951 1185; x_wconf 86' lang='lat' dir='ltr'>persuaserint,</span> <span class='ocrx_word' id='word_1_139' title='bbox 979 1139 1070 1173; x_wconf 86' lang='lat' dir='ltr'>nihil</span> 
     </span>
     <span class='ocr_line' id='line_1_22' title="bbox 81 1190 1070 1236; baseline 0.001 -13"><span class='ocrx_word' id='word_1_140' title='bbox 81 1191 227 1231; x_wconf 87' lang='lat' dir='ltr'>referre,</span> <span class='ocrx_word' id='word_1_141' title='bbox 253 1191 431 1235; x_wconf 89' lang='lat' dir='ltr'>quomodo</span> <span class='ocrx_word' id='word_1_142' title='bbox 448 1191 647 1236; x_wconf 89' lang='lat' dir='ltr'>loquamur.</span> <span class='ocrx_word' id='word_1_143' title='bbox 702 1190 761 1225; x_wconf 87' lang='lat' dir='ltr'>An</span> <span class='ocrx_word' id='word_1_144' title='bbox 777 1203 859 1224; x_wconf 91' lang='lat' dir='ltr'>vero</span> <span class='ocrx_word' id='word_1_145' title='bbox 879 1198 970 1225; x_wconf 90' lang='lat' dir='ltr'>recte</span> <span class='ocrx_word' id='word_1_146' title='bbox 993 1204 1070 1224; x_wconf 86' lang='lat' dir='ltr'>cor-</span> 
     </span>
     <span class='ocr_line' id='line_1_23' title="bbox 80 1241 1069 1286; baseline 0.002 -13"><span class='ocrx_word' id='word_1_147' title='bbox 80 1252 146 1286; x_wconf 92' lang='lat' dir='ltr'>pus</span> <span class='ocrx_word' id='word_1_148' title='bbox 165 1241 362 1275; x_wconf 88' lang='lat' dir='ltr'>imitabitur</span> <span class='ocrx_word' id='word_1_149' title='bbox 384 1241 515 1285; x_wconf 85' lang='lat' dir='ltr'>pictor,</span> <span class='ocrx_word' id='word_1_150' title='bbox 542 1242 571 1274; x_wconf 93' lang='lat' dir='ltr'>si</span> <span class='ocrx_word' id='word_1_151' title='bbox 594 1242 692 1275; x_wconf 88' lang='lat' dir='ltr'>nulla</span> <span class='ocrx_word' id='word_1_152' title='bbox 708 1242 845 1275; x_wconf 91' lang='lat' dir='ltr'>ratione</span> <span class='ocrx_word' id='word_1_153' title='bbox 864 1242 1069 1286; x_wconf 90' lang='lat' dir='ltr'>penicillum</span> 
     </span>
     <span class='ocr_line' id='line_1_24' title="bbox 80 1292 1070 1335; baseline 0 -10"><span class='ocrx_word' id='word_1_154' title='bbox 80 1298 195 1335; x_wconf 81' lang='lat' dir='ltr'>regat,</span> <span class='ocrx_word' id='word_1_155' title='bbox 223 1292 251 1324; x_wconf 92' lang='lat' dir='ltr'>si</span> <span class='ocrx_word' id='word_1_156' title='bbox 268 1298 397 1324; x_wconf 87' lang='lat' dir='ltr'>temere</span> <span class='ocrx_word' id='word_1_157' title='bbox 411 1292 543 1326; x_wconf 82' lang='lat' dir='ltr'>feratur</span> <span class='ocrx_word' id='word_1_158' title='bbox 559 1305 701 1332; x_wconf 91' lang='lat' dir='ltr'>manus,</span> <span class='ocrx_word' id='word_1_159' title='bbox 728 1305 792 1326; x_wconf 90' lang='lat' dir='ltr'>nec</span> <span class='ocrx_word' id='word_1_160' title='bbox 807 1294 982 1326; x_wconf 86' lang='lat' dir='ltr'>ducantur</span> <span class='ocrx_word' id='word_1_161' title='bbox 997 1300 1070 1326; x_wconf 86' lang='lat' dir='ltr'>arte</span> 
     </span>
     <span class='ocr_line' id='line_1_25' title="bbox 79 1341 1070 1376; baseline -0.001 0"><span class='ocrx_word' id='word_1_162' title='bbox 79 1342 217 1376; x_wconf 77' lang='lat' dir='ltr'>lineae?</span> <span class='ocrx_word' id='word_1_163' title='bbox 245 1341 301 1375; x_wconf 89' lang='lat' dir='ltr'>Ad</span> <span class='ocrx_word' id='word_1_164' title='bbox 316 1355 394 1375; x_wconf 92' lang='lat' dir='ltr'>eum</span> <span class='ocrx_word' id='word_1_165' title='bbox 412 1344 557 1376; x_wconf 91' lang='lat' dir='ltr'>modum</span> <span class='ocrx_word' id='word_1_166' title='bbox 574 1355 638 1376; x_wconf 90' lang='lat' dir='ltr'>nec</span> <span class='ocrx_word' id='word_1_167' title='bbox 656 1344 765 1376; x_wconf 90' lang='lat' dir='ltr'>animi</span> <span class='ocrx_word' id='word_1_168' title='bbox 787 1344 838 1376; x_wconf 90' lang='lat' dir='ltr'>tui</span> <span class='ocrx_word' id='word_1_169' title='bbox 860 1344 1070 1376; x_wconf 81' lang='lat' dir='ltr'>sententiam</span> 
     </span>
     <span class='ocr_line' id='line_1_26' title="bbox 80 1393 1071 1437; baseline 0.001 -12"><span class='ocrx_word' id='word_1_170' title='bbox 80 1393 159 1426; x_wconf 92' lang='lat' dir='ltr'>aliis</span> <span class='ocrx_word' id='word_1_171' title='bbox 179 1393 225 1425; x_wconf 91' lang='lat' dir='ltr'>ob</span> <span class='ocrx_word' id='word_1_172' title='bbox 243 1393 362 1425; x_wconf 92' lang='lat' dir='ltr'>oculos</span> <span class='ocrx_word' id='word_1_173' title='bbox 387 1393 564 1436; x_wconf 84' lang='lat' dir='ltr'>posueris,</span> <span class='ocrx_word' id='word_1_174' title='bbox 591 1394 627 1425; x_wconf 91' lang='lat' dir='ltr'>ni</span> <span class='ocrx_word' id='word_1_175' title='bbox 647 1394 800 1437; x_wconf 90' lang='lat' dir='ltr'>propriis</span> <span class='ocrx_word' id='word_1_176' title='bbox 819 1400 851 1426; x_wconf 92' lang='lat' dir='ltr'>et</span> <span class='ocrx_word' id='word_1_177' title='bbox 874 1393 1071 1426; x_wconf 86' lang='lat' dir='ltr'>illustribus</span> 
     </span>
     <span class='ocr_line' id='line_1_27' title="bbox 82 1443 1070 1487; baseline 0 -11"><span class='ocrx_word' id='word_1_178' title='bbox 82 1443 199 1476; x_wconf 90' lang='lat' dir='ltr'>verbis</span> <span class='ocrx_word' id='word_1_179' title='bbox 216 1449 294 1486; x_wconf 81' lang='lat' dir='ltr'>apta</span> <span class='ocrx_word' id='word_1_180' title='bbox 316 1455 442 1475; x_wconf 83' lang='lat' dir='ltr'>vocum</span> <span class='ocrx_word' id='word_1_181' title='bbox 462 1444 736 1487; x_wconf 84' lang='lat' dir='ltr'>compositione,</span> <span class='ocrx_word' id='word_1_182' title='bbox 764 1444 855 1477; x_wconf 85' lang='lat' dir='ltr'>iusto</span> <span class='ocrx_word' id='word_1_183' title='bbox 880 1443 1070 1477; x_wconf 91' lang='lat' dir='ltr'>sententia—</span> 
     </span>
     <span class='ocr_line' id='line_1_28' title="bbox 81 1493 1069 1538; baseline -0.002 -11"><span class='ocrx_word' id='word_1_184' title='bbox 81 1506 161 1527; x_wconf 92' lang='lat' dir='ltr'>rum</span> <span class='ocrx_word' id='word_1_185' title='bbox 182 1494 307 1526; x_wconf 87' lang='lat' dir='ltr'>ordine</span> <span class='ocrx_word' id='word_1_186' title='bbox 329 1499 439 1527; x_wconf 90' lang='lat' dir='ltr'>utare.</span> <span class='ocrx_word' id='word_1_187' title='bbox 501 1493 591 1526; x_wconf 83' lang='lat' dir='ltr'>Nam</span> <span class='ocrx_word' id='word_1_188' title='bbox 616 1494 763 1537; x_wconf 91' lang='lat' dir='ltr'>perinde</span> <span class='ocrx_word' id='word_1_189' title='bbox 795 1501 899 1538; x_wconf 88' lang='lat' dir='ltr'>atque</span> <span class='ocrx_word' id='word_1_190' title='bbox 925 1505 1069 1537; x_wconf 86' lang='lat' dir='ltr'>corpora</span> 
     </span>
     <span class='ocr_line' id='line_1_29' title="bbox 81 1543 1070 1588; baseline -0.003 -10"><span class='ocrx_word' id='word_1_191' title='bbox 81 1544 277 1585; x_wconf 86' lang='lat' dir='ltr'>coloribus,</span> <span class='ocrx_word' id='word_1_192' title='bbox 311 1543 421 1576; x_wconf 90' lang='lat' dir='ltr'>animi</span> <span class='ocrx_word' id='word_1_193' title='bbox 444 1544 652 1577; x_wconf 88' lang='lat' dir='ltr'>sententiam</span> <span class='ocrx_word' id='word_1_194' title='bbox 683 1544 842 1577; x_wconf 89' lang='lat' dir='ltr'>oratione</span> <span class='ocrx_word' id='word_1_195' title='bbox 868 1555 1070 1588; x_wconf 90' lang='lat' dir='ltr'>repraesen-</span> 
     </span>
     <span class='ocr_line' id='line_1_30' title="bbox 82 1593 1068 1639; baseline -0.002 -11"><span class='ocrx_word' id='word_1_196' title='bbox 82 1603 206 1629; x_wconf 78' lang='lat' dir='ltr'>tamus.</span> <span class='ocrx_word' id='word_1_197' title='bbox 246 1593 364 1637; x_wconf 84' lang='lat' dir='ltr'>Quare</span> <span class='ocrx_word' id='word_1_198' title='bbox 380 1606 517 1627; x_wconf 89' lang='lat' dir='ltr'>necesse</span> <span class='ocrx_word' id='word_1_199' title='bbox 535 1601 585 1627; x_wconf 91' lang='lat' dir='ltr'>est</span> <span class='ocrx_word' id='word_1_200' title='bbox 601 1595 750 1628; x_wconf 90' lang='lat' dir='ltr'>dicendo</span> <span class='ocrx_word' id='word_1_201' title='bbox 769 1601 896 1628; x_wconf 89' lang='lat' dir='ltr'>certam</span> <span class='ocrx_word' id='word_1_202' title='bbox 916 1595 1068 1639; x_wconf 86' lang='lat' dir='ltr'>aliquam</span> 
     </span>
     <span class='ocr_line' id='line_1_31' title="bbox 81 1645 1071 1690; baseline -0.002 -11"><span class='ocrx_word' id='word_1_203' title='bbox 81 1646 270 1689; x_wconf 86' lang='lat' dir='ltr'>imaginem</span> <span class='ocrx_word' id='word_1_204' title='bbox 301 1652 374 1678; x_wconf 88' lang='lat' dir='ltr'>arte</span> <span class='ocrx_word' id='word_1_205' title='bbox 403 1645 558 1689; x_wconf 86' lang='lat' dir='ltr'>concipi,</span> <span class='ocrx_word' id='word_1_206' title='bbox 593 1657 682 1690; x_wconf 89' lang='lat' dir='ltr'>quae</span> <span class='ocrx_word' id='word_1_207' title='bbox 707 1645 882 1679; x_wconf 85' lang='lat' dir='ltr'>discernat</span> <span class='ocrx_word' id='word_1_208' title='bbox 914 1645 1006 1679; x_wconf 89' lang='lat' dir='ltr'>inter</span> <span class='ocrx_word' id='word_1_209' title='bbox 1036 1656 1071 1677; x_wconf 91' lang='lat' dir='ltr'>se</span> 
     </span>
     <span class='ocr_line' id='line_1_32' title="bbox 81 1696 1069 1741; baseline -0.003 -12"><span class='ocrx_word' id='word_1_210' title='bbox 81 1705 247 1741; x_wconf 84' lang='lat' dir='ltr'>tanquam</span> <span class='ocrx_word' id='word_1_211' title='bbox 273 1696 391 1729; x_wconf 80' lang='lat' dir='ltr'>vultus</span> <span class='ocrx_word' id='word_1_212' title='bbox 416 1696 678 1731; x_wconf 86' lang='lat' dir='ltr'>sententiarum.</span> <span class='ocrx_word' id='word_1_213' title='bbox 733 1696 927 1739; x_wconf 86' lang='lat' dir='ltr'>Flagitium</span> <span class='ocrx_word' id='word_1_214' title='bbox 948 1703 1016 1735; x_wconf 89' lang='lat' dir='ltr'>est,</span> <span class='ocrx_word' id='word_1_215' title='bbox 1043 1696 1069 1727; x_wconf 91' lang='lat' dir='ltr'>si</span> 
     </span>
     <span class='ocr_line' id='line_1_33' title="bbox 82 1746 1072 1793; baseline -0.002 -13"><span class='ocrx_word' id='word_1_216' title='bbox 82 1747 161 1793; x_wconf 89' lang='lat' dir='ltr'>quis</span> <span class='ocrx_word' id='word_1_217' title='bbox 189 1747 265 1779; x_wconf 90' lang='lat' dir='ltr'>viae</span> <span class='ocrx_word' id='word_1_218' title='bbox 300 1746 422 1789; x_wconf 89' lang='lat' dir='ltr'>ignaro</span> <span class='ocrx_word' id='word_1_219' title='bbox 448 1747 587 1779; x_wconf 88' lang='lat' dir='ltr'>deviam</span> <span class='ocrx_word' id='word_1_220' title='bbox 621 1746 776 1779; x_wconf 88' lang='lat' dir='ltr'>semitam</span> <span class='ocrx_word' id='word_1_221' title='bbox 809 1753 995 1780; x_wconf 82' lang='lat' dir='ltr'>monstret:</span> <span class='ocrx_word' id='word_1_222' title='bbox 1037 1752 1072 1779; x_wconf 84' lang='lat' dir='ltr'>at</span> 
     </span>
     <span class='ocr_line' id='line_1_34' title="bbox 83 1797 1070 1843; baseline -0.002 -12"><span class='ocrx_word' id='word_1_223' title='bbox 83 1799 143 1843; x_wconf 87' lang='lat' dir='ltr'>qui</span> <span class='ocrx_word' id='word_1_224' title='bbox 170 1803 260 1830; x_wconf 89' lang='lat' dir='ltr'>recte</span> <span class='ocrx_word' id='word_1_225' title='bbox 288 1797 428 1829; x_wconf 86' lang='lat' dir='ltr'>dicendi</span> <span class='ocrx_word' id='word_1_226' title='bbox 455 1809 536 1830; x_wconf 87' lang='lat' dir='ltr'>cura</span> <span class='ocrx_word' id='word_1_227' title='bbox 567 1804 707 1837; x_wconf 81' lang='lat' dir='ltr'>vacant,</span> <span class='ocrx_word' id='word_1_228' title='bbox 741 1797 877 1842; x_wconf 87' lang='lat' dir='ltr'>quoties</span> <span class='ocrx_word' id='word_1_229' title='bbox 906 1797 1070 1829; x_wconf 88' lang='lat' dir='ltr'>lectorem</span> 
     </span>
     <span class='ocr_line' id='line_1_35' title="bbox 83 1847 1071 1892; baseline -0.002 -11"><span class='ocrx_word' id='word_1_230' title='bbox 83 1861 101 1881; x_wconf 88' lang='lat' dir='ltr'>a</span> <span class='ocrx_word' id='word_1_231' title='bbox 119 1848 175 1880; x_wconf 82' lang='lat' dir='ltr'>via</span> <span class='ocrx_word' id='word_1_232' title='bbox 195 1847 399 1880; x_wconf 85' lang='lat' dir='ltr'>abducunt?</span> <span class='ocrx_word' id='word_1_233' title='bbox 432 1848 568 1892; x_wconf 85' lang='lat' dir='ltr'>quoties</span> <span class='ocrx_word' id='word_1_234' title='bbox 592 1848 698 1880; x_wconf 88' lang='lat' dir='ltr'>unius</span> <span class='ocrx_word' id='word_1_235' title='bbox 720 1849 818 1880; x_wconf 87' lang='lat' dir='ltr'>verbi</span> <span class='ocrx_word' id='word_1_236' title='bbox 843 1848 953 1881; x_wconf 89' lang='lat' dir='ltr'>abusu</span> <span class='ocrx_word' id='word_1_237' title='bbox 978 1847 1071 1879; x_wconf 91' lang='lat' dir='ltr'>ludi-</span> 
     </span>
     <span class='ocr_line' id='line_1_36' title="bbox 85 1895 1071 1942; baseline -0.001 -11"><span class='ocrx_word' id='word_1_238' title='bbox 85 1897 256 1931; x_wconf 86' lang='lat' dir='ltr'>ficantur‘?</span> <span class='ocrx_word' id='word_1_239' title='bbox 299 1897 379 1929; x_wconf 71' lang='lat' dir='ltr'>Non</span> <span class='ocrx_word' id='word_1_240' title='bbox 408 1898 514 1930; x_wconf 92' lang='lat' dir='ltr'>semel</span> <span class='ocrx_word' id='word_1_241' title='bbox 545 1899 744 1941; x_wconf 89' lang='lat' dir='ltr'>imposuere</span> <span class='ocrx_word' id='word_1_242' title='bbox 768 1898 804 1930; x_wconf 91' lang='lat' dir='ltr'>in</span> <span class='ocrx_word' id='word_1_243' title='bbox 830 1895 1071 1942; x_wconf 82' lang='lat' dir='ltr'>Philosophia,</span> 
     </span>
     <span class='ocr_line' id='line_1_37' title="bbox 85 1947 1068 1993; baseline 0 -12"><span class='ocrx_word' id='word_1_244' title='bbox 85 1949 121 1981; x_wconf 92' lang='lat' dir='ltr'>in</span> <span class='ocrx_word' id='word_1_245' title='bbox 148 1948 254 1981; x_wconf 88' lang='lat' dir='ltr'>sacris</span> <span class='ocrx_word' id='word_1_246' title='bbox 281 1947 391 1981; x_wconf 90' lang='lat' dir='ltr'>literis</span> <span class='ocrx_word' id='word_1_247' title='bbox 421 1948 617 1980; x_wconf 88' lang='lat' dir='ltr'>soloecismi</span> <span class='ocrx_word' id='word_1_248' title='bbox 650 1948 778 1982; x_wconf 88' lang='lat' dir='ltr'>nostris</span> <span class='ocrx_word' id='word_1_249' title='bbox 809 1948 1068 1993; x_wconf 88' lang='lat' dir='ltr'>interpretibus.</span> 
     </span>
     <span class='ocr_line' id='line_1_38' title="bbox 83 1997 1072 2042; baseline 0.001 -12"><span class='ocrx_word' id='word_1_250' title='bbox 83 1998 174 2042; x_wconf 84' lang='lat' dir='ltr'>Quis</span> <span class='ocrx_word' id='word_1_251' title='bbox 192 1998 284 2031; x_wconf 89' lang='lat' dir='ltr'>enim</span> <span class='ocrx_word' id='word_1_252' title='bbox 305 1997 463 2031; x_wconf 89' lang='lat' dir='ltr'>omnium</span> <span class='ocrx_word' id='word_1_253' title='bbox 481 1998 582 2031; x_wconf 90' lang='lat' dir='ltr'>Pauli</span> <span class='ocrx_word' id='word_1_254' title='bbox 601 1999 808 2032; x_wconf 85' lang='lat' dir='ltr'>sententiam</span> <span class='ocrx_word' id='word_1_255' title='bbox 827 2000 863 2032; x_wconf 90' lang='lat' dir='ltr'>in</span> <span class='ocrx_word' id='word_1_256' title='bbox 878 1997 1072 2033; x_wconf 90' lang='lat' dir='ltr'>Corinthiis</span> 
     </span>
     <span class='ocr_line' id='line_1_39' title="bbox 84 2047 1072 2094; baseline 0 -11"><span class='ocrx_word' id='word_1_257' title='bbox 84 2051 268 2083; x_wconf 87' lang='lat' dir='ltr'>adsecutus</span> <span class='ocrx_word' id='word_1_258' title='bbox 286 2055 346 2089; x_wconf 88' lang='lat' dir='ltr'>est,</span> <span class='ocrx_word' id='word_1_259' title='bbox 373 2049 432 2082; x_wconf 89' lang='lat' dir='ltr'>ubi</span> <span class='ocrx_word' id='word_1_260' title='bbox 447 2047 555 2082; x_wconf 90' lang='lat' dir='ltr'>Grilli</span> <span class='ocrx_word' id='word_1_261' title='bbox 572 2049 629 2082; x_wconf 89' lang='lat' dir='ltr'>isti</span> <span class='ocrx_word' id='word_1_262' title='bbox 644 2050 834 2092; x_wconf 78' lang='lat' dir='ltr'>elegantiae</span> <span class='ocrx_word' id='word_1_263' title='bbox 853 2056 1072 2094; x_wconf 88' lang='lat' dir='ltr'>contempto-</span> 
     </span>
     <span class='ocr_line' id='line_1_40' title="bbox 84 2098 1071 2144; baseline 0 -10"><span class='ocrx_word' id='word_1_264' title='bbox 84 2112 156 2140; x_wconf 90' lang='lat' dir='ltr'>res,</span> <span class='ocrx_word' id='word_1_265' title='bbox 184 2106 379 2133; x_wconf 83' lang='lat' dir='ltr'>verterunt:</span> <span class='ocrx_word' id='word_1_266' title='bbox 412 2098 465 2133; x_wconf 81' lang='lat' dir='ltr'>Ex</span> <span class='ocrx_word' id='word_1_267' title='bbox 490 2100 610 2133; x_wconf 89' lang='lat' dir='ltr'>multis</span> <span class='ocrx_word' id='word_1_268' title='bbox 633 2101 799 2133; x_wconf 86' lang='lat' dir='ltr'>facierum</span> <span class='ocrx_word' id='word_1_269' title='bbox 827 2101 984 2144; x_wconf 88' lang='lat' dir='ltr'>personis</span> <span class='ocrx_word' id='word_1_270' title='bbox 1008 2107 1071 2135; x_wconf 82' lang='lat' dir='ltr'>etc.</span> 
     </span>
     <span class='ocr_line' id='line_1_41' title="bbox 86 2149 1071 2197; baseline -0.001 -13"><span class='ocrx_word' id='word_1_271' title='bbox 86 2150 186 2194; x_wconf 85' lang='lat' dir='ltr'>Quae</span> <span class='ocrx_word' id='word_1_272' title='bbox 210 2149 449 2193; x_wconf 87' lang='lat' dir='ltr'>Augustinum</span> <span class='ocrx_word' id='word_1_273' title='bbox 477 2157 663 2194; x_wconf 87' lang='lat' dir='ltr'>tempestas</span> <span class='ocrx_word' id='word_1_274' title='bbox 695 2152 825 2192; x_wconf 85' lang='lat' dir='ltr'>aufert,</span> <span class='ocrx_word' id='word_1_275' title='bbox 859 2164 928 2197; x_wconf 90' lang='lat' dir='ltr'>quo</span> <span class='ocrx_word' id='word_1_276' title='bbox 955 2152 1071 2184; x_wconf 88' lang='lat' dir='ltr'>minus</span> 
     </span>
     <span class='ocr_line' id='line_1_42' title="bbox 87 2201 1068 2247; baseline 0 -13"><span class='ocrx_word' id='word_1_277' title='bbox 87 2201 303 2245; x_wconf 85' lang='lat' dir='ltr'>propositum</span> <span class='ocrx_word' id='word_1_278' title='bbox 325 2207 450 2241; x_wconf 88' lang='lat' dir='ltr'>teneat,</span> <span class='ocrx_word' id='word_1_279' title='bbox 477 2201 513 2234; x_wconf 91' lang='lat' dir='ltr'>in</span> <span class='ocrx_word' id='word_1_280' title='bbox 530 2204 726 2239; x_wconf 80' lang='lat' dir='ltr'>enarrando</span> <span class='ocrx_word' id='word_1_281' title='bbox 744 2215 783 2235; x_wconf 85' lang='lat' dir='ltr'>eo</span> <span class='ocrx_word' id='word_1_282' title='bbox 802 2203 894 2247; x_wconf 85' lang='lat' dir='ltr'>quod</span> <span class='ocrx_word' id='word_1_283' title='bbox 914 2210 962 2236; x_wconf 86' lang='lat' dir='ltr'>est</span> <span class='ocrx_word' id='word_1_284' title='bbox 979 2203 1068 2246; x_wconf 85' lang='lat' dir='ltr'>apud</span> 
     </span>
     <span class='ocr_line' id='line_1_43' title="bbox 88 2249 1072 2297; baseline 0 -12"><span class='ocrx_word' id='word_1_285' title='bbox 88 2251 256 2285; x_wconf 89' lang='lat' dir='ltr'>Ioannem</span> <span class='ocrx_word' id='word_1_286' title='bbox 274 2249 341 2296; x_wconf 74' lang='grc' dir='ltr'>τὴν</span> <span class='ocrx_word' id='word_1_287' title='bbox 359 2250 477 2297; x_wconf 70' lang='grc' dir='ltr'><em>ἀρχὴν</em></span> <span class='ocrx_word' id='word_1_288' title='bbox 493 2251 512 2286; x_wconf 79' lang='grc' dir='ltr'><strong><em>ὃ</em></strong></span> <span class='ocrx_word' id='word_1_289' title='bbox 528 2250 591 2286; x_wconf 77' lang='grc' dir='ltr'>καὶ</span> <span class='ocrx_word' id='word_1_290' title='bbox 609 2255 707 2286; x_wconf 76' lang='grc' dir='ltr'>λαλῶ</span> <span class='ocrx_word' id='word_1_291' title='bbox 725 2251 839 2297; x_wconf 66' lang='grc' dir='ltr'><em>ἱμῑνῗ</em></span> <span class='ocrx_word' id='word_1_292' title='bbox 873 2252 948 2286; x_wconf 89' lang='lat' dir='ltr'>Hoc</span> <span class='ocrx_word' id='word_1_293' title='bbox 966 2265 1072 2296; x_wconf 84' lang='lat' dir='ltr'>genus</span> 
     </span>
     <span class='ocr_line' id='line_1_44' title="bbox 87 2302 1071 2346; baseline 0 -11"><span class='ocrx_word' id='word_1_294' title='bbox 87 2309 206 2336; x_wconf 83' lang='lat' dir='ltr'>extant</span> <span class='ocrx_word' id='word_1_295' title='bbox 234 2302 417 2335; x_wconf 86' lang='lat' dir='ltr'>innumera</span> <span class='ocrx_word' id='word_1_296' title='bbox 451 2304 597 2346; x_wconf 88' lang='lat' dir='ltr'>passim,</span> <span class='ocrx_word' id='word_1_297' title='bbox 631 2304 692 2337; x_wconf 86' lang='lat' dir='ltr'>ubi</span> <span class='ocrx_word' id='word_1_298' title='bbox 721 2304 944 2337; x_wconf 85' lang='lat' dir='ltr'>mediocriter</span> <span class='ocrx_word' id='word_1_299' title='bbox 969 2305 1071 2337; x_wconf 89' lang='lat' dir='ltr'>etiam</span> 
     </span>
     <span class='ocr_line' id='line_1_45' title="bbox 88 2353 1074 2400; baseline -0.001 -13"><span class='ocrx_word' id='word_1_300' title='bbox 88 2353 244 2387; x_wconf 86' lang='lat' dir='ltr'>eruditos</span> <span class='ocrx_word' id='word_1_301' title='bbox 264 2353 469 2386; x_wconf 84' lang='lat' dir='ltr'>barbarismi</span> <span class='ocrx_word' id='word_1_302' title='bbox 488 2355 694 2388; x_wconf 79' lang='lat' dir='ltr'>fefellerunt.</span> <span class='ocrx_word' id='word_1_303' title='bbox 743 2355 841 2388; x_wconf 82' lang='lat' dir='ltr'>Adeo</span> <span class='ocrx_word' id='word_1_304' title='bbox 858 2367 930 2387; x_wconf 91' lang='lat' dir='ltr'>non</span> <span class='ocrx_word' id='word_1_305' title='bbox 950 2355 1074 2400; x_wconf 76' lang='lat' dir='ltr'>quovis</span> 
     </span>
     <span class='ocr_line' id='line_1_46' title="bbox 87 2403 1073 2447; baseline 0.001 -10"><span class='ocrx_word' id='word_1_306' title='bbox 87 2403 259 2439; x_wconf 88' lang='lat' dir='ltr'>orationis</span> <span class='ocrx_word' id='word_1_307' title='bbox 277 2415 403 2447; x_wconf 81' lang='lat' dir='ltr'>genere</span> <span class='ocrx_word' id='word_1_308' title='bbox 422 2404 543 2437; x_wconf 89' lang='lat' dir='ltr'>lectori</span> <span class='ocrx_word' id='word_1_309' title='bbox 560 2406 783 2446; x_wconf 83' lang='lat' dir='ltr'>satisfeceris,</span> <span class='ocrx_word' id='word_1_310' title='bbox 810 2407 866 2438; x_wconf 88' lang='lat' dir='ltr'>sed</span> <span class='ocrx_word' id='word_1_311' title='bbox 895 2418 975 2439; x_wconf 85' lang='lat' dir='ltr'>cura</span> <span class='ocrx_word' id='word_1_312' title='bbox 1001 2413 1073 2439; x_wconf 90' lang='lat' dir='ltr'>stn-</span> 
     </span>
     <span class='ocr_line' id='line_1_47' title="bbox 89 2454 1075 2502; baseline 0 -13"><span class='ocrx_word' id='word_1_313' title='bbox 89 2456 219 2500; x_wconf 88' lang='lat' dir='ltr'>dioque</span> <span class='ocrx_word' id='word_1_314' title='bbox 237 2455 392 2498; x_wconf 88' lang='lat' dir='ltr'>paranda</span> <span class='ocrx_word' id='word_1_315' title='bbox 407 2454 551 2489; x_wconf 82' lang='lat' dir='ltr'>facultas</span> <span class='ocrx_word' id='word_1_316' title='bbox 566 2463 632 2497; x_wconf 88' lang='lat' dir='ltr'>est,</span> <span class='ocrx_word' id='word_1_317' title='bbox 659 2469 725 2502; x_wconf 87' lang='lat' dir='ltr'>qua</span> <span class='ocrx_word' id='word_1_318' title='bbox 743 2457 851 2489; x_wconf 86' lang='lat' dir='ltr'>animi</span> <span class='ocrx_word' id='word_1_319' title='bbox 870 2457 920 2490; x_wconf 90' lang='lat' dir='ltr'>tui</span> <span class='ocrx_word' id='word_1_320' title='bbox 935 2463 1075 2490; x_wconf 67' lang='lat' dir='ltr'>senten-</span> 
     </span>
     <span class='ocr_line' id='line_1_48' title="bbox 89 2506 1076 2551; baseline 0 -12"><span class='ocrx_word' id='word_1_321' title='bbox 89 2506 173 2540; x_wconf 86' lang='lat' dir='ltr'>tiam</span> <span class='ocrx_word' id='word_1_322' title='bbox 208 2506 390 2549; x_wconf 87' lang='lat' dir='ltr'>perspicue</span> <span class='ocrx_word' id='word_1_323' title='bbox 425 2506 575 2539; x_wconf 87' lang='lat' dir='ltr'>aliorum</span> <span class='ocrx_word' id='word_1_324' title='bbox 611 2508 721 2541; x_wconf 87' lang='lat' dir='ltr'>oculis</span> <span class='ocrx_word' id='word_1_325' title='bbox 755 2508 926 2541; x_wconf 86' lang='lat' dir='ltr'>subiicere</span> <span class='ocrx_word' id='word_1_326' title='bbox 955 2508 1076 2551; x_wconf 88' lang='lat' dir='ltr'>possis,</span> 
     </span>
     <span class='ocr_line' id='line_1_49' title="bbox 89 2556 1073 2603; baseline 0.001 -14"><span class='ocrx_word' id='word_1_327' title='bbox 89 2556 278 2601; x_wconf 85' lang='lat' dir='ltr'>omniaque</span> <span class='ocrx_word' id='word_1_328' title='bbox 303 2557 484 2590; x_wconf 90' lang='lat' dir='ltr'>commode</span> <span class='ocrx_word' id='word_1_329' title='bbox 510 2569 598 2602; x_wconf 88' lang='lat' dir='ltr'>quae</span> <span class='ocrx_word' id='word_1_330' title='bbox 628 2571 681 2592; x_wconf 90' lang='lat' dir='ltr'>res</span> <span class='ocrx_word' id='word_1_331' title='bbox 708 2559 836 2602; x_wconf 80' lang='lat' dir='ltr'>poscit,</span> <span class='ocrx_word' id='word_1_332' title='bbox 871 2558 1002 2603; x_wconf 82' lang='lat' dir='ltr'>eloqui:</span> <span class='ocrx_word' id='word_1_333' title='bbox 1040 2559 1073 2590; x_wconf 90' lang='lat' dir='ltr'>id</span> 
     </span>
     <span class='ocr_line' id='line_1_50' title="bbox 91 2607 1077 2653; baseline 0.003 -14"><span class='ocrx_word' id='word_1_334' title='bbox 91 2614 141 2640; x_wconf 90' lang='lat' dir='ltr'>est</span> <span class='ocrx_word' id='word_1_335' title='bbox 168 2608 260 2640; x_wconf 88' lang='lat' dir='ltr'>enim</span> <span class='ocrx_word' id='word_1_336' title='bbox 284 2607 459 2650; x_wconf 80' lang='lat' dir='ltr'>eleganter</span> <span class='ocrx_word' id='word_1_337' title='bbox 486 2609 611 2641; x_wconf 83' lang='lat' dir='ltr'>dicere.</span> <span class='ocrx_word' id='word_1_338' title='bbox 662 2608 759 2651; x_wconf 83' lang='lat' dir='ltr'>Quin</span> <span class='ocrx_word' id='word_1_339' title='bbox 786 2609 892 2653; x_wconf 78' lang='lat' dir='ltr'>igitur</span> <span class='ocrx_word' id='word_1_340' title='bbox 919 2607 1077 2642; x_wconf 85' lang='lat' dir='ltr'>hellebo-</span> 
     </span>
     <span class='ocr_line' id='line_1_51' title="bbox 91 2658 1077 2705; baseline 0.004 -15"><span class='ocrx_word' id='word_1_341' title='bbox 91 2670 168 2690; x_wconf 90' lang='lat' dir='ltr'>rum</span> <span class='ocrx_word' id='word_1_342' title='bbox 188 2658 414 2702; x_wconf 85' lang='lat' dir='ltr'>propinamus</span> <span class='ocrx_word' id='word_1_343' title='bbox 437 2659 497 2700; x_wconf 90' lang='lat' dir='ltr'>iis,</span> <span class='ocrx_word' id='word_1_344' title='bbox 526 2661 584 2705; x_wconf 90' lang='lat' dir='ltr'>qui</span> <span class='ocrx_word' id='word_1_345' title='bbox 604 2667 817 2694; x_wconf 71' lang='lat' dir='ltr'>venustatem</span> <span class='ocrx_word' id='word_1_346' title='bbox 839 2661 1008 2694; x_wconf 89' lang='lat' dir='ltr'>orationis</span> <span class='ocrx_word' id='word_1_347' title='bbox 1026 2660 1077 2693; x_wconf 88' lang='lat' dir='ltr'>sa—</span> 
     </span>
    </p>
   </div>
   <div class='ocr_carea' id='block_1_3' title="bbox 569 86 1631 135">
    <p class='ocr_par' dir='ltr' id='par_1_3' title="bbox 569 86 1631 135">
     <span class='ocr_line' id='line_1_52' title="bbox 569 86 1631 135; baseline 0.001 -8"><span class='ocrx_word' id='word_1_348' title='bbox 569 86 730 127; x_wconf 90' lang='lat' dir='ltr'><strong>DECL.</strong></span> <span class='ocrx_word' id='word_1_349' title='bbox 764 90 837 128; x_wconf 92' lang='lat' dir='ltr'>DE</span> <span class='ocrx_word' id='word_1_350' title='bbox 870 88 1148 126; x_wconf 89' lang='lat' dir='ltr'>ENCOMIO</span> <span class='ocrx_word' id='word_1_351' title='bbox 1186 88 1631 135; x_wconf 84' lang='lat' dir='ltr'>ELOQUENTIAE.</span> 
     </span>
    </p>
   </div>
   <div class='ocr_carea' id='block_1_4' title="bbox 1098 2374 1103 2552">
    <p class='ocr_par' dir='ltr' id='par_1_4' title="bbox 1098 2374 1103 2552">
     <span class='ocr_line' id='line_1_53' title="bbox 1098 2374 1103 2552; baseline 0 0"><span class='ocrx_word' id='word_1_352' title='bbox 1098 2374 1103 2552; x_wconf 70' lang='grc' dir='ltr'>ἱ</span> 
     </span>
    </p>
   </div>
   <div class='ocr_carea' id='block_1_5' title="bbox 1099 2582 1104 2695">
    <p class='ocr_par' dir='ltr' id='par_1_5' title="bbox 1099 2582 1104 2695">
     <span class='ocr_line' id='line_1_54' title="bbox 1099 2582 1104 2695; baseline 0 263"><span class='ocrx_word' id='word_1_353' title='bbox 1099 2582 1104 2695; x_wconf 95' lang='lat' dir='ltr'> </span> 
     </span>
    </p>
   </div>
   <div class='ocr_carea' id='block_1_6' title="bbox 2069 96 2118 134">
    <p class='ocr_par' dir='ltr' id='par_1_6' title="bbox 2069 96 2118 134">
     <span class='ocr_line' id='line_1_55' title="bbox 2069 96 2118 134; baseline 0.041 -2"><span class='ocrx_word' id='word_1_354' title='bbox 2069 96 2118 134; x_wconf 82' lang='grc'>54</span> 
     </span>
    </p>
   </div>
   <div class='ocr_carea' id='block_1_7' title="bbox 1125 175 2116 480">
    <p class='ocr_par' dir='ltr' id='par_1_7' title="bbox 1125 175 2116 480">
     <span class='ocr_line' id='line_1_56' title="bbox 1127 175 2116 224; baseline 0.006 -14"><span class='ocrx_word' id='word_1_355' title='bbox 1127 175 1295 217; x_wconf 90' lang='lat' dir='ltr'>stidiunt‚</span> <span class='ocrx_word' id='word_1_356' title='bbox 1321 178 1408 210; x_wconf 88' lang='lat' dir='ltr'>adeo</span> <span class='ocrx_word' id='word_1_357' title='bbox 1423 190 1440 211; x_wconf 91' lang='lat' dir='ltr'>a</span> <span class='ocrx_word' id='word_1_358' title='bbox 1463 178 1641 211; x_wconf 91' lang='lat' dir='ltr'>communi</span> <span class='ocrx_word' id='word_1_359' title='bbox 1658 175 1843 212; x_wconf 88' lang='lat' dir='ltr'>hominum</span> <span class='ocrx_word' id='word_1_360' title='bbox 1860 190 1964 215; x_wconf 82' lang='lat' dir='ltr'>sensu</span> <span class='ocrx_word' id='word_1_361' title='bbox 1980 181 2116 224; x_wconf 89' lang='lat' dir='ltr'>alienis,</span> 
     </span>
     <span class='ocr_line' id='line_1_57' title="bbox 1125 227 2116 277; baseline 0.007 -18"><span class='ocrx_word' id='word_1_362' title='bbox 1125 233 1165 260; x_wconf 87' lang='lat' dir='ltr'>ut</span> <span class='ocrx_word' id='word_1_363' title='bbox 1181 239 1225 260; x_wconf 89' lang='lat' dir='ltr'>ne</span> <span class='ocrx_word' id='word_1_364' title='bbox 1242 227 1384 272; x_wconf 91' lang='lat' dir='ltr'>quidem</span> <span class='ocrx_word' id='word_1_365' title='bbox 1396 254 1405 268; x_wconf 91' lang='lat'>,</span> <span class='ocrx_word' id='word_1_366' title='bbox 1433 229 1518 273; x_wconf 91' lang='lat' dir='ltr'>quid</span> <span class='ocrx_word' id='word_1_367' title='bbox 1538 229 1634 274; x_wconf 92' lang='lat' dir='ltr'>loqui</span> <span class='ocrx_word' id='word_1_368' title='bbox 1651 230 1714 270; x_wconf 91' lang='lat' dir='ltr'>sit,</span> <span class='ocrx_word' id='word_1_369' title='bbox 1742 230 1949 274; x_wconf 83' lang='lat' dir='ltr'>intelligant.</span> <span class='ocrx_word' id='word_1_370' title='bbox 2003 232 2116 277; x_wconf 85' lang='lat' dir='ltr'>Pepe-</span> 
     </span>
     <span class='ocr_line' id='line_1_58' title="bbox 1126 277 2115 325; baseline 0.006 -15"><span class='ocrx_word' id='word_1_371' title='bbox 1126 277 1173 311; x_wconf 89' lang='lat' dir='ltr'>rit</span> <span class='ocrx_word' id='word_1_372' title='bbox 1195 277 1402 322; x_wconf 86' lang='lat' dir='ltr'>elegantiam</span> <span class='ocrx_word' id='word_1_373' title='bbox 1426 279 1628 321; x_wconf 89' lang='lat' dir='ltr'>necessitas,</span> <span class='ocrx_word' id='word_1_374' title='bbox 1655 281 1750 325; x_wconf 90' lang='lat' dir='ltr'>quod</span> <span class='ocrx_word' id='word_1_375' title='bbox 1775 287 1807 314; x_wconf 88' lang='lat' dir='ltr'>et</span> <span class='ocrx_word' id='word_1_376' title='bbox 1832 282 1979 315; x_wconf 89' lang='lat' dir='ltr'>barbara</span> <span class='ocrx_word' id='word_1_377' title='bbox 1995 284 2115 317; x_wconf 91' lang='lat' dir='ltr'>omnia</span> 
     </span>
     <span class='ocr_line' id='line_1_59' title="bbox 1126 328 2115 373; baseline 0.008 -13"><span class='ocrx_word' id='word_1_378' title='bbox 1126 328 1258 361; x_wconf 88' lang='lat' dir='ltr'>incerta</span> <span class='ocrx_word' id='word_1_379' title='bbox 1274 335 1367 369; x_wconf 91' lang='lat' dir='ltr'>sunt,</span> <span class='ocrx_word' id='word_1_380' title='bbox 1387 335 1419 362; x_wconf 92' lang='lat' dir='ltr'>et</span> <span class='ocrx_word' id='word_1_381' title='bbox 1431 341 1519 373; x_wconf 88' lang='lat' dir='ltr'>quae</span> <span class='ocrx_word' id='word_1_382' title='bbox 1535 331 1698 364; x_wconf 88' lang='lat' dir='ltr'>oratoriis</span> <span class='ocrx_word' id='word_1_383' title='bbox 1709 333 1927 366; x_wconf 83' lang='lat' dir='ltr'>ornamentis</span> <span class='ocrx_word' id='word_1_384' title='bbox 1942 333 2115 368; x_wconf 89' lang='lat' dir='ltr'>illustrata</span> 
     </span>
     <span class='ocr_line' id='line_1_60' title="bbox 1125 379 2114 423; baseline 0.006 -12"><span class='ocrx_word' id='word_1_385' title='bbox 1125 386 1218 417; x_wconf 90' lang='lat' dir='ltr'>sunt,</span> <span class='ocrx_word' id='word_1_386' title='bbox 1236 379 1363 412; x_wconf 86' lang='lat' dir='ltr'>clarius</span> <span class='ocrx_word' id='word_1_387' title='bbox 1380 380 1634 423; x_wconf 89' lang='lat' dir='ltr'>percipiuntur.</span> <span class='ocrx_word' id='word_1_388' title='bbox 1660 381 1750 415; x_wconf 87' lang='lat' dir='ltr'>Nam</span> <span class='ocrx_word' id='word_1_389' title='bbox 1768 382 1804 415; x_wconf 91' lang='lat' dir='ltr'>in</span> <span class='ocrx_word' id='word_1_390' title='bbox 1822 380 1916 417; x_wconf 88' lang='lat' dir='ltr'>hunc</span> <span class='ocrx_word' id='word_1_391' title='bbox 1934 396 2036 417; x_wconf 87' lang='lat' dir='ltr'>usum</span> <span class='ocrx_word' id='word_1_392' title='bbox 2052 386 2114 417; x_wconf 90' lang='lat' dir='ltr'>ad-</span> 
     </span>
     <span class='ocr_line' id='line_1_61' title="bbox 1126 427 2113 480; baseline 0.006 -18"><span class='ocrx_word' id='word_1_393' title='bbox 1126 427 1241 462; x_wconf 89' lang='lat' dir='ltr'>hiberi</span> <span class='ocrx_word' id='word_1_394' title='bbox 1272 427 1445 463; x_wconf 89' lang='lat' dir='ltr'>schemata</span> <span class='ocrx_word' id='word_1_395' title='bbox 1470 429 1601 464; x_wconf 85' lang='lat' dir='ltr'>Fabius</span> <span class='ocrx_word' id='word_1_396' title='bbox 1629 432 1785 476; x_wconf 86' lang='lat' dir='ltr'>scripsit,</span> <span class='ocrx_word' id='word_1_397' title='bbox 1818 445 1931 478; x_wconf 92' lang='lat' dir='ltr'>neque</span> <span class='ocrx_word' id='word_1_398' title='bbox 1955 447 2113 480; x_wconf 90' lang='lat' dir='ltr'>unquam</span> 
     </span>
    </p>
   </div>
   <div class='ocr_carea' id='block_1_8' title="bbox 1124 481 2115 627">
    <p class='ocr_par' dir='ltr' id='par_1_8' title="bbox 1124 481 2115 627">
     <span class='ocr_line' id='line_1_62' title="bbox 1126 481 2113 524; baseline 0.006 -11"><span class='ocrx_word' id='word_1_399' title='bbox 1126 492 1242 513; x_wconf 89' lang='lat' dir='ltr'>veram</span> <span class='ocrx_word' id='word_1_400' title='bbox 1261 481 1409 524; x_wconf 90' lang='lat' dir='ltr'>speciem</span> <span class='ocrx_word' id='word_1_401' title='bbox 1427 481 1470 513; x_wconf 91' lang='lat' dir='ltr'>ab</span> <span class='ocrx_word' id='word_1_402' title='bbox 1488 481 1638 515; x_wconf 86' lang='lat' dir='ltr'>utilitate</span> <span class='ocrx_word' id='word_1_403' title='bbox 1659 490 1750 516; x_wconf 90' lang='lat' dir='ltr'>recte</span> <span class='ocrx_word' id='word_1_404' title='bbox 1766 484 1877 517; x_wconf 85' lang='lat' dir='ltr'>dividi</span> <span class='ocrx_word' id='word_1_405' title='bbox 1901 486 2017 518; x_wconf 88' lang='lat' dir='ltr'>sentit.</span> <span class='ocrx_word' id='word_1_406' title='bbox 2071 484 2113 518; x_wconf 90' lang='lat' dir='ltr'>In</span> 
     </span>
     <span class='ocr_line' id='line_1_63' title="bbox 1124 531 2113 581; baseline 0.005 -17"><span class='ocrx_word' id='word_1_407' title='bbox 1124 532 1231 565; x_wconf 89' lang='lat' dir='ltr'>sacris</span> <span class='ocrx_word' id='word_1_408' title='bbox 1249 531 1366 571; x_wconf 88' lang='lat' dir='ltr'>libris,</span> <span class='ocrx_word' id='word_1_409' title='bbox 1395 538 1434 564; x_wconf 92' lang='lat' dir='ltr'>ut</span> <span class='ocrx_word' id='word_1_410' title='bbox 1452 532 1591 564; x_wconf 88' lang='lat' dir='ltr'>interim</span> <span class='ocrx_word' id='word_1_411' title='bbox 1607 531 1809 576; x_wconf 89' lang='lat' dir='ltr'>prophanos</span> <span class='ocrx_word' id='word_1_412' title='bbox 1826 535 1998 574; x_wconf 86' lang='lat' dir='ltr'>omittam,</span> <span class='ocrx_word' id='word_1_413' title='bbox 2027 536 2113 581; x_wconf 86' lang='lat' dir='ltr'>quid</span> 
     </span>
     <span class='ocr_line' id='line_1_64' title="bbox 1125 580 2115 627; baseline 0.006 -13"><span class='ocrx_word' id='word_1_414' title='bbox 1125 593 1252 627; x_wconf 90' lang='lat' dir='ltr'>quaeso</span> <span class='ocrx_word' id='word_1_415' title='bbox 1279 582 1455 615; x_wconf 86' lang='lat' dir='ltr'>desideras</span> <span class='ocrx_word' id='word_1_416' title='bbox 1482 580 1740 616; x_wconf 89' lang='lat' dir='ltr'>rhetoricorum</span> <span class='ocrx_word' id='word_1_417' title='bbox 1777 582 2016 619; x_wconf 73' lang='lat' dir='ltr'>schematum?</span> <span class='ocrx_word' id='word_1_418' title='bbox 2066 585 2115 620; x_wconf 89' lang='lat' dir='ltr'>At</span> 
     </span>
    </p>
   </div>
   <div class='ocr_carea' id='block_1_9' title="bbox 1123 630 2117 2705">
    <p class='ocr_par' dir='ltr' id='par_1_9' title="bbox 1123 630 2117 2705">
     <span class='ocr_line' id='line_1_65' title="bbox 1125 630 2115 678; baseline 0.004 -13"><span class='ocrx_word' id='word_1_419' title='bbox 1125 630 1180 665; x_wconf 90' lang='lat' dir='ltr'>his</span> <span class='ocrx_word' id='word_1_420' title='bbox 1197 633 1324 676; x_wconf 88' lang='lat' dir='ltr'>opinor</span> <span class='ocrx_word' id='word_1_421' title='bbox 1342 645 1414 665; x_wconf 92' lang='lat' dir='ltr'>non</span> <span class='ocrx_word' id='word_1_422' title='bbox 1435 633 1533 665; x_wconf 88' lang='lat' dir='ltr'>usuri</span> <span class='ocrx_word' id='word_1_423' title='bbox 1557 640 1654 666; x_wconf 92' lang='lat' dir='ltr'>erant</span> <span class='ocrx_word' id='word_1_424' title='bbox 1675 632 1887 678; x_wconf 85' lang='lat' dir='ltr'>Prophetae,</span> <span class='ocrx_word' id='word_1_425' title='bbox 1913 637 1942 669; x_wconf 92' lang='lat' dir='ltr'>si</span> <span class='ocrx_word' id='word_1_426' title='bbox 1964 635 2054 670; x_wconf 84' lang='lat' dir='ltr'>nihil</span> <span class='ocrx_word' id='word_1_427' title='bbox 2070 638 2115 669; x_wconf 88' lang='lat' dir='ltr'>ad</span> 
     </span>
     <span class='ocr_line' id='line_1_66' title="bbox 1124 683 2115 730; baseline 0.004 -14"><span class='ocrx_word' id='word_1_428' title='bbox 1124 695 1197 716; x_wconf 89' lang='lat' dir='ltr'>rem</span> <span class='ocrx_word' id='word_1_429' title='bbox 1215 683 1325 716; x_wconf 88' lang='lat' dir='ltr'>facere</span> <span class='ocrx_word' id='word_1_430' title='bbox 1347 683 1571 717; x_wconf 85' lang='lat' dir='ltr'>iudicassent.</span> <span class='ocrx_word' id='word_1_431' title='bbox 1626 683 1762 718; x_wconf 80' lang='lat' dir='ltr'>Videtis</span> <span class='ocrx_word' id='word_1_432' title='bbox 1776 697 1843 730; x_wconf 90' lang='lat' dir='ltr'>qua</span> <span class='ocrx_word' id='word_1_433' title='bbox 1860 687 1995 720; x_wconf 83' lang='lat' dir='ltr'>ratione</span> <span class='ocrx_word' id='word_1_434' title='bbox 2014 688 2115 720; x_wconf 79' lang='lat' dir='ltr'>vobis</span> 
     </span>
     <span class='ocr_line' id='line_1_67' title="bbox 1126 734 2115 781; baseline 0.005 -15"><span class='ocrx_word' id='word_1_435' title='bbox 1126 734 1346 779; x_wconf 87' lang='lat' dir='ltr'>eloquentiae</span> <span class='ocrx_word' id='word_1_436' title='bbox 1371 735 1484 767; x_wconf 90' lang='lat' dir='ltr'>studia</span> <span class='ocrx_word' id='word_1_437' title='bbox 1511 735 1771 777; x_wconf 88' lang='lat' dir='ltr'>commendem,</span> <span class='ocrx_word' id='word_1_438' title='bbox 1807 737 1902 781; x_wconf 93' lang='lat' dir='ltr'>quod</span> <span class='ocrx_word' id='word_1_439' title='bbox 1922 749 1986 770; x_wconf 91' lang='lat' dir='ltr'>nec</span> <span class='ocrx_word' id='word_1_440' title='bbox 2010 750 2115 781; x_wconf 87' lang='lat' dir='ltr'>expo-</span> 
     </span>
     <span class='ocr_line' id='line_1_68' title="bbox 1125 785 2114 831; baseline 0.004 -14"><span class='ocrx_word' id='word_1_441' title='bbox 1125 797 1225 824; x_wconf 86' lang='lat' dir='ltr'>nere,</span> <span class='ocrx_word' id='word_1_442' title='bbox 1261 797 1349 830; x_wconf 90' lang='lat' dir='ltr'>quae</span> <span class='ocrx_word' id='word_1_443' title='bbox 1371 785 1534 818; x_wconf 75' lang='lat' dir='ltr'>volumus</span> <span class='ocrx_word' id='word_1_444' title='bbox 1558 785 1643 829; x_wconf 87' lang='lat' dir='ltr'>ipsi,</span> <span class='ocrx_word' id='word_1_445' title='bbox 1681 798 1744 819; x_wconf 90' lang='lat' dir='ltr'>nec</span> <span class='ocrx_word' id='word_1_446' title='bbox 1769 799 1857 831; x_wconf 90' lang='lat' dir='ltr'>quae</span> <span class='ocrx_word' id='word_1_447' title='bbox 1878 799 1896 819; x_wconf 89' lang='lat' dir='ltr'>a</span> <span class='ocrx_word' id='word_1_448' title='bbox 1921 788 2114 821; x_wconf 87' lang='lat' dir='ltr'>maioribus</span> 
     </span>
     <span class='ocr_line' id='line_1_69' title="bbox 1125 836 2115 881; baseline 0.003 -12"><span class='ocrx_word' id='word_1_449' title='bbox 1125 842 1215 869; x_wconf 90' lang='lat' dir='ltr'>recte</span> <span class='ocrx_word' id='word_1_450' title='bbox 1231 837 1357 880; x_wconf 89' lang='lat' dir='ltr'>scripta</span> <span class='ocrx_word' id='word_1_451' title='bbox 1374 842 1502 876; x_wconf 81' lang='lat' dir='ltr'>extant,</span> <span class='ocrx_word' id='word_1_452' title='bbox 1529 836 1723 879; x_wconf 84' lang='lat' dir='ltr'>intelligere</span> <span class='ocrx_word' id='word_1_453' title='bbox 1739 837 1925 881; x_wconf 89' lang='lat' dir='ltr'>possimus,</span> <span class='ocrx_word' id='word_1_454' title='bbox 1952 839 2019 871; x_wconf 91' lang='lat' dir='ltr'>nisi</span> <span class='ocrx_word' id='word_1_455' title='bbox 2039 851 2115 872; x_wconf 92' lang='lat' dir='ltr'>cer-</span> 
     </span>
     <span class='ocr_line' id='line_1_70' title="bbox 1124 886 2114 934; baseline 0.002 -14"><span class='ocrx_word' id='word_1_456' title='bbox 1124 894 1195 920; x_wconf 85' lang='lat' dir='ltr'>tam</span> <span class='ocrx_word' id='word_1_457' title='bbox 1218 886 1359 919; x_wconf 86' lang='lat' dir='ltr'>dicendi</span> <span class='ocrx_word' id='word_1_458' title='bbox 1384 898 1545 919; x_wconf 85' lang='lat' dir='ltr'>normam</span> <span class='ocrx_word' id='word_1_459' title='bbox 1573 887 1876 931; x_wconf 84' lang='lat' dir='ltr'>perdidicerimus.</span> <span class='ocrx_word' id='word_1_460' title='bbox 1935 887 2114 934; x_wconf 87' lang='lat' dir='ltr'>Equidem</span> 
     </span>
     <span class='ocr_line' id='line_1_71' title="bbox 1124 934 2116 982; baseline 0.004 -13"><span class='ocrx_word' id='word_1_461' title='bbox 1124 949 1196 970; x_wconf 92' lang='lat' dir='ltr'>non</span> <span class='ocrx_word' id='word_1_462' title='bbox 1225 937 1328 970; x_wconf 89' lang='lat' dir='ltr'>video</span> <span class='ocrx_word' id='word_1_463' title='bbox 1356 938 1533 982; x_wconf 86' lang='lat' dir='ltr'>quomodo</span> <span class='ocrx_word' id='word_1_464' title='bbox 1569 938 1647 970; x_wconf 90' lang='lat' dir='ltr'>aliis</span> <span class='ocrx_word' id='word_1_465' title='bbox 1682 934 1866 972; x_wconf 86' lang='lat' dir='ltr'>hominum</span> <span class='ocrx_word' id='word_1_466' title='bbox 1897 940 1970 972; x_wconf 82' lang='lat' dir='ltr'>vice</span> <span class='ocrx_word' id='word_1_467' title='bbox 2005 940 2116 973; x_wconf 89' lang='lat' dir='ltr'>futuri</span> 
     </span>
     <span class='ocr_line' id='line_1_72' title="bbox 1124 988 2114 1036; baseline 0.004 -16"><span class='ocrx_word' id='word_1_468' title='bbox 1124 989 1210 1028; x_wconf 91' lang='lat' dir='ltr'>sint,</span> <span class='ocrx_word' id='word_1_469' title='bbox 1238 988 1299 1032; x_wconf 90' lang='lat' dir='ltr'>qui</span> <span class='ocrx_word' id='word_1_470' title='bbox 1323 999 1385 1020; x_wconf 91' lang='lat' dir='ltr'>nec</span> <span class='ocrx_word' id='word_1_471' title='bbox 1403 1000 1490 1032; x_wconf 91' lang='lat' dir='ltr'>quae</span> <span class='ocrx_word' id='word_1_472' title='bbox 1515 989 1690 1029; x_wconf 88' lang='lat' dir='ltr'>sentiunt,</span> <span class='ocrx_word' id='word_1_473' title='bbox 1718 990 1909 1033; x_wconf 86' lang='lat' dir='ltr'>explicare,</span> <span class='ocrx_word' id='word_1_474' title='bbox 1936 1003 1999 1023; x_wconf 89' lang='lat' dir='ltr'>nec</span> <span class='ocrx_word' id='word_1_475' title='bbox 2019 992 2114 1036; x_wconf 91' lang='lat' dir='ltr'>quod</span> 
     </span>
     <span class='ocr_line' id='line_1_73' title="bbox 1125 1038 2117 1084; baseline 0.003 -13"><span class='ocrx_word' id='word_1_476' title='bbox 1125 1044 1216 1071; x_wconf 88' lang='lat' dir='ltr'>recte</span> <span class='ocrx_word' id='word_1_477' title='bbox 1231 1038 1377 1079; x_wconf 89' lang='lat' dir='ltr'>dicitur,</span> <span class='ocrx_word' id='word_1_478' title='bbox 1405 1039 1549 1083; x_wconf 89' lang='lat' dir='ltr'>adsequi</span> <span class='ocrx_word' id='word_1_479' title='bbox 1565 1045 1710 1084; x_wconf 87' lang='lat' dir='ltr'>queunt.</span> <span class='ocrx_word' id='word_1_480' title='bbox 1763 1040 1882 1083; x_wconf 88' lang='lat' dir='ltr'>Quare</span> <span class='ocrx_word' id='word_1_481' title='bbox 1900 1048 1939 1074; x_wconf 92' lang='lat' dir='ltr'>ut</span> <span class='ocrx_word' id='word_1_482' title='bbox 1955 1042 2051 1074; x_wconf 91' lang='lat' dir='ltr'>nulla</span> <span class='ocrx_word' id='word_1_483' title='bbox 2071 1042 2117 1076; x_wconf 88' lang='lat' dir='ltr'>sit</span> 
     </span>
     <span class='ocr_line' id='line_1_74' title="bbox 1125 1089 2115 1134; baseline 0.004 -13"><span class='ocrx_word' id='word_1_484' title='bbox 1125 1089 1345 1134; x_wconf 85' lang='lat' dir='ltr'>eloquentiae</span> <span class='ocrx_word' id='word_1_485' title='bbox 1369 1089 1539 1132; x_wconf 80' lang='lat' dir='ltr'>dignitas,</span> <span class='ocrx_word' id='word_1_486' title='bbox 1573 1090 1669 1122; x_wconf 92' lang='lat' dir='ltr'>nulla</span> <span class='ocrx_word' id='word_1_487' title='bbox 1698 1091 1825 1133; x_wconf 85' lang='lat' dir='ltr'>gratia,</span> <span class='ocrx_word' id='word_1_488' title='bbox 1860 1098 1976 1124; x_wconf 88' lang='lat' dir='ltr'>tamen</span> <span class='ocrx_word' id='word_1_489' title='bbox 2000 1105 2036 1125; x_wconf 89' lang='lat' dir='ltr'>ea</span> <span class='ocrx_word' id='word_1_490' title='bbox 2062 1093 2115 1125; x_wconf 72' lang='lat' dir='ltr'>vis</span> 
     </span>
     <span class='ocr_line' id='line_1_75' title="bbox 1126 1139 2113 1187; baseline 0.003 -14"><span class='ocrx_word' id='word_1_491' title='bbox 1126 1147 1192 1180; x_wconf 89' lang='lat' dir='ltr'>est,</span> <span class='ocrx_word' id='word_1_492' title='bbox 1219 1146 1257 1173; x_wconf 90' lang='lat' dir='ltr'>ut</span> <span class='ocrx_word' id='word_1_493' title='bbox 1279 1151 1352 1172; x_wconf 87' lang='lat' dir='ltr'>non</span> <span class='ocrx_word' id='word_1_494' title='bbox 1378 1139 1471 1182; x_wconf 87' lang='lat' dir='ltr'>igni,</span> <span class='ocrx_word' id='word_1_495' title='bbox 1497 1152 1570 1173; x_wconf 91' lang='lat' dir='ltr'>non</span> <span class='ocrx_word' id='word_1_496' title='bbox 1592 1152 1688 1181; x_wconf 87' lang='lat' dir='ltr'>aere,</span> <span class='ocrx_word' id='word_1_497' title='bbox 1717 1147 1756 1174; x_wconf 90' lang='lat' dir='ltr'>ut</span> <span class='ocrx_word' id='word_1_498' title='bbox 1779 1142 1897 1181; x_wconf 89' lang='lat' dir='ltr'>aiunt,</span> <span class='ocrx_word' id='word_1_499' title='bbox 1925 1154 1998 1176; x_wconf 91' lang='lat' dir='ltr'>non</span> <span class='ocrx_word' id='word_1_500' title='bbox 2023 1155 2113 1187; x_wconf 91' lang='lat' dir='ltr'>aqua</span> 
     </span>
     <span class='ocr_line' id='line_1_76' title="bbox 1124 1190 2114 1235; baseline 0.003 -12"><span class='ocrx_word' id='word_1_501' title='bbox 1124 1191 1285 1235; x_wconf 90' lang='lat' dir='ltr'>pluribus</span> <span class='ocrx_word' id='word_1_502' title='bbox 1307 1190 1344 1222; x_wconf 91' lang='lat' dir='ltr'>in</span> <span class='ocrx_word' id='word_1_503' title='bbox 1368 1191 1454 1223; x_wconf 88' lang='lat' dir='ltr'>locis</span> <span class='ocrx_word' id='word_1_504' title='bbox 1478 1198 1630 1225; x_wconf 89' lang='lat' dir='ltr'>utamur.</span> <span class='ocrx_word' id='word_1_505' title='bbox 1693 1191 1883 1234; x_wconf 87' lang='lat' dir='ltr'>Quomodo</span> <span class='ocrx_word' id='word_1_506' title='bbox 1909 1194 2002 1226; x_wconf 92' lang='lat' dir='ltr'>enim</span> <span class='ocrx_word' id='word_1_507' title='bbox 2029 1206 2114 1227; x_wconf 90' lang='lat' dir='ltr'>con-</span> 
     </span>
     <span class='ocr_line' id='line_1_77' title="bbox 1123 1239 2114 1288; baseline 0.002 -13"><span class='ocrx_word' id='word_1_508' title='bbox 1123 1242 1248 1275; x_wconf 89' lang='lat' dir='ltr'>sistant</span> <span class='ocrx_word' id='word_1_509' title='bbox 1271 1253 1325 1274; x_wconf 89' lang='lat' dir='ltr'>res</span> <span class='ocrx_word' id='word_1_510' title='bbox 1350 1239 1543 1280; x_wconf 91' lang='lat' dir='ltr'>humanae,</span> <span class='ocrx_word' id='word_1_511' title='bbox 1580 1242 1608 1274; x_wconf 89' lang='lat' dir='ltr'>si</span> <span class='ocrx_word' id='word_1_512' title='bbox 1634 1242 1748 1285; x_wconf 86' lang='lat' dir='ltr'>legum</span> <span class='ocrx_word' id='word_1_513' title='bbox 1773 1255 1949 1276; x_wconf 88' lang='lat' dir='ltr'>sacrarum</span> <span class='ocrx_word' id='word_1_514' title='bbox 1974 1251 2006 1278; x_wconf 90' lang='lat' dir='ltr'>et</span> <span class='ocrx_word' id='word_1_515' title='bbox 2033 1256 2114 1288; x_wconf 90' lang='lat' dir='ltr'>pro-</span> 
     </span>
     <span class='ocr_line' id='line_1_78' title="bbox 1124 1291 2116 1338; baseline 0.004 -14"><span class='ocrx_word' id='word_1_516' title='bbox 1124 1291 1319 1337; x_wconf 88' lang='lat' dir='ltr'>phanarum</span> <span class='ocrx_word' id='word_1_517' title='bbox 1346 1293 1579 1335; x_wconf 89' lang='lat' dir='ltr'>patrocinium</span> <span class='ocrx_word' id='word_1_518' title='bbox 1603 1293 1805 1338; x_wconf 88' lang='lat' dir='ltr'>eloquentia</span> <span class='ocrx_word' id='word_1_519' title='bbox 1825 1295 1979 1335; x_wconf 90' lang='lat' dir='ltr'>deserat,</span> <span class='ocrx_word' id='word_1_520' title='bbox 2006 1295 2033 1328; x_wconf 91' lang='lat' dir='ltr'>si</span> <span class='ocrx_word' id='word_1_521' title='bbox 2052 1307 2116 1328; x_wconf 92' lang='lat' dir='ltr'>nec</span> 
     </span>
     <span class='ocr_line' id='line_1_79' title="bbox 1125 1342 2114 1389; baseline 0.003 -14"><span class='ocrx_word' id='word_1_522' title='bbox 1125 1342 1293 1386; x_wconf 90' lang='lat' dir='ltr'>publicis,</span> <span class='ocrx_word' id='word_1_523' title='bbox 1320 1355 1384 1375; x_wconf 91' lang='lat' dir='ltr'>nec</span> <span class='ocrx_word' id='word_1_524' title='bbox 1401 1343 1546 1386; x_wconf 90' lang='lat' dir='ltr'>privatis</span> <span class='ocrx_word' id='word_1_525' title='bbox 1563 1344 1718 1376; x_wconf 90' lang='lat' dir='ltr'>consiliis</span> <span class='ocrx_word' id='word_1_526' title='bbox 1734 1345 1845 1378; x_wconf 86' lang='lat' dir='ltr'>oratio</span> <span class='ocrx_word' id='word_1_527' title='bbox 1860 1357 1947 1389; x_wconf 89' lang='lat' dir='ltr'>quae</span> <span class='ocrx_word' id='word_1_528' title='bbox 1963 1346 2114 1389; x_wconf 88' lang='lat' dir='ltr'>intelligi</span> 
     </span>
     <span class='ocr_line' id='line_1_80' title="bbox 1125 1390 2112 1437; baseline 0.005 -13"><span class='ocrx_word' id='word_1_529' title='bbox 1125 1393 1248 1436; x_wconf 87' lang='lat' dir='ltr'>possit,</span> <span class='ocrx_word' id='word_1_530' title='bbox 1275 1390 1502 1432; x_wconf 86' lang='lat' dir='ltr'>adhibeatur,</span> <span class='ocrx_word' id='word_1_531' title='bbox 1537 1394 1564 1425; x_wconf 93' lang='lat' dir='ltr'>si</span> <span class='ocrx_word' id='word_1_532' title='bbox 1588 1405 1642 1425; x_wconf 90' lang='lat' dir='ltr'>res</span> <span class='ocrx_word' id='word_1_533' title='bbox 1668 1400 1780 1437; x_wconf 80' lang='lat' dir='ltr'>gestae</span> <span class='ocrx_word' id='word_1_534' title='bbox 1805 1395 1912 1427; x_wconf 92' lang='lat' dir='ltr'>nullis</span> <span class='ocrx_word' id='word_1_535' title='bbox 1934 1395 2044 1429; x_wconf 84' lang='lat' dir='ltr'>literis</span> <span class='ocrx_word' id='word_1_536' title='bbox 2069 1397 2112 1429; x_wconf 90' lang='lat' dir='ltr'>ad</span> 
     </span>
     <span class='ocr_line' id='line_1_81' title="bbox 1125 1443 2115 1489; baseline 0.006 -15"><span class='ocrx_word' id='word_1_537' title='bbox 1125 1449 1281 1487; x_wconf 88' lang='lat' dir='ltr'>posteros</span> <span class='ocrx_word' id='word_1_538' title='bbox 1297 1443 1485 1475; x_wconf 88' lang='lat' dir='ltr'>transmitti</span> <span class='ocrx_word' id='word_1_539' title='bbox 1504 1444 1658 1487; x_wconf 78' lang='lat' dir='ltr'>queant?</span> <span class='ocrx_word' id='word_1_540' title='bbox 1681 1443 1828 1489; x_wconf 86' lang='lat' dir='ltr'>Ecquod</span> <span class='ocrx_word' id='word_1_541' title='bbox 1846 1446 2029 1489; x_wconf 83' lang='lat' dir='ltr'>vestigium</span> <span class='ocrx_word' id='word_1_542' title='bbox 2046 1444 2115 1480; x_wconf 89' lang='lat' dir='ltr'>hu-</span> 
     </span>
     <span class='ocr_line' id='line_1_82' title="bbox 1124 1492 2113 1538; baseline 0.007 -14"><span class='ocrx_word' id='word_1_543' title='bbox 1124 1493 1302 1525; x_wconf 88' lang='lat' dir='ltr'>manitatis</span> <span class='ocrx_word' id='word_1_544' title='bbox 1318 1493 1355 1524; x_wconf 92' lang='lat' dir='ltr'>in</span> <span class='ocrx_word' id='word_1_545' title='bbox 1370 1493 1430 1526; x_wconf 85' lang='lat' dir='ltr'>tali</span> <span class='ocrx_word' id='word_1_546' title='bbox 1443 1492 1636 1536; x_wconf 82' lang='lat' dir='ltr'>Republica</span> <span class='ocrx_word' id='word_1_547' title='bbox 1655 1494 1830 1538; x_wconf 87' lang='lat' dir='ltr'>reliquum</span> <span class='ocrx_word' id='word_1_548' title='bbox 1846 1496 1976 1529; x_wconf 79' lang='lat' dir='ltr'>fuerit?</span> <span class='ocrx_word' id='word_1_549' title='bbox 2002 1496 2113 1530; x_wconf 90' lang='lat' dir='ltr'>Porro</span> 
     </span>
     <span class='ocr_line' id='line_1_83' title="bbox 1124 1540 2114 1592; baseline 0.005 -17"><span class='ocrx_word' id='word_1_550' title='bbox 1124 1543 1167 1576; x_wconf 91' lang='lat' dir='ltr'>ab</span> <span class='ocrx_word' id='word_1_551' title='bbox 1193 1540 1258 1575; x_wconf 90' lang='lat' dir='ltr'>hac</span> <span class='ocrx_word' id='word_1_552' title='bbox 1275 1543 1485 1587; x_wconf 86' lang='lat' dir='ltr'>quantulum</span> <span class='ocrx_word' id='word_1_553' title='bbox 1504 1544 1656 1577; x_wconf 87' lang='lat' dir='ltr'>distabat</span> <span class='ocrx_word' id='word_1_554' title='bbox 1681 1550 1773 1577; x_wconf 89' lang='lat' dir='ltr'>aetas</span> <span class='ocrx_word' id='word_1_555' title='bbox 1794 1547 1978 1589; x_wconf 80' lang='lat' dir='ltr'>superior?</span> <span class='ocrx_word' id='word_1_556' title='bbox 2005 1560 2114 1592; x_wconf 90' lang='lat' dir='ltr'>quum</span> 
     </span>
     <span class='ocr_line' id='line_1_84' title="bbox 1123 1594 2114 1639; baseline 0.005 -13"><span class='ocrx_word' id='word_1_557' title='bbox 1123 1605 1301 1627; x_wconf 88' lang='lat' dir='ltr'>sacrorum</span> <span class='ocrx_word' id='word_1_558' title='bbox 1318 1594 1492 1626; x_wconf 90' lang='lat' dir='ltr'>librorum</span> <span class='ocrx_word' id='word_1_559' title='bbox 1509 1606 1705 1627; x_wconf 86' lang='lat' dir='ltr'>sermonem</span> <span class='ocrx_word' id='word_1_560' title='bbox 1724 1607 1832 1639; x_wconf 91' lang='lat' dir='ltr'>prope</span> <span class='ocrx_word' id='word_1_561' title='bbox 1849 1608 1953 1629; x_wconf 91' lang='lat' dir='ltr'>nemo</span> <span class='ocrx_word' id='word_1_562' title='bbox 1972 1598 2039 1630; x_wconf 90' lang='lat' dir='ltr'>iam</span> <span class='ocrx_word' id='word_1_563' title='bbox 2059 1599 2114 1631; x_wconf 92' lang='lat' dir='ltr'>in-</span> 
     </span>
     <span class='ocr_line' id='line_1_85' title="bbox 1125 1643 2114 1691; baseline 0.005 -14"><span class='ocrx_word' id='word_1_564' title='bbox 1125 1644 1315 1687; x_wconf 83' lang='lat' dir='ltr'>telligeret,</span> <span class='ocrx_word' id='word_1_565' title='bbox 1343 1643 1571 1689; x_wconf 89' lang='lat' dir='ltr'>quotidieque</span> <span class='ocrx_word' id='word_1_566' title='bbox 1590 1646 1777 1678; x_wconf 89' lang='lat' dir='ltr'>stultorum</span> <span class='ocrx_word' id='word_1_567' title='bbox 1794 1644 2039 1691; x_wconf 86' lang='lat' dir='ltr'>Sophistarum</span> <span class='ocrx_word' id='word_1_568' title='bbox 2058 1661 2114 1682; x_wconf 91' lang='lat' dir='ltr'>ar-</span> 
     </span>
     <span class='ocr_line' id='line_1_86' title="bbox 1124 1695 2113 1742; baseline 0.005 -15"><span class='ocrx_word' id='word_1_569' title='bbox 1124 1696 1230 1728; x_wconf 89' lang='lat' dir='ltr'>bitrio</span> <span class='ocrx_word' id='word_1_570' title='bbox 1255 1695 1487 1738; x_wconf 85' lang='lat' dir='ltr'>fingerentur,</span> <span class='ocrx_word' id='word_1_571' title='bbox 1524 1707 1562 1728; x_wconf 90' lang='lat' dir='ltr'>ac</span> <span class='ocrx_word' id='word_1_572' title='bbox 1587 1697 1841 1739; x_wconf 83' lang='lat' dir='ltr'>refingerentur</span> <span class='ocrx_word' id='word_1_573' title='bbox 1864 1709 1979 1731; x_wconf 86' lang='lat' dir='ltr'>sacrae</span> <span class='ocrx_word' id='word_1_574' title='bbox 2011 1699 2113 1742; x_wconf 81' lang='lat' dir='ltr'>leges.</span> 
     </span>
     <span class='ocr_line' id='line_1_87' title="bbox 1124 1745 2114 1790; baseline 0.004 -11"><span class='ocrx_word' id='word_1_575' title='bbox 1124 1745 1194 1780; x_wconf 84' lang='lat' dir='ltr'>Res</span> <span class='ocrx_word' id='word_1_576' title='bbox 1216 1753 1329 1788; x_wconf 84' lang='lat' dir='ltr'>gestae</span> <span class='ocrx_word' id='word_1_577' title='bbox 1349 1746 1491 1778; x_wconf 87' lang='lat' dir='ltr'>illorum</span> <span class='ocrx_word' id='word_1_578' title='bbox 1512 1753 1709 1790; x_wconf 90' lang='lat' dir='ltr'>temporum</span> <span class='ocrx_word' id='word_1_579' title='bbox 1733 1749 1883 1781; x_wconf 88' lang='lat' dir='ltr'>aeternis</span> <span class='ocrx_word' id='word_1_580' title='bbox 1899 1750 2044 1782; x_wconf 87' lang='lat' dir='ltr'>obrutae</span> <span class='ocrx_word' id='word_1_581' title='bbox 2063 1758 2114 1783; x_wconf 86' lang='lat' dir='ltr'>te-</span> 
     </span>
     <span class='ocr_line' id='line_1_88' title="bbox 1124 1797 2112 1843; baseline 0.005 -15"><span class='ocrx_word' id='word_1_582' title='bbox 1124 1797 1242 1829; x_wconf 90' lang='lat' dir='ltr'>nebris</span> <span class='ocrx_word' id='word_1_583' title='bbox 1266 1797 1397 1837; x_wconf 90' lang='lat' dir='ltr'>iacent,</span> <span class='ocrx_word' id='word_1_584' title='bbox 1425 1808 1528 1829; x_wconf 89' lang='lat' dir='ltr'>nemo</span> <span class='ocrx_word' id='word_1_585' title='bbox 1549 1797 1641 1829; x_wconf 90' lang='lat' dir='ltr'>enim</span> <span class='ocrx_word' id='word_1_586' title='bbox 1663 1804 1752 1838; x_wconf 87' lang='lat' dir='ltr'>erat,</span> <span class='ocrx_word' id='word_1_587' title='bbox 1783 1799 1841 1843; x_wconf 92' lang='lat' dir='ltr'>qui</span> <span class='ocrx_word' id='word_1_588' title='bbox 1863 1799 1911 1832; x_wconf 90' lang='lat' dir='ltr'>eis</span> <span class='ocrx_word' id='word_1_589' title='bbox 1932 1800 2112 1833; x_wconf 86' lang='lat' dir='ltr'>literarum</span> 
     </span>
     <span class='ocr_line' id='line_1_89' title="bbox 1125 1845 2112 1892; baseline 0.004 -12"><span class='ocrx_word' id='word_1_590' title='bbox 1125 1848 1242 1880; x_wconf 92' lang='lat' dir='ltr'>lumen</span> <span class='ocrx_word' id='word_1_591' title='bbox 1262 1845 1429 1880; x_wconf 87' lang='lat' dir='ltr'>adhibere</span> <span class='ocrx_word' id='word_1_592' title='bbox 1449 1854 1571 1890; x_wconf 88' lang='lat' dir='ltr'>posset.</span> <span class='ocrx_word' id='word_1_593' title='bbox 1606 1847 1822 1892; x_wconf 81' lang='lat' dir='ltr'>Disciplinae</span> <span class='ocrx_word' id='word_1_594' title='bbox 1837 1862 1958 1882; x_wconf 90' lang='lat' dir='ltr'>omnes</span> <span class='ocrx_word' id='word_1_595' title='bbox 1972 1851 2112 1884; x_wconf 86' lang='lat' dir='ltr'>dicendi</span> 
     </span>
     <span class='ocr_line' id='line_1_90' title="bbox 1125 1898 2110 1945; baseline 0.005 -16"><span class='ocrx_word' id='word_1_596' title='bbox 1125 1910 1249 1941; x_wconf 82' lang='lat' dir='ltr'>genere</span> <span class='ocrx_word' id='word_1_597' title='bbox 1268 1898 1314 1930; x_wconf 91' lang='lat' dir='ltr'>sic</span> <span class='ocrx_word' id='word_1_598' title='bbox 1331 1899 1534 1930; x_wconf 88' lang='lat' dir='ltr'>obscuratae</span> <span class='ocrx_word' id='word_1_599' title='bbox 1551 1906 1643 1938; x_wconf 89' lang='lat' dir='ltr'>sunt,</span> <span class='ocrx_word' id='word_1_600' title='bbox 1667 1906 1705 1932; x_wconf 91' lang='lat' dir='ltr'>ut</span> <span class='ocrx_word' id='word_1_601' title='bbox 1722 1912 1764 1932; x_wconf 91' lang='lat' dir='ltr'>ne</span> <span class='ocrx_word' id='word_1_602' title='bbox 1781 1898 1951 1933; x_wconf 87' lang='lat' dir='ltr'>Doctores</span> <span class='ocrx_word' id='word_1_603' title='bbox 1968 1902 2110 1945; x_wconf 90' lang='lat' dir='ltr'>quidem</span> 
     </span>
     <span class='ocr_line' id='line_1_91' title="bbox 1126 1949 2110 1994; baseline 0.005 -14"><span class='ocrx_word' id='word_1_604' title='bbox 1126 1949 1205 1993; x_wconf 86' lang='lat' dir='ltr'>ipsi,</span> <span class='ocrx_word' id='word_1_605' title='bbox 1232 1949 1316 1993; x_wconf 89' lang='lat' dir='ltr'>quid</span> <span class='ocrx_word' id='word_1_606' title='bbox 1336 1949 1582 1992; x_wconf 83' lang='lat' dir='ltr'>profiterentur</span> <span class='ocrx_word' id='word_1_607' title='bbox 1598 1949 1680 1982; x_wconf 86' lang='lat' dir='ltr'>satis</span> <span class='ocrx_word' id='word_1_608' title='bbox 1698 1957 1914 1994; x_wconf 87' lang='lat' dir='ltr'>compertum</span> <span class='ocrx_word' id='word_1_609' title='bbox 1932 1949 2110 1986; x_wconf 90' lang='lat' dir='ltr'>haberent.</span> 
     </span>
     <span class='ocr_line' id='line_1_92' title="bbox 1125 1999 2111 2042; baseline 0.003 -10"><span class='ocrx_word' id='word_1_610' title='bbox 1125 1999 1419 2042; x_wconf 82' lang='lat' dir='ltr'>Digladiabantur</span> <span class='ocrx_word' id='word_1_611' title='bbox 1435 2000 1527 2032; x_wconf 90' lang='lat' dir='ltr'>inter</span> <span class='ocrx_word' id='word_1_612' title='bbox 1543 2011 1578 2032; x_wconf 93' lang='lat' dir='ltr'>se</span> <span class='ocrx_word' id='word_1_613' title='bbox 1594 2001 1635 2032; x_wconf 91' lang='lat' dir='ltr'>de</span> <span class='ocrx_word' id='word_1_614' title='bbox 1658 2000 1777 2042; x_wconf 75' lang='lat' dir='ltr'>figuris</span> <span class='ocrx_word' id='word_1_615' title='bbox 1799 2002 1971 2035; x_wconf 87' lang='lat' dir='ltr'>sermonis</span> <span class='ocrx_word' id='word_1_616' title='bbox 1987 2000 2111 2035; x_wconf 86' lang='lat' dir='ltr'>Philo-</span> 
     </span>
     <span class='ocr_line' id='line_1_93' title="bbox 1124 2048 2110 2097; baseline 0.003 -14"><span class='ocrx_word' id='word_1_617' title='bbox 1124 2048 1245 2094; x_wconf 88' lang='lat' dir='ltr'>sophi,</span> <span class='ocrx_word' id='word_1_618' title='bbox 1273 2058 1440 2095; x_wconf 88' lang='lat' dir='ltr'>tanquam</span> <span class='ocrx_word' id='word_1_619' title='bbox 1461 2050 1496 2082; x_wconf 91' lang='lat' dir='ltr'>in</span> <span class='ocrx_word' id='word_1_620' title='bbox 1516 2051 1667 2083; x_wconf 83' lang='lat' dir='ltr'>tenebris</span> <span class='ocrx_word' id='word_1_621' title='bbox 1685 2051 1907 2092; x_wconf 83' lang='lat' dir='ltr'>Andabatae,</span> <span class='ocrx_word' id='word_1_622' title='bbox 1934 2065 1997 2086; x_wconf 90' lang='lat' dir='ltr'>nec</span> <span class='ocrx_word' id='word_1_623' title='bbox 2016 2053 2110 2097; x_wconf 88' lang='lat' dir='ltr'>quis-</span> 
     </span>
     <span class='ocr_line' id='line_1_94' title="bbox 1125 2102 2112 2146; baseline 0.005 -13"><span class='ocrx_word' id='word_1_624' title='bbox 1125 2114 1227 2146; x_wconf 88' lang='lat' dir='ltr'>quam</span> <span class='ocrx_word' id='word_1_625' title='bbox 1243 2113 1260 2133; x_wconf 90' lang='lat' dir='ltr'>a</span> <span class='ocrx_word' id='word_1_626' title='bbox 1279 2102 1477 2134; x_wconf 89' lang='lat' dir='ltr'>domesticis</span> <span class='ocrx_word' id='word_1_627' title='bbox 1494 2102 1564 2134; x_wconf 90' lang='lat' dir='ltr'>suis</span> <span class='ocrx_word' id='word_1_628' title='bbox 1583 2102 1684 2145; x_wconf 86' lang='lat' dir='ltr'>plane</span> <span class='ocrx_word' id='word_1_629' title='bbox 1701 2102 1971 2145; x_wconf 82' lang='lat' dir='ltr'>intelligebatur.</span> <span class='ocrx_word' id='word_1_630' title='bbox 2004 2103 2112 2138; x_wconf 82' lang='lat' dir='ltr'>Recte</span> 
     </span>
     <span class='ocr_line' id='line_1_95' title="bbox 1126 2149 2111 2199; baseline 0.004 -15"><span class='ocrx_word' id='word_1_631' title='bbox 1126 2153 1184 2184; x_wconf 90' lang='lat' dir='ltr'>ille</span> <span class='ocrx_word' id='word_1_632' title='bbox 1208 2149 1416 2197; x_wconf 66' lang='grc' dir='ltr'>ἆνᾶχαρσιν</span> <span class='ocrx_word' id='word_1_633' title='bbox 1435 2150 1524 2194; x_wconf 69' lang='grc' dir='ltr'>παρ’</span> <span class='ocrx_word' id='word_1_634' title='bbox 1551 2149 1747 2196; x_wconf 59' lang='grc' dir='ltr'>ἅῖὴμάίοις</span> <span class='ocrx_word' id='word_1_635' title='bbox 1771 2151 1988 2194; x_wconf 72' lang='grc' dir='ltr'><strong><em>σολοικίσιν,</em></strong></span> <span class='ocrx_word' id='word_1_636' title='bbox 2015 2152 2111 2199; x_wconf 70' lang='grc' dir='ltr'><em>ἄθη-</em></span> 
     </span>
     <span class='ocr_line' id='line_1_96' title="bbox 1126 2200 2109 2247; baseline 0.003 -11"><span class='ocrx_word' id='word_1_637' title='bbox 1126 2200 1300 2241; x_wconf 68' lang='grc' dir='ltr'><em>ιάιόυςδὲ</em></span> <span class='ocrx_word' id='word_1_638' title='bbox 1317 2200 1416 2247; x_wconf 71' lang='grc' dir='ltr'>παρὰ</span> <span class='ocrx_word' id='word_1_639' title='bbox 1435 2200 1602 2240; x_wconf 48' lang='lat' dir='ltr'>omma&amp;-</span> <span class='ocrx_word' id='word_1_640' title='bbox 1629 2202 1675 2235; x_wconf 86' lang='lat' dir='ltr'>At</span> <span class='ocrx_word' id='word_1_641' title='bbox 1693 2203 1747 2235; x_wconf 90' lang='lat' dir='ltr'>isti</span> <span class='ocrx_word' id='word_1_642' title='bbox 1765 2204 1858 2236; x_wconf 89' lang='lat' dir='ltr'>domi</span> <span class='ocrx_word' id='word_1_643' title='bbox 1877 2215 1958 2237; x_wconf 86' lang='lat' dir='ltr'>suae</span> <span class='ocrx_word' id='word_1_644' title='bbox 1974 2203 2109 2239; x_wconf 74' lang='grc' dir='ltr'><em>ἐσθλοί-</em></span> 
     </span>
     <span class='ocr_line' id='line_1_97' title="bbox 1125 2251 2112 2298; baseline 0.002 -11"><span class='ocrx_word' id='word_1_645' title='bbox 1125 2251 1246 2295; x_wconf 69' lang='grc' dir='ltr'>κιζον,</span> <span class='ocrx_word' id='word_1_646' title='bbox 1280 2266 1449 2298; x_wconf 81' lang='lat' dir='ltr'>suamque</span> <span class='ocrx_word' id='word_1_647' title='bbox 1480 2253 1609 2295; x_wconf 87' lang='lat' dir='ltr'>singuli</span> <span class='ocrx_word' id='word_1_648' title='bbox 1635 2254 1808 2287; x_wconf 86' lang='lat' dir='ltr'>dialecton</span> <span class='ocrx_word' id='word_1_649' title='bbox 1835 2255 1920 2287; x_wconf 87' lang='lat' dir='ltr'>mira</span> <span class='ocrx_word' id='word_1_650' title='bbox 1953 2256 2112 2289; x_wconf 89' lang='lat' dir='ltr'>libertate</span> 
     </span>
     <span class='ocr_line' id='line_1_98' title="bbox 1126 2303 2111 2348; baseline 0.002 -11"><span class='ocrx_word' id='word_1_651' title='bbox 1126 2305 1491 2337; x_wconf 83' lang='lat' dir='ltr'>conuniniscebantur.</span> <span class='ocrx_word' id='word_1_652' title='bbox 1530 2303 1625 2336; x_wconf 87' lang='lat' dir='ltr'>lures</span> <span class='ocrx_word' id='word_1_653' title='bbox 1643 2305 1691 2337; x_wconf 85' lang='lat' dir='ltr'>eis</span> <span class='ocrx_word' id='word_1_654' title='bbox 1709 2305 1880 2348; x_wconf 81' lang='lat' dir='ltr'>voluptati</span> <span class='ocrx_word' id='word_1_655' title='bbox 1897 2306 2012 2344; x_wconf 83' lang='lat' dir='ltr'>fuisse,</span> <span class='ocrx_word' id='word_1_656' title='bbox 2038 2319 2111 2339; x_wconf 91' lang='lat' dir='ltr'>non</span> 
     </span>
     <span class='ocr_line' id='line_1_99' title="bbox 1127 2354 2112 2400; baseline 0.001 -12"><span class='ocrx_word' id='word_1_657' title='bbox 1127 2356 1228 2388; x_wconf 83' lang='lat' dir='ltr'>aliter</span> <span class='ocrx_word' id='word_1_658' title='bbox 1245 2363 1346 2400; x_wconf 86' lang='lat' dir='ltr'>atque</span> <span class='ocrx_word' id='word_1_659' title='bbox 1366 2354 1544 2387; x_wconf 78' lang='lat' dir='ltr'>Heraclito</span> <span class='ocrx_word' id='word_1_660' title='bbox 1572 2355 1642 2394; x_wconf 87' lang='lat' dir='ltr'>illi,</span> <span class='ocrx_word' id='word_1_661' title='bbox 1670 2356 1812 2388; x_wconf 81' lang='lat' dir='ltr'>caeteris</span> <span class='ocrx_word' id='word_1_662' title='bbox 1829 2357 2035 2389; x_wconf 86' lang='lat' dir='ltr'>mortalibus</span> <span class='ocrx_word' id='word_1_663' title='bbox 2061 2365 2112 2391; x_wconf 92' lang='lat' dir='ltr'>te-</span> 
     </span>
     <span class='ocr_line' id='line_1_100' title="bbox 1127 2404 2112 2449; baseline 0.002 -11"><span class='ocrx_word' id='word_1_664' title='bbox 1127 2407 1252 2438; x_wconf 85' lang='lat' dir='ltr'>nebras</span> <span class='ocrx_word' id='word_1_665' title='bbox 1270 2406 1465 2439; x_wconf 71' lang='lat' dir='ltr'>offundere.</span> <span class='ocrx_word' id='word_1_666' title='bbox 1503 2404 1574 2438; x_wconf 86' lang='lat' dir='ltr'>lam</span> <span class='ocrx_word' id='word_1_667' title='bbox 1593 2418 1669 2438; x_wconf 76' lang='lat' dir='ltr'>cuin</span> <span class='ocrx_word' id='word_1_668' title='bbox 1690 2406 1834 2438; x_wconf 86' lang='lat' dir='ltr'>minime</span> <span class='ocrx_word' id='word_1_669' title='bbox 1852 2407 2039 2440; x_wconf 87' lang='lat' dir='ltr'>obscurum</span> <span class='ocrx_word' id='word_1_670' title='bbox 2056 2408 2112 2449; x_wconf 85' lang='lat' dir='ltr'>sit,</span> 
     </span>
     <span class='ocr_line' id='line_1_101' title="bbox 1127 2456 2113 2502; baseline 0.003 -14"><span class='ocrx_word' id='word_1_671' title='bbox 1127 2457 1247 2502; x_wconf 81' lang='lat' dir='ltr'>quanti</span> <span class='ocrx_word' id='word_1_672' title='bbox 1280 2456 1383 2489; x_wconf 83' lang='lat' dir='ltr'>nobis</span> <span class='ocrx_word' id='word_1_673' title='bbox 1412 2456 1631 2501; x_wconf 77' lang='lat' dir='ltr'>eloquentiae</span> <span class='ocrx_word' id='word_1_674' title='bbox 1658 2463 1878 2500; x_wconf 86' lang='lat' dir='ltr'>contemptus</span> <span class='ocrx_word' id='word_1_675' title='bbox 1906 2459 2113 2498; x_wconf 90' lang='lat' dir='ltr'>constiterit,</span> 
     </span>
     <span class='ocr_line' id='line_1_102' title="bbox 1128 2507 2112 2552; baseline 0.002 -13"><span class='ocrx_word' id='word_1_676' title='bbox 1128 2520 1189 2540; x_wconf 87' lang='lat' dir='ltr'>cur</span> <span class='ocrx_word' id='word_1_677' title='bbox 1214 2507 1409 2539; x_wconf 87' lang='lat' dir='ltr'>barbariem</span> <span class='ocrx_word' id='word_1_678' title='bbox 1428 2520 1498 2539; x_wconf 92' lang='lat' dir='ltr'>nou</span> <span class='ocrx_word' id='word_1_679' title='bbox 1521 2507 1768 2540; x_wconf 79' lang='lat' dir='ltr'>abominamur</span> <span class='ocrx_word' id='word_1_680' title='bbox 1793 2514 1958 2552; x_wconf 80' lang='lat' dir='ltr'>tanquam</span> <span class='ocrx_word' id='word_1_681' title='bbox 1984 2521 2112 2541; x_wconf 86' lang='lat' dir='ltr'>nocen-</span> 
     </span>
     <span class='ocr_line' id='line_1_103' title="bbox 1128 2557 2113 2601; baseline 0 -10"><span class='ocrx_word' id='word_1_682' title='bbox 1128 2559 1294 2591; x_wconf 84' lang='lat' dir='ltr'>tissimam</span> <span class='ocrx_word' id='word_1_683' title='bbox 1313 2559 1466 2601; x_wconf 72' lang='lat' dir='ltr'>pestem?</span> <span class='ocrx_word' id='word_1_684' title='bbox 1491 2571 1552 2591; x_wconf 86' lang='lat' dir='ltr'>cur</span> <span class='ocrx_word' id='word_1_685' title='bbox 1566 2571 1635 2590; x_wconf 86' lang='lat' dir='ltr'>non</span> <span class='ocrx_word' id='word_1_686' title='bbox 1653 2570 1777 2599; x_wconf 78' lang='lat' dir='ltr'>magno</span> <span class='ocrx_word' id='word_1_687' title='bbox 1790 2570 1960 2591; x_wconf 82' lang='lat' dir='ltr'>consensu</span> <span class='ocrx_word' id='word_1_688' title='bbox 1978 2572 1994 2591; x_wconf 90' lang='lat' dir='ltr'>e</span> <span class='ocrx_word' id='word_1_689' title='bbox 2011 2557 2113 2591; x_wconf 76' lang='lat' dir='ltr'>scho-</span> 
     </span>
     <span class='ocr_line' id='line_1_104' title="bbox 1130 2609 2114 2652; baseline -0.001 -10"><span class='ocrx_word' id='word_1_690' title='bbox 1130 2610 1172 2642; x_wconf 91' lang='lat' dir='ltr'>lis</span> <span class='ocrx_word' id='word_1_691' title='bbox 1191 2609 1421 2641; x_wconf 72' lang='lat' dir='ltr'>exibilamus?</span> <span class='ocrx_word' id='word_1_692' title='bbox 1446 2621 1506 2642; x_wconf 83' lang='lat' dir='ltr'>cur</span> <span class='ocrx_word' id='word_1_693' title='bbox 1525 2609 1588 2652; x_wconf 82' lang='lat' dir='ltr'>ipsi</span> <span class='ocrx_word' id='word_1_694' title='bbox 1610 2609 1711 2641; x_wconf 83' lang='lat' dir='ltr'>nobis</span> <span class='ocrx_word' id='word_1_695' title='bbox 1730 2609 1899 2651; x_wconf 84' lang='lat' dir='ltr'>tantisper</span> <span class='ocrx_word' id='word_1_696' title='bbox 1919 2609 2114 2642; x_wconf 71' lang='lat' dir='ltr'>invidemus</span> 
     </span>
     <span class='ocr_line' id='line_1_105' title="bbox 1130 2658 2115 2705; baseline -0.001 -12"><span class='ocrx_word' id='word_1_697' title='bbox 1130 2660 1386 2705; x_wconf 84' lang='lat' dir='ltr'>eloquentiam,</span> <span class='ocrx_word' id='word_1_698' title='bbox 1415 2672 1482 2703; x_wconf 90' lang='lat' dir='ltr'>qua</span> <span class='ocrx_word' id='word_1_699' title='bbox 1510 2658 1599 2693; x_wconf 89' lang='lat' dir='ltr'>nihil</span> <span class='ocrx_word' id='word_1_700' title='bbox 1626 2660 1767 2701; x_wconf 89' lang='lat' dir='ltr'>melius,</span> <span class='ocrx_word' id='word_1_701' title='bbox 1793 2658 1882 2693; x_wconf 88' lang='lat' dir='ltr'>nihil</span> <span class='ocrx_word' id='word_1_702' title='bbox 1906 2660 2055 2704; x_wconf 83' lang='lat' dir='ltr'>amplius</span> <span class='ocrx_word' id='word_1_703' title='bbox 2078 2660 2115 2692; x_wconf 90' lang='lat' dir='ltr'>in</span> 
     </span>
    </p>
   </div>
   <div class='ocr_carea' id='block_1_10' title="bbox 1430 2707 1484 2743">
    <p class='ocr_par' dir='ltr' id='par_1_10' title="bbox 1430 2707 1484 2743">
     <span class='ocr_line' id='line_1_106' title="bbox 1430 2707 1484 2743; baseline 0 -18"><span class='ocrx_word' id='word_1_704' title='bbox 1430 2707 1484 2743; x_wconf 71' lang='lat'>4*</span> 
     </span>
    </p>
   </div>
  </div>
 </body>
</html>
