2338 2958
39 761 41 767 .
83 733 209 767 studia.

0 1888 1 1891 Ἰ
37 1924 43 1933 -·
79 1903 149 1937 fuit
166 1901 448 1936 celeberrimum.

88 142 161 178 829

86 233 158 261 tate
190 225 368 258 vincebat:
415 222 459 255 ad
495 219 591 256 hunc
625 220 809 256 Avicenna
848 234 883 256 se
918 222 1080 257 contulit.

87 276 177 311 Cum
205 275 298 309 enim
325 274 459 307 videret
478 270 747 318 Philosophiam
777 285 919 318 prorsus
949 274 1081 318 absque

36 351 38 353 -
87 327 221 362 medica
244 332 317 359 arte
336 325 574 369 imperfectam
598 336 690 365 esse,
717 325 876 358 animum
901 326 943 358 ad
961 323 1080 358 Medi-

49 391 53 399 ·
86 389 206 412 corum
225 376 423 409 doctrinam
440 375 584 414 adiecit,
613 383 649 409 ut
668 382 830 409 naturam
847 375 981 418 integre
997 387 1079 408 evo-

84 428 213 468 lutam,
248 433 420 472 quantum
449 426 596 459 omnino
622 423 777 459 humana
806 426 980 460 industria
1005 425 1080 458 fieri

84 484 216 524 potest,
243 478 489 522 compleretur.
546 476 732 510 Veteribus
751 477 844 510 enim
863 475 1079 520 temporibus

38 545 49 558 :¹
83 541 158 563 non
179 529 248 563 fuit
269 527 497 562 inhonestum
529 528 750 571 principibus
775 534 884 561 artem
906 527 1078 560 medicam

38 592 49 625 ῥ’·
70 581 236 622 4discere,
273 581 361 614 sicut
386 578 498 619 Pelei,
532 576 701 619 Achillis,
729 576 923 612 Alexandri
945 576 1080 620 Magni,

83 628 234 677 Pyrrhi,
268 638 301 664 et
328 630 521 663 multorum
556 629 712 673 exempla
749 635 938 668 testantur,
973 625 1079 661 hodie

43 679 45 687 ¹
83 693 166 716 vero
196 682 299 725 longe
329 682 466 714 diversa
489 686 571 713 sunt
603 680 803 723 principum
832 686 867 714 et
895 686 1078 723 potentum

278 731 382 765 Hunc
411 731 535 765 Rasim
571 730 796 773 grandiorem
828 737 915 764 natu
943 730 1081 763 audivit

83 784 285 817 adolescens
308 781 504 816 Avicenna:
535 793 738 826 quanquam
766 788 883 815 autem
906 781 1016 815 multa
1042 781 1080 814 in

83 832 152 868 hoc
177 835 321 868 doctore
345 832 588 873 desiderabat,
615 838 733 866 tamen
756 832 876 878 inopia
897 832 1078 866 meliorem

82 883 178 919 hunc
195 892 343 919 sectatus
361 890 420 918 est.

183 935 307 970 Postea
333 947 416 968 vero
439 947 518 967 cum
547 940 579 967 et
605 940 715 967 aetate
741 941 774 968 et
799 934 959 968 doctrina
985 933 1079 967 iudi-

44 1007 46 1013 »
82 987 175 1021 cium
204 987 463 1026 confirmasset,
508 985 759 1019 animadvertit
792 985 830 1017 in
856 984 942 1019 Rasi
971 985 1080 1028 magis

82 1049 156 1072 esse
171 1038 387 1082 empiricam,
405 1048 509 1081 quam
528 1036 737 1069 rationalem
755 1036 962 1069 doctrinam.
988 1034 1079 1069 Cum

80 1089 176 1122 enim
195 1089 318 1122 divino
337 1088 457 1121 afflatu
476 1087 642 1120 incitatus
665 1087 707 1120 ad
729 1085 813 1119 haec
839 1087 953 1120 studia
977 1098 1079 1130 rape-

42 1158 45 1164 <
81 1148 197 1179 retur,
225 1139 326 1173 facile
346 1136 580 1183 deprehendit
595 1136 758 1170 Doctoris
781 1137 837 1170 sui
854 1137 1078 1171 imbecillita-

40 1211 42 1214 ·
80 1198 171 1229 tem,
199 1196 232 1223 et
249 1190 335 1235 quid
361 1190 399 1222 in
417 1189 527 1233 ipsius
544 1188 705 1221 doctrina
722 1188 796 1221 veri
819 1194 878 1221 aut
895 1188 973 1221 falsi
994 1199 1079 1222 con-

81 1241 265 1276 tineretur.
317 1238 408 1274 Cum
425 1240 520 1272 enim
538 1238 642 1274 Rasis
665 1239 773 1272 nimis
788 1239 912 1283 procul
931 1251 949 1272 a
969 1239 1079 1272 fonti-

79 1293 146 1326 bus
160 1291 389 1337 Hippocratis
413 1297 445 1324 et
471 1289 601 1323 Galeni
626 1290 821 1331 recederet,
847 1301 987 1323 necesse
1006 1296 1078 1323 erat

81 1350 115 1377 et
138 1342 248 1387 ipsius
274 1342 525 1376 medicationes
544 1341 724 1374 erroribus
743 1353 817 1374 non
840 1353 967 1376 carere.
1020 1340 1079 1374 Sic

82 1394 177 1428 enim
196 1393 324 1427 diserte
348 1392 464 1437 inquit
486 1391 667 1425 Avicenna
693 1392 755 1427 lib.
773 1391 808 1426 4.
831 1404 906 1436 cap.
927 1393 970 1425 de
996 1391 1079 1424 uni-

82 1445 208 1478 versali
243 1444 396 1478 febrium
432 1443 626 1478 curatione.
695 1442 857 1476 Profecto
892 1442 1078 1487 profuisset

81 1493 164 1530 huic
186 1495 283 1534 viro,
311 1495 374 1529 ubi
398 1493 521 1528 Rasim
545 1494 729 1538 intelligit,
761 1506 834 1527 non
860 1502 929 1527 tam
954 1493 1078 1538 procul

80 1559 98 1580 a
127 1546 256 1580 Galeni
290 1553 324 1580 et
352 1545 580 1589 Hippocratis
609 1545 748 1589 placitis
777 1545 966 1578 discedere.
1026 1543 1078 1577 Ita

81 1598 200 1631 minus
218 1596 538 1631 contradictionum
566 1608 606 1630 ac
624 1608 784 1630 errorum
804 1602 891 1630 esset
909 1595 947 1628 in
968 1594 1078 1640 ipsius

83 1648 232 1693 scriptis.

182 1698 266 1732 Post
290 1697 565 1744 quadriennium
590 1695 808 1731 Alexandria
842 1696 1010 1737 discedit,
1046 1702 1078 1730 et

80 1751 118 1784 in
153 1749 324 1795 oppidum
361 1748 554 1792 Hispaniae
592 1747 798 1782 Cordubam
835 1747 1078 1792 proficiscitur,

79 1802 142 1836 ubi
169 1800 317 1834 docebat
339 1799 528 1839 Averrois,
564 1799 664 1832 cuius
688 1799 781 1832 fama
813 1799 1001 1838 excitatus,
1037 1809 1078 1831 eo

81 1851 262 1886 concessit.
317 1849 486 1883 Averrois
506 1849 598 1882 enim
619 1861 750 1882 nomen
767 1849 841 1882 istis
858 1848 1078 1892 temporibus

503 1899 588 1934 Fuit
605 1907 719 1933 autem
739 1898 908 1933 Averrois
934 1899 1077 1943 ingenio

80 1953 170 1994 acri,
198 1952 367 1997 pugnaci,
392 1957 557 1989 ventoso,
583 1957 617 1984 et
634 1948 907 1994 reprehensione
924 1950 1075 1983 aliorum

41 2019 43 2032 2
79 2005 209 2038 famam
234 2003 301 2036 sibi
326 2002 530 2048 quaerebat:
566 2014 633 2046 qua
659 2002 697 2034 in
720 2014 757 2035 re
774 2013 874 2045 saepe
897 2001 1077 2035 contradi-

42 2081 44 2092 .
81 2055 183 2090 cendi
208 2053 326 2088 studio
350 2065 367 2086 a
387 2053 532 2086 veritate
552 2054 742 2093 abductus,
768 2059 859 2086 artes
876 2059 967 2086 recte
991 2064 1076 2085 con-

80 2107 240 2146 stitutas‚
274 2102 475 2149 sophisticis
498 2103 695 2147 praestigiis
720 2103 959 2144 labefactavit,
986 2110 1075 2137 tem-

42 2178 43 2203 i
79 2162 366 2203 peramentorum
393 2154 562 2188 mixturas
587 2155 698 2195 tollit,
727 2151 892 2188 humores
914 2154 951 2187 in
976 2161 1075 2198 epate

0 2241 10 2246 ,
42 2230 43 2255 2
81 2214 184 2252 negat
199 2207 306 2251 gigni,
335 2207 424 2240 circa
441 2205 673 2239 nutritionem
692 2217 820 2239 novam
838 2211 872 2238 et
885 2205 1074 2239 absurdam

41 2263 43 2299 j
80 2258 289 2293 sententiam
325 2256 617 2291 comminiscitur.
685 2255 754 2290 Sed
787 2255 873 2302 quid
907 2268 995 2301 opus
1026 2263 1076 2290 est

41 2302 43 2355 'j
80 2320 354 2343 commemorare
370 2307 534 2351 singula'.>
562 2305 628 2341 boc
643 2307 757 2341 solum
776 2308 855 2351 egit,
882 2313 921 2341 ut
938 2307 1074 2341 sublata

41 2357 43 2402 ζ
80 2359 268 2394 autoritate
284 2365 441 2392 veterum
460 2365 644 2399 autorum,
670 2370 706 2392 se
730 2359 766 2392 in
784 2358 941 2403 ipsorum
958 2358 1074 2392 locum

82 2410 279 2446 collocaret.

41 2502 43 2511 <
182 2460 262 2495 Huc
285 2459 464 2505 pertinent
487 2459 597 2503 ipsius
620 2461 824 2504 magnificae
848 2471 966 2499 voces,
994 2460 1075 2505 qui—

41 2518 43 2523 ⁴
79 2513 147 2547 bus
180 2511 397 2556 significabat
432 2521 467 2543 se
502 2517 773 2555 repurgaturum
810 2523 882 2545 esse
910 2508 1074 2545 Philoso-

42 2583 43 2589 κ
81 2560 219 2608 phiam,
259 2563 428 2607 illamque
463 2573 580 2594 veram
623 2568 655 2595 et
691 2563 884 2601 sinceram,
925 2562 1073 2596 detorsis

81 2613 247 2648 omnibus
269 2613 408 2653 naevis,
449 2613 486 2645 in
516 2613 673 2646 medium
699 2613 826 2646 iterum
851 2613 1070 2657 prolaturum

81 2676 168 2698 esse.
220 2662 297 2697 Hae
320 2675 421 2697 voces
443 2670 474 2698 et
497 2661 581 2697 baec
603 2664 785 2708 magnifica
804 2665 973 2709 promissa
995 2665 1072 2698 ani-

81 2727 157 2749 mos
180 2715 383 2749 auditorum
407 2715 664 2760 percellebant,
689 2722 721 2750 et
746 2727 877 2749 nomen
904 2722 938 2750 et
958 2716 1071 2749 admi-

682 139 841 175 DECL.
893 139 968 176 DE
1001 138 1145 174 VITA
1182 137 1534 175 AVlCENNAE.

2050 142 2122 177 830

1129 221 1301 255 rationem
1319 221 1458 255 docenti
1476 220 1725 257 conciliabant.
1767 220 1836 256 Sed
1851 222 1956 255 redeo
1973 223 2015 255 ad
2034 222 2122 256 Avi-

1129 284 1261 305 cennae
1277 269 1473 307 historiam.

1234 322 1323 356 Cum
1361 321 1549 356 Cordubae
1583 323 1792 368 aliquandiu
1825 323 2054 364 substitisset,
2090 332 2122 359 et

1129 372 1317 406 Averroim
1343 374 1529 406 docentem
1553 374 1764 415 audivisset,
1795 375 1870 419 ipso
1895 375 2016 409 relicto
2035 373 2121 408 Ale-

1127 424 1312 457 xandriam
1347 424 1546 457 revertitur.
1609 424 1701 467 Quia
1738 425 1830 458 enim
1869 426 2020 470 pueritia
2054 426 2123 460 fuit

1129 475 1238 519 probe
1262 473 1444 507 institutus
1469 481 1502 507 et
1527 475 1570 507 ad
1592 473 1831 508 Geometriam
1854 484 1887 510 et
1901 478 2121 511 demonstra-

1128 526 1242 559 tiones
1266 525 1497 565 assuefactus,
1529 525 1630 558 facile
1663 526 1777 568 potuit
1805 527 2000 561 diiudicare
2030 528 2122 562 inter

1129 588 1208 610 vera
1227 583 1259 610 et
1276 576 1363 609 falsa
1383 576 1558 609 docentes.
1601 573 1838 611 Alexandriae
1856 579 1968 621 coepit
1982 578 2122 623 Hippo-

1129 635 1257 662 cratem
1275 633 1308 660 et
1325 625 1500 660 Galenum
1517 626 1585 659 sibi
1603 625 1773 660 Doctores
1790 639 2003 672 proponere,
2031 642 2121 674 quo-

1129 691 1207 712 rum
1223 678 1421 711 doctrinam
1437 677 1587 710 maxime
1604 677 1742 711 veritati
1763 679 1961 712 consentire
1985 680 2121 713 iudica-

1129 731 1190 764 vit.
1233 727 1311 762 Etsi
1328 728 1422 762 enim
1440 729 1538 772 pulsa
1556 729 1674 772 lingna
1695 727 1848 770 Graeca,
1874 736 2007 763 veteres
2022 738 2121 764 auto-

1128 793 1182 814 res
1199 780 1303 814 etiam
1322 780 1529 820 exulabant,
1557 786 1673 813 tamen
1689 779 1799 824 aliqui
1817 781 2045 814 studiosiores
2065 794 2119 815 re-

1129 832 1317 877 quirebant
1337 831 1462 864 fontes.
1515 829 1634 873 Quare
1650 836 1683 863 et
1701 830 1738 863 in
1757 831 1914 874 linguam
1933 830 2121 865 Arabicam

1128 884 1295 928 pleraque
1318 881 1566 925 Hippocratis,
1595 880 1724 915 Galeni
1750 888 1781 915 et
1798 881 1990 916 Ptolemaei
2017 895 2120 927 opera

1129 947 1146 967 a
1165 933 1366 968 Sarracenis
1388 933 1425 965 in
1454 932 1610 975 linguam
1627 930 1816 965 Arabicam
1837 940 1918 967 sunt
1943 946 2121 975 conversa,

1129 997 1168 1018 ex
1188 996 1256 1030 qua
1278 985 1398 1026 lingua
1424 995 1495 1016 non
1520 983 1630 1016 multo
1649 990 1727 1027 post
1742 991 1944 1017 nostrorum
1970 985 2121 1029 impera-

1127 1043 1244 1069 torum
1272 1033 1457 1074 beneficio,
1498 1032 1660 1068 Lotharii
1687 1046 1724 1067 ac
1755 1033 1927 1067 Friderici
1956 1036 2122 1075 Secundi,

1127 1087 1164 1119 in
1188 1087 1334 1119 latinam
1358 1085 1515 1128 linguam
1542 1085 1709 1118 translata
1734 1092 1831 1118 sunt:
1868 1098 1934 1131 qua
1960 1087 2120 1119 versione

1126 1149 1248 1170 omnes
1267 1134 1407 1169 scholae
1424 1133 1593 1169 hactenus
1610 1147 1719 1181 usque
1736 1136 1779 1168 ad
1795 1133 1878 1170 haec
1896 1143 2015 1170 nostra
2034 1145 2121 1171 tem-

1127 1200 1211 1233 pora
1232 1200 1313 1221 usae
1331 1194 1423 1222 sunt.

1228 1237 1412 1272 Avicenna
1436 1237 1554 1282 itaque
1578 1237 1619 1269 ad
1644 1243 1748 1270 veros⁴
1768 1237 1882 1271 fontes
1900 1249 1935 1271 se
1953 1239 2120 1272 contulit:

1128 1297 1161 1324 et
1179 1290 1259 1335 quia
1277 1288 1498 1322 institutione
1513 1294 1545 1321 et
1561 1294 1687 1320 natura
1704 1288 1879 1328 excelluit,
1907 1289 2008 1322 facile
2023 1289 2120 1322 evol-

1126 1353 1206 1375 vere
1222 1353 1260 1373 ac
1277 1340 1472 1382 intelligere
1489 1351 1525 1371 ea
1538 1338 1662 1382 potuit,
1682 1351 1770 1383 quae
1781 1339 1858 1372 aliis
1875 1347 1974 1374 erant
1990 1341 2120 1384 ignota.

1125 1391 1286 1436 Cumque
1309 1390 1545 1424 Alexandriae
1570 1389 1767 1422 doctrinam
1793 1391 1963 1423 medicam
1991 1391 2119 1424 confir-

1126 1449 1274 1483 masset,
1301 1454 1340 1475 ac
1364 1448 1471 1475 totam
1490 1439 1689 1485 Aegyptum
1708 1441 1969 1485 perlustrasset,
1998 1442 2033 1475 in
2051 1454 2119 1487 qua

1126 1494 1279 1538 plurima
1303 1493 1559 1526 medicamenta
1587 1488 1836 1535 deprehendit,
1864 1493 1942 1525 aliis
1969 1492 2121 1526 Medicis

1127 1546 1263 1588 ignota,
1291 1544 1328 1576 in
1346 1543 1494 1587 patriam
1511 1543 1710 1577 revertitur.
1766 1542 1818 1575 lbi
1834 1555 1912 1576 cum
1929 1544 2029 1577 fratri
2046 1556 2120 1577 ces-

1127 1597 1225 1629 sisset
1243 1595 1554 1638 gubernationem,
1580 1593 1654 1637 ipse
1678 1604 1713 1625 se
1734 1594 1777 1625 ad
1793 1594 2017 1627 scribendum
2035 1607 2119 1628 con—

1125 1647 1219 1682 tulit.
1271 1644 1362 1680 Cum
1388 1645 1483 1678 enim
1506 1644 1641 1677 videret
1666 1650 1836 1688 quantum
1856 1656 1977 1678 recens
2001 1644 2120 1679 Medi-

1126 1698 1206 1730 cina
1229 1709 1248 1730 a
1272 1696 1379 1730 veteri
1403 1697 1664 1739 degenerasset,
1691 1695 1805 1728 voluit
1828 1708 1903 1728 eam
1928 1696 2056 1730 iterum
2076 1698 2120 1730 ad

1126 1749 1240 1782 fontes
1262 1759 1446 1786 revocare,
1483 1753 1515 1780 et
1539 1757 1576 1778 ea
1601 1757 1688 1790 quae
1711 1752 1810 1778 erant
1842 1747 1979 1789 ignavia
2004 1745 2120 1781 homi-

1127 1811 1211 1832 num
1227 1799 1297 1832 situ
1316 1805 1349 1831 et
1364 1797 1530 1831 rnbidine
1548 1797 1716 1835 obducta,
1745 1808 1883 1830 rursum
1902 1798 2092 1841 detergere.

1226 1847 1273 1883 Et
1291 1849 1373 1894 quia
1393 1847 1555 1882 Galenici
1576 1847 1677 1887 libri,
1701 1846 1738 1879 in
1754 1848 1883 1892 quibus
1906 1861 1962 1881 ars
1984 1849 2118 1891 integre

1125 1900 1295 1941 traditur,
1330 1907 1530 1943 temporum
1556 1898 1642 1931 vitio
1666 1909 1738 1930 non
1767 1906 1865 1932 erant
1893 1899 1930 1932 in
1955 1900 2118 1933 manibus

1125 1952 1355 1989 discentium,
1382 1957 1414 1984 et
1437 1956 1615 1994 praeterea
1643 1948 1799 1982 Galenus
1827 1961 1900 1982 non
1927 1963 1999 1983 uno
2025 1951 2116 1984 libro

1126 2003 1297 2046 integram
1322 2008 1431 2035 artem
1458 2000 1659 2044 complexus
1687 2006 1753 2033 est:
1780 2000 1854 2043 ipse
1871 2001 2039 2045 scriptum
2062 2002 2117 2035 in-

1124 2053 1256 2092 stituit,
1279 2065 1349 2098 quo
1367 2051 1602 2086 eruditissima
1624 2057 1657 2084 et
1680 2051 1858 2095 aptissima
1877 2050 2042 2086 methodo
2063 2053 2118 2085 in-

1125 2112 1256 2148 tegram
1285 2110 1394 2137 artem
1427 2102 1598 2136 medicam
1625 2102 1887 2145 complectitur,
1919 2103 1954 2136 in
1980 2116 2048 2148 quo
2079 2116 2116 2138 ea

1125 2167 1213 2201 quae
1236 2157 1328 2199 apud
1349 2153 1526 2188 Galenum
1552 2152 1717 2196 dissipata
1738 2153 1921 2195 leguntur,
1949 2155 1986 2186 in
2006 2167 2116 2189 unum

1124 2218 1251 2251 corpus
1285 2205 1400 2248 coe'git
1433 2205 1742 2249 σωματοποιῆσας
1775 2202 1843 2249 τὴν
1885 2203 2035 2250 τέχνην,
2078 2212 2118 2239 ut

1125 2256 1252 2291 Graeci
1268 2257 1476 2302 loquuntur,
1504 2261 1536 2288 et
1550 2255 1625 2288 sine
1642 2252 1853 2299 Sophistica‚
1881 2262 1915 2289 et
1933 2268 2021 2301 quae
2039 2264 2117 2300 post

1124 2309 1264 2352 longam
1291 2306 1578 2352 inquisitionem,
1607 2312 1639 2339 et
1664 2305 1701 2338 in
1729 2305 1804 2349 ipso
1830 2306 1913 2340 artis
1938 2307 2114 2348 exercitio,

1125 2366 1157 2393 et
1173 2360 1210 2392 in
1228 2358 1528 2403 disputationibus
1546 2368 1624 2390 cum
1643 2356 1853 2390 doctissimis
1871 2357 1956 2391 viris
1974 2358 2115 2391 verissi-

1126 2422 1180 2444 ma
1206 2422 1277 2443 esse
1302 2408 1490 2446 iudicavit,
1518 2407 1719 2451 complexus
1740 2414 1801 2441 est.
1856 2407 1973 2442 Tanto
1999 2416 2115 2443 autem

1124 2461 1294 2506 applausu
1312 2458 1379 2493 hoc
1397 2458 1600 2493 Avicennae
1619 2458 1788 2502 scriptum
1807 2466 1987 2503 exceptum
2007 2467 2055 2493 est
2072 2460 2115 2492 ab

1123 2512 1289 2546 omnibns
1312 2510 1476 2550 eruditis,
1505 2516 1544 2543 ut
1568 2509 1636 2542 iam
1665 2509 1743 2553 plns
1767 2509 1884 2543 minus
1909 2511 2010 2543 annis
2028 2522 2113 2555 qna-

1122 2562 1318 2606 dringentis
1343 2561 1381 2594 in
1406 2560 1572 2594 omnibus
1595 2560 1747 2604 publicis
1771 2560 1970 2594 Academiis
1993 2573 2009 2593 a
2033 2573 2112 2604 pro-

1121 2614 1311 2647 fessoribus
1327 2613 1371 2646 sit
1388 2611 1599 2655 expositum:
1627 2617 1661 2644 et
1678 2608 1744 2645 hoc
1767 2623 1830 2645 suo
1853 2612 2000 2654 scripto,
2029 2611 2110 2655 quia

1123 2664 1310 2698 Galenicas
1334 2663 1589 2707 disputationes
1613 2662 1740 2696 iterum
1765 2662 1903 2694 reduxit
1928 2661 1963 2693 in
1989 2662 2113 2701 lucem,

1121 2727 1261 2750 cursum
1296 2715 1493 2749 studiorum
1525 2713 1580 2747 sui
1609 2713 1715 2747 seculi
1749 2712 1996 2750 commutavit,
2024 2723 2113 2757 quae
