2338 2958
245 125 318 162 379
711 116 865 152 DECL.
907 114 982 149 DE
1018 110 1582 149 APPELLATIONIBUS
1618 111 1826 148 PANUM.
2212 112 2287 147 880

244 212 316 247 Nec
331 209 417 245 alias
435 218 553 243 causas
569 218 586 239 a
603 200 896 249 prioriPhysicus
913 201 1098 234 ostendere
1115 205 1238 243 potest.
1264 207 1269 236 ι
1293 197 1376 243 quia
1409 195 1534 230 hordei
1562 203 1688 231 natura
1713 196 1877 239 frigidior
1906 203 1967 230 est.
2020 195 2137 230 Multa
2167 203 2283 230 autem

245 263 315 298 Sed
332 268 448 306 postea
466 257 599 302 species
615 253 793 288 discernit.
828 250 908 285 Alia
925 250 1068 284 materia
1082 247 1240 282 humano
1265 243 1268 275 ἶ
1294 255 1377 282 sunt
1394 247 1615 288 testimonia,
1643 244 1804 280 homines
1827 246 2003 282 tenuiores
2023 247 2109 281 olim
2133 247 2287 281 multum

247 312 387 358 corpori
409 308 537 351 magis,
565 305 634 339 alia
656 303 774 337 minus
790 301 974 335 familiaris
993 307 1054 336 est.
1109 298 1240 333 Holera
1295 310 1376 332 usos
1392 309 1464 331 esse
1483 298 1634 342 panibus
1651 294 1867 330 hordeaceis.
1919 295 2002 331 ldeo
2018 298 2112 331 enim
2129 298 2168 331 in
2183 308 2288 332 versu

247 372 280 398 et
307 372 409 407 poma
433 358 495 393 etsi
521 355 704 398 nutriunt,
731 360 849 388 tamen
873 352 954 397 quia
978 350 1085 384 nimis
1110 361 1241 395 aquosa
1296 348 1403 382 veteri
1432 348 1580 381 dicitur:
1615 345 1801 393 αὐταρκὴς
1827 344 1900 394 γὰρ
1930 344 1950 380 ὁ
1978 346 2158 393 πρέσβυς,
2193 347 2288 392 ἔχων

246 420 347 450 sunt,
371 409 501 444 diffluit
519 418 658 447 succus,
684 411 717 438 et
732 403 934 447 languidior
950 409 1011 436 est.
1064 400 1240 435 Triticum
1295 397 1366 434 ἅλα
1389 396 1452 433 καὶ
1479 395 1549 433 δύο
1573 395 1731 445 κρίμνα,
1769 397 1883 431 Senex
1905 395 1971 431 hoc
1989 398 2080 432 victo
2102 406 2289 433 contentus

248 463 371 497 siccius
390 468 458 501 est,
485 457 676 501 et'pingue‚
699 461 733 489 et
747 460 936 498 temperate
955 452 1122 486 calidum.
1157 450 1240 485 Ideo
1295 457 1363 490 est,
1399 449 1470 483 sale
1503 456 1537 483 et
1568 449 1707 483 duobus
1737 448 1889 492 panibus
1920 445 2135 483 hordeaceis.
2197 448 2288 482 Nam

251 521 284 547 et
316 522 439 546 succus
463 510 499 543 fit
522 507 689 553 pinguior
721 512 755 539 et
783 503 1010 549 glutinationi
1046 513 1243 536 accommo-
1294 498 1453 547 κρίμνον
1483 499 1634 533 farinam
1665 510 1737 532 esse
1767 504 1861 532 certo
1887 499 1993 532 modo
2020 506 2224 543 apparatum
2249 510 2290 532 ex

249 564 373 598 datior,
1296 550 1451 592 hordeo,
1477 550 1647 584 traditum
1665 557 1735 589 est,
1761 555 1794 582 et
1820 546 1967 582 historia
1991 549 2190 592 evangelica
2206 561 2290 583 nar-

347 613 514 647 Dicamus
538 609 644 653 igitur
668 608 738 640 iam
763 607 806 639 de
835 604 1066 643 differentiis,
1092 609 1241 647 quarum
1296 609 1368 642 rat,
1402 601 1560 647 quinque
1591 612 1697 645 panes
1728 597 1940 633 hordeaceos
1969 599 2178 634 distributos
2208 611 2291 640 esse,

248 665 378 708 gradus
395 669 464 696 tres
479 660 702 698 constituam,
729 657 918 701 primuma
935 653 1091 693 materia,
1119 664 1243 685 secun·
1297 653 1426 697 quibus
1455 652 1550 696 pavit
1580 650 1673 684 filius
1699 648 1766 684 Dei
1800 650 1952 694 amplius
1987 650 2145 696 quinque
2178 649 2292 684 millia

249 717 334 748 dum
361 726 379 746 a
409 711 581 757 puritate,
623 708 763 742 tertium
791 719 808 739 a
838 705 1006 739 coctione.
1063 702 1244 737 Differunt
1298 701 1501 736 hominum:
1538 714 1605 747 qua
1629 701 1832 734 narratione
1865 700 1996 734 multae
2021 700 2292 744 significationes

249 776 356 809 panes
374 764 526 809 primum
541 759 705 793 materia:
727 757 789 790 alii
807 757 895 790 fiunt
913 768 953 788 ex
968 755 1098 794 tritico,
1124 753 1185 786 alii
1204 765 1244 785 ex
1298 753 1526 786 adumbratae
1549 759 1641 786 sunt.
1696 750 1816 785 Alitur
1842 758 1876 784 et
1899 750 2102 785 defenditur
2122 749 2292 792 Ecclesia,

250 817 360 861 olyra,
389 813 447 847 alii
467 824 507 845 ex
522 823 592 851 zea,
618 810 678 842 alii
695 821 733 841 ex
749 806 895 842 hordeo.
946 805 1090 839 Caetera
1108 815 1245 847 genera,
1298 804 1373 838 Deo
1398 803 1557 841 iuvante,
1594 802 1729 836 etiamsi
1752 813 1834 846 opes
1863 799 1968 835 habet
1996 801 2145 846 exiguas.
2199 800 2292 836 Sunt

251 867 333 911 quia
353 866 389 898 iu
412 863 540 896 nostris
557 859 764 903 regionibus
781 870 855 890 non
871 864 953 891 sunt
968 857 1113 895 usitata,
1140 854 1245 887 omit-
1299 861 1332 888 et
1354 855 1462 887 micae
1482 853 1663 887 doctrinae
1690 852 1725 884 in
1746 852 1894 897 speciem
1920 859 2059 893 tenues,
2085 859 2117 886 et
2133 852 2293 896 frigidae,

251 925 333 951 tam.
387 914 435 948 Et
453 925 532 946 cum
559 910 642 945 haec
661 910 852 943 recitentur
874 914 1018 952 propter
1042 905 1244 939 auditorum
1299 906 1358 939 sed
1383 904 1459 938 Deo
1488 904 1662 948 aspirante
1689 903 1885 936 accendunt
1909 903 2015 936 vitam
2048 909 2224 936 aeternam
2254 903 2292 936 in

253 967 457 1004 utilitatem,
485 963 648 996 volumus
670 961 720 993 eis
742 971 860 993 rerum
889 957 1160 992 domesticarum
1185 967 1246 999 ap-
1300 956 1477 990 cordibus,
1524 954 1647 988 Plures
1664 953 1749 986 alias
1767 953 1895 997 species
1911 954 2039 986 addere
2058 965 2204 998 possem,
2231 953 2292 986 sed

252 1017 477 1060 pellationes,
505 1021 537 1047 et
553 1013 643 1045 vires
659 1018 761 1045 notas
779 1021 861 1043 esse.
1271 981 1274 1054 ξ
1301 1019 1364 1040 nec
1387 1004 1492 1039 huius
1516 1004 1682 1049 temporis
1701 1004 1860 1047 angustia
1884 1004 2078 1047 longiorem
2106 1015 2292 1038 enumera-

355 1066 530 1100 Triticum
557 1075 629 1096 esse
658 1062 791 1106 primae
828 1059 998 1093 bonitatis
1026 1058 1246 1091 frumentum
1271 1055 1276 1123 Ι
1301 1058 1432 1091 tionem
1450 1056 1553 1090 nobis
1570 1055 1749 1094 concedit,
1777 1066 1841 1088 nec
1856 1061 2010 1088 caeterae
2026 1055 2173 1098 perinde
2188 1061 2292 1087 notae

254 1124 408 1157 constat,
443 1115 537 1160 quod
563 1113 707 1146 Graccis
734 1118 783 1145 est
810 1110 944 1155 :1L54103‚
973 1108 1076 1141 nobis
1103 1107 1247 1150 {litigen-
1301 1114 1394 1142 sunt.
1444 1106 1525 1140 Non
1543 1106 1636 1139 enim
1656 1105 1723 1138 iam
1740 1117 1840 1149 saepe
1856 1117 1896 1138 ex
1917 1117 2049 1139 sesamo
2078 1112 2138 1139 aut
2166 1104 2291 1149 panico

255 1169 361 1203 recito
386 1167 480 1200 euim
507 1163 758 1209 appellationes
784 1168 919 1194 nostras
943 1159 1108 1192 omnibus
1134 1164 1248 1199 notas,
1302 1159 1339 1192 fit
1357 1157 1467 1202 paniS.
1510 1154 1648 1189 Omitto
1667 1163 1699 1190 et
1714 1156 1821 1188 factos
1837 1167 1875 1188 ex
1893 1156 2039 1189 diversis
2057 1155 2227 1196 materiis,
2253 1162 2293 1189 ut

255 1227 292 1253 ut
318 1220 420 1252 rebus
446 1215 575 1249 alicubi
606 1212 828 1250 monstratis,
864 1210 1013 1243 iudicari
1044 1207 1247 1241 discrimina
1302 1215 1382 1242 sunt
1404 1209 1604 1251 placentae,
1632 1206 1731 1246 itria,
1756 1206 1840 1239 liba.

256 1270 367 1303 oculis
383 1266 528 1312 possint.
564 1263 656 1298 Sunt
671 1263 779 1307 igitur
796 1261 922 1305 optimi
938 1272 1057 1304 panes,
1082 1258 1143 1303 qui
1160 1258 1249 1291 fiunt
1392 1257 1533 1291 Addam
1553 1269 1635 1290 vero
1650 1256 1864 1290 differentias
1881 1267 1899 1289 a
1917 1257 2067 1300 puritate
2085 1263 2240 1301 sumptas
2257 1256 2292 1289 in

255 1333 295 1354 ex
324 1319 461 1356 tritico,
498 1317 541 1349 de
565 1325 716 1360 quorum
742 1311 952 1346 differentiis
977 1317 1094 1355 postea
1128 1319 1249 1343 rursus
1303 1307 1357 1342 bis
1376 1309 1545 1352 panibus,
1573 1306 1632 1353 qui
1652 1318 1692 1339 ex
1715 1306 1831 1340 tritico
1854 1306 1955 1342 fiunt.
2006 1304 2175 1351 Optimus
2193 1313 2295 1340 estet

256 1371 381 1404 dicam,
1302 1359 1530 1405 purissimus,
1563 1358 1624 1403 qui
1648 1357 1685 1390 fit
1709 1368 1750 1390 ex
1776 1357 1936 1399 siligine,
1971 1369 2076 1402 quam
2108 1357 2294 1391 nominant

359 1419 542 1454 Secundus
566 1417 664 1450 locus
682 1415 860 1449 tribuatur
884 1425 924 1446 ex
947 1414 1045 1457 olyra
1068 1411 1184 1450 sactis,
1211 1421 1250 1442 ac
1302 1410 1530 1444 tenerrimam
1548 1416 1682 1454 partem
1710 1414 1743 1441 et
1769 1407 1910 1441 delicias
1934 1407 2052 1442 tritici.
2261 1417 2268 1420 ·

259 1470 404 1506 nomino
424 1467 595 1514 Olyram,
621 1478 709 1511 quae
726 1472 847 1498 nostro
866 1463 1037 1497 vocabulo
1054 1461 1252 1506 appellatur
1406 1460 1529 1494 Minus
1546 1459 1657 1494 teneri
1677 1465 1709 1492 et
1728 1458 1807 1502 puri
1827 1466 1908 1492 sunt
1932 1469 2039 1503 panes
2060 1470 2099 1492 ex
2122 1458 2295 1497 semidaii,

258 1521 397 1558 moden:
431 1520 530 1553 cuius
553 1529 636 1551 usus
660 1517 697 1549 in
726 1514 782 1549 his
810 1515 1014 1558 regionibus
1041 1512 1172 1557 populo
1199 1511 1251 1544 sa-
1305 1512 1424 1558 quales
1447 1512 1518 1545 sere
1542 1511 1635 1556 apud
1662 1520 1725 1542 nos
1754 1509 1842 1543 fiunt
1866 1521 1905 1542 ex
1931 1509 2048 1543 tritico
2073 1509 2296 1543 candidiores

258 1570 517 1606 miliarissimus
536 1577 604 1609 est,
631 1575 664 1601 et
680 1574 719 1601 ut
739 1578 801 1610 ego
827 1566 963 1604 iudico,
990 1563 1151 1597 salubris.
1205 1559 1268 1595 Et⁴
1305 1575 1423 1608 panes.

259 1624 401 1668 quidem
418 1619 559 1654 Diocles
577 1618 743 1663 praetulit
759 1617 894 1661 olyram
913 1627 1002 1649 zeae.
1406 1612 1548 1645 Tertius
1573 1611 1701 1654 gradus
1727 1610 1934 1644 nominatur
1956 1607 2183 1655 αὐτόπυρος,
2212 1610 2294 1643 item

361 1672 467 1705 anm
490 1678 605 1703 autem
629 1668 855 1701 nominamus
880 1678 974 1705 eam,
1008 1675 1096 1709 qnae
1123 1661 1251 1695 nostris
1305 1659 1564 1711 συγκόμιστος,
1591 1661 1652 1706 qui
1671 1661 1707 1694 fit
1725 1673 1764 1694 ex
1781 1661 1898 1694 tritico
1913 1673 1992 1695 cum
2013 1661 2155 1704 polline.
2212 1659 2295 1693 Ideo

263 1733 311 1758 est
329 1723 470 1762 Ξυίῑτα,
506 1732 565 1753 sen
592 1718 728 1754 Qincfet.
780 1715 855 1750 Etsi
878 1723 993 1750 autem
1018 1713 1176 1747 Galenus
1196 1713 1250 1744 in-
1305 1715 1399 1747 enim
1417 1713 1638 1757 appellarunt
1662 1708 1929 1759 σι’γκὸμιστον,
1962 1711 2044 1756 quia
2065 1711 2225 1745 universa
2244 1711 2295 1744 fa-

261 1776 353 1820 «μιίῑ,
381 1784 415 1805 se
439 1772 475 1804 iu
495 1768 834 1815 peregrinationibus
855 1767 944 1805 suis,
969 1766 1097 1810 quilius
1121 1764 1251 1797 lustra·
1305 1765 1381 1797 rina
1402 1776 1474 1797 non
1491 1774 1633 1796 excusso
1651 1762 1784 1805 polline
1804 1762 1982 1795 miscetur.

261 1828 310 1859 vit
339 1834 501 1865 magnam
528 1820 631 1854 Asiae
662 1826 694 1852 ct
721 1817 885 1861 Europae
914 1823 1064 1861 partem,
1098 1813 1252 1848 studiose
1276 1824 1282 2100 ι
1408 1814 1565 1857 Quartus
1580 1814 1708 1856 gradus
1725 1819 1775 1846 est
1797 1813 2034 1847 furfuraceus,
2062 1812 2174 1847 multo
2192 1813 2296 1846 etiam

1278 2101 1281 2130 l

263 1875 498 1921 inquirentem
524 1883 699 1916 nusquam
729 1868 897 1911 reperisse
928 1868 1164 1905 frumentum,
1196 1863 1251 1897 cui
1307 1865 1499 1910 impurior,
1534 1875 1637 1909 quam
1669 1859 1932 1910 avyxtilworog,
1968 1870 2058 1901 ater,
2094 1869 2131 1896 ut
2156 1863 2192 1895 in
2218 1874 2298 1896 mre

261 1927 329 1959 Zea
348 1937 476 1958 nomen
497 1929 598 1956 esset:
629 1929 745 1955 tamen
762 1919 907 1953 Graecis
925 1925 1048 1951 notum
1069 1916 1174 1949 fuisse
1191 1927 1252 1947 vo·
1306 1916 1398 1961 pinsi
1426 1915 1606 1954 videmus,
1643 1921 1675 1947 et
1698 1914 1817 1947 minus
1842 1913 2050 1948 nutrimenti
2080 1910 2230 1952 habens,
2264 1921 2296 1947 et

262 1977 426 2011 (zabulum
444 1985 579 2007 neccsse
597 1980 660 2012 est,
683 1983 761 2004 cum
777 1970 879 2004 toties
896 1969 1013 2002 dicant
1033 1968 1155 2012 poetar
1182 1963 1252 2006 ζεί-
1305 1964 1529 2011 κακόχυλος,
1554 1971 1593 1998 ut
1609 1962 1777 2008 Diphilus
1801 1965 1937 2008 scripsit
1966 1971 1999 1998 et
2019 1975 2072 1997 res
2097 1964 2263 1998 ostendit.

262 2026 381 2072 ὸωριις
407 2026 565 2070 ἰὶρουρα.
616 2021 662 2057 Et
680 2022 818 2066 copiose
843 2020 936 2053 nasci
955 2019 1120 2063 speltam,
1148 2028 1252 2061 quam
1407 2015 1565 2051 Recitavi
1585 2015 1803 2048 differentias
1817 2027 1834 2047 a
1852 2015 2002 2059 puritate
2017 2022 2184 2058 sumptas.
2218 2014 2296 2048 Ali-

263 2091 355 2112 zeam
372 2087 536 2109 vocamus
554 2075 588 2107 in
610 2073 729 2106 multis
749 2071 896 2106 Sueviae
920 2070 1005 2102 locis
1030 2068 1251 2101 manifestum
1307 2069 1367 2113 qni
1406 2073 1593 2112 putarunt,
1630 2063 1692 2099 has
1724 2066 1940 2099 differentias
1967 2065 2189 2100 diversorum
2224 2077 2296 2099 esse

264 2137 330 2165 est,
358 2128 415 2160 ubi
435 2134 466 2159 et
484 2137 590 2170 panes
608 2137 647 2157 ex
664 2136 720 2156 zea
737 2122 817 2156 sacti
836 2121 1079 2154 anteferuntur
1101 2118 1200 2151 factis
1214 2129 1253 2150 ex
1307 2121 1583 2152 frumentorum:
1627 2117 1685 2149 sed
1720 2114 1803 2150 ltaec
1829 2116 2012 2160 explicatio
2040 2115 2167 2149 Caleni
2192 2123 2241 2150 est
2265 2123 2296 2150 et

264 2181 314 2224 ol)
327 2191 382 2217 ra,
410 2186 439 2211 ct
466 2183 545 2210 sunt
571 2175 752 2220 aliquanto
775 2172 1007 2206 candidiores.
1062 2170 1130 2203 Sed
1151 2167 1253 2201 Mne-
1311 2170 1516 2213 Aeginetae,
1551 2179 1655 2212 quam
1681 2175 1817 2201 secutus
1848 2179 1943 2204 sum.
1978 2174 2011 2200 et
2033 2174 2079 2200 est
2107 2167 2298 2212 perspicua.

265 2228 396 2263 sitineus
424 2235 521 2261 vetus
549 2227 698 2270 scriptor
723 2224 858 2269 iuquit,
892 2234 1012 2265 graves
1037 2228 1070 2254 et
1096 2219 1254 2252 difficiles
1308 2228 1338 2254 et
1356 2226 1553 2264 congruunt
1573 2218 1677 2251 verba
1693 2217 1805 2255 Celsi,
1833 2217 1891 2263 qui
1915 2218 2046 2263 inquit:
2074 2217 2232 2252 Firmius
2248 2225 2297 2251 est

265 2287 434 2314 ‹·‹›nc0ctu
451 2291 542 2317 esse,
570 2289 632 2310 nec
650 2277 724 2309 sine
749 2274 944 2307 offensione
963 2271 1175 2305 valetudinis
1191 2269 1253 2303 (liu
1308 2272 1475 2308 triticum,
1498 2281 1602 2315 quam
1619 2269 1783 2308 millium,
1810 2269 1844 2301 id
1864 2269 1976 2313 ipsum
1993 2279 2097 2312 quam
2113 2266 2298 2310 hordeum,

265 2332 352 2363 xvc-sci
384 2331 432 2363 eis
465 2341 564 2374 posse
598 2326 760 2361 homines
788 2338 858 2358 uon
887 2332 1050 2357 assuetos.
1087 2322 1186 2355 aiunt
1221 2327 1254 2353 ot
1308 2330 1338 2355 ct
1355 2335 1393 2356 ex
1413 2322 1530 2355 tritico
1547 2320 1744 2353 firmissima
1763 2319 1875 2362 siligo.
1892 2319 2021 2352 deinde
2035 2319 2174 2357 similia,
2195 2319 2298 2353 dein·

265 2383 381 2414 alvum
415 2393 476 2413 usu
509 2377 614 2412 liuius
645 2377 782 2421 generis
810 2373 986 2409 contrahi.
1048 2373 1117 2408 Ros
1150 2371 1252 2405 ctiam
1308 2375 1349 2405 dv
1368 2373 1421 2406 rui
1441 2370 1528 2405 nihil
1548 2372 1750 2414 ademptum
1769 2378 1827 2406 est.
1849 2371 1942 2415 quod
1961 2367 2295 2414 m’'r‹int'pot¹Grm¹-

264 2432 434 2468 ostendit,
464 2442 603 2463 succum
622 2442 660 2462 cx
685 2440 761 2461 zeae
779 2427 897 2471 granis
915 2427 1070 2463 lentum,
1097 2432 1252 2457 tenacem
1279 2428 1282 2464 l
1307 2425 1336 2457 ci
1363 2430 1502 2457 vocant:
1541 2421 1713 2454 infirmior
1735 2430 1782 2454 est
1808 2433 1846 2454 cx
1867 2421 2009 2465 polline,
2039 2420 2297 2454 infirmissimus

264 2493 296 2516 vt
326 2483 497 2516 xiscusum
528 2492 614 2513 esse:
658 2491 764 2525 quare
797 2478 990 2511 coctionem
1019 2474 1252 2508 difficiliorem
1280 2472 1281 2505 ἶ
1308 2475 1460 2507 cibarius
1477 2473 1586 2517 panis.

264 2546 334 2567 esso
353 2539 626 2567 consentancum
645 2538 705 2565 cst.
1279 2520 1282 2563 ἶ
1410 2524 1510 2558 Nunc
1534 2524 1659 2556 addam
1683 2523 1900 2557 differentias
1922 2535 1939 2555 a
1957 2524 2114 2557 coctione
2132 2530 2297 2567 sumptas,

365 2586 501 2627 Quarto
534 2582 608 2614 loco
644 2592 868 2614 numeramus
896 2592 934 2611 vx*
966 2577 1097 2611 hordeo
1135 2577 1253 2612 factos,
1279 2584 1281 2621 J
1308 2589 1395 2620 quae
1421 2587 1512 2608 minc
1529 2574 1671 2620 quidem
1697 2586 1766 2606 non
1794 2574 1862 2607 sint
1883 2573 2011 2607 variae.
2064 2571 2163 2606 Olim
2183 2573 2297 2607 maior

263 2649 349 2681 quos
362 2635 520 2669 Galenus
539 2632 653 2677 inquit
669 2632 785 2664 minus
802 2631 943 2673 gignor(-
957 2629 1061 2667 succi,
1089 2635 1120 2660 ct
1137 2627 1253 2659 minus
1279 2625 1282 2662 ἶ
1309 2627 1454 2661 varietas
1472 2626 1547 2659 fuit.
1603 2623 1673 2658 Atii
1691 2631 1771 2659 suut
1795 2624 1962 2665 furnarii,
1990 2635 2049 2657 scu
2073 2622 2294 2668 κλιβανίται,

264 2688 416 2724 nutrire,
451 2696 555 2730 qnam
589 2683 647 2715 illa
672 2694 813 2722 genera,
848 2693 935 2727 quac
966 2687 1064 2714 antea
1096 2677 1252 2711 recitavi:
1279 2668 1281 2685 ¹
1307 2678 1353 2711 sic
1372 2678 1477 2711 dicti.
1506 2688 1576 2709 non
1603 2682 1745 2720 propter
1770 2675 1933 2709 materiae
1951 2675 2209 2716 diversitatem,
2236 2677 2294 2710 sed
