2338 2958
93 111 167 148 293

94 209 133 232 ac
154 203 258 240 regat.
317 194 413 228 Haec
431 195 581 240 praefari
604 195 720 236 volui,
747 197 829 242 quia
852 196 889 229 in
914 192 970 228 his
995 206 1083 229 con-

96 247 269 292 gressibus
293 245 478 291 praecipue
502 248 601 280 decet
624 259 707 288 nos,
735 256 774 282 ut
797 250 840 281 de
863 246 1008 287 studiis,
1035 246 1081 279 ita

94 300 138 332 de
160 297 408 331 communibus
431 297 595 342 periculis
619 298 789 342 cogitare,
821 304 853 331 et
869 297 1081 341 coniungere

91 355 183 383 vota.
235 347 323 381 Nam
348 354 382 382 et
405 350 448 381 ad
473 346 536 382 hos
559 361 764 393 congressus
790 349 922 382 dictum
946 345 1080 382 Christi

90 399 258 444 pertinet,
295 412 374 432 cum
402 400 464 433 ait:
496 399 540 434 Se
573 400 842 440 interfuturum,
879 400 1080 444 ubicunque

91 451 181 491 duo,
223 457 283 483 aut
321 457 408 489 tres,
454 451 490 483 in
526 451 669 484 nomine
700 452 810 495 ipsius
838 451 1079 485 convenerint.

89 500 179 535 Cum
209 508 324 535 autem
357 499 422 535 hoc
455 502 531 535 loco
563 499 649 534 mihi
673 502 911 535 necessitatem
937 501 1078 534 dicendi

89 551 250 596 imponat
275 553 379 586 officii
404 553 512 592 ratio,
542 553 706 586 constitui
731 552 953 597 potissimum
977 553 1020 585 de
1040 564 1078 585 ea

88 610 162 637 arte
183 603 314 640 dicere,
340 616 444 648 quam
472 604 654 648 profiteor,
682 604 860 643 videlicet,
883 605 925 636 de
946 603 1078 636 doctri-

88 665 152 691 na,
181 667 270 699 quae
289 655 379 697 leges
397 662 555 687 motuum
574 655 776 688 coelestium
796 655 920 693 tradit,
953 661 984 687 et
1005 666 1077 687 ma—

88 705 310 748 gnitudines,
342 706 478 749 spacia,
512 705 717 745 intervalla,
751 712 859 738 metas
893 706 1076 748 regionum

87 763 272 790 monstrat.
327 754 403 790 Etsi
425 757 518 789 enim
543 756 613 789 scio
639 756 675 788 iu
695 754 758 789 hac
778 754 916 797 schola,
945 754 1005 789 has
1023 756 1072 789 di-

86 807 186 840 vinas
217 814 307 841 artes
338 820 410 840 non
438 807 651 850 vituperari,
684 814 802 840 tamen
833 807 914 852 quia
937 807 1076 850 segnius

84 858 260 898 coluntur,
287 871 388 903 quam
407 859 603 901 oportebat,
630 859 741 891 nostri
757 866 807 892 est
821 858 937 898 officii,
965 871 1076 903 quau-

84 915 159 942 tum
183 921 367 952 possumus
392 909 655 942 adulescentum
678 910 792 943 studia
818 910 915 943 omni
940 910 1076 943 ratione

84 961 292 1000 accendere,
325 967 429 1005 atque
460 960 628 1002 excitare,
663 972 770 1006 eaque
804 961 840 993 in
864 972 900 993 re
925 961 1075 1005 optarim
1101 973 1103 978 ⁴

85 1022 150 1043 ηοξ
174 1023 190 1044 a
216 1013 437 1056 prmmpd’us
457 1012 636 1050 ‘'duum''
665 1020 754 1046 &cut
772 1024 807 1044 m
828 1012 985 1057 Aeg-‘¹¹¹⁰
1004 1010 1074 1046 Re'
1101 1037 1103 1057 3
1130 1038 1275 1079 studiis,
1305 1050 1383 1071 cum
1407 1038 1542 1072 coelum
1565 1039 1680 1082 ipsum
1697 1040 2035 1084 contemplabimur,
2063 1054 2122 1075 ve-

85 1073 168 1105 gum
195 1062 384 1096 liberalitas
408 1063 572 1096 invitavit
598 1063 738 1105 ingenia
763 1064 805 1096 ad
831 1060 892 1095 has
910 1070 1000 1096 artes
1017 1075 1075 1095 co-

83 1216 138 1248 ius
162 1215 342 1249 doetrinae
365 1222 544 1256 teneruit,
572 1216 880 1259 Ingeniosissimus
906 1215 1075 1259 Princeps

82 1265 305 1300 Friedericus
329 1268 503 1300 secundus
524 1268 608 1310 Imp.
628 1280 668 1300 ex
685 1266 845 1300 Arabum
866 1278 1075 1300 monumen-

84 1318 129 1352 tis
151 1330 226 1351 eam
252 1318 454 1351 transfundi
480 1318 516 1350 iu
533 1317 702 1351 Latinum
721 1330 936 1355 sermonem,
968 1325 1001 1351 ct
1019 1324 1073 1350 ut-

84 1381 222 1413 cunque
252 1369 441 1401 instaurari
471 1381 595 1411 magno
625 1375 768 1412 sumptu
803 1369 949 1402 curavit.
1023 1366 1074 1400 Ac

85 1419 194 1452 multa
220 1426 337 1453 extant
362 1419 582 1459 testimonia,
608 1432 697 1465 quae
723 1421 912 1453 ostendunt
932 1417 986 1451 liis
1002 1426 1074 1451 stu—

85 1470 152 1503 diis
178 1471 431 1503 vetustissimos
450 1469 561 1513 Reges
585 1470 721 1503 deditos
740 1471 865 1510 fuisse,
892 1477 931 1503 ut
947 1470 1074 1502 Atlan-

82 1529 172 1561 tem,
202 1519 397 1559 Orionem,
426 1518 631 1556 Chironem.
698 1520 780 1554 Ideo
808 1522 902 1553 enim
929 1520 1072 1553 nomina

81 1584 203 1606 eorum
231 1573 356 1609 stellis,
381 1578 476 1613 grata
496 1573 679 1616 posteritas
699 1572 878 1611 attribuit,
907 1578 942 1603 ut
964 1571 1073 1613 signi-

80 1624 198 1657 ficaret
221 1635 255 1655 se
272 1624 314 1656 ab
334 1623 403 1655 illis
422 1623 616 1656 doctrinam
634 1624 675 1655 de
695 1623 848 1656 motibus
865 1622 1073 1656 coelestibus

82 1683 115 1709 et
138 1674 221 1708 anni
247 1674 517 1717 descriptionem
538 1674 720 1717 accepisse.
773 1672 818 1707 Et
835 1672 964 1707 Caesar
980 1675 1022 1705 de
1038 1684 1072 1705 se

80 1725 195 1771 inquit
222 1726 311 1768 apud
337 1724 538 1759 Lucanum:
569 1725 689 1758 Media
712 1725 804 1758 inter
826 1725 955 1767 praelia
982 1735 1071 1756 sem·

80 1789 163 1821 per,
184 1777 365 1810 stellarum
387 1776 546 1821 coelique
567 1776 695 1820 plagis,
718 1776 923 1820 superisque
941 1776 1069 1807 vacavi.
1096 1796 1098 1812 s

80 1826 224 1861 Constat
258 1840 352 1860 uunc
383 1840 524 1872 quoque
558 1826 718 1871 Imperat.
751 1825 918 1860 Carolum
955 1825 1071 1868 Quin-

82 1886 177 1921 tum,
211 1887 243 1912 ct
272 1879 466 1921 intelligere
493 1878 689 1910 doctrinam
718 1878 900 1910 coelestem
927 1890 1014 1921 pene
1034 1884 1069 1909 ut

79 1930 268 1968 artificem,
302 1931 459 1974 adeoque
492 1941 628 1967 amare,
664 1935 701 1962 ut
727 1941 805 1961 cum
831 1928 898 1961 sibi
925 1928 1068 1973 aliquod

79 1981 306 2015 intervallum
331 1982 374 2013 ad
399 1980 550 2025 quietem
577 1979 701 2019 sumit,
729 1992 798 2012 uou
820 1979 913 2012 ludis
931 1986 990 2012 aut
1009 1992 1070 2012 xo—

78 2032 272 2075 luptatibus
292 2032 449 2064 animum
471 2031 618 2071 relaxet,
646 2031 705 2063 sed
726 2027 831 2063 huius
849 2029 1070 2063 dulcissimae

78 2083 260 2116 doctrinae
277 2082 587 2126 disputationibus.
629 2080 708 2115 Scio
727 2082 902 2114 sedentem
920 2081 956 2113 in
974 2078 1067 2114 ther—

577 107 740 146 DECL.
778 108 854 145 DE
888 106 1290 144 ASTRONOMIA
1325 108 1398 145 ET
1433 109 1650 148 GEOGR.

1101 1109 1103 1114 .
1130 1089 1202 1121 niat
1220 1089 1256 1122 in
1275 1097 1428 1122 mentem
1449 1087 1654 1123 Architecti.

84 1113 206 1146 lendas
222 1121 254 1147 et
271 1114 514 1152 illustrandas,
538 1120 570 1146 et
588 1125 707 1146 recens
725 1121 805 1147 ante
823 1121 995 1148 trecentos
1013 1126 1076 1146 au-
1101 1120 1103 1151 ξ
1440 1141 1448 1147 .
1700 1141 1707 1147 .
1819 1143 1824 1147 .
1891 1143 1897 1149 .
1946 1143 1952 1150 .

1101 1153 1103 1161 ·
1130 1141 1259 1174 frustra
1282 1137 1376 1174 hunc
1401 1141 1604 1174 mirandum
1630 1142 1791 1173 ordinem
1814 1149 2025 1185 lustitmsse,
2060 1157 2122 1178 nec

84 1176 149 1197 nos
165 1177 242 1198 cum
259 1164 378 1198 Latini
397 1162 576 1203 homines,
606 1177 649 1197 ne
667 1166 830 1198 umbram
849 1165 990 1210 quidem
1008 1161 1076 1197 liu-
1101 1191 1103 1194 .

78 2134 162 2174 inis,
183 2147 262 2166 cum
280 2134 375 2177 pedis
394 2133 567 2166 curationi
586 2144 706 2166 vacare
723 2144 799 2164 eum
818 2143 955 2164 necesse
971 2138 1069 2173 esset,
1093 2165 1095 2167 ,

78 2185 193 2217 ocium
220 2185 380 2217 fefellisse
398 2184 574 2217 interdum
593 2181 787 2226 horologiis
805 2183 988 2216 artificiose
1007 2184 1067 2216 de-

76 2235 279 2269 scribendis.
349 2235 429 2269 Scio
461 2234 770 2277 diligentissimum
801 2246 872 2267 esse
897 2233 932 2266 iu
960 2246 1067 2279 quae-

75 2287 184 2320 renda
209 2286 428 2329 longitudine
445 2293 478 2319 et
498 2285 684 2319 latitudine
703 2285 905 2327 regionum,
931 2285 966 2318 iu
984 2285 1065 2318 stel-

76 2338 120 2371 lis
152 2337 374 2369 cousereudis
406 2338 448 2369 ad
481 2337 664 2379 regionum
694 2336 799 2373 situs,
838 2342 872 2369 ut
899 2336 1065 2379 navigans

74 2388 163 2422 coeli
186 2388 347 2421 contuitu
372 2399 512 2420 cursum
537 2388 687 2430 dirigere
709 2387 830 2431 possit.
883 2387 980 2429 Quid
1000 2385 1064 2420 ho-

73 2439 207 2472 nestius
229 2446 279 2472 est
304 2450 430 2481 magno
456 2438 634 2482 principe,
660 2450 764 2484 quarn
790 2438 961 2471 defessum
986 2439 1064 2472 aui-

73 2502 169 2524 mum
190 2491 250 2523 tali
270 2490 448 2533 voluptate
468 2502 631 2522 recreare.

177 2540 319 2574 [tinam
352 2553 434 2573 vcro
459 2537 526 2573 hoc
553 2537 838 2573 honestissimum
867 2541 1061 2583 exemplum
1088 2556 1090 2576 ῑ
1119 2542 1223 2585 igitur
1245 2541 1414 2576 Canicula
1445 2548 1559 2575 aestus
1589 2550 1702 2586 auget.

1084 2666 1089 2734 Ι

73 2591 197 2625 caeteri
223 2592 463 2631 imitarentur,
495 2598 527 2624 et
555 2591 703 2633 ingeniis
721 2591 871 2634 praemia
889 2603 1062 2635 propone-

71 2650 169 2682 rent,
191 2644 283 2687 quod
308 2643 336 2675 si
357 2643 471 2681 fieret,
501 2641 699 2676 conservari
719 2639 783 2675 hae
800 2649 907 2676 artes.
938 2650 970 2676 et
987 2655 1061 2676 ma-

72 2694 122 2737 gis
152 2694 319 2727 illustrari
354 2701 503 2738 possent.
565 2694 631 2727 Sed
659 2704 759 2737 saepe
785 2690 874 2726 mihi
902 2693 997 2727 veuit
1023 2694 1060 2728 in

2057 118 2131 152 294

1136 202 1310 236 mentem,
1337 208 1407 229 una
1426 209 1505 231 cum
1524 198 1621 231 coelo
1640 209 1696 231 eas
1712 210 1889 233 senescere
1905 206 1938 234 et
1956 203 2125 244 paulatim

1136 246 1308 290 extingui,
1333 254 1366 281 et
1383 259 1503 281 earum
1522 249 1668 283 interitu
1686 250 1848 294 portendi
1868 251 1973 285 finem
1991 255 2126 288 mundi.

1137 295 1275 331 Interea
1296 303 1414 331 tamen
1437 309 1623 342 generosae
1647 308 1798 342 mentes,
1823 302 1921 336 coelo
1939 310 2057 345 ortae,
2081 306 2124 339 de

1135 348 1247 392 patria
1284 348 1454 392 cogitent,
1497 347 1587 384 hanc
1620 351 1796 385 interdum
1830 355 2124 399 contemplentur,

1135 407 1167 432 et
1197 406 1352 433 statuant
1383 412 1456 433 non
1489 401 1618 434 frustra
1653 399 1718 436 hoc
1743 401 2018 447 pulcherrimum
2045 418 2123 450 spe-

1133 450 1308 484 ctaculum
1331 450 1533 485 coelestium
1559 463 1746 496 corporum
1774 461 1808 487 et
1826 463 1986 489 motuum
2006 454 2125 490 homi-

1134 501 1240 534 nibus
1271 502 1490 546 propositum
1518 513 1607 543 esse,
1647 510 1680 537 et
1705 500 1830 537 harum
1857 507 2122 542 admirabilium

1133 564 1251 586 rerum
1282 552 1445 586 ordinem
1476 553 1679 599 inquirant,
1715 556 1809 599 quod
1844 569 1923 590 cum
1956 571 2018 602 per
2051 571 2123 593 sese

1132 600 1288 637 hominis
1311 611 1458 637 naturae
1485 605 1634 638 maxime
1652 606 1833 649 congruit,
1857 614 1930 640 tum
1949 622 2031 643 vero
2051 610 2124 643 uti-

1132 654 1246 688 litates
1273 655 1317 688 ad
1345 655 1452 689 vitam
1477 668 1622 699 magnas
1647 656 1780 697 adfert,
1814 670 1962 702 quarum
1988 661 2124 706 aliquas

1131 706 1303 747 breviter,
1345 713 1384 740 ut
1416 707 1483 740 fert
1514 707 1604 740 ratio
1638 707 1824 751 temporis,
1861 721 2051 753 exponam,
2085 725 2123 745 ac

1132 764 1267 790 tantum
1300 758 1342 790 de
1372 766 1531 791 motuum
1564 758 1722 791 doctrina
1757 766 1788 792 et
1814 760 1997 802 regionum
2023 763 2123 796 metis

1132 808 1266 847 dicam,
1301 808 1429 842 omissa
1462 808 1670 842 divinatrice
1698 817 1812 853 parte,
1845 823 1888 844 ne
1914 813 2007 856 quod
2036 811 2124 846 mihi

1131 866 1307 892 certamen
1326 872 1511 894 accersam.

1233 935 1281 970 Ut
1305 943 1420 970 autem
1444 936 1480 969 in
1503 937 1668 969 omnibus
1688 937 1792 971 rebus
1810 949 1827 970 a
1846 936 1921 971 Deo
1939 940 2049 973 ordiri
2070 953 2123 973 re-

1131 987 1324 1020 ctissimum
1351 993 1418 1028 est,
1454 988 1498 1020 ita
1526 987 1562 1020 in
1586 985 1650 1020 hac
1675 989 1774 1033 quasi
1800 989 2056 1024 deliberatione
2081 993 2122 1024 de.

1708 1090 1812 1123 IIunc
1828 1092 2030 1134 cogitemus,
2060 1105 2122 1127 nec

1131 1192 1257 1224 frustra
1288 1192 1406 1234 generi
1435 1189 1591 1225 humano
1615 1192 1781 1225 noticiam
1808 1190 1935 1227 horum
1961 1203 2120 1229 motuum

1130 1243 1324 1275 tradidisse.
1378 1242 1474 1276 Haec
1497 1244 1525 1275 si
1551 1243 1629 1288 quis
1649 1255 1722 1276 non
1741 1245 1887 1286 cogitat,
1914 1253 2084 1290 quantum
2105 1260 2122 1280 a

1129 1293 1282 1339 Cyclope
1304 1293 1364 1326 illo
1390 1292 1515 1334 distat,
1543 1294 1604 1339 qui
1630 1294 1667 1326 in
1693 1301 1796 1328 antro
1819 1296 1969 1337 degens,
1997 1310 2059 1331 nec
2086 1298 2120 1330 iu

1129 1345 1265 1377 coelum
1291 1345 1434 1388 aspicit,
1460 1357 1523 1377 nec
1543 1357 1674 1378 numen
1691 1346 1805 1377 ullum
1824 1353 2005 1380 aeternum
2023 1361 2122 1382 vere-

1130 1395 1210 1427 tur'?
1262 1394 1299 1428 Si
1324 1396 1402 1440 quis
1422 1402 1536 1428 autem
1557 1403 1595 1429 ut
1611 1393 1765 1429 hominis
1783 1403 1927 1430 naturae.
1946 1401 2122 1439 convenit,

1130 1444 1192 1477 Dei
1217 1457 1363 1478 munera
1388 1446 1605 1489 magnifacit,
1632 1447 1661 1479 is
1679 1454 1807 1481 statuet
1826 1460 2032 1492 magnarum
2051 1451 2121 1484 uti-

1130 1496 1267 1529 litatum
1291 1508 1390 1529 causa
1416 1494 1478 1529 has
1495 1504 1652 1530 motuum
1672 1498 1763 1540 leges
1782 1499 1958 1533 institutas
1971 1528 1979 1540 ,
2007 1508 2040 1535 et
2057 1503 2121 1535 do-

1128 1547 1277 1579 ctrinam
1297 1547 1461 1580 traditam
1480 1559 1563 1581 esse.
1621 1547 1760 1581 Utilitas
1776 1556 1935 1583 motuum
1955 1553 2121 1586 omuibus

1128 1598 1238 1642 posita
1263 1604 1312 1630 est
1337 1599 1382 1630 ob
1406 1598 1536 1632 oculos.
1591 1599 1686 1641 Quid
1713 1601 1755 1632 ad
1780 1601 2014 1635 animantium
2035 1616 2119 1637 con-

1127 1648 1361 1682 servationem
1379 1649 1510 1692 gratius
1527 1655 1577 1683 est
1595 1650 1731 1683 vicibus
1748 1651 1884 1684 dierum
1902 1659 1932 1685 et
1951 1654 2119 1693 noctium,

1127 1699 1211 1745 quid
1228 1700 1271 1733 ad
1290 1707 1403 1733 terrae
1420 1701 1712 1741 foecunditatem,
1739 1703 1781 1734 ad
1802 1702 1916 1746 fruges
1934 1716 2116 1747 procrean-

1127 1752 1198 1792 das,
1213 1758 1244 1784 et
1260 1751 1384 1784 alenda
1401 1751 1593 1784 animantia
1609 1752 1744 1792 utilius,
1763 1765 1866 1798 quam
1884 1755 1986 1793 veris,
2007 1763 2116 1789 aesta-

1128 1802 1187 1844 tis,
1216 1802 1377 1835 autumni
1398 1809 1429 1835 et
1447 1800 1583 1848 hyemis
1601 1803 1787 1836 dissimiles
1806 1811 2026 1847 tempestates
2038 1808 2053 1838 ¹?
2082 1808 2116 1840 iu

1125 1853 1254 1897 quibus
1277 1853 1459 1896 diligentia
1485 1854 1625 1886 artificis
1644 1860 1738 1888 tanta
1755 1854 1840 1892 fuit,
1868 1869 1939 1889 non
1958 1859 2062 1890 modo
2079 1867 2117 1891 ut

1125 1904 1238 1948 spacia
1256 1911 1454 1948 temporum
1472 1904 1565 1937 Solis
1583 1911 1616 1938 et
1632 1904 1753 1939 Lunae
1770 1906 1924 1940 motibus
1942 1908 2116 1942 metienda

1125 1955 1358 2000 proposuerit,
1386 1956 1442 1988 sed
1463 1955 1554 1988 vires
1569 1956 1672 1988 etiam
1690 1956 1839 1997 addidit,
1868 1965 1906 1991 ut
1923 1966 2012 1992 terra
2029 1960 2115 1993 alias

1124 2006 1297 2039 foecundo
1323 2007 1438 2039 calore
1466 2007 1661 2051 tepefieret,
1694 2008 1779 2040 alias
1807 2009 1996 2052 rigaretur,
2029 2011 2114 2043 alias

1123 2064 1310 2097 aresceret,
1338 2057 1424 2090 alias
1444 2058 1582 2090 astricta
1606 2058 1684 2101 gelu
1708 2059 1909 2103 quiesceret,
1965 2060 2058 2094 llaec
2076 2069 2112 2095 ut

1123 2114 1196 2141 arte
1221 2108 1308 2141 sacta
1333 2120 1405 2141 esse
1429 2108 1720 2151 intelligeremus,
1757 2117 1931 2144 certorum
1958 2113 2112 2145 siderum

1123 2157 1233 2192 Ortus
1257 2166 1289 2193 et
1312 2156 1484 2198 Occasus,
1517 2159 1665 2202 singulis
1690 2161 1773 2193 anui
1803 2161 1961 2204 partibus
1985 2176 2113 2197 couve-

1122 2210 1276 2248 nientes,
1305 2210 1379 2244 Soli
1398 2210 1594 2245 audiunxit.
1655 2209 1738 2244 Post
1757 2220 1945 2245 sementem
1966 2227 2109 2247 vernam

1120 2261 1286 2294 occidunt
1302 2259 1460 2306 Hyades,
1489 2262 1581 2307 quod
1601 2260 1740 2295 Plinius
1765 2263 1897 2308 inquit,
1925 2265 2022 2297 sidus
2040 2278 2110 2298 csse

1120 2309 1308 2344 vehemens
1331 2319 1363 2345 et
1388 2319 1477 2345 terra
1504 2312 1663 2357 marique
1684 2314 1875 2347 turbidum.
1934 2314 1969 2348 ld
1991 2317 2035 2348 ita
2055 2317 2108 2349 iu-

1119 2363 1279 2396 stitutum
1312 2369 1381 2404 est,
1421 2363 1501 2408 quia
1534 2370 1645 2396 terrae
1679 2376 1718 2397 eo
1751 2371 1906 2410 tempore
1938 2367 2109 2410 rigatione

1118 2425 1205 2458 opus
1223 2421 1282 2447 est.

1222 2489 1262 2523 In
1278 2502 1387 2524 messe
1402 2502 1490 2535 opus
1505 2497 1556 2524 est
1568 2491 1667 2525 siccis
1685 2494 1960 2536 tempestatibus.
2003 2495 2103 2528 Tum

1769 2544 1828 2577 Sic
1852 2545 1997 2589 reliquis
2019 2546 2103 2578 anui

1118 2593 1273 2637 partibus
1291 2592 1508 2626 conveniunt
1524 2594 1609 2627 certi
1631 2601 1727 2627 ortus
1746 2603 1804 2628 aut
1822 2608 1972 2630 occasus.
2026 2595 2103 2629 Ilac

1115 2645 1280 2678 utilitates
1304 2651 1408 2678 notae
1432 2651 1532 2685 sunt,
1559 2657 1648 2690 quae
1673 2653 1711 2679 ut
1734 2643 1934 2689 Xenophon
1959 2647 2025 2685 ait,
2052 2653 2103 2679 te-

1113 2702 1251 2730 stantur
1274 2692 1536 2734 Architectum,
1573 2709 1650 2729 cum
1682 2704 1751 2730 tam
1781 2697 1935 2730 studiose
1966 2705 2103 2731 nostrae

1421 2745 1502 2780 19*
