2338 2958
202 142 277 180 535

205 242 280 271 sus,
314 242 419 275 quam
447 227 553 263 bodie
579 233 707 261 vocant
739 225 928 270 Algebram
958 225 1098 259 arabico
1125 236 1192 258 no-

206 281 311 316 mine.
364 280 479 314 Huius
502 278 665 324 equidem
689 278 772 312 artis
795 274 1054 322 pulcherrimae
1083 276 1222 310 multa

861 142 1022 179 DECL.
1073 140 1147 178 DE
1189 139 1566 178 ALFRAGANO.

1246 232 1316 259 tem
1339 235 1460 257 versus
1489 223 1629 257 mutari.

1220 276 1444 334 priscorum
1462 285 1661 314 resumens,
1687 281 1720 308 et
1736 275 2078 313 considerationibus
2093 280 2165 314 suis
2182 292 2242 315 ac-

2161 146 2241 184 ⁵36

1678 222 1816 258 Deinde
1841 224 2064 261 Ptolemaeus
2094 227 2240 264 inventa

204 333 396 375 fragmenta
415 330 542 374 passim
559 329 678 363 Latini
701 335 936 367 contrectant,
966 327 1195 372 paucissimos
1219 310 1223 365 i
1248 327 1493 367 commodan5‚
1519 332 1655 359 motum
1681 323 1920 359 huiusmodi
1910 340 1947 361 m
1973 337 2114 364 centum
2136 331 2242 365 annis

206 391 321 417 autem
349 382 483 424 egregie
507 379 638 414 Doctos
668 380 811 414 offendo
839 386 958 413 nostra
991 384 1195 422 tempestate

206 441 283 478 post
319 431 486 465 loannem
520 434 563 464 de
590 429 818 472 Blanchinis,
858 431 973 463 virum
1007 430 1193 474 optimum.

206 483 366 517 Habetur
383 484 525 516 demum
542 483 633 527 apud
650 490 788 516 nostros
806 481 1102 527 quadripartitum
1128 492 1195 513 nu-

205 546 396 574 merorum,
421 545 510 578 opus
526 533 663 577 insigne
681 534 884 570 admodum,
912 533 995 565 item
1013 529 1197 575 Algorith-

206 597 284 618 mus
307 585 584 625 demonstratus,
612 592 644 618 et
669 583 900 617 Arithmetica
919 581 1056 621 Βοὲἑιίἰ,
1084 582 1196 615 intro-

206 636 325 670 ductio
355 648 395 669 ex
419 634 555 669 Graeco
581 632 795 670 Nicomacho
825 640 973 679 sumpta.
1034 632 1196 666 Barlaam

205 693 382 730 postremo
419 685 576 720 Graecus
617 685 890 730 computativam
927 696 1025 718 suam
1067 685 1103 716 in
1139 695 1197 717 sex

205 737 307 772 libris
332 735 608 770 Theorematum
647 737 720 780 lege
751 736 1004 780 conscriptam,
1036 735 1196 768 nondum

206 791 250 822 ad
284 788 430 822 Latinos
461 787 654 821 transmisit
686 785 969 821 Mathematicus.
1027 785 1198 820 Stetimus

206 837 276 874 buc
290 851 402 884 usque
424 839 514 872 circa
529 839 733 883 disciplinas
756 838 956 882 primarias,
992 848 1081 882 quae
1099 837 1199 869 vide—

205 891 287 924 licet
302 890 498 923 absolutam
514 890 799 934 contemplantur
813 888 1057 935 quantitatem.
1094 887 1198 920 Nunc

205 942 248 975 ad
274 940 498 974 secundarias
524 942 713 980 descendo,
741 953 828 986 quae
851 941 942 973 circa
966 938 1198 984 quantitatem

205 999 383 1027 contracto
403 992 554 1037 quodam
573 993 679 1025 modo
696 998 901 1032 versantur,
929 1002 1051 1024 suaves
1069 990 1199 1022 mirum

205 1045 243 1077 in
269 1044 415 1076 modum
444 1049 478 1076 et
500 1043 588 1076 scitu
611 1043 894 1077 iucundissimae.
958 1041 1199 1084 Quemadmo-

206 1096 291 1128 dum
315 1093 408 1126 enim
434 1094 651 1127 diversarum
675 1106 792 1127 rerum
817 1092 1030 1137 simplicium
1057 1103 1200 1135 compa-

206 1146 286 1189 gine
312 1150 408 1188 grata
432 1145 603 1189 quaedam
631 1145 742 1188 surgit
764 1143 965 1188 temperies:
1002 1143 1048 1176 ita
1072 1154 1199 1175 unam-

205 1207 371 1242 quanque
388 1192 513 1228 harum
533 1196 728 1239 promiscua
743 1195 870 1229 obiecti
887 1194 941 1228 sui
963 1193 1199 1226 consideratio

206 1246 401 1281 intellectui
428 1246 759 1279 desideratissimam
795 1245 917 1286 efficit,
952 1244 1072 1289 quales
1100 1250 1198 1276 sunt:

206 1296 454 1337 Astronomia,
489 1308 578 1342 quae
608 1295 890 1340 magnitudinem
923 1295 1092 1328 mobilem
1119 1306 1200 1338 per-

205 1355 347 1389 tractat,
382 1347 538 1388 Musica,
566 1359 655 1393 quae
678 1358 845 1381 numeros
872 1357 1019 1379 sonoros
1042 1352 1200 1379 contem-

205 1401 339 1447 platur;
375 1398 617 1443 perspectiva,
654 1411 742 1443 quae
769 1398 898 1431 lineam
922 1397 1089 1430 radialem
1114 1408 1200 1429 con-

206 1457 340 1486 trectat.
395 1448 577 1483 Accedunt
602 1449 748 1493 insuper
779 1449 867 1482 aliae
893 1448 1011 1481 miuus
1043 1447 1199 1486 usitatae,

204 1509 245 1537 nt
259 1508 310 1536 est
332 1501 476 1535 scientia
498 1501 541 1533 de
567 1501 801 1543 ponderibus,
829 1500 871 1532 de
893 1511 1003 1543 aquae
1025 1497 1200 1537 ductibus,

206 1555 250 1587 de
274 1552 505 1597 proportione
528 1551 754 1585 velocitatum
775 1551 811 1583 in
834 1550 1011 1587 motibus.
1039 1556 1071 1582 et
1089 1555 1199 1581 caete-

206 1616 278 1639 rae.
333 1603 431 1637 Inter
453 1614 574 1635 omnes
599 1609 713 1636 autem
732 1599 833 1634 hasce
851 1601 1056 1644 disciplinas
1074 1597 1199 1632 Astro—

207 1655 328 1689 nomia
354 1655 465 1687 instar
483 1652 694 1696 Margaritae
717 1664 788 1685 non
816 1652 922 1684 modo
947 1662 1084 1683 sorores
1108 1661 1199 1693 suas,

206 1706 360 1751 reliquas
391 1705 534 1749 inquam
566 1704 727 1736 scientias
759 1703 911 1739 medias,
945 1714 1065 1734 verum
1095 1700 1198 1732 etiam

207 1757 366 1792 omnium
408 1755 676 1798 disciplinarum
720 1761 847 1787 matres
884 1752 1123 1786 Geometriam
1167 1757 1199 1783 et

208 1805 476 1843 Arithmeticam
504 1806 606 1848 louge
628 1805 825 1843 antecellit,
853 1804 951 1836 cuius
976 1809 1092 1835 ortum
1117 1814 1199 1845 prae

208 1865 377 1892 vetustate
405 1857 515 1889 nimia
546 1854 640 1889 haud
673 1856 755 1889 satis
788 1854 1044 1898 comperimus,
1083 1854 1128 1885 ita
1161 1859 1200 1885 ut

207 1917 383 1944 aeternam
404 1915 464 1941 aut
478 1909 612 1940 mundo
631 1913 826 1941 concretam
853 1918 923 1939 nou
952 1905 1071 1950 inique
1097 1911 1198 1948 puta-

207 1961 310 1994 veris.
356 1956 537 1992 Abraham
554 1959 647 1991 enim
663 1957 907 1990 Hebraeorum
926 1963 1057 2000 patrem
1077 1955 1200 1988 Astro-

208 2011 363 2045 nomiam
382 2010 536 2043 tenuisse
551 2010 714 2050 clamant,
740 2015 842 2053 atque
860 2007 998 2040 Mosen.
1054 2006 1200 2039 Prome-

208 2061 289 2097 theo
307 2061 396 2105 ignis
413 2061 526 2093 divini
544 2061 676 2093 furtum
696 2059 887 2103 imputant,
915 2058 1008 2101 quod
1027 2055 1200 2090 Astrouo-

209 2114 299 2146 miae
317 2113 436 2145 lumen
453 2111 661 2144 mortalibus
679 2109 874 2144 tradiderit.
927 2108 1116 2141 llerculem
1137 2119 1200 2151 pro

210 2162 354 2198 Atlante
384 2162 519 2195 coelum
550 2159 707 2195 humeris
736 2161 807 2193 suis
841 2159 1048 2192 sustinuisse
1083 2159 1200 2191 aiunt:

211 2215 282 2248 sive
300 2214 393 2259 quod
412 2213 476 2245 sub
489 2211 630 2246 Atlante·
643 2211 906 2246 Astrouomiam
925 2210 1106 2249 didicerit,
1129 2209 1202 2242 sive

212 2266 304 2310 quod
326 2265 360 2297 in
386 2276 493 2307 regno
510 2264 584 2296 eius
603 2263 756 2296 absentis
773 2263 965 2306 praefectus
993 2260 1199 2306 aliquandiu

212 2317 313 2349 fuerit
342 2313 586 2358 Hipparchus,
614 2321 729 2348 tamen
750 2311 934 2355 Rhodius,
971 2311 1076 2345 liuius
1097 2312 1201 2345 disci-
1226 2344 1229 2351 ,

213 2367 328 2411 plinae
346 2367 478 2409 primus
493 2378 634 2410 parens:
663 2365 833 2399 Claudius
850 2371 964 2397 autem
983 2363 1202 2396 Ptolemaeus

213 2418 472 2450 Alexandrinus
498 2425 618 2455 autor,
652 2424 756 2461 atque
786 2416 947 2459 princeps
975 2427 1045 2447 non
1073 2413 1200 2447 iniuria

214 2468 484 2513 praediraliitur.
538 2467 625 2501 Nam
651 2475 730 2501 ante
748 2463 991 2509 Hipparchum
1017 2465 1115 2509 pauci
1140 2466 1201 2497 ad—

214 2520 358 2551 modum
375 2526 546 2551 astrorum
562 2526 677 2551 motus
694 2519 852 2562 expedite
865 2517 1089 2560 contemplati
1104 2522 1200 2549 sunt:

215 2582 318 2602 nemo
337 2576 450 2602 autem
472 2582 612 2611 prorsus
629 2571 743 2602 stellas
763 2570 845 2601 fixas
862 2568 929 2600 alio
949 2581 1053 2612 quam
1071 2567 1201 2600 diurno

215 2627 312 2653 motu
335 2620 549 2653 circumferri
584 2628 782 2663 putaverat,
813 2620 867 2652 rui
901 2620 948 2651 rei
978 2615 1201 2663 Hipparchus

215 2672 334 2703 oculos
351 2671 473 2703 adiecit
496 2671 704 2706 crebriores,
730 2671 970 2715 conclusitque
994 2676 1201 2702 memoratas

215 2723 329 2756 stellas
353 2730 451 2756 motu
469 2723 619 2766 quodam
639 2723 779 2765 proprio
804 2734 840 2755 ac
865 2722 1064 2755 tardissimo
1083 2721 1200 2753 orien-
1225 2717 1227 2750 j

1249 389 1311 422 per
1333 389 1445 410 unum
1476 377 1623 420 gradum
1647 376 1915 420 pronunciavit,
1941 383 2241 424 quemadmodum

1249 429 1287 460 in
1312 427 1458 472 septima
1475 427 1629 461 dictione
1650 439 1699 462 ca.
1717 429 1752 463 3.
1778 427 1910 461 intueri
1933 429 2024 466 licet.
2076 432 2242 468 Succedit

1250 477 1377 512 Theon
1392 477 1667 517 Alexandrinus,
1693 486 1948 513 commentator
1963 479 2154 518 Ptolemaei
2169 485 2241 518 cla-

1250 530 1428 570 tissimus,
1471 529 1570 563 cuius
1601 526 1717 562 adhuc
1743 529 1870 574 scripta
1903 542 2006 565 nemo
2033 533 2134 567 docte
2158 535 2242 569 satis

1251 581 1445 615 traduxisse
1469 580 1635 614 creditur.
1689 579 1825 614 Multos
1848 581 2001 628 denique
2030 580 2136 618 buius
2158 586 2243 620 artis

1251 643 1391 675 graecos
1409 630 1629 665 Professores
1649 631 1790 665 silentio
1815 635 2088 675 praetereundos
2109 645 2245 677 censeo,

1252 695 1296 716 ne
1312 682 1454 716 fastidio
1474 683 1688 716 afficiamini.
1723 679 1857 716 Arabes
1875 690 2052 727 praeterea
2071 692 2243 730 quantum

1252 734 1289 766 in
1310 731 1378 767 hoc
1400 745 1525 776 genere
1546 733 1673 767 artium
1696 733 1892 774 valuerint,
1929 741 2031 769 testes
2051 737 2245 772 ostendunt

1252 784 1450 827 dignissimi
1466 783 1713 828 Albateguius‚
1740 796 1845 829 quem
1871 785 2020 820 latinum
2045 787 2126 821 fecit
2142 786 2245 822 Plato

1252 836 1396 881 quidam
1426 835 1651 870 Tiburtinus.
1697 834 1802 877 ‚item
1831 834 1952 870 Gebar
1981 836 2202 882 Hispalensis
2224 850 2245 872 a

1253 886 1414 920 Gerardo
1449 886 1603 931 quodam
1635 885 1866 919 Cremonensi
1904 888 2106 930 traductus,
2139 900 2246 934 quem

1253 938 1421 971 Albertus
1439 936 1592 980 Magnus
1611 937 1647 969 in
1663 937 1804 980 speculo
1820 939 2056 973 astronomiae
2071 946 2247 974 correcto-

1253 1000 1325 1021 rem
1339 987 1531 1022 Ptolemaei
1549 999 1672 1020 vocare
1689 999 1762 1020 non
1778 988 1956 1028 formidat,
1976 991 2070 1035 qnod
2088 991 2125 1024 in
2143 1002 2244 1035 prae—

1252 1039 1384 1072 fatione
1412 1050 1473 1072 sua
1496 1039 1662 1072 tredecim
1686 1037 1876 1072 Ptolemaei
1901 1052 2036 1074 errores
2061 1043 2247 1076 emendare

1253 1090 1478 1135 polliceatur:
1519 1089 1619 1122 cuius
1663 1090 1830 1123 volumen
1870 1102 1996 1124 novem
2033 1097 2246 1126 tractatuum

1253 1153 1357 1187 quam
1383 1138 1570 1185 pulchrum
1597 1147 1701 1185 atque
1726 1141 1812 1174 utile
1837 1141 1978 1180 existat,
2005 1142 2148 1177 dicendi
2172 1153 2247 1177 non

1254 1199 1305 1225 est
1322 1203 1417 1224 nunc
1434 1192 1539 1224 locus.
1577 1191 1770 1234 Alfragano
1788 1191 1952 1236 deinceps
1967 1194 2100 1227 nudam
2117 1193 2246 1228 Astro-

1253 1242 1394 1275 nomiae
1426 1242 1594 1275 scribenti
1627 1239 1811 1275 historiam
1842 1242 2002 1286 ingentes
2037 1242 2247 1278 habebimus

1253 1293 1398 1337 gratias,
1425 1293 1453 1325 si
1470 1293 1667 1325 doctrinam
1686 1292 1761 1325 eius
1785 1294 2008 1328 senserimus.
2061 1295 2169 1329 lndos
2184 1296 2246 1329 de-

1253 1356 1350 1377 mum
1376 1350 1481 1389 atque
1505 1342 1627 1376 Persas
1653 1341 1735 1377 huic
1759 1343 1882 1377 divino
1905 1345 2024 1378 studio
2050 1346 2246 1389 plurimum

1254 1395 1456 1428 incubuisse
1480 1401 1635 1434 constat,
1662 1406 1743 1426 nam
1767 1394 1819 1427 illi
1844 1395 1987 1439 quidem
2008 1395 2248 1437 vetustissimi,

1253 1445 1529 1479 declinationem
1545 1444 1638 1478 Solis
1654 1445 1841 1478 maximam
1857 1444 1907 1480 24
1931 1447 2104 1489 graduum
2121 1447 2248 1492 depre-

1254 1494 1473 1536 henderunt,
1515 1495 1571 1528 isti
1595 1506 1678 1527 vero
1703 1495 1841 1528 tabulas
1865 1507 1946 1529 suas
1968 1497 2118 1541 posteris
2142 1497 2247 1531 nobis

1255 1547 1486 1592 reliquerunt.
1541 1545 1597 1578 Ad
1617 1545 1763 1578 Latinos
1781 1553 1958 1590 postremo
1986 1548 2146 1587 venitur,
2182 1548 2245 1594 qui

1254 1609 1400 1630 munera
1427 1595 1532 1630 huius
1556 1596 1764 1640 disciplinae
1787 1597 1998 1631 creberrima
2029 1611 2048 1632 a
2079 1599 2246 1644 praefatis

1254 1648 1458 1681 nationibus
1491 1659 1683 1690 suscepere.
1736 1647 1825 1680 Nam
1850 1655 1889 1682 ut
1914 1649 2044 1682 multos
2072 1650 2247 1689 omittam,

1253 1699 1444 1732 patavinus
1470 1705 1582 1731 vester
1600 1698 1723 1731 Petrus
1748 1699 1791 1730 de
1814 1696 1941 1732 Abano
1962 1711 2245 1734 commemoran-

1254 1751 1319 1783 dus
1335 1756 1402 1789 est,
1429 1749 1528 1781 cuius
1549 1749 1729 1791 ingenium
1747 1748 1864 1782 Gallia
1887 1747 2115 1784 vehementer
2131 1752 2247 1785 admi-

1254 1808 1326 1834 rata
1345 1807 1406 1841 est,
1432 1812 1473 1832 eo
1490 1799 1584 1832 enim
1602 1799 1772 1833 concessit
1790 1797 2041 1845 Philosophiae
2059 1802 2246 1836 discendae

1254 1851 1375 1895 gratia.
1417 1850 1602 1883 Praetereo
1620 1862 1765 1883 acumen
1784 1851 1858 1884 eius
1875 1851 1911 1884 in
1929 1852 2122 1893 medicina,
2150 1854 2246 1899 quod

1254 1903 1354 1935 facile
1390 1914 1431 1935 ex
1468 1901 1695 1934 conciliatore
1729 1913 1792 1934 suo
1832 1902 2046 1943 dinoscitur,
2088 1903 2246 1948 linguam

1256 1953 1427 1986 Graecam
1443 1954 1542 1985 docte
1560 1952 1684 1992 tenuit,
1705 1953 1882 1996 egregium
1897 1954 2149 1997 disputatorem
2165 1967 2246 1989 enm

1255 2005 1379 2043 fuisse,
1405 2003 1597 2037 Lucidator
1615 2002 1863 2036 Astronomiae
1879 2005 1977 2038 testis
1995 2012 2062 2043 est,
2089 2005 2246 2049 singula-

1255 2068 1328 2088 rem
1351 2056 1395 2087 de
1416 2061 1515 2087 motu
1543 2061 1685 2087 octavae
1711 2051 1856 2098 spherae
1891 2055 2178 2097 imaginationem
2207 2057 2245 2089 in

1255 2106 1376 2139 libello
1402 2106 1555 2151 quodam
1581 2117 1644 2138 suo
1668 2105 1844 2148 expressit.
1898 2106 1994 2148 Quid
2021 2106 2142 2140 multis
2168 2119 2246 2140 rno-

1256 2157 1340 2190 ror'?
1383 2157 1558 2189 recentior
1592 2156 1722 2189 occurit
1759 2162 1983 2189 astronomus
2018 2156 2168 2191 loannes
2201 2159 2246 2192 de

1256 2207 1412 2247 Doridis,
1443 2207 1529 2240 civis
1549 2215 1660 2240 vester
1684 2207 1914 2239 clarissimus:
1944 2208 2004 2252 qui
2023 2216 2196 2253 quantum
2211 2215 2245 2244 et

1256 2272 1359 2305 quam
1385 2270 1466 2291 vere
1494 2258 1655 2290 divinum
1686 2255 1751 2289 hoc
1777 2258 1933 2290 sttnlium
1965 2258 2113 2293 coluerit
2140 2266 2247 2305 atque

1256 2317 1464 2343 consecutus
1487 2309 1550 2347 sit,
1578 2308 1748 2353 reliquiae
1773 2320 1855 2341 suae
1879 2309 2095 2343 immortales
2120 2311 2247 2344 docere

1257 2367 1434 2405 poterunt.
1489 2359 1658 2405 Numquid
1677 2372 1747 2392 uon
1774 2367 1969 2393 memoratu
1985 2360 2132 2403 dignum
2148 2361 2245 2395 arbi-

1257 2413 1404 2445 traberis
1428 2412 1613 2445 astrarium
1639 2411 1729 2448 eius,
1769 2413 1863 2455 qnod
1891 2422 1968 2444 arce
1991 2411 2148 2456 papiensi
2174 2412 2244 2445 dux

1259 2463 1452 2497 Mediolani
1477 2462 1675 2506 depositum
1704 2459 1809 2494 hodie
1833 2469 1943 2501 tenet,
1977 2462 2076 2496 cuius
2098 2462 2243 2495 videndi

1256 2515 1364 2559 gratia
1384 2513 1532 2547 Praelati
1550 2526 1587 2546 ac
1605 2512 1785 2556 Principes
1801 2513 1977 2546 innumeri
1995 2513 2036 2545 ad
2059 2525 2138 2546 curn
2158 2525 2244 2547 con-

1256 2578 1385 2599 cessere
1409 2566 1524 2598 locum
1551 2565 1648 2609 quasi
1671 2564 1882 2597 miraculum
1905 2563 2082 2608 quoddam
2110 2571 2244 2608 spocta-

1256 2618 1350 2651 turi?
1377 2617 1568 2662 etquidem
1594 2628 1664 2648 non
1686 2615 1831 2653 iniuria,
1859 2621 1951 2647 tanta
1977 2626 2102 2658 nempe
2122 2623 2154 2650 et
2173 2622 2242 2649 tam

1256 2669 1290 2701 in
1310 2668 1436 2703 usitata
1455 2665 1695 2701 huiuscemodi
1706 2665 1822 2710 operis
1838 2662 2064 2708 pulchritudo
2078 2673 2127 2700 est
2141 2673 2245 2712 atque

1255 2721 1408 2758 militas,
1434 2726 1472 2753 nt
1495 2731 1598 2752 nemo
1615 2728 1686 2750 non
1706 2716 1812 2761 possit
1830 2716 2009 2750 admirari.
2059 2715 2150 2751 Ecce
2165 2728 2243 2750 mo-
