2338 2958
115 103 190 139 309

114 201 187 223 non
211 194 368 233 possent,
397 188 470 233 ipse
492 187 530 221 in
554 188 626 222 acie
654 189 746 223 iuter
771 190 1018 233 antesignanos
1036 203 1102 235 pu-

593 102 753 139 DECL.
805 102 878 139 DE
912 102 1240 141 FRIDERICO
1274 103 1676 144 BARBAROSSA.

2074 118 2148 152 310

1127 188 1287 255 'bellum
1333 193 1588 233 potentissimas
1624 206 1777 241 quasque
1816 197 1936 232 Italiae.
1975 201 2140 238 civitates.

112 251 236 283 gnare,
263 239 299 271 in
316 239 640 283 oppugnationibus
667 240 802 284 primus
822 243 1007 274 ascendere
1025 254 1101 274 mu-
1126 269 1129 296 Ι
1157 238 1366 282 Queruntur
1389 243 1454 274 sibi
1487 244 1538 276 ius
1561 251 1782 290 quai-midam
1813 250 1992 284 civitatum
2019 255 2139 288 adem-

111 302 185 330 ros,
217 288 370 334 denique
402 290 690 334 praestantissimi
716 291 823 324 Ducis
855 298 887 325 et
918 291 1099 325 fortissimi
1125 298 1128 318 ὲ
1155 297 1253 333 ptum
1273 302 1353 324 esse.

827 341 946 386 {taque
963 354 1099 386 semper
1124 346 1127 365 Ι
1154 340 1220 372 liae
1239 341 1381 374 libertas
1398 343 1618 381 defendatur.

1123 401 1125 409 ¹
1151 397 1183 423 et
1207 391 1368 424 diuturni
1401 393 1483 426 belli
1514 394 1623 427 initia.

109 339 231 372 militis
246 351 351 384 opera
374 341 492 373 omnia
509 341 608 373 obire
625 341 770 376 solebat.

107 390 256 424 maxima
273 390 450 424 celeritate
466 391 621 434 ingentia
637 392 728 425 bella
745 393 903 425 confecit.
938 391 1096 426 Primum

107 440 240 473 bellum
264 453 342 473 cum
359 441 470 475 Danis
493 443 616 485 gessit,
646 442 745 476 cuins
764 442 875 485 gentis
900 443 984 475 olim
1007 455 1095 488 qno-

106 502 174 536 que
200 502 371 524 summam
397 492 641 526 fortitudinem
665 493 787 532 fnisse,
812 490 977 525 historiae
999 493 1096 526 Cim·
1120 519 1121 523 ,

105 541 250 574 brorum
277 549 466 583 testantur,
495 543 676 588 quiquam
702 543 942 576 formidabiles
962 544 1093 577 suerint
1118 568 1120 573 .

103 592 184 625 urbi
202 590 349 632 Romae,
377 594 512 638 quoties
530 594 781 627 trucidaverint
797 592 978 627 Romanos
996 606 1091 627 exer—

103 642 211 680 citus,
239 655 310 675 non
333 643 509 686 ignoratis,
562 643 677 676 Hodie
696 644 798 676 etiam
819 651 914 677 tanta
935 643 1090 677 Danicae

102 693 215 736 gentis
232 693 418 734 fortitudo,
444 701 562 727 tantus
581 706 662 726 usus
683 694 830 727 militiae
846 701 913 735 est,
939 701 978 728 ut
997 692 1086 728 nihil

101 744 328 787 degenerasse
359 756 377 777 a
406 743 559 777 Cimbris
592 744 662 776 illis
688 745 863 778 veteribus
891 746 1088 781 videantur.

102 791 677 838 OccupaveruutDaniLnbecam,
695 802 727 828 et
744 796 914 828 exereitus
933 803 1006 829 toto
1026 796 1086 829 illo

101 844 217 878 littore
237 842 408 878 habebant
425 845 652 880 firmissimos,
703 845 771 879 Sed
790 846 989 879 fridericus
1006 859 1084 879 cum

99 893 269 928 indicaret
283 896 507 928 utilissimum
528 908 612 935 esse,
640 896 792 940 primum
813 909 934 929 rursus
952 898 1085 941 eripere

98 942 258 978 hostibus
277 946 379 984 belli,
407 958 520 979 arcem
540 959 577 979 ac
602 955 773 990 receptam
791 946 965 980 Lubecam
990 948 1084 980 obsi-

96 994 203 1028 dione
232 995 358 1036 cinxit,
392 1008 535 1041 sperans
562 998 654 1038 sore,
688 1004 726 1030 ut
754 995 868 1031 bostes
900 998 1083 1031 liberaturi

96 1046 219 1079 urbem
240 1047 416 1090 periculo,
444 1048 626 1092 pugnandi
645 1048 781 1091 copiam
799 1049 965 1082 facerent.
1009 1048 1081 1082 Nec

94 1096 219 1130 fefellit
244 1098 468 1131 Fridericnm
500 1097 566 1131 hoc
598 1099 796 1134 consilium.
857 1098 978 1144 Itaque
1002 1112 1081 1132 cum

94 1147 228 1192 aliquot
253 1148 411 1191 praeliis,
437 1161 526 1193 quae
549 1149 680 1182 interea
701 1150 783 1182 dum
801 1150 925 1183 urbem
943 1150 1081 1184 obsidet

94 1198 275 1231 commissa
292 1206 410 1239 erant,
437 1200 597 1244 superior
613 1199 751 1240 fuisset,
778 1208 913 1244 recepta
930 1200 1080 1241 Lubeca,

93 1260 171 1281 cum
190 1249 300 1283 nollet
319 1250 490 1294 implicari
508 1251 677 1283 diuturno
692 1251 795 1290 bello,
822 1251 1023 1294 praesertim
1042 1252 1078 1284 in

93 1298 164 1331 illis
181 1299 283 1338 locis,
312 1308 344 1334 et
358 1307 495 1343 gentem
514 1301 740 1333 fortissimam
757 1302 821 1334 sibi
841 1302 1028 1334 conciliare
1046 1310 1079 1336 et

93 1349 284 1392 adiungere
299 1351 400 1383 certis
418 1351 681 1384 conditionibus
696 1351 836 1391 mallet,
862 1352 962 1384 facile
985 1352 1078 1385 obti-

93 1399 172 1433 nuit
187 1400 372 1434 autoritate
387 1412 458 1439 sua,
483 1408 521 1434 ut
538 1400 614 1436 Rex
628 1400 784 1434 Danicus
802 1403 843 1435 ad
860 1413 895 1435 se
912 1402 949 1434 in
966 1410 1077 1436 castra

92 1449 245 1490 veniret,
273 1451 315 1483 de
332 1463 413 1494 pace
428 1452 677 1486 collocuturus,
731 1450 784 1485 Ibi
804 1453 946 1495 exponit
963 1451 1093 1496 Impe-‘

92 1507 186 1533 rator
208 1512 244 1533 se
269 1501 400 1534 bellum
425 1502 632 1546 suscepisse,
661 1514 732 1534 non
751 1509 788 1536 ut
805 1503 919 1535 aliena
936 1510 1076 1546 appete-

92 1558 161 1592 ret,
190 1552 249 1584 sed
273 1558 310 1585 ut
334 1552 420 1585 fines
443 1564 524 1585 suos
543 1559 716 1586 tueretur:
743 1553 836 1585 idern
864 1553 892 1585 si
908 1552 1000 1586 Dani
1025 1553 1076 1585 fa-

91 1609 208 1635 cerent
226 1614 264 1635 ac
283 1613 345 1635 suo
364 1614 471 1645 regno
488 1603 642 1636 contenti
660 1609 793 1642 essent,
819 1614 855 1636 se
871 1615 943 1636 non
959 1603 1074 1636 solum

89 1664 208 1696 pacem
235 1665 312 1686 cum
334 1653 383 1686 eis
407 1654 579 1687 facturum
605 1665 693 1694 esse,
726 1655 786 1687 sed
809 1666 930 1687 eorum
953 1653 1074 1686 amici-

88 1703 172 1736 tiam
198 1704 301 1736 etiam
326 1711 501 1747 expetere,
529 1704 610 1749 quia
636 1704 766 1737 invitus
784 1705 915 1737 bellurn
939 1711 1074 1748 gereret

88 1765 166 1787 cum
183 1766 220 1787 ea
239 1755 394 1795 natione,
417 1767 521 1800 quam
540 1755 709 1788 iudicaret
724 1762 905 1798 cognatam
925 1754 1074 1788 Germa-

87 1804 197 1840 nicae.
233 1805 323 1839 Dani
342 1818 414 1838 non
433 1813 502 1838 tam
523 1805 620 1838 fracti
640 1806 756 1846 armis,
778 1806 855 1849 (etsi
879 1804 1074 1848 Imperator

87 1867 159 1887 non
177 1856 290 1888 solum
315 1857 499 1899 prudentia
522 1863 555 1888 et
571 1856 780 1889 fortitudine
800 1856 986 1898 singulari,
1012 1856 1071 1888 sed

87 1906 190 1939 etiam
228 1918 352 1948 magna
388 1907 574 1939 foelicitate
610 1907 742 1939 bellum
781 1907 868 1939 illud
903 1905 1070 1951 gesserat)

87 1968 191 2002 quam
225 1957 315 2000 capti
351 1957 485 1990 iusticia
522 1964 553 1990 et
589 1954 807 1989 humanitate
838 1956 1072 1999 Imperatoris,

86 2007 179 2051 pacis
198 2007 418 2041 conditiones
436 2007 622 2051 accipiunt.
679 2006 726 2040 lta
749 2007 878 2039 bellum
902 2008 1024 2051 ingens
1039 2015 1070 2040 et

88 2058 321 2102 periculosum
348 2071 420 2092 non
444 2059 559 2091 solnm
586 2057 709 2097 armis,
738 2058 795 2090 sed
821 2058 922 2090 etiam
950 2058 1071 2103 aequi-

87 2109 166 2143 tatis
183 2110 352 2153 opinione
377 2109 523 2142 confecit
543 2115 575 2142 et
593 2107 724 2151 Regem
749 2107 904 2141 vicinum
926 2109 991 2141 sibi
1010 2111 1070 2142 de-

87 2159 210 2193 vinxit.
262 2159 356 2193 Ilaec
375 2159 510 2202 Regum
534 2159 678 2192 societas
699 2165 801 2203 atque
820 2159 969 2192 amicitia
990 2159 1071 2192 diu-

87 2216 226 2241 turnam
242 2217 273 2243 et
291 2218 417 2243 certam
433 2222 551 2254 pacem
569 2210 639 2242 illis
658 2210 742 2242 locis
761 2210 904 2253 peperit.
946 2209 1068 2243 Postea

87 2260 260 2302 ingressus
280 2261 432 2300 ltaliam,
458 2260 592 2294 Romae
616 2261 660 2293 de
680 2272 775 2292 more
797 2267 982 2294 coronatus
1007 2267 1066 2294 est.

85 2310 125 2344 In
143 2323 183 2343 eo
204 2311 327 2343 itinere
347 2310 630 2344 Mediolanenses
656 2324 727 2343 non
749 2318 817 2344 tam
841 2311 947 2343 armis
963 2324 1067 2355 qnam

85 2361 272 2395 autoritate
287 2361 507 2405 compescuit,
533 2362 593 2406 qni
611 2361 799 2405 cupiditate
817 2362 1068 2395 dominationis

86 2412 218 2445 vicinas
253 2413 421 2457 quasdam
455 2412 610 2445 civitates
643 2412 772 2445 iniuste
804 2420 1068 2456 occupaverant.

86 2463 153 2496 Sed
174 2460 257 2496 haec
275 2463 399 2496 lenitas
418 2469 533 2506 postea
556 2463 688 2496 occasio
705 2463 769 2496 snit
797 2463 946 2504 ingentis
969 2463 1066 2495 belli:

88 2520 269 2558 postquam
290 2515 483 2557 Imperator
500 2513 533 2545 in
545 2512 771 2546 Germaniam
793 2514 906 2552 rediit,
930 2513 1068 2546 Medio-

87 2563 244 2597 lanenses
260 2563 484 2607 Imperatoris
501 2564 678 2596 lenit-ntem
701 2564 976 2608 interpretantur
997 2576 1067 2597 esse

86 2620 217 2647 metum
234 2622 293 2648 aut
311 2615 418 2648 animi
436 2614 633 2647 mollitiem.
686 2613 803 2656 Quare
829 2615 895 2646 iam
914 2616 1068 2658 despon-

86 2665 170 2697 dent
193 2665 258 2698 sibi
289 2666 474 2710 imperium
498 2665 784 2707 Longobardiae,
813 2665 1003 2699 sollicitant
1026 2667 1067 2698 ad

1410 291 1605 327 llortantur
1623 304 1657 329 ut
1678 300 1924 332 communibus
1942 303 2051 345 copiis
2070 304 2138 338 lta-

1672 346 1765 381 Ilaec
1789 350 1932 385 suerunt
1952 355 2135 396 asperrimi

1683 398 1771 431 Cum
1794 408 1907 433 antem
1935 401 2135 439 Fridericus

1151 440 1361 484 intelligeret
1389 442 1524 476 ltaliam
1553 453 1658 478 totam
1687 448 1720 479 in
1746 451 1850 483 armis
1874 463 1962 492 esse,
1996 465 2133 490 summa

1147 492 1322 526 celeritate
1338 494 1525 527 exercituin
1547 495 1581 528 in
1603 495 1734 529 [taliam
1754 501 1857 535 ducit.
1907 501 2063 538 llistoria
2080 514 2130 541 est

1147 541 1302 584 longior,
1329 556 1432 588 quam
1459 551 1496 578 ut
1524 541 1559 578 in
1586 547 1838 582 declamatione
1862 556 2032 588 recenseri
2058 564 2129 591 tota

1146 593 1264 635 possit.
1299 593 1365 627 Sed
1385 607 1564 638 excerpam
1584 599 1752 641 quaedam
1772 594 1875 637 facia,
1905 616 1992 646 quae
2012 613 2129 640 osten..

1143 644 1230 676 dunt
1248 650 1279 677 et
1300 652 1428 688 quanta
1444 646 1550 678 animi
1576 648 1817 690 magnitudine
1836 651 1937 685 fuerit
1960 655 2030 697 ipse
2048 657 2127 690 Fri-

1143 694 1294 737 dericus,
1311 701 1344 728 et
1355 703 1504 740 quantos
1523 704 1636 731 motus
1647 706 1776 743 quanta
1794 702 1966 736 celeritate
1983 718 2127 750 oppres—

1141 744 1236 778 serit.
1292 744 1369 779 Itali
1398 747 1586 781 exercitum
1620 749 1656 781 in
1682 750 1849 785 ulteriore
1879 754 1953 796 ripa
1978 755 2127 792 Abduae

1141 791 1333 836 habebant,
1368 795 1567 831 Germanus
1591 799 1627 831 in
1653 799 1827 835 citeriore.
1880 803 2040 851 Cumque
2067 821 2124 842 ar-

1139 845 1356 879 bitrarentur
1375 846 1450 880 Itali
1476 860 1510 880 se
1535 856 1627 882 tutos
1644 862 1715 883 esse
1733 859 1876 895 propter
1898 855 2048 896 flumen,
2073 860 2122 892 se-

1138 895 1264 929 rociter
1283 905 1473 941 provocant
1492 897 1708 934 Germanos:
1743 903 1779 935 in
1800 904 1912 946 ipsum
1931 907 2034 940 etiam
2054 907 2123 942 irn-

1136 952 1331 990 peratorem
1349 949 1502 982 convitia
1520 951 1768 994 superbissime
1788 954 1920 990 dicunt.
1963 955 2038 991 Etsi
2054 959 2121 993 flu-

1137 1009 1217 1030 men
1242 998 1474 1040 intumuerat,
1501 1007 1540 1033 ut
1563 1002 1675 1034 traiici
1692 1004 1860 1037 exercitus
1876 1006 1950 1039 sine
1966 1009 2120 1050 periculo

1135 1059 1207 1080 non
1223 1055 1358 1093 posset,
1385 1056 1501 1083 tamen
1519 1050 1718 1085 Fridericus
1736 1054 1920 1099 impatiens
1939 1065 2121 1093 contume-

1134 1097 1219 1136 liae,
1258 1100 1436 1133 traducere
1468 1102 1657 1135 exercitnm
1689 1105 1835 1139 assernit
1864 1114 1897 1140 et
1921 1108 2060 1143 flumini
2083 1123 2119 1145 se

1134 1148 1268 1192 primus
1299 1151 1497 1187 committit.
1563 1150 1772 1197 Exemplum
1806 1155 2030 1200 imperatoris
2062 1173 2118 1195 se-

1133 1207 1292 1243 quuntur
1311 1201 1462 1244 primum
1479 1203 1625 1247 equites,
1652 1205 1782 1238 deinde
1797 1214 1829 1240 et
1847 1207 2014 1251 legiones;
2044 1224 2117 1246 non

1133 1251 1338 1284 munierunt
1369 1250 1444 1284 Itali
1470 1261 1598 1293 castra,
1636 1267 1708 1287 non
1734 1256 1973 1293 instruxerunt
1995 1262 2116 1302 aciem,

1132 1301 1212 1344 quia
1231 1301 1306 1333 loco
1326 1313 1360 1334 se
1378 1309 1471 1335 tutos
1490 1305 1563 1337 fore
1580 1312 1796 1348 putaverant.
1835 1307 1884 1342 Ita
1906 1310 1941 1342 in
1964 1311 2116 1355 impara-

1131 1356 1183 1382 tos
1200 1352 1316 1384 subito
1336 1352 1415 1384 facit
1437 1354 1604 1396 impetum
1622 1354 1838 1398 Fridericus,
1861 1366 1892 1392 et
1909 1367 2020 1394 totum
2044 1362 2115 1396 Ita-

1131 1400 1235 1432 licum
1253 1403 1439 1435 exercitum
1456 1404 1546 1437 fudit
1562 1411 1593 1437 et
1611 1406 1718 1448 sugat.
1766 1406 1861 1442 Ilaec
1879 1422 1948 1444 una
1967 1412 2114 1448 victoria

1130 1453 1383 1494 propemodum
1407 1453 1512 1486 totius
1541 1453 1658 1487 ltaliae
1681 1459 1930 1500 possessionem
1959 1461 2114 1506 Impera-

1129 1501 1197 1533 tori
1233 1502 1399 1542 restituit3
1452 1516 1531 1536 nam
1569 1503 1727 1539 hostibus
1763 1511 1944 1552 repressis,
1985 1515 2112 1548 multas

1129 1551 1256 1584 deinde
1277 1552 1432 1586 civitates
1451 1555 1652 1598 occupavit,
1686 1557 1798 1591 socios
1816 1561 2052 1608 confirmavit,
2082 1573 2115 1600 et

1129 1601 1300 1644 praesidia
1324 1603 1425 1635 certis
1446 1605 1585 1648 oppidis
1610 1606 1787 1650 imposuit.
1849 1608 1932 1645 Erat
1958 1612 2024 1646 iam
2048 1616 2111 1647 de-

1129 1653 1316 1693 bellatum,
1350 1653 1417 1686 nisi
1445 1656 1713 1689 ecclesiasticum
1737 1656 1885 1693 schisma
1909 1674 2028 1697 rursus
2056 1665 2111 1698 in-

1127 1703 1333 1736 flammasset
1361 1701 1427 1737 hoc
1460 1705 1603 1741 bellum.
1666 1706 1800 1742 Romae
1826 1711 1896 1744 duo
1923 1712 2109 1750 Pontifices

1125 1754 1230 1786 creati
1248 1760 1365 1794 erant,
1392 1767 1542 1799 quorum
1569 1757 1655 1791 alter
1671 1757 1888 1801 Alexander,
1917 1761 2109 1808 Imperato-

1124 1816 1197 1837 rem
1215 1802 1435 1838 anathemate
1450 1814 1646 1848 execratur,
1680 1817 1859 1853 propterea
1879 1815 1973 1857 quod
1994 1814 2109 1860 Impe-

1124 1861 1219 1888 rator
1237 1855 1414 1888 videretur
1430 1856 1528 1889 alteri
1547 1860 1654 1901 magis
1671 1859 1795 1893 favere.
1843 1862 2004 1898 Incendit
2021 1865 2106 1901 Ale-

1123 1906 1256 1938 xander
1279 1906 1477 1939 universam
1500 1906 1655 1949 ltaliam,
1685 1921 1722 1942 ac
1742 1912 1924 1955 praecipue
1943 1913 2106 1961 Venetos,

1097 1967 1098 1972 ¹
1124 1957 1290 1988 adversus
1307 1955 1537 1992 Fridericum.
1579 1960 1724 2002 Semper
1739 1962 1883 1996 ambitio
1902 1967 2105 2008 pontificum

1123 2014 1156 2040 et
1189 2006 1355 2039 ordinum
1394 2008 1703 2042 ecclesiasticorum
1740 2011 1894 2055 ingentes
1933 2018 2105 2053 tumultus

1125 2057 1267 2100 peperit.
1319 2056 1399 2090 Non
1419 2058 1542 2092 leviter
1555 2067 1669 2092 autem
1695 2061 1795 2095 initio
1814 2066 2036 2107 perturbatus
2054 2076 2105 2104 est

1123 2107 1322 2140 Fridericus
1340 2109 1518 2142 mentione
1535 2107 1776 2153 anathematis,
1801 2115 1922 2149 scribit
1939 2118 1980 2149 ad
1998 2119 2106 2153 colle..

1122 2158 1216 2200 gium
1237 2156 1491 2198 cardinalium,
1518 2167 1555 2193 ut
1573 2173 1628 2193 res
1645 2162 1894 2198 diiudicentur.
1932 2166 2000 2201 Sed
2020 2169 2104 2203 Ale-

1095 2207 1096 2210 *
1122 2209 1252 2241 xander
1269 2215 1357 2241 vetat
1376 2210 1625 2250 cognitionem,
1651 2220 1831 2256 propterea
1850 2217 1943 2260 qnod
1960 2216 2103 2255 liaberet

1123 2259 1158 2291 in
1185 2260 1343 2302 partibus
1366 2261 1533 2292 maiorem
1555 2261 1671 2294 ltaliae
1695 2271 1826 2306 partem
1853 2272 1885 2299 et
1901 2265 2042 2311 Gallos;
2070 2279 2103 2306 et

1122 2322 1164 2342 ne
1181 2310 1263 2354 quid
1284 2323 1299 2341 a
1316 2309 1462 2342 Caesare
1481 2312 1624 2354 periculi
1643 2321 1740 2354 esset,
1768 2316 1893 2359 recepit
1911 2328 1945 2350 se
1961 2319 1997 2351 in
2016 2319 2104 2354 Gal-

1123 2361 1216 2395 liam.
1271 2360 1386 2393 Movit
1412 2358 1495 2394 haec
1523 2364 1917 2399 contumelia'animum
1950 2366 2104 2406 hominis

1121 2411 1247 2450 Suevi,
1272 2422 1378 2455 quare
1401 2410 1527 2454 iratus,
1556 2413 1685 2446 bellum
1702 2416 1867 2449 acerrime
1883 2420 1989 2459 gerit,
2012 2424 2105 2455 mul-

1121 2469 1173 2494 tos
1191 2459 1342 2494 hostium
1363 2462 1530 2496 exercitus
1549 2464 1649 2497 delet.
1693 2462 1740 2498 Et
1755 2466 1835 2510 quia
1855 2466 2103 2505 Mediolanen-

1121 2514 1209 2545 sium
1230 2512 1434 2555 praecipuae
1449 2513 1587 2547 fuerant
1608 2514 1643 2546 in
1662 2526 1699 2546 ea
1715 2516 1958 2553 coniuratione
1979 2529 2102 2564 partes,

1124 2562 1364 2596 Mediolanum
1403 2563 1435 2594 vi
1468 2571 1605 2608 captum
1638 2565 1780 2609 diripit,
1822 2568 1930 2601 diruit
1964 2583 2001 2603 ac
2029 2574 2102 2607 solo

1122 2620 1262 2658 aequat3
1297 2613 1429 2657 reliqua
1455 2613 1700 2657 Longobardia
1723 2625 1875 2660 recepta,
1902 2619 1937 2651 in
1955 2620 2103 2655 Germa-

1124 2665 1218 2697 niam
1246 2665 1381 2696 reducit
1405 2666 1613 2706 exercitum,
1640 2666 1721 2710 qnia
1743 2666 1840 2701 Italia
1865 2677 2000 2712 pacata,
2028 2684 2104 2706 cae..

1398 2711 1475 2747 20*
