2338 2958
54 109 129 146 245

53 194 194 240 optimis
209 192 405 237 dissimilia.
458 191 605 226 Habetis
623 193 689 225 mei
704 193 843 227 consilii
860 193 1044 232 rationem,

55 347 235 392 quendum
260 345 329 378 sibi
355 357 426 378 esse
449 352 594 385 statuet,
634 345 663 377 is
689 357 725 378 re
750 345 823 388 ipsa
848 345 1045 389 experietur

55 408 162 430 unam
192 393 282 428 banc
305 407 378 429 esse
399 396 440 428 ad
464 396 613 429 solidam
639 396 875 428 eruditionem
901 407 1043 437 compa-

54 448 200 481 randam
227 447 338 484 viam,
367 446 516 479 aliorum
541 458 625 479 vero
651 446 831 479 laboribus
853 459 891 478 ac
913 446 1044 488 vigiliis

53 497 204 531 fructum
225 497 370 530 minime
385 498 610 541 respondere.
664 496 732 529 Sed
751 509 829 529 cum
847 495 1043 529 Hesiodum

54 556 190 592 'semper
222 548 415 581 doctissimi
447 546 609 580 homines
632 546 778 591 plurimi
802 547 969 586 fecerint,
1003 559 1042 579 ex

55 611 96 632 eo
121 610 247 642 genere
270 605 434 631 autorum
459 595 549 630 mibi
572 609 645 630 esse
671 598 766 630 visus
790 605 858 639 est,
885 598 947 643 qui
970 609 1043 630 non

55 650 162 683 semel
178 655 315 682 tantum
332 649 542 694 inspiciendi
559 654 657 688 sunt;
686 660 794 693 quare
812 661 902 685 eum,
931 660 1044 693 quan-

57 712 162 746 quam
186 711 260 733 non
283 700 387 744 plane
406 700 564 742 ignotum
584 699 684 732 vobis
701 700 928 742 relegendum
948 711 1044 732 sum-

56 751 122 796 psi.
176 749 298 795 Neque
317 762 432 783 meum
452 750 639 783 consilium
658 748 940 794 reprehendetis,
966 750 1044 793 opi—

57 813 142 840 nor,
181 801 211 834 si
247 801 463 843 cogitabitis,
504 807 652 845 quantas
680 801 868 841 utilitates,
909 800 1045 833 tametsi

57 852 202 895 exiguus
228 852 388 888 libellus,
421 852 556 884 adferre
582 859 696 896 queat.
750 850 795 884 Et
813 852 892 896 quia
913 851 1045 895 priuci-

55 902 115 947 pio
141 902 178 935 in
200 903 364 935 omnibus
385 903 538 945 negociis
553 902 840 935 constituendum
861 909 930 939 est,
957 914 1046 947 quae

55 953 189 987 utilitas
210 965 250 986 ex
267 965 482 998 unoquoque
500 965 626 996 genere
645 953 775 986 laboris
796 960 953 997 petatur,
980 964 1045 986 nos

57 1016 197 1050 quoque
229 1004 472 1045 monebimus,
507 1004 592 1049 quid
621 1010 800 1047 expectare
827 1016 866 1037 ac
889 1003 1046 1047 flagitare

56 1054 234 1088 commodi
257 1067 296 1087 ex
314 1053 461 1088 Hesiodi
487 1054 635 1087 lectione
655 1055 820 1087 debeatis.
872 1052 936 1088 Est
952 1055 1045 1086 enim

58 1117 99 1139 ex
127 1105 294 1138 omnibus
325 1105 509 1139 autoribus
542 1105 597 1137 vel
627 1106 815 1138 verborum
848 1106 901 1137 vel
927 1117 1045 1138 rerum

58 1155 201 1190 scientia
220 1157 381 1200 petenda.
432 1154 609 1188 Hesiodus
625 1163 741 1188 autem
759 1154 892 1188 Graece
909 1155 1048 1188 discen-

55 1207 151 1240 tibus
176 1217 341 1249 magnum
362 1206 614 1239 vocabulorum
629 1217 817 1239 numerum
835 1206 1047 1250 suppeditat.

55 1255 104 1291 Et
128 1257 295 1302 quoniam
320 1257 449 1289 alicubi
474 1254 659 1289 hilariores
685 1257 938 1300 descriptiones
960 1268 1046 1289 con-

55 1308 164 1346 tinet,
192 1308 296 1341 etiam
320 1305 356 1340 bi
376 1308 435 1352 qui
455 1306 580 1340 Latine
601 1307 741 1340 discunt
757 1308 801 1341 ab
817 1319 856 1340 eo
876 1308 1046 1351 quaedam

58 1357 205 1392 honesta
236 1358 392 1402 exempla
420 1358 552 1401 copiosi
585 1357 774 1398 sermonis,
809 1365 842 1391 et
875 1358 1047 1390 rationem

57 1409 236 1454 quandam
260 1409 502 1441 ornandarum
522 1409 775 1441 sententiarum
797 1408 950 1441 mutuari
969 1419 1049 1451 pos-

59 1466 153 1494 sunt.
205 1458 295 1492 Nam
314 1466 345 1492 et
362 1459 391 1492 si
409 1459 526 1502 lingua
545 1459 681 1491 diversa
699 1459 759 1499 sit,
785 1466 901 1492 tamen
921 1459 1049 1490 volun-

61 1518 129 1545 tate
151 1509 297 1544 Graecis
314 1509 452 1550 Latini,
478 1511 514 1542 in
540 1510 776 1552 disponenda,
803 1510 1048 1553 amplificanda

59 1569 164 1607 atque
194 1561 403 1594 illustranda
431 1560 591 1593 oratione
620 1559 751 1592 similes
782 1567 875 1594 suut.
930 1558 1049 1604 ltaque

60 1614 132 1646 duo
162 1611 292 1645 summi
323 1611 416 1655 apud
443 1610 590 1644 Latinos
617 1609 765 1650 Poetae,
806 1609 986 1654 Vergilius
1018 1616 1051 1642 et

59 1661 233 1703 Ovidius,
265 1673 340 1695 non
371 1663 477 1694 modo
507 1662 602 1694 locos
626 1661 700 1693 eius
726 1661 896 1706 quosdam
923 1660 1050 1694 imitati

59 1721 160 1755 sunt,
192 1714 251 1746 sed
273 1713 405 1746 multos
429 1712 619 1745 versiculos
641 1724 730 1755 pene
752 1712 794 1744 ad
820 1713 967 1745 verbum
993 1723 1051 1743 ex-

60 1771 280 1810 presserunt,
329 1775 481 1809 quorum
518 1763 674 1805 exempla
712 1773 778 1795 nos
812 1763 1050 1795 commonefa-

58 1817 176 1855 ciunt,
211 1815 392 1860 quomodo
423 1815 467 1846 ad
497 1820 636 1847 nostros
666 1825 770 1851 usus,
807 1826 879 1846 non
915 1819 1050 1846 tantum

58 1867 147 1902 certi
169 1867 314 1911 quidam
341 1865 478 1898 flosculi
501 1877 542 1897 ex
568 1862 773 1897 huiusmodi
791 1864 973 1896 autoribus
991 1864 1052 1895 de-

60 1917 227 1962 cerpendi
257 1917 343 1955 sint,
377 1917 436 1949 sed
467 1915 504 1948 in
527 1915 626 1948 omni
649 1926 810 1947 sermone
836 1915 1051 1947 inveniendo

59 1968 267 2015 prudentia,
296 1967 332 2000 in
350 1966 555 2011 explicando
576 1966 790 2009 proprietas,
815 1965 1053 2009 perspicuitas,

61 2027 96 2055 et
123 2019 244 2063 copia,
278 2018 316 2051 in
344 2017 567 2062 disponendo
594 2016 776 2058 diligentia
800 2015 970 2049 imitanda
995 2016 1052 2049 sit·

62 2070 132 2106 Sed
156 2071 198 2103 de
221 2067 286 2102 hac
309 2075 406 2113 parte
429 2068 511 2113 quia
536 2067 619 2100 satis
642 2067 731 2107 dici,
756 2067 824 2100 nisi
843 2067 933 2101 inter
950 2079 1052 2100 enar-

62 2123 212 2156 randum
228 2120 456 2153 conferantur
466 2118 591 2152 Latina
607 2130 684 2151 cum
699 2117 857 2159 Graecis,
883 2125 916 2151 et
931 2129 1053 2151 omnes

63 2173 195 2216 figurae
224 2171 334 2213 digito
363 2170 614 2209 ostendantur,
648 2181 719 2202 non
747 2174 879 2212 potest,
908 2169 991 2201 nolo
1016 2169 1051 2201 in

63 2221 259 2268 praeseutia
278 2221 418 2264 longior
436 2232 526 2261 esse,
553 2220 612 2252 sed
632 2219 668 2252 in
688 2220 976 2263 interpretatione
995 2232 1054 2251 ve.-

64 2275 115 2308 lut
142 2274 180 2306 in
202 2285 239 2306 re
260 2271 434 2316 praesenti
459 2270 715 2311 indicabimus,
740 2282 828 2315 quos
852 2271 946 2303 locos
971 2268 1055 2303 binc

63 2323 277 2369 sumpserint
290 2322 476 2366 scriptores
490 2321 610 2355 Latini
628 2328 661 2355 et
677 2321 762 2367 quid
782 2320 926 2361 imitari,
950 2322 1056 2366 quid-

65 2388 134 2422 que
163 2385 347 2418 excerpere
376 2373 443 2417 ipsi
466 2373 666 2409 debeamus.
733 2369 875 2404 Etenim
900 2378 968 2405 tam
993 2372 1055 2405 etsi

65 2428 229 2471 adpareat
246 2431 388 2468 propter
408 2423 507 2456 utilia
523 2429 705 2467 praecepta
722 2422 833 2464 magis
853 2434 957 2467 quam
973 2435 1056 2466 pro-

66 2485 144 2522 pter
160 2477 349 2511 verborum
365 2480 529 2507 ornatum
547 2473 584 2506 in
602 2473 835 2506 admiratione
854 2471 919 2506 boc
935 2477 1055 2518 poema

66 2528 192 2569 fuisse,
225 2534 343 2561 tamen
370 2524 598 2570 quantumvis
621 2535 675 2557 res
699 2525 856 2556 salubres
878 2536 980 2556 nemo
1008 2525 1056 2557 le-

68 2579 188 2623 gisset,
214 2577 283 2611 nisi
301 2575 643 2609 commendationem
659 2576 834 2619 quandam
853 2571 1056 2609 habuissent

69 2641 109 2664 ex
129 2641 253 2673 genere
269 2627 459 2667 sermonis,
491 2633 523 2659 et
537 2625 684 2668 gratiam
702 2625 874 2667 elegantia
893 2625 1057 2659 carminis

66 2680 269 2715 addidisset.
321 2677 443 2723 Neque
466 2677 621 2722 profecto
648 2682 855 2709 vetustatem
879 2676 970 2709 ferre
993 2689 1058 2722 po-

601 105 766 142 DECL.
799 105 872 142 DE
906 104 1108 143 PRAEF.
1146 107 1203 143 lN
1236 106 1563 145 HESIODUM.

1069 192 1073 219 1

1069 320 1076 335 ,

2015 111 2091 147 246

1070 227 1073 233 ,
1099 193 1236 230 inisset,
1264 193 1333 226 nisi
1358 206 1474 227 rerum
1492 195 1653 237 gravitati
1675 195 1960 229 venustissimum
1979 209 2087 241 genus

54 257 116 280 cnr
140 251 180 278 ut
203 244 351 289 quisque.
375 250 477 277 autor
498 244 654 287 optimus
678 251 746 283 est,
774 244 819 277 ita
843 244 1044 288 saepissime

55 296 279 336 relegendum
315 306 387 327 esse
418 295 631 334 existimem,
673 295 768 339 quod
802 294 961 340 quisquis
989 305 1072 327 se-1

1098 244 1286 277 verborum
1304 250 1469 288 tanquam
1487 246 1666 278 illecebras
1680 248 1846 291 quasdam
1860 248 2087 282 adiunxisset.

1097 294 1179 328 Nou
1202 301 1251 328 est
1267 301 1381 328 autem
1398 295 1584 328 obscurum
1603 306 1773 341 quantum
1791 299 1942 332 amarint
1960 298 2087 332 Graeci

1097 343 1165 378 hoc
1199 356 1360 384 carmen,
1407 353 1536 390 quanta
1568 359 1649 380 cura
1681 349 1961 389 adservaverint,
2004 350 2087 394 quia

1097 395 1290 429 Pausanias
1321 395 1369 429 ait
1400 407 1434 428 se
1464 396 1593 429 vidisse
1624 397 1659 430 in
1688 397 1859 432 Helicone
1882 400 2087 444 antiquissi-

1098 459 1194 479 mum
1217 453 1486 479 monumentum
1511 447 1690 491 plumbeas
1714 451 1867 488 tabulas,
1895 450 1932 483 in
1956 451 2086 495 quibus

1098 495 1165 530 hoc
1182 504 1306 541 poema
1321 497 1488 540 scriptum
1507 498 1623 531 fuerit.
1677 498 1745 532 Sed
1763 501 1865 532 venio
1881 502 1923 533 ad
1940 501 2085 534 alteram

1098 555 1231 592 partem
1244 574 1252 587 ‚
1285 554 1319 581 et
1343 559 1512 591 exponam
1540 549 1625 593 quid
1644 550 1685 581 ad
1703 561 1818 583 rerum
1836 552 2017 585 scientiam
2037 552 2087 584 le-

1098 599 1166 631 ctio
1198 598 1273 631 eius
1302 600 1494 638 conducat,
1528 598 1565 631 in
1597 611 1664 644 qua
1689 601 1844 643 profecto
1870 613 1943 635 non
1968 603 2087 636 minus

1098 661 1202 694 quam
1218 649 1255 681 in
1271 649 1387 682 verbis
1403 649 1658 683 elaborandum
1675 658 1735 686 est.
1782 650 1875 694 Quia
1892 664 1964 685 non
1981 654 2087 686 modo

1098 700 1214 732 inanis
1236 707 1286 734 est
1308 699 1438 740 oratio,
1464 699 1533 733 nisi
1557 712 1612 733 res
1635 698 1798 735 honestas
1822 708 1855 735 et
1876 703 1979 736 utiles
2003 715 2088 737 con-

1098 751 1226 794 tineat,
1259 751 1320 784 sed
1353 751 1458 783 etiam
1482 751 1618 795 copiam
1643 764 1783 785 omnem
1807 753 1949 786 dicendi
1970 766 2087 787 rerum

1098 802 1240 835 scientia
1258 801 1390 845 genuit.
1443 801 1523 834 Non
1541 800 1601 835 Dii
1617 809 1754 836 tantum
1771 803 1853 836 mali
1872 804 2089 847 permittant,

1098 860 1135 886 ut
1152 853 1252 885 cadat
1267 853 1304 884 in
1322 864 1380 885 eos
1396 852 1608 897 eloquentia,
1634 854 1693 898 qui
1713 854 1811 887 nulla
1828 854 1970 888 virtutis
1988 867 2089 898 prae-

1098 910 1214 947 cepta,
1239 903 1338 936 nulla
1361 903 1493 941 officia,
1522 903 1639 936 nullas
1657 904 1747 937 vitae
1767 905 1874 947 leges,
1899 906 2015 938 nullas
2033 917 2089 938 re-

1098 954 1246 997 ligiones
1272 960 1424 997 norunt,
1452 954 1583 999 quique
1605 955 1740 987 nullam
1765 956 1980 989 naturalium
2007 968 2089 989 cau-

1098 1017 1214 1038 sarum
1233 1016 1273 1038 ac
1290 1011 1480 1038 eventuum
1499 1005 1734 1048 cognitionem
1750 1004 1894 1040 habent.
1948 1005 2038 1039 Nam
2057 1013 2090 1040 et

1098 1055 1269 1089 Horatius
1300 1067 1379 1088 eum
1411 1055 1473 1100 qui
1499 1068 1516 1088 a
1541 1068 1659 1088 rerum
1683 1057 1884 1099 cognitione
1910 1069 1983 1089 non
2007 1057 2090 1091 satis

1098 1107 1290 1140 instructus
1306 1113 1374 1146 est,
1401 1112 1505 1149 negat
1520 1106 1686 1139 idoneum
1704 1118 1776 1140 esse
1793 1108 1836 1140 ad
1853 1107 2091 1149 scribendum,

1099 1169 1177 1190 cum
1196 1157 1261 1189 ait:

1191 1209 1348 1240 Scribendi
1364 1217 1442 1240 reete
1458 1221 1559 1251 sapere
1574 1218 1616 1241 est
1633 1218 1660 1241 et
1677 1213 1859 1252 principium
1875 1220 1902 1243 et
1921 1214 1999 1243 fons.

1099 1256 1145 1292 Et
1167 1259 1288 1292 multis
1306 1259 1466 1292 versibus
1484 1260 1624 1303 exponit
1645 1267 1780 1303 postea,
1806 1273 1955 1305 quarum
1973 1272 2089 1294 rerum

1099 1309 1281 1343 scientiam
1306 1309 1464 1354 requitat
1488 1309 1522 1342 in
1547 1322 1606 1349 en,
1633 1311 1694 1355 qui
1717 1323 1752 1344 se
1776 1312 1945 1345 disertum
1970 1309 2090 1355 perhi-

1099 1360 1175 1392 beri
1200 1360 1294 1393 velit.
1349 1359 1503 1392 Proinde
1519 1361 1564 1393 ita
1583 1360 1738 1394 inducite
1752 1362 1929 1403 animum,
1954 1369 1995 1395 ut
2011 1373 2091 1394 sen-

1101 1410 1193 1444 tiatis
1217 1410 1318 1442 vobis
1341 1410 1376 1442 in
1400 1407 1467 1443 hoc
1493 1411 1667 1443 curriculo
1688 1412 1907 1453 studiorum,
1934 1413 2090 1457 primum

1101 1472 1262 1503 maguam
1293 1462 1471 1505 quandam
1498 1468 1530 1494 et
1556 1462 1731 1503 copiosam
1759 1463 1948 1496 verborum
1973 1463 2091 1507 supel-

1100 1511 1250 1544 lectilem
1270 1512 1461 1554 parandam
1479 1522 1566 1548 esse,
1594 1520 1630 1544 ut
1649 1513 1832 1553 explicare,
1861 1526 1938 1546 cuin
1954 1515 1997 1547 (le
2012 1525 2092 1556 gra-

1100 1562 1202 1594 vibus
1219 1562 1324 1594 rebus
1338 1561 1397 1593 alii
1414 1562 1564 1594 docendi
1585 1574 1601 1593 a
1622 1563 1721 1595 vobis
1739 1571 1854 1604 erunt,
1882 1577 1959 1597 cum
1974 1564 2092 1604 digni-

1100 1620 1168 1646 tate
1192 1624 1246 1644 res
1272 1612 1458 1653 obscuras,
1492 1612 1611 1658 eisque
1636 1613 1754 1646 lumen
1781 1616 1909 1647 addere
1936 1615 2090 1659 possitis3

1102 1664 1229 1696 deiude
1248 1664 1351 1696 etiam
1370 1663 1529 1695 omnium
1546 1676 1663 1696 rerum
1683 1665 1941 1709 percipiendam
1961 1665 2093 1698 doctri-

1102 1727 1182 1747 nam
1209 1726 1299 1753 esse,
1324 1726 1412 1758 quae
1436 1721 1510 1747 tum
1538 1715 1580 1747 ad
1607 1722 1762 1748 nostram
1788 1716 1894 1749 vitam
1920 1723 2012 1750 recte
2035 1716 2092 1748 in-

1102 1765 1335 1802 stituendam,
1362 1771 1435 1797 tum
1462 1766 1504 1797 ad
1529 1766 1724 1799 orationem
1744 1767 1990 1799 illustrandam
2007 1779 2092 1799 con-

1102 1817 1246 1849 ducunt.
1299 1813 1439 1848 Etenim
1467 1828 1546 1848 cum
1571 1823 1630 1849 aut
1654 1818 1696 1848 de
1718 1823 1842 1850 natura
1870 1829 2005 1856 rerum,
2032 1824 2093 1850 aut

1102 1868 1144 1899 de
1162 1866 1340 1905 moribus,
1367 1872 1426 1899 aut
1443 1867 1486 1899 de
1502 1867 1732 1909 religionibus
1751 1867 1786 1900 in
1805 1866 1869 1900 hac
1888 1868 1982 1900 civili
2002 1869 2093 1901 vitae

1103 1917 1359 1951 consuetudine
1387 1929 1487 1960 saepe
1519 1918 1667 1950 docendi
1701 1918 1771 1951 sint
1802 1916 1982 1961 homines,
2025 1919 2093 1952 erit

1103 1969 1206 2013 plane
1236 1967 1320 2006 ὄνος
1341 1965 1432 2012 πρὸς
1454 1964 1589 2013 λύραν,
1625 1969 1671 2009 is,
1706 1969 1766 2013 qui
1791 1982 1993 2014 quanquam
2018 1981 2093 2002 me-

1103 2019 1232 2053 diocris
1260 2019 1447 2051 verborum
1479 2020 1577 2063 copia
1610 2020 1644 2051 in
1673 2026 1857 2053 numerato
1878 2021 1939 2060 sit,
1975 2027 2092 2053 tamen

1103 2082 1157 2103 res
1179 2081 1253 2102 non
1276 2070 1358 2101 satis
1381 2077 1574 2114 perspectas
1592 2077 1623 2103 et
1641 2070 1834 2114 exploratas
1853 2068 1970 2106 habet.
2021 2069 2093 2104 Ne-

1104 2133 1172 2166 que
1195 2120 1288 2153 euim
1312 2121 1429 2153 dicere
1452 2120 1636 2165 quisquam
1656 2122 1698 2152 de
1716 2133 1752 2153 re
1771 2133 1893 2165 parum
1912 2128 1994 2154 nota
2014 2133 2093 2165 per-

1104 2172 1221 2215 spicue.
1247 2178 1376 2214 potest,
1410 2178 1448 2203 ut
1471 2178 1504 2204 et
1529 2172 1618 2214 apud
1647 2171 1827 2204 Platonem
1853 2171 2014 2205 Socrates
2037 2172 2093 2204 in—

1105 2223 1181 2269 quit
1199 2229 1231 2255 et
1247 2233 1347 2265 saepe
1365 2229 1484 2254 mouet
1501 2221 1643 2262 Cicero,
1667 2229 1698 2255 et
1717 2221 1885 2255 Horatius
1901 2235 1979 2255 cum
1997 2223 2060 2256 ait:

1207 2275 1368 2316 Verbaque
1383 2278 1531 2315 provisam
1548 2287 1608 2304 rem
1624 2287 1683 2305 non
1705 2279 1795 2306 invita
1811 2284 1982 2317 sequentur.

1106 2323 1332 2366 significaxit,
1367 2324 1441 2356 {ieri
1472 2335 1543 2355 non
1577 2336 1694 2367 posse,
1728 2332 1766 2358 ut
1791 2336 1825 2357 se
1848 2325 1942 2358 ultro
1965 2335 2092 2365 magno

1105 2387 1253 2407 numero
1277 2375 1428 2407 offerant
1455 2375 1579 2413 verba,
1613 2375 1681 2407 nisi
1707 2387 1844 2408 causam
1868 2375 1958 2408 bene
1981 2375 2094 2407 medi-

1106 2432 1213 2459 tatam
1236 2423 1375 2459 babeas.
1430 2424 1534 2467 Quod
1560 2438 1638 2458 cum
1656 2427 1700 2458 ita
1717 2426 1778 2465 sit,
1806 2437 1878 2458 non
1897 2433 1977 2459 sunt
1995 2438 2094 2469 prae-

1106 2476 1322 2509 termittendi
1352 2475 1450 2513 libri,
1481 2476 1541 2520 qui
1572 2477 1614 2509 de
1646 2489 1763 2509 rerum
1791 2484 1934 2516 natura,
1969 2483 2027 2509 aut
2053 2477 2095 2507 de

1105 2527 1266 2559 moribus
1303 2533 1563 2569 praeceperunt.
1643 2527 1761 2572 Neque,
1800 2535 1916 2561 tamen
1957 2526 2093 2569 legendi

1107 2589 1245 2616 omnes,
1271 2578 1330 2610 sed
1346 2577 1498 2619 eligendi
1513 2578 1648 2621 optimi,
1676 2578 1806 2623 quique
1821 2579 1912 2612 alere
1928 2579 2095 2621 eloquen-

1108 2629 1190 2661 tiam
1222 2628 1376 2671 possint,
1411 2628 1491 2672 quia
1525 2628 1595 2661 fere
1625 2629 1660 2661 iu
1687 2629 1844 2661 barbaris
1867 2627 2096 2671 scriptoribus

1108 2691 1180 2711 non
1210 2685 1346 2712 tautum
1379 2679 1551 2711 sermonis
1577 2680 1783 2724 spurcities,
1816 2681 1875 2712 sed
1901 2679 2003 2711 etiam
2029 2676 2096 2709 alia

1418 2729 1499 2762 16*
