2338 2958
150 141 225 177 419

154 224 290 260 scholas
305 222 428 262 habet,
455 228 612 256 versatur
628 231 699 253 una
716 218 830 261 Dion,
854 225 887 253 et
908 219 1011 253 multi
1038 219 1142 252 nobi-

154 278 203 310 les
224 277 458 310 adolescentes
473 272 700 317 Syracusani,
728 271 764 303 in
783 271 911 316 quibus
937 271 1002 303 suit
1022 269 1142 304 Eude-

155 339 233 361 mus
252 324 450 360 Aristotelis
475 323 615 356 amicus.
670 321 794 355 Postea
818 333 960 355 excusso
986 320 1143 362 Platone,

154 387 324 413 tirannus
347 373 494 417 grassari
509 373 606 405 omui
625 373 752 406 scelere
771 373 895 416 coepit.
947 371 1141 414 Coniugem

155 419 282 463 Diouis
300 427 432 459 nubere
450 424 550 457 alteri
569 424 670 467 cogit.
716 423 811 456 Haec
829 424 893 456 suit
914 435 1014 456 causa
1033 422 1143 456 Dioni

156 477 321 512 movendi
339 476 434 513 belli,
465 476 501 507 iu
518 487 587 519 quo
606 475 738 517 egregie
755 475 895 507 adiutus
911 481 960 507 est
977 486 994 507 a
1012 474 1143 507 nobili-

157 531 221 562 bus
254 527 408 566 civibus,
444 526 600 559 Platonis
633 526 870 559 auditoribus:
912 525 957 558 ita
987 524 1145 558 Platonis

157 577 273 613 schola
299 579 341 610 de
366 584 516 623 tyranno
542 577 649 609 iustas
676 588 805 620 poenas
828 576 986 619 sumpsit.
1044 574 1146 615 Nam,

158 638 195 664 ut
220 630 378 663 futurum
403 628 502 661 Plato
527 628 763 671 praedixerat,
798 634 967 672 tyrannus
998 637 1144 668 regnum

158 681 285 714 amisit.
338 678 535 712 Consenuit
557 679 684 710 deiude
703 677 802 710 Plato
821 689 892 709 non
910 678 945 709 in
964 677 1059 716 ocio,
1086 676 1145 708 sed

159 732 254 776 quod
272 737 321 764 est
338 727 623 763 honestissimum
643 729 802 761 docendo
819 739 857 761 ac
875 728 1062 760 scribendo
1088 738 1147 759 ex-

159 783 278 816 citavit
297 781 509 825 optimarum
533 780 661 812 artium
685 779 811 814 studia.
865 777 1010 811 Habetis
1034 776 1148 811 histo-

159 833 246 866 riam
271 829 495 877 philosophi,
529 843 616 874 quae
643 831 800 863 continet
823 841 903 862 vere
926 826 1149 873 philosophi-

159 896 237 917 cum
264 883 355 916 vitae
378 881 604 914 curriculum.
657 880 857 925 Cupiditate
883 880 1040 913 discendi
1063 879 1150 912 adiit

159 935 287 967 multas
316 933 475 975 regiones
502 931 730 976 longinquas,
765 931 898 964 invexit
932 931 967 964 in
999 931 1149 975 patriam

161 985 308 1029 optimas
324 990 423 1023 artes,
440 983 603 1016 excitavit
616 983 742 1023 studia,
766 983 985 1016 conflictatus
1003 989 1053 1016 est
1069 993 1149 1015 cum

160 1035 338 1081 tyranni53
372 1046 453 1067 nam
479 1034 513 1065 id
540 1046 681 1078 quoque
705 1035 746 1066 ad
773 1031 1022 1077 philosophum
1039 1031 1150 1076 perti-

160 1094 230 1121 net.
283 1085 444 1130 Reliquit
462 1096 533 1117 non
549 1085 662 1117 solum
680 1085 819 1128 scripta,
847 1084 904 1116 sed
921 1084 1023 1117 etiam
1042 1082 1150 1115 disci-

161 1137 281 1180 pulos,
318 1137 378 1180 qui
411 1132 880 1179 posteritatem'erudierunt
910 1141 942 1168 et
964 1145 1151 1167 conserva-

162 1195 246 1220 runt
263 1193 353 1219 artes
370 1186 458 1219 sitae
475 1185 589 1220 utileS.
631 1185 737 1228 Quod
754 1186 844 1218 vitae
863 1197 972 1228 genus
989 1183 1071 1218 huic
1087 1196 1151 1217 an—

162 1239 380 1271 teferendum
407 1237 478 1269 est?
513 1242 571 1268 aut
599 1237 693 1280 quod
717 1248 846 1269 munus
872 1236 907 1268 in
932 1236 1003 1269 vita
1028 1236 1152 1268 utilius

161 1297 209 1322 est
244 1288 399 1321 societati
435 1285 638 1324 hominum,
683 1299 786 1331 quam
822 1299 951 1320 munus
978 1285 1152 1319 docendi?

161 1339 281 1384 ltaque
299 1345 388 1371 recte
411 1338 547 1382 inquit,
575 1334 825 1381 philosophos,
855 1338 918 1370 etsi
937 1349 1008 1369 non
1029 1343 1151 1379 gerant

159 1389 406 1433 Magistratus,
434 1395 465 1422 et
477 1388 676 1421 abstineant
693 1400 712 1421 a
728 1389 928 1421 forensibus
947 1387 1149 1431 occupatio-

160 1441 275 1480 nibus,
302 1447 418 1473 tamen
436 1451 475 1472 eo
496 1440 604 1472 iustos
621 1451 710 1477 esse,
739 1439 819 1483 quia
837 1446 926 1472 artes
945 1439 1034 1472 vitae
1047 1438 1151 1471 utiles

160 1492 344 1536 inquirant
366 1497 398 1524 et
416 1491 566 1523 tradant.
620 1489 700 1523 Non
724 1491 878 1533 profecto
897 1490 1020 1522 melius
1038 1500 1151 1521 mere-

159 1551 216 1576 tur
231 1543 272 1575 de
287 1541 428 1586 Repub.
445 1541 568 1573 aedilis
587 1541 647 1585 qui
672 1541 797 1573 molem
815 1542 968 1585 aliquam
983 1540 1151 1579 aedificat,

161 1606 264 1638 quam
290 1593 345 1625 vir
363 1593 504 1632 doctus,
532 1591 592 1636 qui
611 1591 697 1633 regit
720 1592 925 1632 religiones,
955 1591 1014 1635 qui
1033 1597 1150 1623 osten·
1176 1596 1177 1606 ¹

160 1645 230 1682 dit,
257 1643 341 1688 quid
358 1643 401 1676 sit
420 1643 561 1681 iustum,
588 1642 647 1686 qui
668 1649 826 1674 naturam
845 1654 960 1674 rerum
981 1641 1150 1685 patefacit,
1176 1663 1177 1691 3

160 1707 198 1727 ac
217 1694 370 1727 remedia
386 1693 576 1726 necessaria
594 1691 797 1725 hominihus
814 1699 996 1726 monstrat.
1031 1692 1150 1733 Quare

162 1746 223 1779 etsi
250 1744 349 1777 Plato
374 1755 435 1777 suo
459 1744 611 1788 quodam
637 1744 785 1776 consilio
812 1756 884 1776 non
908 1744 1011 1786 gessit
1036 1742 1150 1785 Magi-

160 1802 287 1829 stratus
315 1795 349 1827 iu
376 1795 503 1838 patria,
530 1801 645 1827 tamen
668 1795 709 1827 de
737 1795 891 1834 civibus,
920 1795 988 1827 imo
1013 1794 1055 1825 (le
1078 1800 1150 1826 tota

162 1847 373 1890 posteritate,
398 1857 522 1888 genere
536 1845 640 1877 oflicii
663 1847 914 1888 praestantiore
929 1844 1061 1888 optime
1078 1856 1150 1876 me—

162 1898 249 1930 ritus
269 1904 328 1930 est.
382 1896 432 1929 Ac
451 1903 699 1929 conunemorat
721 1896 792 1940 ipse
810 1908 966 1936 causam,
995 1907 1056 1928 cur
1071 1895 1151 1927 abs-

163 1948 307 1981 tinuerit
339 1948 382 1980 al»
403 1947 710 1979 administratione
734 1947 902 1983 ciritatis,
941 1947 1022 1991 quia
1051 1957 1150 1989 prae-

163 2006 293 2032 sentem
312 2005 438 2031 statum
459 2011 530 2030 uon
549 1999 722 2041 probaret,
746 2004 778 2030 et
795 2004 909 2031 tamen
928 1997 1149 2031 tolerandum

163 2062 232 2083 esse
250 2050 405 2089 sentiret,
433 2049 513 2093 quia
534 2056 568 2081 ut
591 2055 772 2091 parentum
786 2075 794 2087 ,
823 2049 867 2082 ita
887 2049 1018 2092 patriae
1037 2057 1152 2079 mores

163 2101 264 2133 etiam
287 2113 407 2143 parum
429 2100 605 2132 couunodi
623 2100 755 2132 ferendi
774 2099 854 2131 siut.
900 2099 967 2132 Sed
986 2099 1151 2136 arbitror,

165 2151 315 2194 primum
350 2151 481 2182 cladem
521 2150 651 2193 patriae
687 2158 718 2184 et
753 2150 955 2182 servitutem
985 2150 1020 2182 iu
1050 2160 1151 2182 causa

164 2202 285 2239 luisse,
313 2214 382 2245 quo
407 2201 523 2233 minus
542 2203 717 2234 accederet
735 2202 776 2233 ad
797 2200 972 2244 Piempnh.
986 2228 993 2239 ,
1024 2200 1153 2233 deinde

164 2253 276 2285 studia
296 2252 476 2284 dot-trinae
492 2252 646 2284 animum
666 2252 739 2285 eius
754 2265 772 2284 a
790 2252 932 2285 caeteris
951 2251 1151 2295 occupatio-

166 2305 268 2335 nibus
285 2305 502 2335 ..tatum-runt
516 2330 523 2341 ,
552 2316 617 2347 qua
636 2303 669 2335 in
690 2315 724 2335 re
743 2303 852 2335 inulto
871 2303 1050 2335 meliorem
1068 2314 1152 2346 ope-

166 2367 237 2386 ram
279 2352 429 2396 lic-ipuli.
465 2366 502 2385 ac
546 2355 730 2386 universae
768 2354 959 2397 posteritati
1001 2353 1153 2386 navarit.

165 2405 263 2437 §aar
290 2405 420 2448 aliquid
448 2405 647 2437 addendum
666 2412 713 2437 est
730 2405 772 2437 (le
791 2405 866 2437 eius
890 2405 1044 2448 seriptis:
1074 2403 1152 2437 Pri-

166 2468 260 2488 mum
297 2455 495 2499 elo-pientia
531 2462 624 2488 tanta
660 2463 729 2493 est,
773 2463 810 2489 ut
842 2456 943 2497 longe.
971 2455 1153 2488 antecedat

165 2518 285 2537 munies
305 2507 456 2537 (nna-su<
474 2513 502 2538 et
527 2506 666 2538 Latinos
682 2514 848 2544 oratores,
868 2519 1018 2551 quorum
1036 2512 1151 2539 extant

166 2558 298 2589 literae.
355 2556 490 2588 Nullius
508 2565 553 2588 est
579 2558 690 2590 oratio
707 2558 850 2590 uberior
867 2571 903 2590 ac
921 2557 1152 2601 splendidior.

168 2607 204 2640 lu
224 2608 300 2639 aliis
319 2607 500 2639 laudamus
525 2609 707 2651 praecipue
726 2609 991 2653 proprietatem,
1020 2609 1055 2641 in
1074 2608 1152 2640 aliis

165 2659 333 2694 nitorem.
369 2671 405 2690 ac
432 2659 619 2699 lignrarum
643 2661 804 2699 deliciaS,
844 2659 941 2693 l'lato
967 2672 1055 2704 quae.
1078 2658 1150 2692 vult

165 2710 303 2753 proprie
327 2710 470 2746 efferre,
498 2709 541 2742 ita
567 2710 698 2752 signate
723 2712 830 2754 dicit,
855 2718 891 2744 ut
919 2708 1010 2744 nihil
1037 2710 1152 2755 aptius

869 131 1028 169 DECL.
1069 130 1142 167 DE
1173 128 1462 167 PLATONE.

2106 133 2183 172 420

1194 217 1338 261 cogitari
1355 215 1474 261 possit.
1526 214 1665 250 Rursus
1683 217 1812 261 quibus
1827 219 1903 253 vult
1921 219 2050 253 addere
2066 221 2186 264 splen-

1195 270 1316 302 dorem
1335 275 1368 301 et
1383 274 1611 307 ornamenta,
1644 266 1682 299 in
1698 264 1754 300 his
1772 268 1874 312 longe
1891 271 2001 304 vincit
2017 272 2186 306 varietate

1195 318 1509 363 amplificationum
1552 324 1586 351 et
1620 325 1800 352 venustate.
1839 319 2028 362 figurarum
2062 334 2187 355 omnes

1197 376 1362 404 oratores.
1422 367 1543 413 Itaque
1574 369 1742 401 nonnulli
1768 369 1950 411 dixerunt,
1984 371 2123 412 Iovem,
2157 373 2188 406 si

1197 420 1330 454 Graece
1348 420 1530 452 locuturus
1543 425 1648 460 esset,
1676 419 1836 453 Platonis
1852 432 1998 454 usurum
2015 424 2186 458 oratione.

1196 471 1356 505 Fuerunt
1372 471 1477 514 paulo
1494 470 1692 514 superiores
1709 469 1855 505 Platone
1873 469 2065 513 Rhetmes,
2089 473 2185 508 Gor-

1197 523 1280 566 gias,
1301 519 1586 567 Thrasymachus
1603 527 1636 554 et
1652 521 1710 553 alii
1729 521 1884 566 quidam,
1908 523 1968 567 qui
1987 523 2188 558 adolescen-

1198 580 1247 606 tes
1263 573 1469 606 exercebant
1486 572 1521 604 in
1539 572 1707 612 dicend03
1736 584 1816 605 narn
1834 585 1870 605 ea
1886 573 2070 617 disciplina
2087 586 2190 618 prae-

1198 624 1299 668 cipue
1334 630 1418 657 tunc
1451 623 1742 656 existimabantur
1774 623 1917 657 iuvenes
1945 625 1987 657 ad
2014 623 2192 669 Rempub.

1200 674 1432 718 praeparandi
1457 685 1540 708 esse.
1593 673 1668 707 Hos
1693 674 1776 719 quia
1801 671 1892 707 nihil
1919 675 2104 708 tradebant
2122 675 2191 710 nisi

1199 723 1393 758 rhetoricos
1423 725 1580 765 libellos,
1613 732 1645 758 et
1675 725 1949 759 assuefaciebant
1972 725 2192 760 iuventutem

1200 777 1243 809 ad
1262 776 1401 808 inanem
1421 776 1660 818 garrulitatem
1676 776 1751 809 sine
1770 788 1887 809 rerum
1908 777 2085 817 doctrina,
2112 789 2193 821 pas-

1201 827 1265 859 sim
1282 825 1382 860 Plato
1400 827 1487 859 salse
1503 826 1661 869 exagitat.
1713 826 1802 860 Nam
1827 839 1905 860 cum
1930 825 2020 860 nibil
2044 828 2088 861 sit
2105 827 2194 862 Rei-

1201 878 1285 922 pub.
1308 877 1560 920 perniciosius,
1588 888 1693 921 quarn
1713 878 1887 911 assuefieri
1912 885 2030 912 tenera
2052 879 2193 922 ingenia

1201 929 1245 961 ad
1267 925 1512 972 Sophisticen,
1542 926 1643 960 Plato
1668 928 1743 961 iure
1771 929 1896 962 exarsit
1920 931 2087 963 adversus
2118 930 2194 963 eius

1202 979 1323 1012 aetatis
1347 976 1542 1019 Rhetores,
1577 990 1729 1022 quorum
1757 979 1927 1023 palestrae
1958 987 2095 1014 tantum
2121 980 2193 1014 ale-

1202 1031 1287 1064 bant
1306 1027 1539 1074 Sophisticen.
1586 1028 1770 1073 Repressis
1789 1030 1896 1072 igitur
1912 1028 2039 1064 horum
2058 1031 2195 1072 studiis,

1203 1081 1307 1114 etiam
1345 1092 1404 1113 eos
1431 1081 1491 1125 qui
1519 1078 1736 1114 Rhetoricen
1764 1081 2022 1124 profitebantur
2055 1089 2195 1126 postea,

1203 1131 1296 1165 acuit
1321 1137 1354 1164 et
1378 1131 1558 1169 excitavit,
1586 1131 1739 1175 primum
1763 1139 1800 1164 ut
1824 1132 1996 1175 fugientes
2018 1130 2195 1177 Sophisti-

1203 1195 1286 1222 cen,
1313 1182 1408 1215 locos
1430 1194 1610 1215 causarum
1627 1194 1708 1215 vera
1733 1183 1883 1226 quadam
1906 1183 2041 1216 ratione
2063 1183 2195 1217 consti·-

1203 1240 1342 1267 tuerent
1365 1239 1398 1265 et
1416 1240 1619 1275 argumenta
1645 1245 1684 1265 ex
1712 1233 1936 1276 negociorum
1959 1234 2116 1268 sontibus
2134 1246 2194 1267 su·-

1204 1290 1359 1324 merent,
1392 1296 1465 1316 non
1490 1284 1674 1328 peregrina
1696 1290 1754 1316 aut
1782 1283 1938 1323 Poenica,
1973 1286 2030 1318 sed
2058 1293 2136 1329 apta
2161 1291 2194 1319 et

1203 1341 1436 1368 consentanea
1452 1335 1577 1373 rebus,
1604 1336 1647 1367 (le
1671 1335 1797 1379 quibus
1815 1335 2004 1368 dicendum
2024 1343 2104 1369 erat,
2145 1335 2194 1368 lii

1176 1394 1179 1408 ff
1204 1392 1284 1418 sunt
1301 1385 1470 1418 orationis
1488 1385 1609 1423 nervi,
1643 1385 1718 1417 sine
1735 1385 1863 1428 quihus
1887 1386 1989 1418 etiam
2009 1387 2036 1419 si
2053 1387 2143 1419 bella
2162 1392 2196 1420 et

1204 1437 1299 1469 varie
1329 1436 1418 1480 picta
1449 1437 1633 1476 dicuntur,
1674 1442 1789 1469 tamen
1821 1436 1932 1469 oratio
1965 1443 1996 1470 et
2023 1437 2139 1470 inanis
2163 1443 2196 1470 et

1205 1488 1320 1530 inepta
1339 1495 1400 1521 est.
1455 1485 1506 1520 Ac
1533 1483 1595 1519 hos
1617 1498 1743 1519 nervos
1764 1494 1900 1520 secutae
1923 1495 2004 1521 sunt
2027 1488 2130 1521 etiam
2157 1488 2194 1521 in

1204 1538 1420 1577 elocutione,
1451 1538 1582 1571 multae
1609 1538 1765 1580 egregiae
1790 1538 1953 1576 virtutes,
1987 1539 2137 1581 gravitas
2161 1545 2196 1573 et

1203 1589 1387 1632 splendor:
1422 1588 1538 1632 itaque
1561 1586 1810 1621 Demosthenis
1841 1589 1952 1621 oratio
1979 1602 2056 1622 cum
2091 1590 2197 1623 rebus

1205 1647 1277 1672 tum
1315 1639 1512 1671 elocutione
1540 1639 1643 1681 louge
1671 1646 1818 1682 praestat
1853 1647 2008 1672 veterum
2045 1640 2196 1684 scriptis.

1204 1689 1345 1724 llaheut
1372 1691 1542 1734 quaedam
1581 1690 1753 1723 lenocinia
1784 1697 1813 1722 et
1848 1690 2011 1723 flosculos
2040 1690 2195 1733 Gorgiae

1203 1741 1445 1773 oratiunculae
1474 1741 1550 1773 siue
1582 1741 1672 1773 veris
1700 1741 1933 1783 argumentis,
1969 1741 2043 1774 siue
2075 1743 2196 1786 splen-

1204 1793 1312 1830 dore,
1343 1792 1417 1824 sine
1441 1791 1713 1835 compositioue3
1753 1791 1874 1836 Lysiae
1892 1804 1972 1824 vero
1990 1800 2194 1835 argumenta

1204 1843 1339 1875 etiamsi
1365 1849 1447 1875 suut
1471 1850 1568 1886 apta,
1606 1850 1725 1876 tamen
1747 1849 1828 1875 sunt
1848 1843 2037 1885 exanguia,
2064 1850 2096 1877 et
2119 1844 2195 1877 sine

1205 1893 1330 1927 nitore.
1381 1891 1455 1926 Etsi
1487 1900 1603 1926 autem
1634 1893 1842 1936 compositio
1867 1900 1900 1926 et
1925 1894 2011 1927 ratio
2043 1895 2196 1928 ornandi

1206 1945 1345 1976 videtur
1369 1945 1413 1976 ab
1441 1943 1590 1977 lsocrate
1615 1944 1767 1987 primum
1795 1950 1969 1986 mutuata,
2001 1945 2062 1990 qui
2090 1945 2194 1989 paulo

1205 1995 1266 2027 suit
1294 1995 1406 2027 maior
1434 2002 1518 2027 natu
1543 2007 1646 2039 quam
1672 1993 1790 2035 Plato,
1824 2001 1939 2028 tamen
1973 1993 2138 2029 nonnihil
2162 2004 2195 2031 et

1206 2045 1363 2078 Platonis
1379 2046 1611 2079 elocutionem
1631 2047 1802 2089 profuisse
1820 2046 2072 2089 posterioribus
2087 2059 2196 2091 appa-

1206 2103 1268 2130 ret.
1320 2096 1477 2129 Consilia
1505 2109 1587 2129 vero
1609 2097 1644 2129 iu
1665 2096 1877 2130 inveniendo
1897 2098 1994 2129 nervi
2015 2105 2047 2131 et
2067 2098 2196 2142 ampli-

1206 2147 1383 2181 ficationes
1406 2148 1441 2180 iu
1459 2145 1697 2181 Demosthene
1719 2145 1810 2181 hand
1831 2147 1937 2180 dubie
1955 2147 2112 2182 Platonis
2128 2149 2195 2183 do-

1205 2198 1353 2231 ctrinam
1372 2199 1542 2232 redolent.
1597 2198 1684 2231 Nam
1703 2196 1956 2231 Demosthenes
1976 2212 2046 2233 uon
2072 2201 2195 2245 procul

1206 2250 1347 2282 accersit
1372 2256 1576 2292 argumenta
1599 2249 1712 2281 aliena
1732 2250 1775 2282 al»
1800 2250 1981 2290 instituto,
2008 2251 2197 2286 olfaciunt

1206 2299 1408 2344 sophistae,
1437 2302 1494 2333 sed
1511 2313 1549 2333 ea·
1568 2301 1791 2342 negociorum
1812 2302 1969 2335 sontibus
1985 2303 2091 2336 sumit
2112 2314 2197 2346 pro-

1207 2352 1299 2394 prias
1324 2353 1493 2392 rationes,
1527 2359 1564 2385 ut
1590 2353 1684 2384 deret
1718 2349 1898 2385 hominem
1932 2353 2129 2394 eruditum,
2161 2359 2195 2388 et

1207 2401 1267 2435 has
1284 2403 1490 2442 Dialectice,
1519 2415 1606 2446 pene
1626 2410 1661 2436 ut
1686 2403 1721 2436 lit
1748 2404 1781 2436 iu
1807 2401 1945 2443 schola,
1973 2416 2097 2447 magna
2119 2409 2194 2438 arte

1206 2455 1376 2491 contexit.
1410 2467 1448 2487 ac
1479 2454 1674 2498 plerumpu·
1709 2467 1868 2497 pugnans
1899 2455 2090 2488 sententias
2120 2467 2194 2488 non

1207 2506 1409 2549 populares,
1435 2507 1514 2543 sed.
1543 2513 1577 2538 ut
1597 2507 1640 2538 ita
1659 2506 1784 2542 dicam,
1813 2504 2054 2543 seliotastieas,
2079 2506 2112 2538 id
2133 2512 2195 2548 est,

1207 2570 1244 2588 ex
1282 2557 1440 2590 doctriua
1475 2559 1625 2601 quadam
1663 2557 1864 2595 gravissima
1898 2563 2012 2589 erutas
2048 2557 2195 2601 profert.

1207 2608 1301 2649 Quid
1318 2608 1520 2642 dubitemus
1537 2608 1641 2647 igitur
1656 2604 1939 2642 Demosthenem,
1969 2619 2038 2639 non
2057 2615 2193 2642 tantum

1207 2657 1390 2692 rhetoricis
1435 2659 1580 2699 libellis,
1621 2660 1679 2691 sed
1715 2654 1777 2690 liae
1810 2659 2002 2690 eruditiore
2032 2658 2192 2693 doctrina

1206 2711 1398 2754 expolitum
1422 2711 1554 2744 fuisse?
1594 2709 1643 2744 Ac
1669 2709 1838 2752 significat
1873 2709 1943 2753 ipse
1974 2722 2008 2742 se
2035 2709 2192 2744 Platonis
