2338 2958
96 120 168 156 153
597 117 754 157 DECL.
792 119 865 155 DE
898 116 1176 155 ENCOMIO
1210 118 1628 157 FORMICARUM.
2054 120 2126 158 154

92 208 194 252 gulae
219 217 299 240 suos
321 205 425 241 cives.
478 204 581 239 Nulla
605 212 677 240 tam
700 206 876 250 sapienter
895 205 1082 240 constituta
1133 206 1302 241 utilitates
1316 219 1381 250 pro
1395 207 1490 240 virili
1506 208 1675 248 iuvemus,
1698 208 1768 241 imo
1785 208 1958 253 quidquid
1975 220 2123 249 aramus,

92 258 214 293 civitas
241 257 309 290 fuit
337 268 516 302 unquam,
551 269 640 303 quae
671 259 714 290 ad
742 256 832 291 hanc
855 257 1082 290 formicarum
1134 257 1307 303 quidquid
1331 258 1494 299 serimus,
1522 259 1695 304 quidquid
1719 259 1900 299 metimus,
1927 261 1968 292 ad
1989 260 2121 303 patriae

91 309 252 354 politiam
278 307 430 340 conferri
449 308 569 351 possit.
620 307 709 341 Nam
729 320 808 342 cum
826 308 965 341 nullum
981 308 1082 341 urbi·
1132 309 1320 343 utilitatem
1347 309 1568 342 referendum
1588 322 1658 343 esse
1677 310 1924 344 existimemus.
1960 309 2122 355 Denique

89 361 156 394 bus
179 370 354 392 venenum
375 359 559 392 nocentius
578 359 641 397 sit,
670 371 774 404 quam
792 359 927 398 ocium,
956 359 1082 392 videtis
1105 327 1108 386 Ι
1132 359 1229 393 illius
1251 360 1397 393 salutem
1423 371 1461 392 ac
1485 361 1777 405 tranquillitatem
1804 361 2040 406 antiquiorem
2066 362 2122 393 di-

89 408 182 444 hanc
212 415 344 454 pestem
375 409 499 454 procul
528 410 572 443 ab
606 407 674 443 hoc
705 409 917 443 animalculo
952 410 1080 444 abesse.
1133 411 1282 453 gnitate,
1309 423 1348 443 ac
1366 410 1475 443 salute
1494 418 1630 451 nostra,
1658 413 1836 446 ducamus.
1889 410 1991 446 Hanc
2009 413 2122 445 virtu-

88 460 281 506 Nunquam
305 460 545 493 ardentissimi
569 468 682 494 aestus
700 472 718 493 a
737 461 857 494 labore
874 461 1081 502 absterrent,
1131 469 1199 496 tem
1218 461 1299 494 licet
1317 461 1353 493 in
1370 461 1526 494 formicis
1544 473 1685 494 cernere
1702 464 1744 495 ad
1765 475 1987 496 communem
2006 475 2120 501 usum,

88 523 161 545 non
183 518 291 545 noctu
309 523 437 544 vacuae
456 517 556 552 sunt,
582 512 674 556 quod
694 517 832 555 tempus
849 511 928 544 aliis
945 511 1081 545 anima-
1131 512 1296 546 adsiduas
1334 524 1456 556 operas
1495 513 1767 546 conserentibus.
1836 513 1978 547 'Videris
2015 526 2120 559 quam

88 563 183 597 libus
202 569 326 596 natura
345 563 386 595 ad
408 562 561 607 quietem
577 562 685 597 dedit.
737 561 819 595 Non
837 562 1081 606 magnitudine
1131 563 1322 596 multarum
1346 563 1517 596 virtutum
1541 564 1697 607 exempla
1721 564 1823 596 nobis
1848 564 2014 598 formicae
2038 577 2121 609 pro-

90 614 258 647 itinerum
287 620 346 646 aut
377 613 560 657 asperitate
590 613 726 646 viarum
750 613 935 656 defatigari
960 625 994 646 se
1020 625 1081 657 pa-
1131 620 1285 658 ponant,
1320 614 1363 647 ad
1395 625 1500 659 quam
1528 614 1717 658 imaginem
1743 614 1770 646 si
1795 615 1981 648 maximam
2004 613 2122 648 homi-

89 665 240 699 tiuntur.
290 663 361 697 Sed
383 675 484 708 saepe
498 675 537 696 ex
552 663 746 708 longinquo
762 664 980 698 frumentum
997 676 1082 697 con—
1131 677 1217 698 num
1248 672 1380 709 partem
1414 665 1623 705 contuleris,
1656 671 1782 710 quotus
1806 665 1953 711 quisque
1978 667 2043 700 erit
2065 664 2122 699 bis

88 713 290 749 vehendum
312 721 372 750 est.
425 713 536 758 Saepe
557 726 619 757 per
638 714 840 758 confragosa
860 727 938 748 saxa
955 726 1081 758 magna
1132 716 1322 749 virtutihus
1344 716 1548 759 praeditus?
1599 716 1699 749 Bona
1715 728 1794 759 pars
1812 717 2053 760 voluptatibus
2070 724 2122 750 at-

88 767 125 799 vi
154 777 261 811 grana
289 766 327 798 in
357 766 522 798 adversos
553 771 690 798 montes
722 766 964 809 protrudenda
988 772 1080 801 sunt.
1132 779 1199 811 que
1223 767 1299 800 ocio
1319 766 1447 807 dediti,
1479 767 1577 800 nulla
1596 768 1638 800 de
1654 779 1690 800 re
1708 767 1745 799 in
1764 767 1863 800 omni
1878 768 1949 801 vita
1968 775 2049 801 sunt
2065 780 2121 801 so·-

90 816 142 852 Ita
173 828 294 851 omnes
324 816 565 856 difficultates,
599 827 673 849 non
703 816 834 850 virium
862 817 1081 861 magnitudo,
1132 818 1239 858 liciti,
1267 829 1370 863 quam
1395 818 1438 850 de
1463 818 1628 851 convivio
1650 819 1872 862 adparando,
1898 825 1956 852 aut
1979 819 2057 852 aliis
2075 819 2122 851 si-

89 880 162 902 non
185 867 342 912 corporis
366 866 492 907 moles,
520 867 578 899 sed
605 867 717 899 animi
729 868 840 901 robur
858 874 890 901 et
908 867 1080 901 industria
1132 869 1276 902 milibus
1302 868 1544 912 voluptatibus
1567 869 1823 913 comparandis.
1879 869 2011 903 Seneca
2037 869 2122 902 scri-

89 926 247 964 superat,
289 924 328 951 ut
355 918 521 962 adpareat
552 915 609 950 hic
640 918 745 952 etiam
777 930 899 952 verum
932 931 1004 952 esse
1032 919 1080 957 id,
1130 920 1199 960 bit,
1227 919 1420 953 Pacuvium
1435 921 1611 964 quendam
1630 927 1827 964 praetorem
1842 920 1988 966 inSyria
2006 920 2123 960 fuisse,

89 970 185 1016 quod
215 976 265 1002 est
297 969 390 1013 apud
416 967 636 1002 Historicum
666 970 860 1014 quendam,
894 967 987 1002 nibil
1009 976 1079 1002 tam
1131 970 1190 1015 qui
1207 970 1366 1015 quotidie
1383 970 1567 1014 splendide
1584 971 1807 1011 convivatus,
1835 983 1913 1005 cum
1930 984 1964 1004 se
1980 972 2121 1015 copioso

88 1022 198 1055 altum
222 1032 239 1053 a
264 1026 387 1053 natura
412 1020 642 1052 constitutum
668 1031 758 1061 esse,
786 1032 855 1065 quo
880 1032 953 1053 non
972 1020 1081 1064 possit
1130 1021 1214 1053 vino
1234 1022 1277 1053 de
1295 1021 1351 1053 die
1370 1021 1634 1065 ingurgitasset,
1660 1022 1785 1055 solitus
1801 1022 1845 1055 sit
1863 1022 1999 1065 vesperi
2016 1022 2123 1054 funus

87 1072 201 1105 virtus
227 1070 324 1104 eniti.
379 1069 460 1103 Non
483 1070 641 1105 dubium.
659 1077 711 1103 est
735 1077 871 1111 autem,
907 1083 1015 1116 quum
1041 1077 1081 1104 ut
1131 1072 1197 1105 sibi
1230 1072 1418 1116 adparare,
1453 1084 1626 1105 accersere
1654 1073 1834 1113 tibicines,
1869 1073 1929 1117 qui
1956 1073 2123 1106 funebres

87 1122 206 1156 omnia
223 1133 263 1154 ex
280 1121 356 1154 ocio
374 1120 459 1153 vitia
477 1127 690 1162 nascuntur,
715 1121 762 1154 ita
780 1122 880 1155 labor
896 1122 1080 1166 plerasque
1130 1123 1253 1156 modos
1278 1130 1461 1163 canerent,
1489 1130 1521 1156 et
1548 1121 1614 1156 hoc
1639 1135 1747 1166 genus
1770 1124 1837 1157 alia
1861 1136 1983 1157 curare
2007 1125 2048 1157 ad
2066 1124 2124 1156 su-

87 1170 344 1217 pulcherrimas
367 1171 514 1204 virtutes
535 1171 664 1214 gignat.
733 1171 978 1215 ProindeUnec
1004 1184 1080 1205 cae-
1130 1173 1224 1206 neris
1240 1174 1389 1217 speciem
1407 1175 1751 1218 repraesentandam.
1786 1174 1818 1208 A
1836 1187 1941 1208 coena
1958 1187 2037 1208 cum
2053 1174 2123 1207 iam

86 1231 180 1258 terae
197 1223 343 1255 virtutes
359 1221 486 1255 desunt
500 1219 583 1255 huic
600 1222 732 1265 generi.
787 1222 876 1265 Quis
895 1223 987 1256 enim
1006 1235 1078 1256 non
1131 1225 1303 1258 sustinere
1327 1236 1362 1257 se
1388 1225 1506 1258 ebrius
1528 1237 1601 1258 non
1621 1232 1755 1270 posset,
1782 1226 1927 1259 iubebat
1943 1238 1976 1259 se
1995 1225 2122 1258 lectulo

86 1275 185 1308 videt
207 1273 421 1317 singularem
446 1273 604 1306 iusticiae
627 1273 847 1307 intellectum
867 1274 903 1306 in
921 1274 969 1307 eis
985 1274 1080 1307 esse?
1130 1276 1352 1320 impositum,
1381 1282 1547 1320 tanquam
1578 1277 1684 1309 funus
1716 1277 1839 1309 inferri
1860 1277 1896 1309 in
1920 1277 2123 1310 cubiculum

86 1325 170 1370 quia
191 1331 303 1358 certos
319 1324 394 1357 dies
410 1323 631 1357 constituunt
650 1325 942 1367 recognoscendis
959 1325 1079 1357 oneri·
1131 1333 1163 1359 et
1194 1327 1326 1359 cantari
1356 1327 1523 1359 funebres
1547 1328 1688 1359 modos:
1722 1325 1900 1372 βεβίωται
1930 1324 2122 1372 βερἾωττιι.

85 1377 170 1417 bu5‚
198 1381 238 1408 ut
267 1375 393 1419 cuique
423 1374 555 1417 agmini
580 1386 682 1407 suum
708 1381 827 1407 tenere
849 1375 924 1408 siue
950 1375 1078 1407 iniuria
1132 1376 1313 1409 Iudicabat
1337 1377 1431 1408 enim
1454 1389 1533 1409 eum
1550 1378 1692 1410 demum
1711 1378 1803 1411 diem
1823 1379 1999 1421 praeclare
2016 1390 2050 1411 se
2069 1379 2123 1410 vi-

86 1427 200 1461 liceat.
253 1424 370 1458 Facile
401 1431 452 1458 est
482 1424 577 1457 enim
606 1424 650 1457 ab
672 1424 787 1458 alieno
813 1425 988 1458 abstinere
1013 1423 1079 1463 his,
1131 1427 1240 1465 xisse,
1267 1439 1335 1471 quo
1360 1426 1406 1460 ita
1431 1433 1518 1460 esset
1543 1428 1764 1461 convivatus:
1793 1440 1857 1461 nec
1880 1430 2028 1462 ducebat
2051 1440 2123 1462 esse

86 1477 217 1523 quibus
241 1476 279 1508 in
301 1487 362 1509 sua
383 1475 513 1509 virtute
529 1475 775 1520 industriaque
791 1487 868 1519 spes
887 1476 997 1519 posita
1015 1482 1077 1516 est,
1131 1477 1237 1509 vitam
1270 1477 1536 1520 adpellandam,
1584 1490 1662 1511 cum
1694 1491 1767 1511 non
1799 1480 1918 1513 liceret
1948 1480 2123 1513 eiusmodi

86 1529 146 1561 sed
162 1527 215 1561 illi
230 1527 291 1572 qui
308 1538 385 1559 cum
402 1537 465 1570 per
481 1525 602 1558 luxum
618 1531 722 1570 atque
738 1526 905 1559 libidines
918 1538 979 1559 sua
991 1525 1079 1558 effu-
1130 1527 1373 1569 voluptatibus
1396 1527 1542 1571 perfrui.
1597 1527 1686 1570 Quis
1707 1541 1779 1561 non
1805 1537 1932 1564 statuat
1954 1532 2032 1575 plus
2052 1543 2124 1565 esse

85 1580 234 1619 derunt,
277 1583 395 1622 postea
432 1576 606 1609 rationem
640 1576 783 1617 ineunt,
825 1577 1004 1621 quomodo
1036 1577 1079 1609 de
1130 1577 1258 1611 mentis
1283 1578 1472 1619 formicae,
1499 1590 1604 1623 quam
1630 1577 1712 1612 huic
1733 1579 1905 1622 Pacuvio,
1930 1582 1989 1626 qui
2014 1582 2122 1616 vitam

85 1630 201 1664 alieno
226 1626 427 1662 beluentur.
486 1625 581 1659 Hinc
606 1626 643 1659 in
667 1627 867 1660 civitatibus
891 1639 1003 1660 novae
1027 1634 1079 1660 ta-
1132 1626 1268 1661 homini
1292 1625 1383 1661 hanc
1400 1641 1507 1662 unam
1528 1630 1570 1662 ad
1589 1641 1681 1671 rem,
1709 1631 1751 1663 ad
1768 1633 1942 1675 pecudum
1961 1633 2123 1677 volupta-

84 1681 190 1715 bulae
228 1679 422 1723 flagitatae,
467 1677 559 1711 bella
596 1677 713 1711 civilia
741 1685 774 1712 et
802 1678 1079 1711 innumerabilia
1132 1686 1182 1713 tes
1205 1680 1454 1723 perfruendas,
1482 1680 1599 1713 datam
1621 1693 1691 1714 esse
1708 1682 1882 1715 credidit'.>
1934 1682 1980 1716 Et
1999 1696 2123 1729 quam-

84 1732 153 1766 alia
173 1730 279 1771 mala,
306 1741 394 1775 quae
411 1728 540 1762 civium
559 1728 733 1762 discordia
751 1729 861 1774 parit,
886 1736 967 1763 nata
986 1735 1076 1763 sunt.
1131 1730 1183 1763 vis
1199 1730 1395 1774 exemplum
1405 1729 1550 1763 Pacuvii
1566 1731 1602 1763 in
1617 1732 1738 1766 funere
1755 1733 1915 1767 faciendo
1933 1747 2005 1767 non
2019 1735 2124 1768 multi

85 1782 184 1826 Quid
221 1788 337 1815 autem
377 1780 419 1813 de
449 1779 663 1824 parsimonia
693 1780 921 1813 formicarum
953 1780 1078 1820 dicam,
1132 1781 1335 1824 imitentur,
1365 1782 1489 1825 dogma
1512 1788 1627 1814 tamen
1650 1781 1716 1816 hoc
1734 1785 1952 1827 praeclarum
1972 1786 2121 1819 maxima

87 1844 175 1878 quae
195 1832 234 1864 in
255 1829 322 1865 hoc
343 1842 468 1873 genere
485 1831 635 1863 maxime
654 1831 834 1864 cernitur?
884 1830 966 1863 Non
984 1830 1077 1863 enim
1131 1843 1211 1876 pars
1233 1829 1419 1864 hominum
1444 1833 1648 1876 profitetur,
1671 1834 1730 1879 qui
1757 1833 1848 1868 nibil
1874 1836 1909 1868 in
1933 1836 2031 1869 omni
2051 1837 2122 1870 vita

85 1889 224 1917 tantum
249 1881 287 1914 in
311 1891 474 1925 praesens
499 1880 566 1913 sibi
588 1881 797 1922 consulunt,
833 1882 890 1914 sed
917 1893 1078 1925 compar-
1131 1882 1277 1925 dignum
1304 1879 1449 1916 homine
1470 1884 1666 1928 suscipiunt
1685 1897 1723 1918 ac
1741 1893 1883 1929 gerunt,
1911 1887 1971 1919 sed
1989 1887 2024 1920 in
2043 1887 2121 1921 ocio

86 1940 188 1975 cunt,
215 1938 248 1965 et
271 1931 491 1977 prospiciunt
514 1931 581 1963 sibi
603 1931 640 1963 in
657 1931 833 1965 futurum:
861 1944 949 1977 quae
965 1932 1077 1965 virtus
1132 1940 1165 1966 et
1187 1933 1281 1966 inter
1302 1934 1428 1977 pocula
1453 1935 1636 1968 temulenti
1660 1943 1806 1969 aetatem
1829 1937 1982 1980 exigunt.
2050 1937 2121 1971 Sed

86 1996 165 2018 cum
198 1995 260 2028 per
296 1994 369 2016 sese
400 1993 525 2025 magna
555 1981 601 2015 sit
630 1988 663 2015 et
687 1982 924 2023 admirabilis,
958 1989 1076 2016 tamen
1131 1984 1299 2029 quoniam
1322 1996 1488 2018 sanorum
1515 1982 1699 2019 hominum
1727 1987 1876 2028 iudicio,
1902 1995 2040 2022 ventres
2064 1989 2121 2023 isti

84 2032 154 2069 hoc
173 2034 275 2068 etiam
296 2032 429 2077 gratior
446 2043 518 2065 esse
534 2033 636 2065 debet
653 2033 837 2074 omnibus,
864 2034 957 2079 quod
976 2034 1076 2067 iusti-
1130 2047 1203 2068 non
1229 2032 1407 2074 homines,
1436 2037 1493 2068 sed
1514 2037 1631 2069 verius
1649 2044 1804 2071 monstra
1823 2035 2008 2073 hominum
2027 2047 2121 2080 sunt,

84 2086 158 2120 ciae
178 2084 288 2118 veluti
312 2090 427 2117 custos
449 2090 509 2117 est.
562 2082 684 2128 Neque
707 2084 801 2117 enim
823 2085 973 2118 tolerare
995 2085 1076 2118 infi-
1130 2086 1252 2119 desino
1269 2086 1433 2120 formicas
1448 2099 1527 2120 cum
1545 2084 1598 2120 bis
1614 2088 1790 2129 conferre,
1817 2101 1906 2133 quos
1922 2102 1994 2123 non
2013 2092 2120 2124 modo

83 2137 177 2171 nitos
194 2136 276 2169 illos
297 2141 456 2179 sumptus
474 2134 549 2168 sine
568 2134 684 2167 alieno
703 2135 902 2169 decoctores
920 2143 1076 2180 possunt,
1128 2137 1355 2170 formicarum
1379 2138 1534 2181 exempla
1547 2162 1556 2175 ,
1583 2139 1642 2170 sed
1667 2151 1710 2171 ne
1732 2140 1873 2184 quidem
1891 2141 2052 2185 publicae
2071 2142 2121 2175 le-

84 2188 144 2221 sed
160 2188 264 2230 longe
278 2185 482 2229 dignissima
499 2185 594 2219 bono
611 2185 686 2218 cive
703 2185 815 2219 virtus
828 2193 897 2227 est,
925 2186 962 2219 in
979 2199 1076 2220 com-
1101 2209 1102 2213 =
1128 2198 1186 2230 ges
1203 2187 1385 2221 sanitatem
1403 2200 1566 2221 revocare
1582 2196 1740 2232 possunt.
1775 2190 1881 2224 Nulla
1896 2198 2011 2225 autem
2027 2193 2121 2226 inter

82 2250 191 2273 mune
213 2248 400 2282 quaerere,
432 2243 466 2270 et
489 2237 690 2270 communia
715 2237 808 2270 bona
832 2249 968 2271 summa
991 2238 1075 2271 dili-
1128 2249 1250 2271 omnes
1272 2238 1393 2272 laudes
1414 2239 1641 2272 formicarum
1660 2240 1812 2284 amplior
1830 2253 1901 2275 esse
1915 2240 2003 2275 mibi
2020 2244 2119 2277 vide-

82 2289 199 2334 gentia
225 2299 362 2331 augere.
414 2286 515 2330 Quae
538 2298 592 2320 res
609 2287 702 2320 enim
721 2288 789 2321 alia
807 2288 972 2322 omnibus
989 2289 1075 2322 civi·
1127 2296 1203 2329 tur,
1231 2301 1334 2334 quam
1357 2301 1394 2322 ea
1418 2301 1505 2334 quae
1527 2291 1620 2334 apud
1638 2289 1866 2325 Solomonem
1885 2300 1951 2335 est;
1979 2294 2008 2327 is
2024 2294 2118 2327 enim

83 2340 215 2375 tatibus
239 2339 345 2373 exitio
370 2344 440 2379 est,
467 2350 571 2384 quam
596 2339 690 2383 quod
716 2339 849 2382 privata
867 2339 980 2378 bona,
1006 2352 1075 2384 pu-
1127 2340 1260 2385 inquit:
1287 2340 1451 2373 formicas
1475 2353 1547 2373 non
1573 2342 1680 2375 modo
1697 2343 1841 2383 stultos,
1869 2345 1927 2377 sed
1945 2345 2118 2388 sapientes

81 2391 185 2425 blicis
197 2389 410 2424 utilitatibus
425 2388 584 2434 plerique
599 2400 720 2422 omnes
735 2390 957 2424 anteferunt?
1008 2388 1075 2425 At-
1127 2391 1259 2424 anteire
1283 2391 1481 2435 prudentia.
1534 2391 1656 2437 Neque
1681 2405 1763 2437 ego,
1790 2394 1857 2427 nisi
1883 2401 1951 2428 tam
1976 2407 2116 2439 gravem

82 2442 145 2488 qui
169 2442 217 2476 ita
243 2440 374 2474 sentire
396 2451 461 2473 nos
485 2439 659 2484 oportuit,
686 2441 853 2486 quoniam
872 2441 1004 2485 patriae
1019 2452 1074 2475 sa-
1126 2449 1284 2475 autorem
1310 2439 1493 2482 haberem,
1521 2443 1686 2476 auderem
1711 2441 1778 2477 hoc
1795 2446 2009 2488 paradoxum
2027 2447 2119 2481 inter

31 2521 33 2524 .
82 2493 176 2534 lute,
206 2498 326 2525 nostra
351 2490 445 2524 salus
469 2491 690 2533 continetur,
717 2497 751 2525 et
775 2492 943 2537 quoniam
965 2492 1032 2536 ipsi
1055 2504 1074 2526 a
1126 2492 1347 2525 doctissimos
1372 2490 1534 2526 homines
1561 2494 1688 2527 dicere.
1757 2494 1824 2529 Sed
1848 2497 1929 2541 quia
1953 2497 2117 2531 formica-

82 2543 195 2588 patria
219 2543 257 2576 in
283 2554 351 2588 qua
377 2541 470 2580 nati,
504 2540 661 2581 educati,
696 2543 739 2575 ad
762 2539 1017 2577 humanitatem
1041 2549 1074 2576 et
1124 2555 1203 2576 rum
1230 2543 1350 2576 laudes
1373 2543 1537 2587 colligere
1558 2544 1713 2586 institui,
1740 2558 1812 2579 non
1828 2547 1895 2580 fuit
1912 2545 1996 2581 haee
2014 2560 2115 2592 prae—

81 2593 289 2638 religionem
315 2592 469 2626 instituti
499 2604 638 2632 sumus,
673 2593 771 2627 cuius
803 2593 938 2637 legibus
965 2594 1072 2627 vitam
1098 2616 1100 2629 ι
1125 2595 1305 2634 tereunda‚
1332 2595 1536 2637 praesertim
1552 2607 1631 2629 cum
1650 2603 1738 2629 esset
1755 2598 1981 2641 amplissima.
2017 2598 2113 2639 Quid

81 2651 238 2679 nostram
253 2655 292 2677 ac
308 2644 471 2678 fortunae
487 2643 726 2684 defendimus,
751 2650 821 2678 tam
838 2645 948 2679 multa
963 2645 1074 2678 bene-
1097 2634 1100 2692 f
1122 2645 1254 2678 audio?
1280 2645 1444 2679 omnibus
1462 2643 1764 2690 Philosophorum
1782 2646 1921 2687 scholis,
1951 2649 2115 2682 omnibus

81 2695 157 2730 ficia
180 2694 395 2739 accepimus,
421 2706 572 2740 aequum
597 2705 686 2735 esse,
712 2701 753 2729 ut
772 2706 836 2729 nos
853 2695 958 2730 etiam
975 2696 1072 2729 illius
1095 2711 1100 2736 1
1121 2694 1344 2741 Rerumpub.
1363 2696 1679 2740 gubernatoribus,
1706 2698 1860 2744 denique
1878 2699 2042 2733 omnibus
2059 2711 2114 2733 sa-
