2338 2958
50 130 51 135 ¹
90 121 160 157 861

88 205 207 238 cebras
231 210 422 243 sectamur,
448 203 591 236 interim
614 204 717 237 etiam
735 204 930 238 doctrinam
945 205 988 237 de
1011 216 1071 247 pa-

87 262 187 289 terno
205 255 314 299 ipsius
332 264 410 296 erga
428 265 492 287 nos
507 266 642 294 amore,
675 255 718 287 dc
735 255 934 288 obedientia
952 262 1070 288 nostra

86 317 166 348 erga
197 306 328 349 ipsum,
363 305 476 349 deque
507 311 647 338 aeterua
675 305 786 338 salute
814 317 853 338 ac
883 305 1069 339 foelicitate

49 385 53 393 ,
85 363 202 390 nostra
218 355 322 388 simul
338 352 654 398 apprehendamus,

36 435 37 438 ,
187 405 304 450 thue
322 417 400 438 cum
424 417 587 439 serenum
610 405 764 445 coelum,
790 417 869 439 cum
892 404 1068 448 tempesti-

37 470 39 474 ⁴
81 468 165 489 vum
181 456 349 493 imbrem,
378 468 456 489 cum
473 457 610 496 cibum,
637 468 715 489 cum
738 462 880 499 potum,
906 467 984 488 cum
1004 455 1067 487 bo-

81 518 162 539 nam
182 506 440 546 valetudinem,
472 518 609 550 pacem,
635 507 772 550 aliaque
792 506 826 538 id
847 516 956 548 genus
976 506 1066 537 vitae

46 587 47 594 ,
80 558 273 601 praesentis
299 557 482 590 commoda
513 558 616 589 nobis
649 557 813 599 largitur:
854 558 898 588 ab
919 553 974 588 his
996 555 1066 587 ele-

44 603 45 606 *
79 608 206 640 mentis
230 607 305 640 vult
335 619 398 640 nos
429 608 610 650 progredi,
644 619 682 640 ac
709 607 924 639 voluntatem
955 617 1065 645 suam,

78 658 378 697 benevolentiam,
422 658 584 700 pietatem
619 664 651 690 et
691 657 852 690 affectum
879 657 1063 701 plusquam

77 716 260 751 paternum
278 720 356 751 erga
374 719 437 740 nos
453 719 650 749 agnoscere,
675 715 711 740 ut
730 708 858 740 deinde
877 714 910 740 et
924 714 1062 741 aeterna

76 759 169 791 bona
191 760 234 792 ab
260 760 335 802 ipso
365 770 503 801 sperare
529 765 632 802 atque
666 764 799 801 petere,
832 765 935 802 atque
961 758 1062 791 etiam

74 810 231 853 accipere
254 809 438 843 discamus.
491 807 540 841 Ita
567 810 650 841 dum
679 805 950 849 Arithmeticae,
979 807 1063 841 Mu—

74 860 181 898 sicae,
209 859 389 893 doctrinae
406 859 449 891 (le
474 859 628 891 motibus
645 859 848 892 coelestium
866 871 1063 903 corporum,

73 911 116 942 ‹le
135 917 259 943 natura
278 922 414 949 rerum,
442 908 661 947 Medicinae,
691 922 842 949 morum,
870 910 996 952 legum,
1025 921 1062 941 ac

73 961 271 994 officiorum
289 960 458 999 civilium,
471 960 688 1004 aliarumque
705 960 987 992 dulcissimarum
1006 972 1060 992 ar-

70 1011 159 1044 tium
176 1011 394 1050 doctrinam,
424 1023 484 1053 per
509 1009 599 1043 hanc
625 1011 727 1042 nobis
753 1011 907 1053 linguam
934 1022 1061 1054 suppe-

71 1061 176 1102 ditat,
209 1062 253 1094 ab
282 1062 399 1093 eadem
430 1073 493 1093 nos
520 1073 661 1105 quoque
686 1061 760 1093 vult
789 1067 904 1104 petere
929 1061 1060 1093 doctri-

40 1129 43 1138 ι
69 1124 152 1145 nam
170 1114 212 1145 (le
236 1112 386 1145 aeternis
409 1112 480 1143 suis
507 1112 627 1149 bonis,
655 1123 759 1154 quam
779 1123 847 1143 una
871 1123 950 1143 cum
976 1111 1059 1154 ipsis

39 1186 43 1204 ,.
69 1163 173 1195 bonis
202 1163 304 1195 nobis
334 1162 520 1205 praecipue
544 1161 641 1204 cupit
667 1161 850 1204 impertiri.
909 1161 998 1194 Nam
1021 1170 1059 1195 ut

39 1230 41 1234 .
68 1224 148 1245 vere
173 1220 205 1246 et
229 1213 284 1256 pie
307 1212 394 1244 dixit
416 1212 485 1244 ille.
548 1210 653 1243 Nulla
680 1223 777 1243 mens
809 1210 962 1244 humana
989 1220 1057 1245 tam

40 1287 41 1290 =
67 1274 170 1296 avara
189 1270 223 1297 et
241 1262 366 1306 cupida
390 1269 502 1306 potest
519 1274 590 1294 esse
609 1261 802 1305 accipiendi
828 1263 919 1294 bona
939 1275 956 1294 a
976 1262 1059 1303 Deo,

38 1316 41 1325 ’
66 1325 171 1358 quam
190 1314 316 1357 cupida
337 1320 369 1345 et
395 1321 553 1356 prompta
578 1319 627 1345 est
644 1320 766 1345 natura
785 1313 903 1344 divina
929 1315 970 1344 ad
988 1314 1058 1345 lar-

2 1399 8 1403 ,
66 1364 247 1406 git-ndum.
298 1361 387 1396 Cum
407 1363 513 1406 igitur
539 1363 567 1394 is
586 1363 647 1407 qui
673 1363 793 1402 offert,
820 1363 880 1408 qui
898 1365 980 1395 dare
997 1376 1057 1396 cu-

38 1435 39 1438 =
65 1415 117 1458 pit
138 1414 366 1453 effusissime,
394 1421 425 1446 et
449 1413 591 1458 quidem
619 1413 757 1446 infinita
780 1413 893 1454 bona,
920 1421 1056 1457 praesto

1 1500 7 1505 ,
64 1465 175 1505 adsit,
203 1473 235 1498 et
254 1471 292 1497 ut
307 1464 528 1507 accipiamus,
559 1461 736 1504 hortetur,
767 1464 904 1504 invitet,
932 1466 1056 1499 obtru-

38 1522 39 1527 ’
63 1517 121 1549 dat
139 1515 291 1560 denique
309 1515 410 1547 nobis
427 1527 488 1547 sua
505 1516 613 1546 dona:
642 1521 770 1559 quanta
788 1515 894 1548 suerit
912 1516 1055 1549 caecitas

63 1573 202 1606 nostra,
230 1572 362 1611 quanta
386 1565 619 1608 ingratitudo,
648 1565 857 1610 quantisque
874 1578 911 1598 ea
935 1568 1056 1609 poenis

62 1616 298 1650 infernalibus
312 1616 430 1659 digna,
449 1616 477 1648 si
496 1613 590 1648 hunc
606 1621 754 1655 tantum,
773 1622 842 1648 tam
862 1617 1054 1659 benignum

61 1679 101 1700 ac
133 1666 337 1700 munificum
374 1667 550 1706 datorem,
591 1678 671 1698 cum
703 1667 774 1699 suis
810 1668 916 1700 tantis
951 1668 1054 1700 donis

61 1717 292 1762 respuamus?

164 1767 233 1802 Sed
258 1779 330 1800 non
350 1768 408 1800 dat
426 1767 485 1799 ille
510 1767 715 1799 nolentibus
737 1779 775 1800 ac
801 1769 1054 1806 recusantibus,

35 1842 37 1847 ,
61 1831 134 1851 non
153 1819 211 1851 dat
229 1818 531 1860 contemptoribus
556 1829 700 1849 suorum
720 1818 986 1850 beneficiorum:
1014 1826 1053 1851 ut

34 1903 37 1908 ,
60 1869 168 1911 igitur
191 1868 420 1911 accipiamus,
455 1880 581 1911 cupere
608 1879 672 1899 nos
702 1874 734 1900 et
762 1874 876 1910 petere
903 1876 1052 1912 oportet.

0 1955 5 1959 ,
32 1917 107 1989 {Et
130 1925 263 1963 quanto
293 1918 430 1950 avidius
454 1918 651 1961 cupiemus,
686 1925 817 1961 quanto
847 1919 1053 1961 improbiuS,

59 1971 132 2003 imo
159 1981 241 2001 vero
266 1976 398 2013 quanto
424 1967 663 2011 importunius
695 1968 920 2009 instabimus,
955 1976 1050 2003 tanto

33 2039 37 2064 μ
57 2021 198 2065 plenius
216 2020 275 2052 ille
299 2019 390 2052 bona
409 2030 469 2051 sua
489 2019 523 2051 in
541 2030 605 2051 nos
626 2018 791 2051 effundet.
845 2018 948 2052 Tunc
966 2032 1049 2053 vero

33 2069 38 2098 Ῡ
58 2083 184 2115 cupere
219 2081 282 2103 nos
319 2070 574 2109 indicabimus,
615 2081 694 2100 cum
731 2069 914 2102 coelestem
951 2071 1048 2103 verbi

57 2122 167 2166 ipsius
187 2121 402 2159 doctrinam,
431 2132 518 2165 quae
536 2119 694 2152 omnium
718 2116 846 2152 horum
871 2121 1047 2154 bonorum

55 2173 201 2206 unicum
220 2183 312 2215 penu
328 2179 396 2212 est,
423 2171 600 2208 sitiemus,
628 2182 705 2202 cum
727 2182 800 2202 eam
821 2171 893 2203 dies
911 2179 1048 2206 noctes-

56 2235 124 2268 que
147 2221 416 2261 meditabimur,
443 2223 479 2254 in
504 2233 613 2266 eaque
640 2227 790 2253 mentem
809 2232 847 2253 ac
865 2222 1047 2265 cogitatio-

56 2285 135 2307 nem
155 2273 284 2315 iugiter
302 2272 557 2316 pervolvemuS.

156 2322 273 2368 Atque
293 2329 332 2356 ut
354 2323 388 2355 id
413 2330 504 2356 recte
528 2335 566 2355 ac
592 2323 774 2356 commode
797 2322 910 2355 facere
933 2325 1045 2367 possi-

32 2387 152 2415 mus,
187 2373 399 2417 cognitionis
428 2373 502 2406 eius
529 2374 686 2417 linguae,
721 2385 788 2417 qua
819 2385 856 2406 ea
886 2375 1044 2408 doctrina

32 2426 35 2436 ’
54 2425 223 2465 traditur,
254 2425 360 2458 nobis
383 2436 472 2468 opus
496 2424 574 2458 erit.
627 2423 715 2457 Nam
740 2423 767 2456 si
790 2424 851 2456 filii
872 2424 920 2466 pii
942 2432 1044 2470 atque

31 2487 133 2519 ,erga
164 2483 296 2519 patrem
329 2473 521 2522 εὔστοργοι
554 2475 700 2515 erimus,
735 2486 861 2518 nempe
888 2475 1042 2519 linguam

31 2517 35 2542 ⁸
53 2526 262 2570 pientissimi
283 2525 435 2570 parentis
453 2526 584 2558 discere
600 2532 703 2570 atque
720 2525 822 2558 etiam
843 2525 985 2567 imitari,
1011 2534 1043 2560 et

54 2577 248 2621 exprimere
265 2576 493 2609 studebimus.

154 2625 330 2661 Prolixior
356 2627 424 2667 fui,
452 2639 557 2671 quam
577 2627 756 2667 volebam,
785 2626 821 2659 in
850 2639 950 2660 causa
973 2628 1041 2663 mi-

519 116 676 154 DECL.
712 117 783 153 DE
817 118 1056 154 STUDIIS
1090 117 1354 155 LINGUAE
1391 117 1681 155 GRAECAE.

53 2678 148 2711 nime
165 2678 288 2711 dubia:
317 2690 430 2723 neque
443 2678 481 2711 in
498 2677 693 2722 praesentia
708 2689 786 2710 cum
804 2677 874 2711 illis
889 2678 1041 2720 rixabor,
1064 2699 1066 2705 ·

2039 124 2112 160 862

1123 216 1210 248 quos
1235 204 1290 237 vel
1314 216 1412 238 caeca
1437 205 1611 248 cupiditas
1635 216 1715 246 sua,
1747 206 1802 239 vel
1827 217 1926 239 error
1947 219 1964 239 a
1991 215 2109 242 satana

1122 255 1295 295 obiectus,
1322 255 1376 288 vel
1393 255 1534 299 propria
1560 255 1699 289 malicia
1715 267 1754 289 ac
1773 257 1874 290 furor
1893 264 2106 292 transversos

1121 305 1263 349 abripit,
1281 311 1318 338 ut
1333 305 1451 338 omnia
1466 303 1550 339 haec
1562 307 1654 339 dona
1669 306 1788 340 divina
1800 308 1855 340 vel
1871 314 2109 349 contemnant,

1121 356 1176 387 vel
1200 355 1396 398 negligant,
1423 356 1478 388 vel
1500 357 1648 399 superbe
1669 357 1852 392 derideant
1877 358 2000 399 etiam,
2026 359 2108 391 satis

1121 405 1173 437 illi
1193 406 1310 438 miseri
1330 412 1432 443 sunt,
1460 413 1493 439 et
1518 418 1712 449 poenarum
1739 408 1898 441 omnium
1921 409 2107 442 maximam

1120 455 1304 489 sustinent.
1354 455 1445 489 Sunt
1461 456 1554 488 enim
1569 458 1724 500 oppressi
1744 459 1924 499 caecitate,
1951 459 2105 492 satanico

1120 518 1256 546 errore,
1288 506 1509 548 ignoratione
1541 512 1574 538 et
1608 507 1689 540 odio
1717 506 1801 548 Dei,
1838 516 1941 554 atque
1967 516 2107 543 aeterna

1120 564 1247 597 morte,
1274 556 1403 600 quibus
1427 556 1548 600 poenis
1574 557 1671 590 nulla
1696 569 1740 590 ne
1761 560 1851 602 apud
1880 560 2010 593 inferos
2027 560 2107 605 qui-

1118 608 1196 640 dem
1215 606 1367 640 atrocior
1383 617 1453 639 esse
1471 613 1592 650 potest.

1199 657 1267 691 Sed
1287 657 1367 702 quia
1381 664 1414 690 et
1430 658 1472 690 de
1490 657 1567 689 aliis
1582 657 1777 701 disciplinis
1792 659 2006 693 mentionem
2024 660 2107 693 seci-

1118 720 1213 748 mus,
1238 719 1324 753 quas
1349 705 1433 740 haec
1459 708 1578 750 lingua
1605 709 1778 749 continet,
1806 710 1849 742 de
1872 710 1943 742 illis
1966 722 2106 754 quoque

1117 758 1250 804 aliquid
1277 755 1366 790 mihi
1390 759 1634 801 attingendum
1653 759 1803 793 videtur.
1856 759 2018 794 Diximus
2038 761 2106 792 lin-

1116 821 1218 852 guam
1244 808 1436 849 Graecam,
1469 809 1667 851 magistram
1690 817 1723 843 et
1747 810 1846 855 quasi
1868 811 1999 844 fontem
2025 822 2106 851 esse,

1117 872 1190 893 non
1208 866 1344 893 tantum
1363 859 1521 892 coelestis
1540 860 1739 902 doctrinae,
1761 862 1821 894 sed
1840 868 1872 894 et
1891 862 2106 906 reliquarum

1116 910 1243 944 artium
1256 937 1265 950 ,
1292 917 1331 943 ut
1348 908 1684 954 pulcherrimarum,
1712 911 1759 944 ita
1776 918 1808 944 et
1827 912 1916 945 vitae
1932 910 2106 944 humanae

1115 962 1202 994 adeo
1219 961 1506 1001 necessariarum,
1529 967 1568 993 ut
1584 972 1656 993 non
1673 959 1729 994 hic
1744 965 1802 995 ae'r
1821 962 1874 994 vel
1892 962 1982 1005 ignis
1998 962 2106 1005 magis

1115 1011 1328 1044 necessarius
1354 1011 1410 1043 sit.
1470 1010 1559 1043 Nam
1585 1022 1624 1043 ex
1651 1024 1717 1057 qua
1746 1012 1813 1045 alia
1841 1013 1982 1055 lingua,
2019 1024 2107 1056 quae

1114 1062 1255 1106 quidem
1273 1062 1376 1093 nobis
1392 1068 1473 1093 nota
1490 1072 1562 1094 esse
1577 1067 1698 1104 potest,
1715 1069 1752 1095 tu
1767 1060 1855 1094 mihi
1872 1069 1967 1106 petes
1984 1074 2105 1095 omnes

1115 1124 1203 1156 pene
1221 1118 1334 1155 partes
1352 1109 1625 1155 Philosophiae?
1665 1111 1765 1154 Quae
1783 1112 1877 1144 enim
1894 1113 1959 1146 alia
1972 1140 1980 1152 ,
2008 1119 2046 1145 ut
2063 1114 2105 1145 de

1113 1160 1169 1195 his
1195 1162 1317 1205 primis
1337 1162 1473 1194 artibus
1489 1162 1629 1194 dicendi
1654 1169 1686 1195 et
1703 1163 1937 1196 ratiocinandi
1963 1164 2030 1196 iam
2053 1170 2105 1196 ta-

1113 1225 1226 1253 ceam,
1252 1209 1356 1245 habet
1373 1212 1582 1245 eruditiores
1604 1219 1664 1245 aut
1690 1213 1899 1246 illustriores
1918 1214 2105 1257 scriptores

1112 1264 1291 1296 doctrinae
1309 1263 1351 1295 de
1367 1263 1520 1296 motibus
1539 1263 1740 1296 coelestium
1758 1264 1953 1301 luminum,
1980 1266 2022 1297 de
2040 1276 2104 1296 na-

1113 1307 1189 1346 tura
1214 1325 1350 1353 rerum,
1379 1314 1420 1345 de
1448 1313 1649 1345 valetudine
1671 1326 1859 1358 corporum
1886 1322 2104 1354 nostrorum,

1112 1376 1149 1396 ac
1166 1364 1329 1397 remediis
1348 1363 1577 1397 morborum?

1214 1413 1265 1447 Ex
1289 1426 1356 1459 qua
1377 1414 1442 1446 alia
1471 1412 1652 1446 historiam
1678 1413 1907 1456 imperiorum
1935 1421 1968 1447 et
1987 1426 2103 1447 rerum

1111 1471 1284 1509 gestarum
1303 1465 1408 1498 totius
1423 1464 1550 1497 mundi
1566 1464 1747 1508 petemus?
1778 1464 1835 1497 An
1851 1476 1922 1498 non
1941 1464 2103 1505 infantes,

1110 1528 1155 1548 an
1173 1527 1245 1548 non
1264 1516 1359 1549 velut
1376 1516 1412 1547 in
1430 1516 1536 1548 densa
1555 1514 1704 1557 caligine
1719 1527 1836 1548 rerum
1855 1515 1986 1548 versari
2005 1517 2103 1548 vide-

1110 1566 1250 1606 bimur,
1276 1566 1304 1598 si
1324 1563 1387 1599 hac
1405 1566 1481 1598 luce
1498 1565 1753 1598 destituamur?
1791 1564 1861 1598 Ubi
1879 1565 1971 1598 enim
1991 1564 2102 1599 histo-

1109 1617 1159 1649 ria
1177 1628 1354 1649 sacrorum
1372 1617 1545 1648 librorum
1561 1615 1704 1655 desinit,
1731 1615 1782 1648 ibi
1800 1614 1937 1648 Graeca
1955 1614 2101 1649 historia

1109 1667 1252 1711 incipit,
1287 1674 1319 1700 et
1344 1666 1526 1699 manifeste
1557 1667 1718 1710 adparet,
1751 1665 1921 1708 singulari
1953 1667 2101 1700 consilio

1109 1718 1230 1750 divino
1253 1718 1298 1750 ita
1316 1725 1556 1761 comparatum
1574 1728 1658 1757 esse,
1686 1728 1730 1749 ne
1748 1717 1880 1750 deesset
1897 1717 2015 1759 generi
2035 1715 2101 1750 hu-

1107 1780 1211 1801 mano
1230 1768 1398 1801 continua
1416 1765 1561 1800 historia
1580 1767 1847 1810 praecipuarum
1864 1779 1993 1808 rerum,
2020 1768 2100 1800 inde

1108 1830 1217 1863 usque
1246 1819 1289 1850 ab
1318 1818 1420 1850 initio
1455 1818 1599 1857 mundi,
1638 1818 1732 1849 unde
1766 1817 1868 1849 etiam
1906 1817 2099 1861 primordia

1106 1880 1144 1901 ac
1175 1869 1288 1901 fontes
1317 1881 1417 1901 verae
1444 1867 1626 1910 religionis
1655 1867 1855 1910 investigari
1885 1879 1924 1900 ac
1951 1868 2097 1912 perspici

1108 1926 1261 1963 possent.

1206 1968 1300 2002 Haec
1326 1969 1422 2001 nulla
1449 1969 1515 2001 alia
1543 1969 1661 2012 lingua
1684 1969 1902 2011 suppeditat:
1931 1981 2010 2001 nam
2038 1970 2097 2014 qui

1104 2032 1143 2052 ex
1161 2018 1333 2053 Romanis
1357 2020 1556 2052 uberrimus
1573 2026 1642 2060 est,
1672 2018 1816 2059 Livius,
1844 2019 1872 2051 is
1895 2020 2000 2052 unius
2019 2027 2098 2053 tan-

1104 2077 1177 2103 tum
1202 2070 1314 2111 gentis
1338 2068 1520 2104 historiam
1553 2069 1735 2114 pertexuit.
1798 2070 1937 2103 Caeteri
1969 2071 2096 2114 partim

1104 2121 1239 2158 mutili,
1286 2121 1412 2164 partim
1457 2121 1559 2153 etiam
1604 2120 1737 2153 indocti
1782 2120 1964 2165 ineptique
2004 2128 2097 2156 sunt.

1103 2170 1235 2213 Quanti
1254 2184 1335 2204 vero
1352 2172 1488 2211 referat,
1513 2171 1616 2204 etiam
1635 2172 1676 2203 ad
1696 2177 1787 2203 recte
1804 2171 2035 2204 iudicandum
2054 2173 2096 2203 de

1102 2233 1183 2254 sana
1201 2222 1360 2255 doctrina
1376 2222 1575 2264 religionis,
1602 2222 1645 2254 ad
1661 2221 1891 2254 erudiendam
1910 2228 1943 2254 et
1967 2223 2095 2255 confir-

1102 2273 1265 2305 mandam
1282 2273 1550 2310 conscientiam,
1580 2272 1754 2313 integrum
1779 2283 1909 2315 corpus
1927 2269 2094 2305 historiae

1101 2323 1222 2355 mundi
1245 2325 1290 2356 ob
1313 2323 1434 2355 oculos
1459 2320 1604 2355 habere:
1643 2323 1676 2354 id
1704 2321 1755 2354 illi
1785 2328 1938 2360 norunt,
1968 2323 2027 2367 qui
2059 2323 2092 2355 in

1099 2374 1314 2417 explicandis
1332 2373 1405 2405 eius
1428 2373 1608 2406 doctrinae
1625 2372 1874 2405 controversiis
1897 2381 2092 2407 versantur.

1098 2424 1199 2458 Certe
1222 2424 1355 2467 ingenti
1380 2425 1455 2456 luce
1479 2423 1514 2455 in
1537 2423 1704 2455 omnibus
1728 2423 1833 2455 rebus
1849 2423 2092 2457 diiudicandis

1097 2476 1344 2515 destituemur,
1372 2475 1398 2507 si
1416 2472 1478 2507 hac
1499 2474 1720 2519 antiquitatis
1742 2473 1870 2506 noticia
1897 2486 2089 2507 careamuS.

1096 2534 1133 2559 ut
1158 2533 1305 2564 taceam,
1334 2526 1426 2570 quod
1449 2525 1517 2557 vita
1547 2521 1699 2557 humana
1725 2524 1758 2556 in
1781 2525 1984 2557 universum
2011 2524 2086 2555 sine

1067 2565 1069 2596 ἶ
1095 2577 1294 2618 cognitione
1314 2574 1491 2615 historiae,
1519 2575 1614 2608 aliud
1635 2573 1723 2608 nihil
1741 2581 1801 2614 est,
1829 2587 1944 2619 quam,
1973 2581 2009 2607 ut
2027 2574 2084 2605 ille

1094 2628 1160 2665 ait,
1189 2627 1361 2671 Perpetua
1380 2628 1548 2671 quaedam
1569 2627 1717 2670 pueritia
1731 2653 1739 2666 ‚
1768 2625 1837 2658 imo
1856 2636 1937 2657 vero
1962 2635 2082 2667 perpe-

1093 2687 1149 2713 tua
1166 2678 1276 2721 caligo
1294 2690 1331 2711 ac
1347 2678 1503 2711 caecitas.
