2338 2958
192 137 266 173 547

193 223 359 257 admirari
378 230 411 257 et
428 223 465 255 in
482 221 616 255 coelum
635 216 762 251 vehere
780 218 865 251 tales
884 216 1094 257 Pseudolus,
1122 216 1182 262 qui
1206 218 1210 253 l
1233 216 1425 260 proditoris
1449 223 1648 261 expectent,
1678 229 1781 262 quem
1806 219 2003 255 imitantur.

755 130 915 168 DECL.
949 130 1022 167 DE
1058 129 1206 166 ODIO
1242 128 1654 170 SOPHlS'I'ICES.

2144 135 2219 170 548

2057 218 2106 254 Ut
2129 220 2222 254 euim

194 274 400 319 flexiloquas
429 270 691 305 conciliationes
723 269 983 312 praescribunt,
1023 268 1083 313 qui
1116 267 1184 300 cir-
1234 268 1294 300 ille
1321 267 1481 311 prodidit
1508 267 1630 301 osculo
1660 268 1772 300 filium
1794 267 1879 303 Dei:
1912 271 1959 304 ita
1990 268 2224 314 Evangelium

195 325 397 358 cumvenire
433 329 466 356 et
501 322 652 355 obruere
688 319 860 353 tardiores
899 331 1041 364 quoquo
1078 319 1183 351 modo

195 382 350 420 possunt.

296 420 697 457 Delectanturhomines
714 421 951 466 captionibus,
974 427 1014 454 ut
1031 420 1185 453 celebra-

196 483 253 509 tur
283 473 468 508 Romanus
496 473 741 516 Magistratus,
782 472 842 516 qui
876 471 965 514 Regi
998 470 1186 505 veteratori

195 525 287 558 helle
307 525 495 568 imposuit,
527 537 606 557 cum
631 524 668 556 in
695 523 960 556 conditionibus
987 522 1080 566 pacis
1107 533 1186 554 cum

196 573 376 610 Antiocho
393 576 502 609 factae
517 575 674 618 scripsit,
699 580 738 607 ut
755 573 941 606 dimidium
957 573 1099 605 navium
1111 570 1186 604 An-

196 623 306 660 tiochi
321 625 473 660 Romani
489 626 691 659 retinerent.
744 623 812 656 Hic
823 623 1008 657 Romanus
1025 621 1186 655 dissecari

196 689 318 710 ornnes
345 688 452 710 naves
480 676 634 715 curavit,
666 681 698 708 et
722 675 837 707 trabes
861 680 969 706 sectas
993 674 1039 705 ita
1065 672 1189 712 dividi,

197 734 234 760 ut
251 727 440 760 dimidium
457 726 716 770 relinqueretur
728 721 919 758 Antiocho.
970 723 1072 756 Alius
1091 723 1186 768 quis-

195 778 290 822 piam
317 785 436 822 pactus
460 777 595 821 aliquot
619 776 756 808 dierum
784 774 962 814 inducias,
993 780 1099 807 noctu
1125 786 1190 818 po·-

197 829 388 873 pulabatur
417 838 529 870 agros.
589 826 750 871 Denique
776 825 885 859 multa
916 821 1022 858 huius
1053 824 1190 868 generis

196 886 329 917 astute,
357 885 418 912 aut
444 878 547 911 etiam
567 877 782 910 calumniose
800 883 871 910 acta
891 875 1075 919 leguntur,
1102 887 1191 920 quae

197 930 227 963 si
251 930 288 962 in
312 927 469 963 Ecclesia
503 928 632 962 imitari
657 927 827 962 Doctores
859 926 997 967 volent,
1030 926 1191 960 funditus

197 980 374 1014 delebitur
404 979 540 1022 religio.
610 977 717 1012 Venit
740 975 896 1011 Athenas
917 977 1118 1011 Demetrius
1136 988 1191 1009 re-

198 1043 280 1074 gum
298 1042 380 1064 suae
394 1030 514 1064 aetatis
531 1029 800 1063 florentissimus
817 1028 990 1071 Antigoni
1015 1028 1127 1068 filius,
1153 1033 1193 1060 ut

198 1081 394 1117 Eleusiniis
410 1080 620 1114 initiaretur.
665 1079 773 1112 Venit
788 1086 903 1113 autem
918 1089 1037 1112 mense
1049 1077 1193 1118 Martio,

199 1144 270 1179 quo
296 1131 369 1166 fieri
391 1129 560 1165 Eleusina
591 1143 664 1164 non
691 1130 833 1169 licebat,
875 1130 1004 1175 quibus
1031 1128 1191 1163 attributi

200 1190 300 1217 erant
332 1194 468 1216 menses
492 1183 582 1222 duo,
613 1181 815 1215 November
838 1187 872 1214 et
894 1178 1085 1223 Augustus.
1147 1178 1193 1213 Ut

199 1235 307 1277 igitur
325 1232 414 1276 Regi
435 1245 510 1265 mos
524 1239 718 1275 gereretur,
753 1243 816 1263 nec
836 1238 951 1263 tamen
970 1241 1063 1263 sacra
1081 1229 1191 1273 pollui

200 1285 425 1324 viderentur,
455 1283 597 1315 inventa
616 1289 665 1315 est
686 1282 776 1314 bella
795 1281 895 1314 ratio.
950 1280 1022 1313 Lex
1045 1281 1114 1314 lata
1132 1287 1194 1323 est,

201 1342 239 1369 ut
262 1334 434 1368 mensium
466 1334 610 1366 nomina
636 1339 868 1365 mutarentur.
934 1330 1109 1365 Similima
1140 1342 1194 1363 res

201 1398 297 1420 nunc
327 1385 452 1429 agitur.
523 1383 657 1416 Volunt
688 1383 739 1415 illi
774 1381 1016 1415 conciliatores
1050 1381 1193 1414 retineri

202 1449 281 1470 cum
299 1436 365 1469 alia
384 1435 493 1468 multa
513 1434 654 1474 deliria,
681 1441 754 1467 turn
771 1434 874 1466 etiam
889 1444 1040 1472 erroreS‚
1066 1432 1195 1477 quibus

202 1487 376 1532 polluitur
392 1485 510 1520 Coena
529 1485 678 1518 domini.
738 1483 988 1526 Adtingamus,
1015 1483 1196 1527 inquiunt,

201 1538 383 1572 molliores
405 1536 732 1580 interpretationes,
767 1534 827 1568 ubi
848 1534 975 1576 legitur
992 1533 1113 1567 offerri
1130 1530 1196 1566 ho-

203 1588 267 1623 stia
277 1589 319 1622 ad
331 1588 530 1621 animarum
547 1586 844 1629 redemptionem,
870 1584 1107 1627 intelligamus
1122 1595 1195 1616 non

202 1651 298 1673 nunc
323 1638 442 1672 offerri
468 1650 487 1671 a
513 1637 635 1677 nobis,
668 1636 728 1669 sed
752 1634 866 1668 Deum
894 1634 1130 1678 interpellari,
1157 1641 1196 1667 ut

204 1696 348 1735 propter
376 1686 546 1727 hostiam,
581 1698 670 1732 quae
692 1687 736 1720 ab
758 1686 834 1730 ipso
858 1683 1027 1718 Pontifice
1053 1682 1194 1717 Christo

205 1740 343 1781 oblata,
369 1746 451 1773 tunc
463 1738 774 1775 redemitanimas,
798 1747 862 1768 nos
876 1735 1048 1769 exaudiat.
1082 1732 1196 1777 Aegre

206 1791 371 1825 amittunt
387 1789 659 1828 satisfactiones,
686 1788 744 1820 sed
764 1787 931 1820 molliunt
947 1797 1088 1819 nomen.
1124 1785 1196 1819 Vo-

205 1842 284 1876 lunt
312 1841 427 1874 vocari
453 1839 696 1882 castigationes
723 1837 980 1871 ecclesiasticas.
1048 1835 1197 1869 Talibus

205 1893 294 1926 fucis
312 1892 453 1935 pingere
468 1890 618 1924 absurda
635 1890 795 1932 dogmata
813 1895 1004 1927 conantur,
1028 1899 1089 1919 nec
1107 1887 1194 1920 illud

205 1951 331 1987 agunt,
357 1951 397 1976 ut
413 1952 548 1975 errores
563 1941 770 1979 emendent,
795 1946 833 1972 ut
851 1942 1056 1971 medeantur
1075 1935 1196 1970 Eccle-

207 1995 286 2028 siae.
340 1992 409 2027 Sed
437 1999 476 2026 ut
498 1991 600 2025 novis
623 1990 858 2035 praetextibus
881 2000 1007 2021 nervos
1025 1989 1197 2022 retineant

207 2045 418 2079 viciosorum
445 2043 614 2076 cultuum.
675 2040 750 2073 Hoc
770 2040 917 2072 consilio
942 2046 1113 2084 quaerunt
1137 2039 1195 2071 illa

208 2093 307 2142 σοφὰ
329 2091 530 2141 φάρμακα,
556 2100 593 2126 ut
619 2091 795 2135 plausibili
817 2090 928 2133 specie
949 2102 1000 2122 res
1023 2089 1196 2133 pernicio-

208 2158 261 2180 sas
277 2147 523 2179 commendent
541 2143 682 2187 populo.
726 2141 795 2174 t{.·s
812 2141 1026 2184 corruptelas
1042 2140 1198 2173 coelestis
1223 2159 1224 2170 η

209 2197 389 2230 doctrinae,
416 2202 586 2240 quantum
618 2193 732 2226 oderit
758 2191 869 2229 Deus,
899 2204 963 2224 vox
994 2191 1051 2224 illa
1081 2192 1196 2224 ducet:

210 2247 287 2282 Non
314 2258 466 2280 assumes
490 2257 617 2278 nomen
643 2243 788 2277 Domini
816 2243 881 2275 Dei
915 2242 962 2275 tui
991 2254 1088 2275 vane.

209 2299 365 2331 minatur
384 2295 478 2330 Deus
500 2309 535 2329 se
560 2295 767 2339 puniturum
792 2306 864 2327 esse
886 2291 947 2326 has
969 2292 1198 2326 contumelias

209 2350 262 2383 sui
297 2348 450 2382 nominis
483 2354 516 2380 et
545 2359 646 2379 verae
674 2345 865 2378 doctrinae.
930 2343 980 2377 Ac
1008 2345 1197 2376 admonere

209 2400 366 2443 singulos
389 2401 430 2431 de
457 2396 520 2431 hac
545 2409 627 2431 voce
652 2395 738 2435 Dei,
770 2395 984 2428 calamitates
1008 2395 1062 2427 vel
1081 2394 1197 2438 puhli-

209 2463 285 2490 cae,
313 2450 366 2482 vel
387 2450 601 2493 privatorum
621 2448 814 2487 debebant,
839 2458 927 2492 quae
945 2446 1100 2489 profecto
1116 2451 1197 2478 sunt

1235 319 1385 362 quadam
1403 318 1533 351 blanda
1548 318 1661 362 specie
1678 318 1795 351 delere
1813 319 1870 353 isti
1888 328 2072 357 conantur.
2125 321 2227 361 Semf

1235 380 1298 412 per
1329 368 1546 402 calumniosa
1579 369 1696 412 legum
1732 370 1934 413 depravatio
1963 378 1996 404 et
2026 372 2166 405 fraudes
2190 372 2225 405 in

1236 419 1396 460 iudiciis,
1424 419 1527 453 etiarn
1547 419 1583 452 in
1608 419 1766 463 imperiis
1783 420 1955 453 divinitus
1972 423 2115 464 punitae
2133 430 2227 461 sunt,

1237 482 1309 503 non
1328 470 1442 503 solum
1458 470 1496 503 in
1512 468 1680 505 Ecclesia.
1728 469 1942 504 Meministis
1956 468 2132 514 sophisma
2147 472 2228 507 Cri-

1237 521 1324 561 tiae,
1350 521 1411 566 qui
1430 532 1523 554 unus
1538 527 1613 554 erat
1628 533 1669 553 ex
1687 520 1831 563 triginta
1855 521 1957 561 viris,
1984 521 2046 566 qui
2062 524 2228 565 regebant

1238 569 1414 611 Athenas,
1442 577 1625 616 postquam
1648 578 1767 616 captae
1785 583 1803 604 a
1819 571 2125 613 Lacedaemoniis,
2149 586 2229 607 rur-

1239 634 1296 655 sus
1314 634 1432 666 pacem
1452 622 1734 665 impetraverant.
1787 620 1864 655 Etsi
1881 629 1997 656 autern
2017 634 2057 655 eo
2075 629 2231 667 tempore

1239 674 1380 706 crebrae
1398 673 1590 706 seditiones
1606 673 1820 717 praebebant
1835 685 1972 706 cansam
1992 673 2133 716 triginta
2149 674 2232 714 illis,

1240 729 1278 756 ut
1296 724 1452 767 asperius
1470 724 1645 757 saevirent
1668 724 1704 756 in
1729 723 1841 764 cives,
1867 731 1983 757 tamen
2012 724 2120 767 legem
2147 736 2231 757 con-

1241 773 1403 807 diderant
1426 774 1512 818 ipsi,
1539 786 1584 808 ne
1599 774 1678 819 quis
1693 786 1732 808 ex
1747 786 1809 808 suo
1830 774 1986 817 catalogo
2003 774 2134 808 indicta
2151 786 2232 808 cau-

1241 835 1276 857 sa
1294 824 1558 860 interficeretur.
1610 824 1699 858 Cum
1725 825 1831 868 igitur
1847 823 2107 858 Theramenem
2125 825 2233 858 colle-

1241 886 1319 918 gam
1338 873 1467 909 Critias
1483 875 1633 909 interfici
1654 875 1827 916 iussisset,
1855 875 2019 920 implorat
2038 873 2235 909 Therame-

1242 937 1304 958 nes
1321 925 1406 969 legis
1424 926 1613 966 auxilium,
1638 926 1743 970 petit,
1763 938 1808 959 ne
1828 926 1959 960 indicta
1979 937 2081 960 causa
2100 926 2235 959 interfi-

1242 976 1371 1010 ciatur:
1423 977 1613 1021 respondet
1643 975 1792 1018 Critias,
1830 977 1940 1020 legem
1975 977 2072 1021 loqui
2105 978 2148 1010 de
2180 977 2234 1015 iis,

1242 1039 1394 1072 quorum
1421 1028 1566 1061 nomina
1591 1034 1674 1060 sunt
1701 1028 1736 1060 in
1761 1028 1934 1071 catalogo,
1967 1039 2002 1060 se
2027 1034 2143 1060 autem
2166 1027 2235 1060 iam

1243 1076 1479 1112 Theramenis
1502 1090 1633 1113 nomen
1659 1077 1696 1111 in
1720 1078 1876 1122 catalogo
1898 1078 2028 1112 delere.
2083 1077 2135 1111 lta
2160 1078 2237 1110 elu-

1243 1128 1294 1162 dit
1312 1129 1421 1172 legem
1437 1127 1576 1164 Critias.
1628 1129 1696 1163 Sed
1723 1125 1830 1162 buius
1855 1128 1991 1163 cruenti
2012 1126 2237 1173 sophismatis

1244 1190 1373 1222 poenas
1395 1179 1512 1213 statim
1535 1186 1654 1224 postea
1680 1179 1793 1214 dedit:
1822 1191 1902 1213 cum
1919 1179 2022 1213 amici
2041 1176 2238 1213 Therame-

1244 1229 1300 1262 nis
1328 1230 1420 1273 pulsi
1443 1230 1584 1264 civitate
1606 1229 1784 1274 Rempub.
1809 1236 2080 1274 recuperarunt,
2106 1237 2139 1263 et
2157 1228 2239 1263 Cri-

1245 1280 1348 1318 tiam,
1376 1287 1408 1314 et
1431 1282 1602 1326 quosdam
1626 1281 1732 1321 alios,
1759 1292 1847 1325 quos
1872 1281 1931 1314 ille
1949 1281 2164 1314 crudelitatis
2180 1291 2237 1313 so-

1246 1331 1315 1364 cios
1332 1328 1522 1372 habuerat,
1547 1331 1811 1365 interfecerunt.
1860 1330 1931 1364 Nec
1949 1331 2006 1363 illa
2025 1331 2238 1374 religionum

1245 1379 1458 1425 sophismata
1486 1389 1567 1415 sunt
1594 1382 1798 1422 incruenta,
1839 1382 1881 1414 de
1905 1381 2034 1426 quibus
2061 1381 2128 1414 iam
2149 1381 2239 1414 dici-

1247 1444 1334 1467 mus.
1386 1431 1476 1465 Nam
1494 1432 1520 1465 si
1541 1432 1589 1477 pii
1608 1430 1834 1476 deprehensis
1851 1432 1940 1465 fucis
1959 1432 2166 1465 confirmare
2183 1442 2240 1464 er-

1247 1494 1341 1516 rores
1368 1494 1440 1515 non
1473 1483 1612 1523 volent,
1655 1493 1776 1516 rursus
1807 1483 2059 1525 grassabuntur
2096 1480 2240 1527 tyranni

1247 1533 1422 1577 asperius,
1449 1545 1555 1578 quam
1571 1540 1690 1574 antea,
1719 1533 1916 1567 confirmati
1935 1533 2002 1566 iam
2017 1532 2158 1566 iudiciis
2174 1529 2241 1565 ho-

1247 1596 1325 1617 rum
1343 1584 1631 1625 conciliatorum,
1659 1596 1810 1630 quorum
1835 1584 2006 1618 autoritas
2024 1590 2168 1627 propter
2184 1593 2241 1616 sa-

1248 1634 1400 1678 pientiae
1424 1641 1458 1668 et
1482 1635 1736 1668 moderationis
1758 1634 1964 1678 opinionem
1992 1634 2086 1678 apud
2101 1633 2241 1668 Princi-

1248 1696 1306 1729 pes
1329 1684 1479 1718 multum
1506 1685 1610 1718 valet.
1672 1684 1778 1719 Nulla
1801 1685 1975 1718 durabilis
2002 1684 2241 1729 tranquillitas

1249 1736 1283 1767 iu
1302 1733 1458 1768 Ecclesia
1483 1735 1558 1769 sine
1582 1735 1727 1769 veritate
1752 1735 1918 1769 constitui
1945 1741 2069 1779 potest.
2125 1734 2241 1768 Fuco-

1248 1798 1303 1819 sae
1320 1786 1579 1819 moderationes
1602 1793 1634 1819 et
1659 1786 1796 1820 veritati
1821 1786 2020 1826 nocebunt,
2047 1792 2079 1819 et
2099 1785 2240 1818 inflam-

1248 1836 1395 1870 mabunt
1413 1837 1606 1870 discordias
1625 1848 1664 1869 ac
1683 1836 1886 1875 saeviciam,
1913 1835 2101 1881 et‘parient
2121 1835 2241 1868 infini-

1248 1894 1299 1922 tas
1330 1887 1577 1931 dissipationes
1610 1894 1643 1921 et
1675 1894 1796 1922 sectas.
1863 1885 1946 1920 Ideo
1979 1893 2140 1930 optemus
2166 1892 2241 1920 toto

1249 1945 1407 1982 pectore,
1432 1944 1469 1971 ut
1481 1936 1576 1971 Deus
1593 1945 1686 1981 regat
1705 1937 1912 1982 Principum
1928 1937 2074 1971 consilia
2086 1963 2095 1977 ,
2120 1943 2153 1970 et
2169 1933 2242 1970 Ec·

1249 1989 1389 2021 clesiam
1422 1989 1466 2021 ab
1504 1986 1569 2022 hac
1600 1986 1788 2032 sophistica
1820 1989 1966 2027 liberet,
2005 1994 2043 2021 nt
2079 1994 2242 2030 precatur

1250 2039 1341 2072 filius
1362 2038 1428 2072 Dei
1456 2039 1524 2071 iam
1550 2039 1710 2072 aditurus
1733 2046 1899 2077 mortem,
1931 2050 2009 2071 cum
2033 2038 2096 2070 ait:
2138 2036 2242 2071 Pater

1249 2090 1422 2123 sanctifica
1445 2101 1502 2122 eos
1526 2090 1562 2123 in
1589 2091 1752 2130 veritate,
1790 2101 1905 2123 sermo
1931 2096 2011 2121 tuus
2035 2094 2085 2121 est
2103 2088 2242 2122 veritas.

1251 2139 1341 2174 Orat
1376 2137 1559 2184 prohiberi
1596 2141 1810 2184 corruptelas
1848 2139 2014 2174 veritatis.
2088 2137 2143 2172 Ad
2178 2136 2241 2172 has

1251 2202 1368 2235 preces
1391 2192 1502 2225 nostri
1527 2191 1706 2225 pontificis
1729 2191 1962 2233 adiungamus
1985 2197 2017 2223 et
2044 2197 2162 2223 nostra
2178 2200 2241 2222 vo-

1152 2239 1197 2275 Et
1223 2267 1224 2270 ¹
1250 2250 1300 2282 ta,
1333 2254 1371 2275 ac
1397 2242 1571 2285 fugiamus
1598 2242 1694 2275 illam
1719 2253 1847 2275 novam
1869 2238 2096 2285 sophisticam
2118 2237 2242 2274 Eccle-

1249 2293 1320 2326 siae
1336 2292 1522 2326 exitialem.

1353 2342 1425 2377 Alii
1457 2343 1542 2377 alias
1572 2353 1691 2375 causas
1722 2339 1872 2382 hahent,
1905 2353 1968 2375 cur
1994 2342 2036 2375 ad
2065 2338 2150 2375 haec
2182 2351 2240 2374 so-

1250 2393 1421 2439 phismata
1455 2393 1670 2435 confugiant.
1739 2393 1941 2427 Adversarii
1976 2393 2139 2436 prodesse
2172 2390 2239 2424 sibi

1250 2443 1335 2479 baec
1362 2445 1507 2478 consilia
1532 2444 1653 2478 vident
1675 2445 1716 2477 ad
1737 2444 1884 2477 tuendas
1901 2454 2003 2487 opes.
2037 2441 2130 2475 docti
2152 2454 2239 2486 qua·

210 2513 341 2546 poenae.
355 2498 589 2533 humanorum
606 2498 835 2540 flagitiorum,
861 2509 898 2529 ac
911 2496 1095 2541 praecipue
1112 2508 1196 2530 con-
1222 2486 1223 2517 ¹
1251 2497 1299 2529 les
1311 2503 1390 2529 sunt
1405 2495 1685 2534 WVintoniensis,
1703 2494 1885 2528 WVicelins
1899 2501 1931 2527 et
1942 2493 2082 2531 similes,
2099 2493 2240 2525 landem

211 2559 360 2596 temptus
379 2549 441 2584 Dei
467 2557 499 2583 et
517 2551 724 2592 depravatae
745 2547 935 2591 religionis.

309 2601 467 2637 Nimium
505 2601 569 2633 nihi
608 2600 841 2633 blandiuntur
871 2595 1124 2644 sycophantae,
1169 2598 1195 2630 si

208 2660 332 2700 putant
355 2664 391 2687 se
423 2653 566 2695 impune
594 2650 713 2683 ludere
749 2651 783 2683 in
808 2648 984 2689 Ecclesia,
1018 2649 1197 2682 involvere

208 2718 261 2739 res
286 2715 403 2744 veras,
437 2703 525 2736 fucis
558 2713 683 2735 ornare
707 2712 853 2735 errores.

1222 2622 1225 2665 Ι

913 2698 1058 2734 Exitum
1091 2698 1197 2733 indae
1221 2690 1225 2736 i
1248 2700 1348 2735 facio.

1250 2547 1381 2589 ingenii
1407 2547 1580 2579 ambiunt.
1642 2545 1699 2580 Sic
1727 2546 1848 2579 volunt
1876 2557 1894 2578 a
1919 2543 2075 2586 Regibus
2101 2542 2239 2586 praedi-

1222 2610 1224 2617 *
1249 2599 1336 2638 cari,
1370 2605 1409 2632 ut
1437 2595 1660 2643 Sycophanta
1690 2597 1781 2640 apud
1817 2594 1999 2628 Plautum:
2036 2593 2082 2628 Ut
2115 2605 2178 2637 ego
2206 2599 2240 2627 te

1249 2656 1392 2693 propter
1405 2649 1586 2691 perfidiam
1603 2656 1697 2682 tuam
1715 2659 1794 2679 amo
1806 2673 1814 2685 ,
1841 2652 1874 2679 te
1890 2651 2026 2683 metuo,
2055 2651 2087 2678 te
2103 2643 2239 2688 magni·

1402 2699 1574 2733 Nonnulli
1593 2705 1685 2731 metu
1704 2695 1765 2730 has
1781 2704 1946 2742 tanquam
1966 2696 2115 2729 latebras
2132 2706 2234 2740 qnae—
