2338 2958
152 168 155 172 ·
201 141 276 180 939

201 225 395 274 petulantia
414 223 596 261 ludamus,
622 217 796 261 fingendis
811 216 919 250 variis
933 221 995 250 aut
1011 221 1192 248 monstro-

202 280 250 313 sis
277 276 527 323 opinionibus,
560 271 619 304 sed
643 269 716 303 Deo
745 280 810 314 pro
836 279 897 301 sua
917 267 1015 305 luce,
1045 264 1193 299 rectrice

203 330 315 370 vitae,
342 326 468 372 gratias
492 332 658 365 agamus,
685 328 718 353 et
747 330 851 352 usum
874 318 968 351 vitae
993 317 1036 350 ad
1063 327 1196 349 ornan-

204 382 285 415 dam
310 378 374 412 Dei
399 373 570 419 gloriam,
600 377 634 404 et
665 372 708 403 ad
745 370 992 403 illustrandam
1018 366 1196 401 Ecclesiae

205 429 426 466 doctrinam,
473 422 560 457 haec
599 422 763 455 coelestia
805 421 898 454 dona
931 418 1197 453 transferamus,

206 481 299 516 Dixi.
388 476 482 510 Laus
498 473 586 508 Deo.

219 668 286 703 No.
306 666 389 700 120.
1024 672 1052 691 a.
1082 659 1175 691 1550.

218 714 389 730 w
992 704 1201 719 m

433 780 505 821 De
535 778 743 819 doctrina
775 780 973 816 anatom.

278 873 308 898 {n
333 871 423 898 select.
445 868 597 894 Declamat.
635 864 727 891 '1'.1v.
754 873 781 898 p.
797 864 847 889 256
867 873 928 898 sqq.
966 863 1082 889 Servest.
1107 861 1203 890 T.IV.

310 917 336 941 p.
349 907 410 930 212³.
436 902 561 928 Richard.
591 901 622 925 Τ.
639 899 671 926 ll.
703 908 729 931 p.
754 900 804 924 142
823 904 849 923 et
871 898 898 923 in
919 897 1010 923 Tomo
1027 896 1072 921 ΙΙΙ.
1094 897 1211 935 Ετίοπά..

311 942 350 967 tit.
369 950 393 969 v,
413 938 436 965 5,
457 953 489 956 -
525 935 556 960 In
571 936 661 961 select.
681 933 757 958 θυι-,1.
772 933 799 957 in
820 933 919 964 scripta
936 936 991 957 est:
1015 931 1140 963 „Oratio
1157 940 1203 956 re·-

311 975 389 1001 citata
406 983 418 998 a
435 973 469 997 D.
489 971 578 996 lacob.
597 968 721 994 Milichie
738 967 770 991 de
790 968 883 991 studio
906 966 1046 992 doetrinae
1067 966 1205 991 anatomi-

311 1007 391 1035 cae.‘'
429 1005 589 1032 Aeeuratius
606 1005 632 1028 in
650 1001 757 1027 litlot-d.
775 1003 828 1027 sic:

213 1091 342 1125 Oratio
360 1071 516 1121 recitata
534 1095 557 1117 a
576 1080 629 1115 J).
649 1084 753 1115 laco
766 1080 814 1114 bo
832 1079 1067 1122 Milichie,
1095 1081 1206 1114 Doct.

213 1143 312 1176 artis
341 1137 534 1179 medicae,
584 1136 621 1167 in
657 1134 946 1166 renunciatione
983 1130 1128 1178 gradus
1158 1134 1206 1166 D.

767 128 926 167 DECL.
960 126 1034 165 DE
1068 122 1379 164 DOCTRINA
1412 121 1678 162 ANATOM.

1231 1126 1234 1148 1

1231 1152 1235 1176 l

214 1192 326 1227 Pauli
355 1188 535 1228 l'cnliani,
565 1185 735 1218 Doctoris
760 1188 834 1216 art.
856 1181 975 1224 med„
1017 1182 1063 1215 de
1081 1182 1206 1216 studio
1231 1177 1235 1214 ἱ

269 1241 463 1276 doctrinae
491 1235 740 1269 anatomiam.
798 1232 1030 1279 ll'ileberyae
1055 1244 1155 1267 armo

501 1289 551 1324 M.
568 1287 614 1320 Ι).
633 1286 674 1319 L.
701 1283 762 1318 die
783 1283 818 1319 6.
835 1285 923 1319 Nou.

215 1371 302 1411 Ideo
326 1372 462 1418 generis
482 1370 628 1404 humani
655 1369 885 1409 consociatio,
913 1368 1121 1402 admiranda
1144 1369 1207 1403 Dei

217 1425 389 1472 sapientia
415 1423 573 1456 instituta
599 1427 666 1460 est,
693 1427 732 1453 nt
755 1420 815 1452 alii
841 1419 928 1452 alios
951 1421 994 1452 de
1011 1418 1085 1452 Deo
1111 1422 1209 1466 ethalc

218 1489 337 1512 rerum
356 1482 480 1508 natura
500 1474 668 1511 doceant,
696 1477 729 1503 et
747 1471 821 1503 vult
837 1470 932 1503 Deus
953 1471 1093 1514 publice
1118 1472 1210 1505 iuter

217 1527 380 1563 homiues
397 1537 522 1558 sonare
539 1522 718 1556 doctrinae
737 1533 875 1562 vocem,
905 1521 1041 1554 laudari
1069 1533 1123 1555 res
1145 1523 1209 1556 bo-

218 1591 282 1613 nas
309 1585 342 1612 et
367 1575 558 1620 vituperari
583 1573 708 1606 malas:
738 1573 812 1605 vult
833 1572 935 1605 rectis
958 1571 1099 1605 iudiciis
1123 1586 1210 1606 con-

220 1628 453 1664 sentientibus
470 1627 541 1669 tegi
565 1635 673 1667 genus
691 1620 904 1661 humanum,
940 1634 1013 1655 nou
1036 1623 1111 1655 vult
1135 1624 1210 1656 sin-

220 1681 321 1725 gulos
348 1679 523 1721 dispersos
553 1687 590 1707 ac
623 1673 779 1718 palantes
802 1673 1020 1705 comminisci
1051 1674 1210 1718 proprias

219 1731 427 1775 opiniones,
477 1737 625 1771 quarum
669 1724 816 1756 varietas
855 1724 973 1755 obruit
1017 1724 1210 1763 veritatem,

221 1782 335 1816 Deum
354 1777 565 1812 contumelia
583 1775 708 1812 afficit,
733 1781 767 1807 et
784 1774 1047 1806 distractionem
1073 1776 1210 1817 generis

220 1831 368 1867 humani
384 1829 465 1862 facit
488 1826 673 1859 infinitam.
727 1823 855 1857 Coetus
878 1825 983 1866 igitur
1000 1825 1210 1859 discentium

221 1891 255 1917 et
273 1880 476 1916 docentium
494 1876 644 1910 instituti
663 1883 741 1908 sunt
754 1901 763 1913 ‚
791 1882 823 1908 et
844 1875 975 1919 publici
993 1887 1211 1918 congressus,

220 1947 293 1968 non
312 1933 424 1965 solum
443 1931 484 1962 ad
504 1927 687 1961 formanda
707 1925 852 1963 indicia,
880 1928 937 1958 scd
957 1926 1062 1958 etiam
1081 1929 1123 1959 ad
1142 1928 1210 1961 fre-

223 1985 378 2019 nandam
400 1989 431 2014 et
455 1977 707 2013 coliem-endam
732 1977 954 2019 ingeniorum
980 1978 1208 2020 petulantiam

223 2044 255 2069 et
283 2034 482 2067 vanitatem.

223 2088 340 2124 diant,
374 2094 461 2128 quae
493 2079 732 2113 doctrinarum
763 2090 906 2121 genera,
934 2090 1023 2122 quac
1053 2087 1143 2113 artes
1179 2088 1212 2113 et

224 2137 283 2182 qui
303 2135 449 2169 artifices
475 2131 605 2163 iudicii»
625 2130 802 2162 seniorum
828 2129 1040 2173 prolientur,
1068 2143 1142 2163 mos
1162 2140 1210 2165 est
1265 2147 1343 2168 rum
1366 2135 1462 2168 nulla
1483 2142 1530 2168 est
1550 2135 1584 2167 in
1606 2135 1676 2167 vita
1693 2134 1839 2169 utilitas,

223 2185 286 2221 has
319 2182 510 2219 testimonii
547 2181 653 2213 nostri
685 2180 969 2213 renunciatione-s
998 2182 1135 2223 public«-
1161 2182 1211 2214 sa-

224 2250 311 2272 cere.

225 2289 422 2323 orationes,
451 2297 522 2316 non
542 2283 635 2314 inani
661 2282 914 2319 ostentatione,
942 2283 1000 2313 sed
1028 2290 1065 2315 nt
1094 2284 1212 2316 iunio-

224 2351 279 2373 ros
301 2336 586 2371 cntinnonetismt,
613 2344 761 2377 quarum
781 2332 908 2364 artium
929 2334 1082 2374 cognitio
1110 2347 1211 2378 expe-

537 2028 582 2062 l't
609 2029 715 2069 igitur
740 2024 898 2060 iuniores
918 2027 1064 2062 xideant
1089 2036 1121 2062 ct
1149 2041 1210 2062 au-
1236 2027 1238 2038 '
1266 2041 1342 2066 tura
1359 2034 1535 2073 condidit,
1563 2033 1599 2065 iu
1618 2033 1747 2078 quihus
1764 2032 1917 2076 conspici
1937 2044 2032 2065 suam
2050 2033 2256 2077 sapientiam

2169 126 2247 163 940

1249 212 1344 247 cium
1361 217 1412 246 est
1429 211 1541 246 oratio
1559 211 1602 244 de
1619 211 1724 244 rebus
1741 209 1856 245 bonis.
1906 210 1954 246 Et
1968 211 2074 246 simul
2091 209 2150 246 hic
2165 217 2245 247 vota

1250 263 1498 306 coniungenda
1522 268 1627 303 sunt,
1650 268 1691 295 ut
1709 261 1804 295 Deus
1825 263 1989 297 conditor
2015 264 2152 308 generis
2177 261 2247 297 hu-

1250 313 1368 354 mani,
1394 319 1426 346 ct
1452 313 1531 346 fons
1555 312 1747 357 sapientiae
1771 319 1884 345 servet
1907 325 1945 346 ac
1970 322 2067 357 regat
2091 325 2175 354 nos,
2208 321 2248 348 ut

1251 365 1404 398 libenter
1426 363 1519 397 inter
1543 374 1609 396 nos
1631 370 1665 396 et
1689 363 1764 407 ipse
1789 369 1966 403 versetur,
1992 364 2063 398 imo
2087 371 2127 399 ut
2152 364 2246 398 tilius

1250 415 1318 450 Dei
1336 414 1438 459 petit,
1466 421 1504 448 ut
1518 425 1630 447 unum
1647 413 1685 445 in
1702 413 1779 456 ipso
1795 413 1913 448 simus.

1354 464 1443 498 Cum
1461 471 1578 498 autem
1595 475 1696 508 saepe
1712 461 1771 496 hic
1785 464 1828 496 de
1846 463 2128 498 consideratione
2141 472 2249 499 natu-

1252 528 1311 549 rae
1338 515 1471 548 dictum
1501 515 1568 554 sit,
1607 522 1641 548 et
1664 514 1860 559 amplitudo
1889 515 2087 558 argumenti
2110 522 2249 560 superet

1253 567 1416 600 omnium
1461 565 1668 609 angelorum
1706 571 1740 598 et
1773 561 1958 598 hominum
1994 566 2248 610 eloquentiam,

1255 625 1339 651 tunc
1359 616 1451 649 enim
1469 624 1592 649 natura
1612 615 1739 649 rectius
1754 623 2002 658 cognoscetur,
2037 627 2115 649 cum
2135 616 2172 649 in
2188 617 2249 650 illa

1255 667 1396 701 coelesti
1411 665 1541 700 schola.
1576 665 1695 700 Ideam
1711 665 1870 699 universi
1885 666 2002 710 operis
2017 667 2176 700 ostendet
2193 678 2252 699 ar-

1256 715 1448 757 chitectus,
1475 717 1560 750 alias
1583 718 1625 750 de
1650 717 1718 750 alia
1743 723 1841 761 parte
1864 717 2031 751 dicemus,
2086 715 2137 750 Ac
2156 729 2251 750 nunc

1257 769 1419 812 alloquar
1443 769 1699 808 adolescentes,
1733 779 1861 812 eosque
1887 769 1929 800 ad
1956 768 2122 801 discenda
2150 767 2251 800 initia

1257 819 1438 851 doctrinae
1468 819 1684 851 anatomicae
1714 815 1939 854 adhortabor.
2000 815 2110 851 Cuius
2135 818 2251 852 studia

1258 869 1473 915 quicumque
1495 869 1639 912 iuvant,
1667 875 1726 902 aut
1751 868 1919 909 excitant,
1947 869 2103 913 profecto
2123 869 2166 902 de
2183 866 2253 903 hu-

1257 932 1362 953 mano
1380 930 1505 962 genere
1523 920 1700 964 praeclare
1719 925 1910 953 merentur.
1964 919 2060 953 Haec
2077 919 2171 952 enim
2195 931 2252 953 sa-

1258 971 1390 1015 pientia
1408 977 1441 1004 et
1459 971 1618 1004 moribus
1636 970 1733 1003 utilis
1751 976 1819 1010 est,
1846 977 1879 1003 et
1903 971 1946 1003 ad
1966 971 2133 1004 tuendam
2156 970 2253 1003 vale-

1258 1022 1441 1062 tudinem,
1479 1029 1512 1055 et
1541 1022 1585 1054 ad
1616 1021 1844 1065 depellendos
1874 1021 2015 1054 morbos
2046 1021 2252 1055 necessaria.

1261 1072 1380 1113 Quare
1404 1079 1436 1105 et
1462 1072 1521 1105 illa
1543 1079 1677 1105 vetusta
1703 1077 1736 1104 et
1759 1071 1899 1115 sapiens
1923 1071 2114 1116 antiquitas
2146 1069 2253 1104 huius

1260 1123 1441 1156 doctrinae
1458 1122 1714 1166 studiosissima
1730 1121 1808 1156 suit.
1854 1121 1990 1155 Multae
2007 1128 2109 1162 sunt,
2133 1128 2171 1155 ut
2186 1121 2254 1155 sci-

1261 1174 1325 1211 tis,
1353 1174 1534 1206 doctrinae
1554 1170 1716 1217 physicae
1734 1178 1860 1215 partes.
1910 1171 2064 1205 Exordia
2081 1173 2254 1217 quaedam

1231 1217 1235 1252 l
1261 1223 1387 1257 usitate
1405 1223 1440 1255 in
1457 1221 1587 1256 scholis
1604 1223 1794 1256 traduntur
1812 1223 1854 1255 de
1871 1221 2070 1264 elementis,
2096 1224 2140 1256 de
2159 1229 2253 1256 certo

1261 1286 1409 1307 numero
1442 1274 1637 1318 primarum
1665 1273 1893 1318 qualitatum,
1937 1273 2068 1317 quibus
2092 1273 2255 1307 miranda

1262 1325 1433 1369 sapientia
1455 1323 1550 1358 Deus
1571 1324 1800 1367 vagabundae
1828 1323 1995 1357 materiae
2020 1323 2120 1368 quasi
2144 1330 2254 1358 metas

1263 1375 1513 1416 circumdedit,
1540 1375 1696 1415 deloco,
1724 1375 1767 1407 de
1790 1380 1909 1412 motu,
1937 1375 1980 1407 de
2005 1381 2183 1419 tempore,
2210 1375 2254 1407 de

1263 1427 1472 1470 corporibus
1491 1425 1620 1464 mixtis,
1647 1426 1690 1458 de
1706 1424 1916 1458 differentiis
1930 1436 2124 1458 causarum.
2159 1423 2256 1458 Haec

1263 1477 1535 1523 qualiacumque
1556 1476 1699 1510 exordia
1722 1475 1886 1519 cognosci
1907 1487 2046 1509 necesse
2069 1482 2130 1510 est.
2183 1474 2255 1510 Sed

1263 1529 1434 1562 tradenda
1453 1535 1533 1561 sunt
1553 1527 1698 1568 ordine,
1724 1533 1758 1560 et
1782 1538 1855 1560 non
1879 1526 2079 1560 miscendae
2103 1526 2254 1571 praesti-

1263 1579 1340 1622 giae
1363 1578 1523 1612 inanium
1547 1577 1848 1622 disputationum,
1875 1577 1996 1622 quales
2011 1578 2154 1611 suerunt
2174 1577 2255 1611 illae

1264 1636 1396 1663 veteres
1419 1630 1462 1662 de
1488 1628 1683 1662 Democriti
1708 1627 1852 1666 atomis,
1877 1635 1910 1661 et
1932 1628 2064 1662 multae
2090 1635 2256 1669 recentes,

1265 1692 1308 1713 an
1334 1687 1446 1713 totum
1471 1679 1711 1722 distinguatur
1736 1690 1754 1711 a
1779 1678 1938 1722 partibus
1960 1678 2066 1712 simul
2095 1679 2255 1722 sumptis,

1264 1738 1297 1764 et
1315 1730 1416 1764 aliae.
1465 1730 1603 1763 Accidit
1623 1729 1716 1762 enim
1734 1735 1767 1762 et
1783 1729 1818 1761 in
1836 1726 1901 1762 hoc
1921 1740 2046 1772 genere
2063 1729 2257 1770 doctrinae,

1264 1781 1489 1823 ingeniorum
1512 1781 1684 1821 vanitate,
1710 1786 1749 1813 ut
1766 1779 1896 1812 relictis
1918 1779 2075 1812 materiis
2098 1791 2257 1813 necessa-

1265 1832 1325 1864 riis
1337 1858 1346 1871 ,
1373 1832 1454 1876 qnia
1471 1831 1683 1864 videbantur
1700 1841 1773 1863 esse
1790 1836 1912 1867 notae,
1938 1830 2061 1874 procul
2081 1831 2258 1875 quaesitae

1236 1911 1237 1922 2
1264 1883 1335 1915 sint
1353 1882 1522 1923 argutiae,
1549 1881 1821 1914 admirationem
1841 1880 2017 1924 pariturae
2036 1888 2177 1925 propter
2191 1893 2257 1914 no-

1265 1933 1424 1971 vitatem,
1467 1944 1547 1964 cum
1581 1943 1700 1964 revera
1732 1931 1836 1973 longe
1864 1930 1976 1964 maior
2005 1931 2049 1965 sit
2073 1931 2257 1976 sapientia,

1236 2005 1239 2017 .
1264 1983 1452 2016 mediocris
1477 1982 1713 2015 consideratio
1739 1993 1876 2021 rerum,
1904 1993 1990 2026 quas
2011 1981 2105 2015 Deus
2131 1982 2165 2015 in
2192 1995 2257 2017 na-

1237 2327 1239 2375 l
1267 2346 1390 2372 natura
1415 2350 1554 2377 sumus,
1581 2349 1767 2380 agnoscere
1790 2337 2009 2381 incipiamus,

1265 2085 1395 2124 voluit,
1429 2095 1534 2129 quani
1565 2084 1643 2117 illae
1666 2084 1856 2116 verborum
1882 2083 2142 2125 cavillationes,
2170 2097 2257 2130 qua-

1369 2185 1452 2218 Mox
1473 2192 1588 2219 autem
1606 2198 1644 2218 ex
1670 2185 1740 2218 illis
1763 2184 1914 2217 exordiis
1938 2182 2090 2230 physicis
2107 2185 2258 2219 ducatur

366 2234 478 2269 Simul
502 2232 603 2265 etiam
631 2231 664 2263 in
689 2229 741 2263 liis
766 2230 1008 2271 congressibus
1038 2230 1212 2265 tntu-ntur
1237 2246 1239 2283 ζ
1268 2237 1431 2270 inventus
1450 2237 1491 2269 ad
1508 2236 1742 2280 aspectionem
1761 2233 1908 2268 humani
1935 2236 2109 2279 corporis.
2137 2244 2173 2270 nt
2192 2247 2258 2270 nos

1268 2288 1377 2331 ipr,
1406 2288 1466 2332 qni
1489 2295 1580 2321 certe
1605 2287 1831 2331 praecipuum
1859 2297 1947 2329 opus
1973 2287 2008 2319 iu
2036 2284 2099 2320 hac
2123 2287 2258 2320 visibili

2061 2335 2105 2371 Et
2133 2350 2258 2383 quam-

224 2391 328 2423 tunm.
362 2389 420 2423 sit,
457 2398 542 2429 qna«-
573 2384 759 2425 ‘'l‘l¹¹l⁰¹¹·'⁵
784 2383 970 2424 fugiend-'⁸⁰
992 2385 1081 2425 Sim,
1117 2393 1153 2419 ¹¹1
1180 2392 1212 2419 ¹¹1
1238 2390 1239 2409 ³
1267 2390 1318 2421 vis
1339 2390 1487 2422 ‹tutcmtu
1508 2388 1718 2431 cognitionis
1737 2400 1798 2432 prr
1815 2399 1886 2420 sese
1904 2387 2026 2422 invitat
2047 2388 2138 2422 bona
2159 2389 2257 2432 inge—

224 2439 320 2474 Deus
352 2446 441 2470 rei-tt·
465 2437 677 2470 celebretur,
713 2442 741 2466 et
767 2431 850 2466 hacc
876 2431 1060 2468 huminum
1087 2444 1211 2470 natura

223 2490 384 2534 cumana
404 2487 538 2526 legibus
556 2494 584 2517 ct
604 2485 693 2517 veris
709 2485 842 2517 artibus
860 2493 1095 2519 conservetur.
1133 2486 1211 2520 Nun
1238 2515 1240 2527 ,
1267 2503 1355 2535 qum*
1373 2491 1514 2535 quidem
1536 2491 1570 2523 iu
1591 2497 1776 2534 conspectu
1795 2497 1857 2524 est.

1268 2440 1345 2479 nia,
1382 2448 1496 2473 tamt-n
1523 2447 1554 2472 et
1584 2439 1746 2472 utilitatis
1771 2439 2016 2482 magnitudine
2041 2451 2256 2477 moveamur.

1908 2488 2013 2523 Ratio
2030 2490 2179 2523 tuendae
2198 2503 2257 2523 xa-

223 2543 329 2585 igitur
346 2537 533 2571 convenire
552 2549 585 2568 s·-
612 2537 773 2569 iuuentus
792 2537 833 2568 aul
855 2535 994 2569 inutilia
1018 2538 1210 2581 spcrtacula
1238 2542 1239 2548 ¹
1269 2542 1436 2574 letndinis
1459 2554 1529 2574 non
1559 2548 1668 2585 potest
1688 2540 1846 2586 quotidie
1864 2552 1904 2573 ex
1922 2540 2136 2573 medicorum
2158 2553 2258 2585 prac-

222 2601 252 2625 Μ
273 2593 313 2624 aul
334 2591 433 2623 ludus
453 2587 641 2619 existimet.
671 2587 727 2618 sed
749 2587 791 2618 nd
817 2583 999 2619 lium-stain
1025 2595 1055 2621 vt
1082 2589 1212 2622 saluta·
1238 2613 1241 2641 Ι
1267 2592 1404 2634 scriptis
1422 2593 1513 2636 peti.
1537 2593 1594 2624 sed
1615 2592 1731 2636 aliqua
1758 2603 1797 2624 ex
1822 2597 1918 2635 parte
1942 2591 2088 2631 singulis
2115 2599 2258 2636 propter

222 2656 294 2677 rem
313 2637 695 2673 ‹oninium-sartiun-*nn
749 2635 791 2670 Et
810 2637 951 2681 quidem
971 2639 1151 2683 intemplo
1170 2641 1210 2672 ad
1237 2646 1242 2694 i
1267 2643 1473 2687 quotidiana
1507 2643 1661 2686 pericula
1698 2650 1778 2675 nuta
1811 2653 1884 2675 esse
1918 2641 2038 2677 delict.
2081 2643 2123 2675 ad
2151 2654 2255 2688 qnam

222 2706 315 2727 amn
342 2700 590 2726 cuiun-nimus,
619 2687 698 2731 qui..
725 2687 960 2729 gratissimum
982 2688 1054 2722 Deo
1081 2691 1211 2724 sacriti-

1267 2695 1543 2735 cognosccndam
1557 2694 1710 2737 profecto
1723 2703 1858 2726 necesse
1874 2698 1922 2725 est
1940 2693 2130 2726 intuitorum
2148 2706 2256 2727 inem-
