2338 2958
157 147 253 184 1037

154 244 234 273 nes,
259 243 347 278 quae
361 230 501 271 docent,
527 240 589 263 cur
602 228 695 263 filius
708 228 833 262 missus
845 229 902 270 sit,
927 229 986 262 sed
1004 240 1139 262 summa

155 283 206 316 rei
237 282 391 316 breviter
421 280 458 313 in
486 280 594 313 verbo
618 277 840 313 Osculamini
863 279 1054 322 significata
1077 286 1138 313 est.

154 333 280 373 Venit,
310 339 349 365 ut
376 331 579 364 dulcissimo
605 330 724 364 osculo
746 327 837 363 hanc
853 330 1015 363 miseram
1032 336 1065 363 et
1081 341 1139 361 ae-

153 393 357 417 rumnosam
387 379 541 415 hominis
572 388 734 414 naturam
759 380 1003 424 amplectatur,
1037 380 1138 424 eique

152 433 326 467 iusticiam
358 439 390 465 et
416 432 525 465 vitam
554 432 690 465 reddat.
742 429 801 465 Ah
833 431 982 465 nimium
1012 431 1138 473 frigent

153 491 292 528 pectora
324 488 441 515 nostra
471 482 507 514 in
537 482 640 515 rebus
668 481 774 515 tantis
802 482 1006 525 cogitandis.
1057 480 1137 514 Non

153 534 249 567 subit
270 533 406 566 animos
427 533 557 566 ferreos
578 532 710 575 agnitio
734 539 794 566 aut
815 532 886 565 irae
902 529 988 572 Dei,
1015 537 1073 564 aut
1093 530 1137 563 li-

153 583 356 618 berationi&
408 583 477 617 Sed
501 583 632 628 primos
655 589 814 627 parentes
837 581 1042 622 intuemini,
1077 581 1137 626 qui

152 641 186 668 et
202 634 371 678 sapientia
389 634 620 675 excellebant,
645 641 679 667 et
695 633 927 666 meminerant
941 645 1029 677 quae
1046 633 1138 665 dona

152 685 360 720 amisissent.
412 684 461 718 Hi
489 696 568 718 cum
597 684 684 728 lapsi
709 691 838 724 essent,
872 683 952 729 quia
977 686 1137 716 nondum

152 735 273 769 audita
302 741 376 769 erat
399 735 584 779 promissio
608 736 650 768 de
674 734 900 775 liberatione,
932 734 1017 779 quid
1042 733 1137 766 aliud

153 786 304 829 cogitare
331 792 510 829 poterant,
536 785 604 817 nisi
629 797 664 818 se
687 785 840 818 abiectos
864 796 935 818 esse
960 791 1138 829 perpetuo,

152 843 192 870 ut
217 836 389 869 diabolos.
440 835 576 869 Norant
594 834 707 868 Deum
730 836 858 869 iustum
886 847 975 874 esse,
1003 842 1035 868 et
1058 846 1137 867 vere

152 899 192 920 ac
215 887 307 920 serio
333 887 432 920 irasci
457 893 615 931 peccato,
644 886 714 919 imo
738 886 814 930 rapi
836 898 871 919 se
896 886 932 918 in
959 886 1137 925 iudicium,

152 944 186 971 et
207 937 362 971 accusari
384 950 464 970 mox
480 938 689 978 audiebant,
715 949 778 969 nec
795 936 851 982 (ut
869 933 1028 970 homines
1046 937 1137 968 leves

151 988 302 1021 futiliter
329 986 500 1030 cogitant)
525 987 638 1021 Deum
664 999 737 1020 non
761 987 993 1029 magnifacere
1019 999 1136 1030 pecca·

151 1045 227 1071 tum
249 1045 282 1072 et
305 1039 456 1083 quadam
472 1038 638 1072 futilitate
655 1038 804 1071 abiicere
820 1038 906 1070 iram
924 1038 1138 1077 iudicabant,

152 1089 213 1122 sed
237 1100 316 1122 vere
341 1089 544 1122 metuebant
568 1095 724 1122 aeternas
743 1100 880 1131 poenas.
932 1086 977 1121 Et
995 1088 1137 1132 quidem

151 1137 269 1180 Deus,
295 1144 334 1172 ut
353 1145 405 1173 est
429 1151 526 1172 mens
552 1139 758 1178 iustissima,
784 1150 856 1170 non
880 1138 1029 1171 futiliter
1052 1150 1137 1171 con-

151 1190 327 1223 temnebat
357 1196 553 1232 peccatum,
585 1189 645 1221 sed
675 1200 755 1222 vere
788 1188 1010 1222 irascebatur.
1070 1187 1137 1221 Hic

150 1240 259 1283 igitur
282 1239 478 1272 intercessit
501 1239 611 1280 filius,
638 1250 677 1271 ac
701 1240 905 1282 deprecatus
931 1246 979 1272 est
998 1251 1060 1283 pro
1078 1250 1137 1282 ge-

150 1301 235 1322 nere
260 1286 436 1330 humano,
463 1296 496 1323 et
514 1296 553 1322 ut
578 1289 729 1323 iustitiae
746 1289 812 1323 Dei
833 1289 1030 1330 satisfieret,
1055 1301 1137 1332 poe-

150 1351 232 1372 nam
258 1339 295 1371 in
323 1350 358 1372 se
380 1339 564 1375 derivavit.
615 1338 744 1383 Magna
762 1346 795 1373 et
812 1339 898 1373 seria
919 1340 1138 1380 deliberatio,

150 1397 185 1424 et
215 1391 343 1422 ardens
373 1390 571 1433 deprecatio
602 1390 688 1431 suit,
723 1391 766 1423 de
793 1402 861 1435 qua
890 1390 975 1423 olim
1003 1391 1039 1423 in
1065 1391 1135 1423 vita

149 1447 290 1474 aeterna
306 1440 549 1485 colloquemur
563 1441 719 1482 uberius,
745 1453 839 1474 nunc
855 1448 971 1474 tamen
985 1448 1023 1475 ut
1037 1441 1136 1485 pueri

151 1491 323 1525 elementa
345 1491 539 1533 discamus,
567 1492 747 1524 credamus
762 1490 876 1525 Deum
896 1504 975 1524 vere
992 1504 1136 1525 succen-

150 1541 278 1582 suisse,
313 1553 376 1575 nec
408 1542 556 1575 futiliter
584 1541 749 1575 abiecisse
772 1543 881 1583 iram,
914 1543 971 1575 sed
997 1543 1134 1576 ardenti

149 1592 395 1636 deprecatione
418 1592 481 1625 filii
503 1593 677 1637 placatum
701 1604 785 1628 esse.
837 1591 874 1625 ld
901 1592 1008 1636 igitur
1029 1594 1136 1626 bene-

148 1643 266 1676 ficium
286 1649 401 1687 postea
422 1643 625 1686 parentibus
643 1642 771 1676 nostris
788 1643 949 1685 exponit,
975 1649 1009 1677 et
1027 1643 1136 1676 tradi-

147 1701 207 1728 tur
228 1692 413 1737 promissio
433 1694 476 1725 de
491 1699 640 1726 venturo
658 1693 857 1728 liberatore.
907 1691 1037 1727 Sernen
1054 1706 1134 1726 mu-

147 1743 243 1778 lieris
259 1749 415 1776 conteret
427 1750 529 1787 caput
540 1743 721 1788 serpentis.
773 1743 824 1777 De
837 1756 877 1776 eo
889 1744 1020 1777 semine
1033 1745 1135 1777 dein-

147 1805 227 1837 ceps
250 1799 366 1837 patres
389 1799 423 1825 et
437 1791 634 1836 Prophetae
657 1793 856 1826 concionati
879 1800 979 1834 sunt,
1001 1801 1034 1827 et
1052 1806 1135 1827 cau-

146 1855 222 1879 sam
236 1855 298 1876 cur
310 1842 469 1876 mittatur
482 1849 678 1887 exponunt,
704 1850 741 1876 ut
756 1843 811 1877 fiat
826 1843 984 1884 victima,
1010 1851 1042 1878 et
1059 1845 1134 1888 pla-

146 1901 220 1929 cata
250 1893 302 1926 ira
327 1892 410 1935 Dei,
443 1893 546 1927 nobis
576 1893 736 1927 restituat
767 1893 935 1927 iustitiam
961 1900 995 1928 et
1025 1895 1134 1928 vitam

145 1951 334 1980 aeternam.

249 1993 357 2028 Venit
388 1994 496 2038 igitur
526 1991 688 2027 Christus
721 1994 840 2028 osculo
872 2006 936 2028 nos
968 1995 1134 2036 salutans,

145 2047 274 2081 ardens
302 2057 421 2078 amore
452 2044 563 2078 nostri
596 2044 707 2089 (scitis
735 2044 830 2078 enim
855 2045 934 2090 quis
955 2046 998 2080 sit
1021 2047 1132 2080 osculi

145 2094 284 2142 sensus)
302 2095 484 2141 alloquens
501 2106 566 2128 nos
587 2095 809 2136 suavissime,
845 2096 1054 2140 promittens
1077 2109 1132 2130 re-

144 2147 348 2182 missionem
375 2152 596 2189 peccatorum
625 2147 825 2179 donandam
853 2153 995 2190 propter
1018 2147 1130 2191 ipsum

144 2197 273 2246 gratis,
308 2203 348 2230 ut
369 2196 414 2230 sit
439 2196 645 2229 beneficium
669 2203 814 2232 certum.
865 2196 965 2230 Hanc
991 2197 1131 2242 Moyses

145 2261 218 2283 non
235 2246 365 2285 attulit,
392 2247 450 2280 sed
468 2246 578 2280 solius
594 2247 656 2279 filii
676 2259 806 2281 munus
821 2254 882 2291 est,
910 2247 970 2293 qui
989 2248 1129 2293 quidem

145 2310 268 2333 omnes
282 2298 428 2341 invitat,
463 2297 664 2331 clamitans:
698 2296 824 2332 Venite
847 2299 891 2331 ad
917 2310 972 2331 me
999 2310 1130 2339 omnes,

144 2349 206 2395 qui
236 2348 403 2382 laboratis
431 2354 466 2381 et
495 2348 631 2382 onerati
661 2348 763 2388 estis,
796 2360 858 2392 ego
881 2348 1030 2382 reficiam
1058 2361 1129 2382 vos.

143 2400 224 2444 Qua
251 2399 288 2432 in
312 2398 482 2432 sententia
504 2398 655 2441 cogitare
671 2411 733 2432 vos
750 2398 817 2432 iam
835 2406 989 2443 oportet,
1015 2411 1129 2444 quan-

142 2458 198 2485 tae
228 2450 300 2484 sint
330 2449 490 2482 miseriae
516 2446 661 2482 humani
686 2450 842 2493 generis,
877 2460 962 2495 quas
983 2449 1126 2494 quidem

141 2507 339 2535 monstrant
361 2498 568 2545 quotidiana
589 2500 757 2544 exempla.
815 2500 882 2535 Sed
912 2508 1027 2534 tamen
1056 2508 1127 2534 tra—

141 2552 345 2596 goediarum
375 2550 553 2593 exempla,
595 2561 812 2584 summorum
848 2548 1031 2584 hominum
1064 2551 1127 2584 tri-

139 2602 311 2636 stissimos
327 2611 425 2635 casus
440 2600 540 2633 vobis
555 2601 759 2644 proponite,
786 2608 825 2635 ut
840 2601 975 2639 Aiacis,
1002 2599 1127 2634 Achil-

140 2653 204 2693 tis,
230 2651 409 2692 Hectoris,
436 2650 728 2695 Agamemnonis,
752 2650 928 2692 Caesaris,
955 2651 1125 2695 Pompeii,

138 2710 172 2738 et
197 2702 552 2738 innumerabiliorum
576 2701 727 2736 aliorum
751 2702 925 2737 interitus.
976 2701 1048 2736 Nec
1071 2709 1125 2736 ta-

678 141 839 179 DECL.
870 141 946 179 DE
984 140 1359 178 NATIVITATE
1393 140 1646 179 CHRISTI.

2080 147 2174 180 1058

1191 239 1272 260 men
1289 228 1341 260 illi
1358 239 1455 261 casus
1471 239 1606 260 summa
1624 227 1714 261 mala
1732 235 1824 262 sunt.
1879 227 2062 273 Quidquid
2078 233 2170 263 enim

1191 278 1329 311 finitum
1351 285 1420 319 est,
1447 279 1551 311 breve
1574 286 1606 312 et
1629 278 1790 322 exiguum
1809 280 2006 312 ducendum
2025 288 2072 313 est
2092 293 2170 324 prae

1191 335 1342 361 aeterno.
1393 328 1500 372 Signa
1523 336 1604 363 sunt
1628 336 1743 362 autem
1769 327 1853 362 haec
1878 330 2071 374 praesentia
2089 342 2170 374 sup-

1191 379 1295 422 plicia
1318 379 1390 412 irae
1414 378 1492 414 Dei.
1551 379 1672 413 Restat
1697 379 1791 413 aliud
1820 380 2009 420 iudicium,
2045 380 2080 412 in
2103 394 2172 424 quo

1191 436 1390 471 retegentur
1403 429 1561 462 omnium
1573 430 1763 473 impiorum
1778 438 1925 464 mentes:
1953 431 2070 464 omnia
2083 431 2173 463 mala

1191 479 1335 511 consilia
1360 486 1393 512 et
1414 480 1503 513 facta
1521 481 1758 523 proferentur,
1786 488 1817 514 et
1835 482 1990 514 damnati
2008 482 2044 514 in
2062 489 2173 514 aeter—

1191 540 1256 562 nos
1275 529 1448 563 cruciatus
1472 531 1690 563 abiicientur.
1743 530 1779 564 ld
1805 532 1933 564 malum
1955 533 2034 576 quia
2054 532 2173 564 intini-

1191 586 1265 613 tum
1290 586 1357 620 est,
1385 592 1448 613 nec
1472 581 1575 613 breve
1599 593 1661 613 nec
1680 581 1840 622 exiguum
1858 582 2015 617 ducatur.
2068 582 2174 615 Venit

1192 630 1299 673 igitur
1319 630 1413 663 filius
1430 629 1515 671 Dei,
1541 637 1579 663 ut
1601 643 1618 663 a
1640 639 1777 673 peccato
1797 638 1829 664 et
1848 639 1984 664 aeterna
2003 640 2113 665 morte
2130 633 2172 665 li-

1190 681 1287 713 beret
1309 693 1453 721 omnes,
1481 682 1541 726 qui
1563 681 1639 713 voci
1656 679 1839 724 Evangelii
1861 682 2098 725 obtemperare
2116 684 2172 715 in-

1190 731 1345 774 cipiunt,
1378 732 1450 764 imo
1480 739 1513 765 et
1544 739 1739 776 praesentes
1763 732 1974 765 calamitates
1998 731 2173 766 Ecclesiae

1191 782 1336 825 mitigat.
1378 781 1795 823 Servantur-Hieremias,
1822 782 1963 823 Daniel,
1994 781 2172 816 lechonias

1191 839 1222 866 et
1245 831 1306 866 alii
1329 832 1432 866 multi
1458 833 1526 877 pii,
1553 833 1657 866 etiam
1679 833 1706 865 si
1729 835 1813 866 urbs
1831 833 2074 879 Hierosolyma
2099 835 2172 866 solo

1190 889 1377 928 aequatur,
1412 890 1446 917 et
1471 884 1576 927 impia
1601 884 1793 917 multitudo
1819 882 2038 917 horribiliter
2064 884 2173 917 inter-

1190 934 1315 967 ficitur.
1385 934 1423 968 Si
1456 934 1736 978 magnitudinem
1769 942 1969 968 nostrorum
1999 935 2173 967 malorum

1190 985 1480 1028 intelligeremus:
1508 986 1536 1018 si
1563 985 1759 1018 videremus
1782 992 1951 1030 quantum
1976 985 2104 1018 malum
2130 986 2173 1018 sit

1190 1041 1409 1078 contemptus
1433 1035 1497 1069 Dei
1521 1042 1554 1069 et
1577 1043 1770 1079 peccatum:
1798 1035 1826 1069 si
1853 1036 1940 1068 iram
1960 1035 2025 1069 Dei
2050 1037 2155 1068 adver

1189 1097 1247 1118 sus
1270 1092 1448 1129 peccatum
1472 1086 1695 1119 sentiremus:
1722 1086 1749 1118 si
1774 1098 1966 1130 poenarum
1988 1094 2080 1119 metu
2099 1087 2172 1119 affi-

1190 1148 1362 1168 ceremur:
1402 1143 1476 1169 tum
1509 1148 1591 1169 vero
1619 1136 1928 1179 magnifaceremus
1962 1137 2169 1170 beneficium

1189 1185 1338 1221 filiiDei.
1380 1186 1448 1220 Sed
1465 1187 1501 1219 in
1517 1185 1582 1219 hoc
1597 1187 1686 1227 ocio,
1714 1187 1749 1219 in
1765 1185 1820 1220 his
1836 1187 1970 1220 deliciis
1989 1194 2019 1220 et
2036 1200 2171 1225 sonmo,

1190 1243 1317 1282 quotus
1345 1237 1493 1282 quisque
1518 1239 1560 1269 de
1585 1248 1644 1270 sua
1672 1237 1917 1277 immundicie,
1952 1239 1994 1270 de
2022 1238 2071 1270 ira
2096 1237 2172 1277 Dei,

1189 1289 1231 1320 de
1270 1287 1408 1330 tragicis
1449 1288 1703 1321 calamitatibus
1739 1295 1771 1322 et
1803 1288 1969 1333 exemplis
2002 1288 2072 1321 irae
2107 1287 2170 1322 Dei

1190 1337 1342 1382 cogitat?

1291 1413 1502 1459 Quanquam
1532 1420 1647 1447 autem
1679 1427 1802 1457 magna
1835 1415 2024 1449 multitudo
2058 1413 2172 1447 homi·

1189 1476 1274 1498 num
1306 1465 1381 1498 sine
1411 1465 1654 1498 emendatione
1687 1466 1791 1506 vivit,
1823 1477 1861 1499 ac
1890 1466 1959 1499 ruit
1987 1466 2022 1498 in
2051 1478 2172 1509 perpe-

1188 1522 1288 1549 tuum
1311 1516 1472 1556 exitium,
1506 1522 1623 1549 tamen
1647 1516 1798 1561 aliquam
1816 1528 1887 1549 esse
1904 1514 2093 1550 Ecclesiam
2112 1529 2173 1548 ne-

1187 1578 1279 1599 cesse
1305 1573 1371 1607 est,
1406 1578 1494 1611 quae
1516 1566 1714 1599 venientem
1735 1565 1915 1601 Christum
1940 1567 2173 1610 amplectitur,

1187 1617 1343 1659 agnoscit
1373 1628 1445 1649 esse
1476 1617 1697 1649 liberatorem
1723 1631 1740 1650 a
1764 1616 1840 1650 Deo
1866 1617 2029 1657 missum,
2061 1617 2172 1657 audit,

1187 1673 1219 1699 et
1243 1668 1358 1700 studet
1381 1667 1411 1699 ei
1436 1668 1688 1710 obtemperare.
1741 1665 1923 1702 Adhortor
1948 1668 2054 1711 igitur
2071 1680 2171 1701 sana-

1186 1716 1275 1750 biles
1305 1729 1447 1759 omnes,
1483 1724 1522 1751 ut
1553 1714 1657 1751 huius
1685 1726 1802 1752 coetus
1827 1719 1983 1752 membra
2007 1731 2078 1752 esse
2100 1726 2171 1751 stu-

1187 1768 1304 1802 deant.

1286 1839 1449 1876 Christus
1463 1843 1589 1876 ardens
1603 1855 1721 1877 amore
1738 1844 1868 1885 nostri,
1894 1845 2013 1877 osculo
2029 1857 2091 1879 suo
2108 1857 2171 1878 nos

1187 1893 1324 1928 salutat.
1386 1892 1487 1927 Iubet
1516 1894 1624 1937 igitur
1653 1907 1718 1927 vox
1746 1893 1832 1935 Dei,
1875 1895 2025 1929 vicissim
2058 1896 2171 1939 ipsum

1187 1944 1305 1977 osculo
1320 1943 1448 1988 excipi,
1476 1944 1510 1976 id
1527 1952 1592 1984 est,
1619 1945 1751 1985 audiri,
1779 1953 1810 1979 et
1825 1946 1890 1979 fide
1905 1959 1982 1979 eum
1999 1947 2170 1990 amplecti.

1189 1994 1234 2029 Ut
1264 2001 1348 2028 tunc
1373 1994 1516 2038 quidem
1541 1994 1676 2036 Mater,
1709 1994 1855 2039 loseph,
1891 1997 2068 2036 I’astores‚
2103 1995 2169 2028 Za-

1186 2043 1340 2085 charias,
1365 2043 1565 2085 Elisabeth,
1593 2045 1756 2087 Simeon,
1783 2048 1906 2087 Anna,
1939 2045 2020 2080 huic
2045 2047 2170 2079 infanti

1186 2096 1221 2128 in
1240 2095 1337 2138 genis
1353 2096 1463 2129 multa
1479 2097 1634 2129 suaviola
1654 2097 1822 2139 figebant,
1849 2105 1880 2131 et
1900 2098 1935 2130 in
1960 2104 2097 2141 pectore
2114 2110 2170 2130 ac—

1185 2146 1285 2179 cendi
1310 2146 1486 2179 ssammam
1517 2147 1596 2178 fidei
1622 2148 1836 2186 sentiebant,
1869 2149 2171 2192 agnoscebantque

1184 2196 1250 2230 sibi
1277 2203 1420 2240 propter
1444 2194 1537 2230 hunc
1563 2197 1806 2237 liberatorem,
1841 2198 1952 2232 Deum
1978 2198 2168 2242 propitium

1184 2258 1274 2287 esse,
1299 2254 1332 2280 et
1349 2247 1512 2279 vaticinia
1530 2247 1573 2280 de
1591 2260 1631 2280 eo
1656 2248 1895 2289 illustrabant,
1919 2256 1951 2281 et
1971 2261 2071 2281 suum
2090 2261 2167 2281 coe-

1184 2304 1257 2331 tum
1274 2297 1370 2329 omni
1387 2297 1502 2329 officio
1519 2297 1696 2333 fovebant.
1730 2298 1788 2332 Sic
1803 2309 1941 2342 semper
1957 2299 2005 2342 pii
2024 2299 2168 2342 flagrent

1182 2359 1299 2380 amore
1321 2344 1474 2387 Christi,
1514 2354 1548 2380 et
1575 2355 1741 2392 tanquam
1771 2349 1887 2381 oscula
1919 2349 2054 2389 daturi,
2094 2361 2168 2382 am-

1183 2398 1378 2440 plectantur
1407 2409 1486 2430 eum
1518 2397 1606 2438 fide,
1646 2401 1810 2432 accedant
1836 2400 1878 2432 ad
1903 2398 2016 2432 Deum
2041 2399 2165 2431 fiducia

1182 2445 1286 2481 huius
1306 2447 1524 2487 mediatoris,
1552 2448 1715 2482 invocent
1733 2450 1867 2487 Deum,
1895 2456 1929 2483 et
1949 2450 1992 2482 ab
2010 2462 2050 2480 eo
2075 2449 2166 2480 bona

1182 2499 1374 2543 praesentia
1396 2506 1429 2532 et
1446 2498 1561 2531 futura
1585 2506 1701 2542 petant
1720 2507 1751 2533 et
1769 2507 1958 2543 expectent.
2011 2498 2047 2532 Si
2067 2500 2167 2541 friget

1180 2549 1336 2589 animus,
1365 2561 1427 2582 nec
1447 2549 1565 2592 petita
1583 2547 1724 2583 Christo
1741 2550 1952 2595 quidquam,
1983 2549 2100 2582 nullus
2116 2557 2166 2581 est

1178 2600 1288 2632 osculi
1312 2610 1449 2639 sensus,
1475 2600 1534 2631 sed
1553 2600 1733 2634 excitanda
1753 2613 1849 2633 mens
1863 2608 1930 2640 est,
1959 2608 1995 2632 ut
2011 2599 2165 2642 experia-

1177 2657 1244 2689 tur,
1268 2657 1436 2694 quantum
1456 2649 1552 2683 sitin
1571 2647 1637 2684 hoc
1654 2652 1772 2685 osculo
1792 2659 1823 2684 et
1842 2650 2020 2693 complexu
2032 2647 2165 2683 Christi

1175 2708 1368 2735 suavitatis.
