2338 2958
219 113 290 150 187

215 198 427 235 lescentibus
451 195 607 236 ostendi,
640 205 746 238 quam
770 203 866 225 nunc
894 191 1048 236 primum
1073 191 1210 231 florere,

216 258 277 286 aut
299 251 427 284 rubere
450 245 629 291 coeperint
651 244 704 277 illi
731 244 883 284 fructus,
917 244 1070 276 necdum
1093 249 1210 275 matu-

214 302 371 342 ruerint3
407 306 439 333 et
463 296 623 336 moneri,
657 307 726 340 quo
751 294 867 333 cultu,
903 294 1034 339 quibus
1057 292 1152 326 auris
1177 298 1210 325 et

215 354 362 392 solibus,
382 357 415 383 et
431 360 498 394 qua
514 346 761 380 benedictione
777 345 898 378 divina
916 342 1032 377 adhuc
1047 344 1092 377 sit
1110 354 1210 387 opus,

215 412 255 440 ut
285 402 366 436 laeti
399 412 437 433 ac
469 398 601 432 maturi
635 397 791 442 talesque
820 397 954 429 fructus
986 395 1209 439 proveniant,

216 456 344 501 quibus
359 450 520 493 Respub.
545 456 578 482 et
595 447 750 482 Ecclesia
766 447 894 480 deinde
915 447 1104 479 salubriter
1129 457 1208 489 pos-

218 507 263 540 sit
303 503 366 537 uti.
431 500 509 534 Hoc
544 499 702 533 efficiunt
732 498 913 538 examina,
955 509 1046 542 quae
1082 497 1210 541 cuique

216 565 400 603 quousque
422 562 626 597 progressus
650 551 713 589 sit,
741 555 774 582 et
798 549 883 593 quid
911 548 985 581 viae
1013 545 1128 581 adhuc
1154 559 1209 580 re-

216 613 299 645 stet,
327 604 536 643 ostendunt,
560 614 604 635 ne
629 601 757 639 seiam
783 606 910 633 metam
937 610 1117 643 superasse
1142 610 1210 642 pu—

216 665 309 698 tent,
334 668 413 690 cum
429 654 575 687 vixdum
592 652 697 697 septis
713 650 943 685 excurrerint.
995 649 1085 683 Cum
1103 649 1211 692 igitur

216 708 388 756 quaedam
421 705 613 739 modestiae
645 715 684 735 ac
717 702 925 746 disciplinae
948 701 1088 734 officina
1118 706 1212 740 sunt,

217 768 293 795 tum
308 770 390 791 vero
411 757 517 790 etiam
533 756 577 788 ad
593 750 813 793 κοινωνίαν,
840 750 907 785 hoe
923 759 984 792 est,
1010 751 1209 785 studiorum

217 808 574 845 communicationem
608 811 768 838 mutuam
796 810 900 849 atque
927 803 963 835 in
997 802 1210 836 conferendo

217 870 250 897 et
280 859 508 904 disceptando
545 856 749 890 facilitatem
785 852 1114 899 humanitatemque
1148 853 1210 886 ad-

217 912 425 948 suefaciunt.
478 908 634 951 Quidam
669 907 764 939 enim
801 907 839 939 in
874 903 929 939 his
967 904 1212 948 congressibus

216 963 327 1007 magis
343 968 426 995 sunt
442 958 682 993 intractabiles
698 970 736 991 ac
756 957 898 997 morosi,
925 969 1030 1002 quam
1050 953 1212 989 homines

218 1014 400 1049 doctrinae
417 1011 543 1045 studiis
561 1010 716 1043 excultos
736 1009 845 1042 decet.
882 1007 954 1042 Alii
976 1020 1082 1052 porro
1101 1006 1213 1040 subli—

218 1067 268 1099 mi
287 1063 485 1107 arrogantia
504 1061 647 1096 subnixi
664 1072 762 1093 suam
775 1087 784 1101 ,
816 1059 844 1092 si
863 1071 931 1104 qua
949 1066 1011 1099 est,
1039 1058 1213 1092 eruditio-

219 1129 300 1150 nem
317 1127 379 1148 ceu
397 1113 534 1157 Regum
547 1112 732 1145 Persarum
750 1111 914 1156 mysteria
934 1111 1060 1150 celant,
1088 1115 1122 1143 et
1139 1108 1213 1142 sola

219 1168 399 1201 maiestate
426 1176 465 1198 ac
493 1163 648 1198 tenebris
672 1168 784 1196 tutam
815 1169 978 1202 censent,
1014 1173 1095 1194 cum
1121 1158 1212 1193 nihil

219 1224 402 1264 promant,
429 1213 523 1249 nihil
540 1215 734 1259 quidquam
752 1213 795 1245 de
815 1225 877 1246 suo
897 1213 933 1245 in
956 1212 1113 1245 medium
1130 1223 1212 1256 pro-

219 1271 352 1309 ferant,
379 1279 458 1301 cum
476 1266 618 1299 nemine
636 1263 910 1299 communicent.
964 1262 1040 1296 Hos
1063 1263 1092 1296 si
1110 1274 1213 1295 excu-

220 1322 303 1361 tias,
336 1317 496 1352 invenias
524 1317 722 1361 plerunque
746 1315 887 1355 inanes,
923 1322 955 1348 et
978 1312 1044 1347 lioc
1072 1320 1122 1347 est
1151 1324 1214 1346 cur

219 1369 415 1405 examinari
444 1375 547 1412 atque
574 1366 687 1399 excuti
718 1372 901 1409 tantopere
930 1365 1099 1407 fugitant3
1139 1375 1214 1396 me-

220 1428 325 1458 tuunt
341 1420 448 1458 enim,
477 1431 521 1451 ne
538 1419 581 1451 de
598 1429 660 1450 sua
678 1416 863 1450 autoritate
879 1422 939 1449 aut
956 1415 1214 1449 existimatione

219 1472 421 1519 plusculum
442 1469 624 1509 amittant,
651 1468 680 1501 si
704 1479 739 1500 se
758 1467 929 1511 aperiant.
982 1466 1048 1499 His
1068 1466 1214 1510 permit-

220 1534 336 1560 tamus
363 1531 402 1557 ut
429 1521 579 1555 aliorum
605 1518 776 1563 opinione
799 1518 917 1561 magni
944 1518 1109 1563 doctique
1134 1517 1215 1557 sint,

222 1588 283 1611 sua
297 1573 441 1608 maximi
457 1584 495 1605 ac
511 1570 704 1605 doctissimi
729 1576 886 1602 tumeant
901 1581 1005 1614 quam
1025 1568 1155 1609 velint,
1183 1575 1216 1601 et

221 1627 278 1661 vel
303 1637 407 1659 ranae
432 1622 621 1667 Aesopicae
650 1620 808 1664 exemplo
829 1632 908 1653 cum
934 1620 1043 1654 tauris
1072 1626 1216 1659 certent,

223 1680 334 1713 donec
363 1676 405 1709 ad
434 1686 609 1708 summum
636 1672 749 1705 inflati
778 1679 932 1715 crepent.
986 1670 1059 1713 Qui
1089 1671 1216 1704 rectius

224 1736 338 1763 mente
355 1727 535 1765 valebunt,
554 1723 592 1757 hi
610 1736 681 1757 non
701 1735 815 1756 errare
834 1723 943 1766 magis
962 1723 1091 1762 volent,
1110 1734 1214 1767 quam

224 1781 316 1814 viam
336 1777 471 1817 doceri,
499 1783 602 1821 atque
620 1775 778 1808 examina
803 1781 837 1807 et
854 1774 936 1807 istos
955 1785 1161 1817 congressus
1180 1779 1217 1806 ut

223 1830 474 1866 saluberrimos
507 1827 633 1860 studiis
666 1834 770 1871 atque
805 1825 1012 1859 utilissimos
1045 1825 1217 1868 magnifa-

224 1884 327 1922 cient,
354 1881 520 1925 quodque
539 1884 706 1923 poterunt
721 1878 764 1910 de
780 1889 842 1910 suo
863 1889 1003 1922 quoque
1019 1877 1061 1909 ad
1082 1888 1121 1909 ea
1139 1883 1215 1909 tan—

223 1946 328 1980 quam
347 1933 390 1965 ad
407 1931 551 1976 aliquod
577 1941 743 1973 magnum
767 1928 949 1972 publicum
974 1929 1108 1961 bonum
1133 1939 1218 1961 con—

224 1987 348 2019 serent.

328 2033 491 2068 Diximus
507 2033 549 2065 de
571 2031 772 2065 examinum
796 2030 949 2064 utilitate
974 2037 1006 2064 et
1023 2030 1051 2063 si
1069 2042 1106 2063 ea
1122 2036 1216 2063 tanta

227 2095 258 2121 et
276 2094 345 2121 tam
363 2083 548 2128 multiplex
572 2090 638 2121 est,
667 2090 705 2116 ut
731 2094 793 2115 nec
820 2082 856 2114 iu
881 2079 944 2115 liae
967 2081 1134 2125 temporis
1155 2092 1218 2113 an-

226 2138 358 2182 gustia,
386 2148 499 2180 neque
518 2147 534 2167 a
553 2146 607 2166 me
632 2131 777 2167 homine
796 2134 838 2165 ad
862 2133 1050 2165 dicendum
1073 2132 1219 2165 minime
1245 2159 1246 2162 ,

227 2193 398 2223 instructo
419 2187 500 2219 satis
520 2185 787 2218 commemorari
808 2184 928 2228 possit.
983 2183 1119 2217 Nostris
1137 2195 1219 2216 vero

228 2239 446 2283 temporibus
465 2238 628 2269 iuventus
648 2233 701 2268 liis
723 2236 863 2280 τριβαῖς
881 2235 990 2278 magis
1010 2235 1113 2268 etiam
1132 2246 1220 2279 opus

229 2290 350 2329 liabet,
377 2289 471 2334 quod
497 2286 580 2320 liaec
597 2294 708 2325 aetas,
734 2294 772 2321 ut
794 2287 872 2319 aliis
893 2287 928 2319 in
949 2287 1052 2319 relius
1069 2299 1085 2318 a
1105 2286 1217 2329 legum

229 2341 380 2375 vinc-ulis
414 2341 524 2372 libera
552 2338 628 2371 vult
656 2350 748 2378 esse,
782 2345 815 2371 et
845 2338 953 2380 magis
981 2350 1086 2383 quam
1116 2338 1219 2370 credo

229 2391 374 2427 anteliac
400 2391 490 2430 ulla,
512 2396 698 2423 contumax
725 2402 762 2421 ac
788 2390 877 2422 sreui
909 2389 1095 2433 impatiens
1123 2389 1218 2421 ordi-

230 2445 352 2489 uisque
379 2449 411 2475 et
435 2441 641 2485 disciplinae
664 2440 897 2484 contemptrix
925 2448 991 2479 est,
1021 2440 1066 2473 ita
1093 2439 1218 2473 artium

229 2506 369 2542 quoque
386 2499 565 2537 praecepta
583 2492 712 2535 respuit
729 2500 831 2536 atque
849 2493 1092 2535 adspernatur.
1121 2492 1219 2533 Quo-

229 2561 306 2581 rum
327 2553 444 2577 utrum
464 2543 646 2576 nocentius
664 2543 725 2581 sit,
751 2540 842 2575 liaud
869 2544 969 2575 sarile
987 2543 1081 2575 dictu
1107 2542 1220 2579 suerit.

228 2611 307 2632 cuni
324 2597 471 2629 alterurn
491 2593 707 2637 lierumpulv.
720 2594 868 2626 alterum
886 2595 1014 2626 artium
1031 2606 1070 2626 ac
1086 2593 1218 2626 doctri-

229 2662 293 2682 nae
318 2647 456 2681 ruinam
486 2643 611 2679 traliat.
676 2647 775 2687 Quar-
801 2647 890 2684 duo,
925 2658 1050 2688 nempe
1075 2645 1163 2687 leges
1189 2651 1217 2676 et

228 2700 385 2733 doctriua
402 2726 408 2735 ,
433 2704 468 2729 ut
489 2697 626 2729 foedere
646 2698 799 2741 quodam
826 2697 915 2729 iuter
934 2710 966 2729 se.
993 2698 1110 2730 iuucta
1130 2702 1222 2733 siun.

701 105 860 143 DECL.
893 103 968 140 DE
1001 103 1239 141 STUDlIS
1266 103 1761 142 ADOLESCENTUM.

2182 107 2255 144 188

1262 191 1439 236 simulque
1465 197 1500 225 et
1522 190 1648 224 ssorere
1665 198 1701 226 et
1721 191 1933 226 intercidere
1951 191 2084 233 solent,
2110 192 2158 226 ita
2176 205 2256 227 cum

1262 249 1344 277 sunt
1380 242 1584 275 labefactata
1626 242 1776 276 immani
1815 242 1977 277 barbarie
2011 255 2051 277 ac
2086 243 2258 286 vastitate,

1262 293 1382 327 omnia
1408 293 1547 326 involvi
1570 303 1710 326 necesse
1729 300 1791 329 est.
1852 292 1935 336 Quo
1960 294 2092 328 maiore
2115 307 2198 329 cura
2222 301 2256 330 et

1262 344 1490 378 contentione
1512 343 1608 376 viros
1624 341 1791 378 honestos
1811 341 1868 378 his
1883 346 2127 389 praesentibus
2142 346 2256 386 malis,

1262 407 1422 441 quaeque
1453 392 1509 428 his
1530 394 1628 428 haud
1651 394 1756 439 paulo
1785 395 1947 438 graviora
1971 396 2175 441 impendere
2201 397 2258 430 vi-

1263 448 1410 487 dentur,
1436 445 1535 479 omni
1551 457 1678 489 genere
1695 446 1932 480 remediorum
1948 458 2131 480 occurrere
2148 448 2258 483 decet.

1263 497 1336 531 Nec
1361 497 1486 530 leviter
1510 495 1595 530 haec
1619 496 1779 530 examina
1801 498 1844 530 ad
1869 497 2094 541 disciplinam
2122 499 2258 532 condu-

1264 555 1368 589 cunt,
1410 548 1590 581 licentiam
1615 554 1817 592 temporum
1847 546 2018 582 nonnihil
2048 549 2259 594 reprimunt,

1265 599 1423 633 discendi
1443 611 1562 633 curam
1581 606 1729 642 augent,
1756 605 1791 632 et
1807 605 1899 632 certa
1916 599 1992 643 lege
2009 605 2113 646 atque
2131 600 2257 634 ordine

1264 650 1380 684 studia
1405 651 1624 694 gubernant,
1651 657 1756 695 atque
1779 650 1823 683 ad
1848 662 1887 683 ea
1911 650 2076 684 discenda
2100 651 2260 695 adigunt,

1265 701 1395 746 quibus
1421 701 1544 745 religio
1569 713 1754 747 moresque
1779 701 1885 739 boni,
1918 713 1957 735 ac
1981 713 2062 735 vera
2088 709 2121 737 et
2140 702 2259 736 “solida

1266 752 1427 785 doctrina
1443 753 1656 787 continetur.
1708 751 1799 785 'Nam
1825 763 1864 785 ea
1882 764 1971 797 quae
1992 753 2037 786 ad
2060 750 2156 787 hunc
2179 765 2260 797 gra-

1265 804 1349 836 dum
1367 803 1505 837 institui
1519 804 1635 837 solent
1650 803 1822 844 examina,
1848 815 1922 837 non
1937 803 2051 837 solum
2070 803 2260 837 Gramma—

1266 854 1354 887 ticae
1383 860 1416 887 et
1440 852 1653 887 Dialecticae
1679 854 1839 888 exercitia
1871 861 1972 895 sunt,
2002 856 2061 888 sed
2087 855 2260 901 quaedam

1266 905 1370 939 etiam
1400 901 1598 950 κατήχησις
1637 905 1886 940 ecclesiasticae
1919 906 2113 941 doctrinae.
2175 903 2263 940 Exi-

1266 963 1398 1000 guntur
1412 955 1507 989 enirn
1524 956 1726 989 rudimenta
1750 956 1888 1000 pietatis
1903 957 1946 990 ab
1966 957 2260 996 adolescentibus,

1267 1014 1299 1041 et
1318 1007 1346 1040 si
1367 1019 1457 1052 quae
1475 1019 1599 1051 parum
1619 1007 1803 1040 commode
1819 1007 2006 1052 opiniones
2029 1009 2071 1041 de
2090 1008 2261 1052 religione

1267 1059 1355 1092 forte
1389 1070 1572 1102 perperam
1597 1055 1804 1099 haeserunt,
1831 1058 1958 1091 animis
1981 1059 2185 1093 evelluntur
2209 1065 2263 1093 at—

1267 1121 1335 1154 que
1359 1110 1526 1143 adversus
1551 1109 1681 1143 multos
1708 1109 1833 1142 noxios
1854 1121 1991 1142 errores
2016 1116 2155 1154 pectora
2182 1122 2263 1144 mu-

1267 1161 1430 1194 niuntur.
1484 1159 1591 1202 Quod
1626 1172 1732 1204 quam
1766 1172 1891 1204 operae
1919 1160 2077 1204 precium
2110 1161 2172 1202 sit,
2207 1158 2263 1194 his

1267 1211 1471 1255 praesertim
1502 1210 1721 1255 temporibus
1745 1222 1819 1244 non
1841 1211 1923 1244 satis
1946 1211 2017 1245 dici
2041 1218 2166 1256 potest.
2220 1210 2264 1245 In

1270 1261 1333 1295 hac
1356 1262 1450 1295 enim
1475 1268 1571 1295 tanta
1597 1262 1782 1295 securitate
1806 1259 1992 1295 hominum
2016 1270 2050 1297 et
2071 1263 2209 1296 incuria
2224 1275 2263 1296 ac

1269 1313 1480 1356 negligentia
1509 1312 1709 1356 religionis,
1745 1324 1884 1346 necesse
1910 1320 1958 1346 est
1986 1310 2077 1347 banc
2107 1320 2264 1347 teneram

1268 1370 1416 1397 aetatem
1434 1375 1574 1408 quoque
1590 1364 1686 1397 velut
1702 1363 1842 1407 publica
1859 1364 2068 1407 contagione
2086 1364 2264 1403 infectam,

1269 1414 1474 1459 profanam,
1509 1426 1548 1447 ae
1573 1414 1712 1458 pietatis
1738 1420 2022 1448 contemnentem
2046 1415 2140 1456 fieri3
2176 1427 2265 1461 quae

1269 1477 1349 1499 cum
1367 1465 1412 1499 sit
1429 1464 1660 1498 seminarium
1677 1463 1854 1499 Ecclesiae
1878 1477 1916 1499 ac
1933 1464 2158 1510 Rerumpub.
2176 1472 2209 1500 et
2225 1466 2264 1500 in

1270 1514 1336 1550 hoc
1353 1523 1496 1550 veterno
1520 1513 1626 1549 huius
1643 1516 1752 1549 seculi
1770 1522 1940 1561 tantoque
1961 1523 2164 1561 contemptu
2180 1517 2265 1551 reli-

1269 1567 1384 1611 gionis
1408 1574 1617 1608 succrescat,
1650 1566 1733 1600 satis
1755 1568 1916 1611 adparet,
1944 1580 2049 1612 quam
2076 1565 2266 1603 horribiles

1271 1619 1438 1652 tenebrae
1457 1629 1496 1651 ac
1511 1619 1654 1652 vastitas
1673 1625 1829 1662 posteros
1846 1625 1986 1652 nostros
2008 1619 2051 1652 sit
2068 1626 2265 1663 exceptura.

1269 1669 1360 1703 Cum
1376 1669 1530 1714 alioqui,
1554 1669 1852 1714 quemadmodum
1869 1669 2002 1703 semina
2018 1681 2056 1703 ac
2072 1670 2211 1714 plantae
2227 1671 2265 1705 in

1270 1721 1428 1763 singulos
1458 1731 1571 1753 annos
1605 1721 1816 1763 degenerare
1847 1721 1978 1762 solent,
2014 1721 2084 1754 sato
2110 1723 2263 1767 quodam

1271 1772 1390 1805 omnia
1414 1782 1574 1805 successu
1600 1778 1797 1815 temporum
1823 1772 1859 1804 in
1882 1772 1982 1816 peius
2007 1769 2187 1811 trahente,
2217 1773 2264 1807 ita

1273 1821 1434 1856 homines
1465 1834 1605 1869 quoque
1635 1822 1854 1865 singularum
1887 1830 2039 1856 aetatum
2074 1824 2267 1858 deteriores

1244 1906 1245 1915 ,
1273 1874 1378 1914 nasci,
1406 1886 1444 1907 ac
1461 1885 1597 1917 semper
1612 1885 1630 1906 a
1648 1874 1838 1917 superioris
1854 1874 1961 1907 seculi
1980 1874 2121 1917 ingenio
2139 1881 2171 1908 et
2187 1887 2266 1909 mo-

1272 1926 1370 1959 ribus
1390 1926 1492 1967 longe
1509 1925 1719 1967 degenerare
1736 1925 1928 1959 videamus,
1983 1925 2103 1967 Quare
2117 1932 2157 1960 ut
2175 1927 2267 1970 agri—

1273 1977 1368 2010 colae
1394 1983 1467 2010 arte
1491 1988 1530 2008 ac
1555 1976 1756 2019 diligentia,
1790 1977 1875 2009 dum
1901 1976 2093 2021 quotannis
2115 1978 2267 2011 maxima

1273 2040 1431 2073 quaeque
1448 2039 1554 2060 manu
1574 2027 1704 2070 legunt.
1726 2027 1777 2059 illi
1794 2027 1968 2059 seminum
1987 2028 2175 2061 mutationi
2192 2040 2267 2062 me-

1273 2079 1347 2112 deri
1365 2080 1522 2119 student,
1550 2079 1596 2112 ita
1611 2078 1705 2110 viros
1722 2075 1887 2111 honestos
1906 2090 2064 2123 quosque
2088 2091 2167 2112 cum
2184 2090 2267 2114 suo-

1275 2143 1351 2164 ruiu
1376 2137 1576 2173 temporum
1601 2129 1695 2163 vitiis
1720 2140 1874 2172 pugnare
1895 2136 2051 2173 oportet,
2079 2131 2174 2176 quod
2198 2131 2267 2164 nisi

1275 2183 1352 2221 siat,
1388 2180 1506 2214 omnia
1534 2181 1631 2213 brevi
1660 2180 1695 2212 iu
1720 2192 1882 2224 praeceps
1912 2180 2047 2214 ruitura
2074 2182 2267 2218 videamus.

1275 2232 1329 2266 Ad
1358 2233 1508 2265 eundem
1541 2232 1684 2264 modum
1713 2231 1779 2263 uisi
1810 2231 1890 2265 totis
1917 2231 2053 2265 virilius
2085 2233 2267 2267 resistatur

1275 2282 1401 2317 liorum
1421 2291 1618 2327 temporum
1636 2283 1869 2325 negligentiae
1886 2290 1990 2328 atque
2010 2284 2168 2325 inertiae,
2191 2296 2267 2318 me-

1275 2337 1445 2368 tuendum
1463 2342 1523 2373 est,
1552 2346 1595 2367 ne
1613 2335 1653 2366 ad
1673 2341 1830 2377 posteros
1846 2346 1970 2376 magna
1989 2347 2028 2368 ex
2047 2342 2143 2380 parte
2160 2342 2191 2369 et
2209 2347 2266 2369 re-

1276 2387 1415 2428 ligionis
1442 2385 1622 2421 doctriua.
1655 2392 1685 2417 et
1716 2392 1870 2418 caeterae
1894 2398 2034 2431 quoque
2058 2387 2266 2431 discipliuae

1274 2439 1344 2471 siut
1372 2438 1585 2471 interiturae.
1641 2435 1728 2468 Nam
1756 2434 1927 2475 Ecclesia,
1963 2449 2034 2469 non
2060 2437 2128 2471 iam
2150 2438 2265 2471 dicam

1274 2491 1316 2521 d«-
1342 2489 1495 2533 alumnis
1515 2488 1567 2520 vel
1587 2487 1788 2531 discipulis,
1816 2487 1985 2521 Doctores
2005 2496 2096 2522 certe
2124 2501 2195 2522 non
2216 2496 2265 2523 est

1276 2539 1458 2576 lialiitura.
1486 2546 1519 2573 et
1535 2539 1793 2582 ‹lispeiis.·itor‹=s
1810 2539 2057 2584 mysteriorum
2079 2540 2159 2579 Dei.
2186 2552 2265 2574 cum

1275 2593 1319 2625 ita
1340 2592 1536 2633 negligatur
1556 2591 1652 2622 verbi
1674 2590 1786 2622 divini
1807 2590 1977 2625 tractatio.
2024 2589 2162 2624 Deinde
2180 2603 2267 2636 qua-

1275 2644 1341 2676 leui
1368 2651 1529 2687 putemus
1553 2641 1715 2674 militiam
1743 2641 1777 2674 iu
1804 2641 2044 2684 superioribus
2070 2643 2267 2687 disciplinis

1274 2696 1428 2728 suturam
1442 2721 1450 2734 ,
1476 2707 1554 2727 cuni
1573 2694 1607 2725 in
1627 2690 1680 2725 liis
1698 2692 1890 2737 primarum
1908 2693 2035 2727 artium
2056 2694 2267 2728 rudimentis
