2338 2958
119 119 193 155 437
533 114 691 154 DECL.
729 115 804 153 DE
839 116 981 153 VITA
1016 114 1329 154 RODOLPHI
1365 115 1729 156 AGRICOLAE.
2065 127 2137 161 438

117 203 208 239 hanc
224 202 451 248 impudentia,
479 203 620 248 quaein
639 203 788 250 quadam
806 205 981 248 tragoedia
998 215 1101 237 voca-
1123 210 1127 251 J
1151 202 1251 236 luent
1279 203 1450 248 improbi:
1486 207 1636 240 modesti
1662 219 1743 241 vero
1771 215 1802 243 et
1835 209 1950 252 legum
1981 219 2136 246 amantes

117 262 176 290 tur
189 254 346 288 omnium
368 253 573 288 morborum
591 252 827 288 humanorum
844 255 1076 289 saevissimus.
1122 253 1125 295 J
1150 254 1303 296 praemia
1323 255 1492 289 virtutum
1508 257 1640 298 serent,
1666 266 1697 292 et
1720 261 1896 303 perpetuis
1915 260 2079 295 laudibus
2096 263 2134 296 in

216 303 313 347 Quid
333 305 426 349 quod
443 304 480 337 in
496 305 617 340 multis
640 306 743 346 locis,
770 306 874 338 etiam
899 306 960 339 ubi
980 316 1099 338 emen-
1120 321 1124 378 ᾖ
1148 301 1304 336 Ecclesia
1327 306 1568 348 ornabuntur,
1601 316 1631 342 et
1654 310 1815 343 fruentur
1831 311 2031 345 dulcissima
2048 325 2134 346 con-

113 356 212 389 datae
228 361 309 389 sunt
325 353 510 396 Ecclesiae,
534 368 629 390 nunc
646 356 873 400 negliguntur
888 357 1000 389 studia
1020 356 1098 389 lite-
1147 355 1332 387 suetudine
1362 354 1429 389 Dei
1460 358 1523 389 filii
1555 359 1645 399 eius,
1684 361 1897 404 optimorum
1928 360 2133 407 Principum

112 417 250 446 rarum,
281 417 384 438 nemo
410 406 605 449 opitulatur
628 405 1096 452 pauperibus·scholasticis,
1119 384 1123 442 ,l
1146 403 1265 445 Adae,
1311 403 1450 447 Nohae,
1503 406 1759 452 Prophetarum
1801 419 1832 445 et
1867 411 2133 456 Apostolorum.

110 454 200 489 fame
224 462 396 489 necantur
416 457 465 500 pii
486 464 519 491 et
543 458 637 492 docti
663 457 886 498 Sacerdotes,
913 464 945 490 et
972 469 1093 491 eorum
1118 450 1121 506 ff
1145 453 1281 487 Horum
1301 457 1343 488 de
1365 457 1468 490 nobis
1488 459 1615 491 iudicia
1635 461 1718 493 boui
1739 463 1805 494 iam
1825 463 2030 497 intueantur
2052 464 2133 497 ani-

70 2592 73 2593 ⁷
95 2586 191 2609 nunc
216 2585 358 2621 sperant
381 2578 639 2623 impunitatem.

110 506 275 549 coniuges
292 513 324 540 et
339 507 439 550 parvi
457 508 572 541 liberi.
626 507 744 551 Quare
766 508 946 552 aliquanto
965 514 1042 551 post
1062 513 1094 540 et

108 554 164 590 his
181 557 335 591 defuturi
360 564 442 591 sunt
460 558 578 592 idonei
595 558 775 598 Pastores,
805 565 837 591 et
861 565 1018 591 secutura
1045 564 1094 591 est

107 607 298 645 barbaries,
322 615 354 641 et
372 606 548 643 horrenda
565 607 963 644 vastitasEcclesiarum.
997 608 1093 641 Haec

107 657 199 691 mala
218 659 296 702 quis
318 665 429 703 potest
446 659 520 692 sine
546 657 734 704 lachrymis
765 659 819 691 vel
845 660 1014 702 cogitare,
1038 659 1092 691 vel

106 720 396 747 commemorare,
422 721 571 754 quorum
586 709 790 753 magnitudo
807 717 846 743 ut
863 711 1002 743 tandem
1019 708 1091 743 Re-

106 769 164 803 ges
190 759 331 802 excitet,
365 760 407 792 ad
431 772 511 793 vera
539 760 692 793 remedia
718 761 934 805 quaerenda,
970 772 1090 793 omnes

106 809 156 853 pii
179 809 432 843 ardentissimis
450 811 539 855 votis
563 817 695 855 optent.
749 810 909 844 Profecto
934 811 1002 843 iam
1022 811 1091 843 cir-

105 860 213 893 cumit
235 857 414 901 Christus,
441 861 614 902 esuriens,
642 862 780 902 sitiens,
808 862 997 902 laceratus,
1026 861 1090 894 ssa-

103 909 174 953 gris
196 910 418 951 vulneratus,
454 923 493 945 ac
523 912 689 956 implorat
712 924 813 957 opem
844 913 1027 946 doctorum
1057 918 1089 945 et

101 960 376 1003 gubernatorum
396 962 567 1002 omnium,
593 970 687 1003 orat,
713 970 750 996 ut
770 963 926 1007 corporis
943 963 1089 995 vulnera

101 1010 276 1053 obligent,
308 1018 347 1045 ut
370 1012 534 1046 alimenta
559 1014 799 1058 suppeditent,
834 1025 937 1058 quem
962 1014 989 1046 si
1015 1025 1088 1045 non

99 1061 305 1104 respicient,
340 1059 433 1095 haud
460 1063 566 1096 dubie
592 1064 629 1096 in
654 1071 830 1108 postremo
850 1064 983 1096 iudicio
1005 1061 1088 1096 hacc

98 1110 249 1144 fulmina
278 1113 438 1146 audient:
474 1111 636 1155 Esurivi‚
670 1121 702 1147 et
728 1126 802 1147 non
827 1114 971 1146 dedistis
999 1111 1087 1146 mihi

99 1161 229 1202 cibum,
256 1169 318 1197 etc.
363 1162 412 1196 lte
427 1164 605 1197 maledicti
623 1165 659 1197 in
676 1164 792 1207 ignem
810 1171 1005 1198 aeternum.
1048 1164 1087 1197 Si
1110 1174 1111 1197 1

99 1213 280 1245 consulere
297 1212 479 1257 Principes
494 1212 668 1247 Ecclesiae
686 1216 837 1254 vellent,
862 1227 933 1247 non
954 1215 1087 1247 deesset

98 1262 297 1298 consilium.
350 1264 418 1297 Sed
441 1265 586 1308 privatis
603 1272 634 1299 et
652 1265 792 1298 iniustis
816 1265 997 1297 affectibus
1020 1265 1086 1296 im-

98 1313 239 1357 peditur
273 1314 413 1357 publica
439 1315 585 1350 utilitas,
644 1314 751 1348 Tanti
785 1316 864 1348 fecit
892 1314 1085 1348 Ecclesiam

98 1374 197 1396 suam
232 1363 324 1396 filius
347 1364 433 1404 Dei,
469 1372 506 1398 ut
533 1377 607 1398 eam
634 1366 725 1399 vitae
761 1377 841 1398 suae
869 1365 1085 1409 praetulerit.

96 1412 207 1446 Multi
234 1425 329 1447 nunc
353 1415 577 1449 stultissimos
599 1416 742 1449 affectus
763 1416 963 1449 anteferunt
981 1416 1084 1449 saluti

94 1464 203 1497 totius
225 1462 419 1506 Ecclesiae,
453 1478 491 1499 ac
516 1466 676 1500 funditus
701 1478 776 1499 eam
800 1466 916 1510 perire
937 1467 1085 1506 malunt,
1106 1445 1109 1507 i

94 1526 199 1559 quam
224 1515 406 1558 paululum
440 1517 578 1549 frenare
603 1517 850 1557 ambitionem,
885 1523 944 1549 aut
970 1516 1084 1548 avari-

92 1565 195 1605 tiam,
230 1571 290 1598 aut
316 1566 513 1601 libidinem.
567 1565 613 1600 Et
636 1574 752 1600 tamen
769 1564 807 1600 hi
832 1578 867 1600 se
884 1567 1084 1599 defensores

92 1613 329 1648 Ecclesiarum
346 1616 414 1648 dici
430 1617 566 1651 volunt.

194 1664 284 1699 Cum
309 1666 416 1708 igitur
440 1673 534 1701 tanta
557 1667 601 1701 sit
626 1665 694 1701 hoc
711 1674 868 1712 tempore
891 1667 1083 1712 dissipatio,

92 1721 126 1749 et
144 1715 346 1760 impendeat
363 1717 476 1751 maior
491 1718 650 1751 omnium
668 1730 784 1751 rerum
807 1719 966 1751 confusio
978 1745 986 1758 ,
1013 1718 1083 1750 nisi

91 1766 187 1800 Deus
209 1767 484 1809 gubernatorum
515 1768 651 1801 animos
674 1770 717 1801 ad
746 1769 908 1801 salutaria
936 1769 1081 1801 consilia
1104 1809 1105 1820 ἵ

91 1817 244 1850 flexerit:
270 1816 429 1851 Primum
448 1820 601 1851 orandus
620 1825 667 1851 est
680 1819 791 1858 Deus,
812 1825 850 1851 ut
870 1819 940 1861 ipse
958 1819 1081 1851 laben-

94 1873 163 1900 tem
180 1865 371 1900 Ecclesiam
388 1869 526 1909 sulciat3
556 1869 682 1901 deinde
698 1866 864 1901 hortandi
881 1875 962 1902 sunt
977 1868 1081 1902 Prin-

93 1917 206 1961 cipes,
237 1925 276 1952 ut
302 1926 424 1951 curent
446 1919 512 1951 rite
539 1918 725 1952 diiudicari
751 1919 1023 1959 controversias,
1049 1926 1081 1952 et
1102 1942 1105 1984 Ι

92 1967 316 2011 disciplinam
350 1969 498 2003 restitui.
558 1968 761 2009 Postremo,
802 1969 884 2013 quia
919 1970 1080 2013 publicae

92 2018 278 2062 opiniones
293 2026 327 2053 et
343 2032 457 2053 mores
474 2020 592 2065 aliqua
610 2032 649 2053 ex
664 2026 761 2064 parte
778 2019 962 2053 imitantur
977 2018 1080 2053 scho—

91 2070 293 2104 lasticorum
317 2070 448 2104 iudicia
472 2077 505 2104 et
528 2071 701 2114 exempla,
727 2082 788 2103 vos
811 2083 950 2115 quoque
967 2083 1079 2115 quan-
1101 2097 1103 2124 ἱ

91 2127 166 2154 tum
190 2132 331 2163 possum
354 2119 658 2155 vehementissime
679 2118 869 2161 adhortor,
896 2128 934 2154 ut
951 2120 1079 2166 Cyclo-

92 2181 152 2214 pes
169 2171 259 2212 illos,
286 2172 347 2216 qui
363 2172 428 2206 sibi
445 2172 605 2205 omnium
620 2172 787 2205 scelerum
806 2172 982 2204 licentiam
1000 2184 1080 2216 per-

92 2220 186 2254 mitti
204 2222 343 2263 volunt,
372 2224 432 2268 qui
449 2223 540 2267 leges
556 2230 588 2257 et
606 2223 746 2256 vincula
762 2219 929 2256 honestae
946 2229 976 2256 et
993 2223 1079 2256 civi-

91 2271 135 2304 lis
158 2271 250 2305 vitae
267 2274 420 2317 quodam
441 2286 515 2307 non
533 2274 647 2308 solum
666 2273 870 2311 barbarico,
897 2274 955 2306 scd
974 2274 1077 2307 etiam

92 2321 268 2356 diabolico
293 2323 413 2357 surore
433 2331 684 2369 perrumpunt,
711 2324 850 2368 fugiatis
874 2335 912 2357 ac
931 2324 1080 2358 deteste-

91 2372 199 2414 mini,
232 2385 294 2406 vos
316 2386 398 2408 vero
419 2376 463 2408 ad
483 2388 637 2409 amorem
664 2376 779 2419 legum
805 2381 839 2408 et
863 2375 1081 2419 disciplinae,

91 2424 137 2457 ad
155 2424 381 2467 modestiam,
407 2427 451 2459 ad
477 2426 631 2460 studium
659 2426 833 2460 iuvandae
849 2424 1024 2460 Ecclesiae
1048 2433 1081 2460 et

93 2476 290 2509 communis
319 2477 494 2510 societatis
519 2477 772 2512 adsuefaciatis.
822 2476 1012 2511 Falluntur
1026 2484 1081 2523 ty-

95 2525 216 2567 ranni,
252 2527 280 2559 si
305 2528 401 2561 nulla
427 2526 603 2561 Ecclesiae
633 2527 761 2561 iudicia
790 2534 966 2568 metuunt,
1000 2528 1082 2573 quia

690 2576 770 2612 Erit
792 2577 965 2612 Ecclesiae
989 2578 1083 2612 iudi-

95 2626 188 2659 cium
220 2629 463 2671 subeundum,
499 2641 577 2663 cum
610 2628 702 2661 fitius
724 2628 789 2662 Dei
817 2629 1015 2672 apparebit,
1047 2629 1083 2662 in

97 2688 167 2721 quo
179 2678 392 2721 petulantiae
417 2687 450 2714 et
469 2679 708 2715 contumaciae
725 2680 940 2713 tristissimas
956 2691 1084 2724 poenas
1106 2710 1109 2724 ,

1105 1764 1249 1798 'omnes
1281 1767 1424 1810 politiae
1457 1770 1644 1804 debebant.

1143 505 1227 544 mis,
1254 513 1287 538 et
1305 507 1350 540 ita
1368 508 1507 546 vivant,
1535 516 1573 541 ut
1598 510 1667 543 illis
1687 523 1746 544 sua
1770 514 1932 554 consilia,
1958 514 2072 548 studia
2096 521 2130 549 et

1144 567 1256 589 mores
1273 558 1435 600 probent.
1488 558 1583 592 Dixi.

1139 765 1204 802 No.
1217 767 1277 804 57.

1137 824 1265 835 Μ

1963 789 2010 808 an.
2032 779 2127 811 1539.

1967 833 2125 844 *m

1330 879 1408 920 'cta
1440 880 1674 936 Rodolphi
1702 882 1753 924 A
1749 886 1964 940 ‘qricolacz

1205 957 1384 998 Apudgssrat.
1409 960 1478 993 ΜΝ.
1498 969 1526 998 Ρ.ῥ
1542 960 1592 985 306
1607 970 1681 995 sqq.‚
1713 962 1738 987 in
1758 962 1879 990 Declam.
1899 965 1931 994 T,
1952 966 1984 993 ll.
2004 975 2029 1001 p.
2049 968 2126 1001 450.‚

1238 1001 1266 1017 ιιι
1287 994 1404 1020 bervest.
1422 994 1454 1019 ll.
1476 1003 1501 1028 p.
1516 995 1574 1021 444.
1600 1000 1625 1020 et
1643 1005 1684 1029 ap.
1703 996 1828 1023 Richard.
1844 998 1862 1024 l.
1882 1007 1909 1032 p.
1929 1000 1986 1026 594.

1137 1081 1262 1114 Oratio
1291 1080 1337 1114 de
1364 1083 1442 1115 vita
1468 1081 1698 1126 Rodolphz·
1723 1085 2001 1130 Agricolae,
2043 1091 2125 1123 Fri-

1134 1132 1204 1172 sii,
1238 1142 1360 1165 mense
1377 1133 1472 1166 Iulio
1501 1132 1631 1167 Ιιηόἰία
1658 1145 1680 1167 τι
1707 1138 1847 1169 Ioanne
1866 1139 2018 1172 Saxone
2035 1142 2125 1174 Hol-

1110 1184 1308 1225 watiensi,
1356 1193 1437 1216 cum
1472 1183 1693 1218 decerneret
1727 1188 1879 1221 tilulum
1917 1190 2123 1235 ssIayisierii

1109 1231 1353 1277 2quibnsdc1m
1387 1233 1551 1268 honestis
1579 1240 1613 1269 et
1644 1236 1805 1271 eruditis
1839 1240 2048 1284 iuvenibus,
2082 1244 2120 1276 in

1419 1285 1541 1319 Acad.
1570 1286 1833 1334 {fischo-yeme

1132 1357 1338 1397 Plurimum
1366 1366 1470 1398 refert
1495 1377 1559 1398 nos
1584 1367 1677 1411 ipsos
1693 1376 1784 1403 recte
1802 1370 1996 1414 intelligere
2013 1384 2121 1416 genus

1132 1414 1224 1446 vitae
1247 1414 1282 1446 in
1309 1427 1378 1458 quo
1402 1427 1601 1455 versamur,
1634 1425 1667 1452 et
1689 1416 1753 1452 hoc
1768 1433 1896 1454 munus
1917 1425 2011 1467 quod
2029 1425 2121 1457 divi-

1131 1464 1227 1497 nitus
1251 1465 1354 1497 nobis
1379 1467 1586 1499 attributum
1621 1476 1686 1509 est,
1721 1471 1900 1513 videlicet,
1934 1486 2120 1509 conserva—

1130 1515 1263 1547 tionem
1282 1527 1320 1547 ac
1337 1517 1622 1559 propagationem
1640 1527 1752 1553 rectae
1778 1523 1957 1557 doctrinae
1976 1525 2017 1558 de
2036 1527 2120 1559 reli-

1130 1565 1234 1607 gione
1250 1571 1282 1597 et
1297 1566 1340 1598 de
1357 1566 1434 1599 aliis
1450 1567 1554 1600 rebus
1572 1566 1738 1605 honestis,
1791 1571 1868 1606 Etsi
1888 1575 1980 1607 enim
1999 1577 2117 1619 splen-

1130 1615 1225 1647 doris
1249 1615 1328 1658 plus
1355 1613 1484 1650 habent
1510 1618 1569 1650 alii
1595 1620 1684 1653 vitae
1701 1622 1829 1663 gradus
1847 1630 1951 1669 atque
1965 1627 2118 1666 ordines,

1129 1671 1246 1698 tamen
1264 1666 1291 1698 si
1310 1679 1389 1699 vere
1405 1668 1568 1701 volumus
1590 1671 1789 1712 aestimare,
1813 1685 1951 1708 summa
1966 1677 2118 1719 dignitas

1130 1723 1178 1749 est
1200 1713 1410 1750 scholarum.
1468 1717 1532 1751 His
1556 1722 1738 1765 praecipue
1759 1725 1889 1757 servire
1918 1726 2063 1770 imperia
2087 1736 2119 1763 ct

1709 1772 1797 1805 Cum
1829 1776 1921 1808 enim
1953 1779 1996 1809 ad
2023 1776 2117 1813 hunc

1129 1816 1232 1848 finem
1253 1814 1415 1850 homines
1432 1820 1565 1853 conditi
1583 1821 1669 1861 siut,
1697 1829 1735 1855 ut
1752 1824 1863 1858 luceat
1881 1826 1917 1858 in
1935 1824 2001 1860 hoc
2012 1841 2116 1862 mun-

1130 1868 1174 1899 do
1201 1867 1331 1901 noticia
1354 1868 1438 1908 Dei,
1474 1876 1505 1902 et
1534 1879 1677 1914 propter
1698 1870 1787 1907 hanc
1812 1888 1948 1909 causam
1971 1879 2115 1913 societas

1128 1917 1241 1950 civilis
1256 1918 1427 1952 divinitus
1446 1920 1604 1954 instituta
1625 1922 1688 1961 sit,
1715 1931 1753 1957 ut
1769 1932 1886 1959 coetus
1903 1927 1972 1961 sint
1987 1930 2116 1963 docen-

1126 1968 1215 2001 tium
1241 1980 1279 2000 ac
1302 1969 1530 2008 discentium,
1558 1978 1596 2005 ut
1620 1975 1762 2007 accendi
1787 1983 1817 2009 et
1836 1977 1902 2010 late
1921 1980 2033 2022 spargi
2051 1993 2116 2014 no-

1127 2019 1208 2051 ticia
1238 2017 1303 2051 Dei
1329 2021 1454 2062 possit,
1486 2022 1568 2054 satis
1589 2031 1733 2066 apparet
1755 2038 1931 2061 summum
1951 2041 2022 2063 esse
2039 2031 2116 2064 offi-

1127 2069 1218 2101 cium
1238 2070 1397 2103 omnium
1414 2072 1705 2115 gubernatorum,
1735 2074 1908 2111 Ecclesias
1926 2091 1963 2112 ac
1981 2078 2116 2115 scholas

1127 2119 1228 2152 tueri.
1284 2120 1441 2164 Cogitate
1459 2134 1585 2166 quaeso
1603 2136 1706 2167 quam
1726 2129 1861 2169 augusti
1879 2136 1911 2163 et
1926 2134 2115 2165 venerandi

1127 2177 1245 2204 coetus
1269 2171 1338 2205 sint
1365 2170 1540 2215 Angelici.
1602 2173 1737 2209 llorum
1763 2177 1930 2221 imagines
1954 2182 1990 2213 iu
2015 2184 2115 2216 terris

1128 2219 1333 2255 Scholastici
1361 2223 1655 2257 conventus'esse
1686 2227 1831 2269 debent,
1872 2243 2000 2265 munus
2024 2241 2115 2267 certe

1128 2272 1220 2304 idem
1248 2279 1297 2306 est
1324 2279 1356 2307 et
1383 2274 1546 2307 officium.
1602 2274 1816 2311 I'rotitentur
1836 2280 1926 2314 idem
1945 2284 2039 2327 quod
2059 2296 2116 2317 ca—

1128 2329 1219 2356 nunt
1242 2321 1386 2366 Angeli:
1420 2323 1544 2357 Gloria
1569 2325 1606 2357 in
1631 2328 1772 2360 excelsis
1799 2328 1892 2371 Deo,
1919 2339 1951 2366 et
1970 2333 2004 2365 in
2024 2341 2115 2368 terra

1128 2385 1192 2418 pax
1204 2400 1213 2414 ‚
1235 2380 1268 2407 et
1285 2371 1488 2407 hominibus
1505 2375 1651 2410 laeticia.
1712 2378 1770 2412 Sic
1786 2378 1925 2416 scholae
1941 2384 2117 2418 celebrare

1128 2424 1262 2465 Deum,
1288 2425 1483 2458 doctrinam
1510 2426 1585 2469 paci
1604 2433 1635 2461 et
1653 2431 1859 2465 concordiae
1881 2431 2115 2468 Ecclesiarum

1130 2475 1272 2515 utilem,
1300 2482 1332 2509 et
1356 2487 1444 2520 quae
1468 2477 1649 2510 coelestem
1672 2479 1844 2514 laeticiam
1871 2484 1982 2527 pariat
2001 2483 2116 2518 homi-

1131 2527 1253 2567 nibus,
1286 2528 1639 2570 propagareffdebent.
1693 2529 1794 2564 Hauc
1811 2539 1941 2567 tantam
1965 2537 2116 2578 dignita-

1131 2584 1200 2611 tem
1213 2577 1324 2610 nostri
1341 2577 1517 2618 muneris,
1542 2579 1571 2611 si
1589 2579 1836 2624 cogitabimus,
1863 2591 1895 2618 et
1910 2586 2027 2619 animo
2045 2598 2116 2618 me-

1106 2621 1107 2632 *
1132 2629 1277 2669 tiemur‚
1304 2634 1337 2660 et
1363 2629 1476 2663 studia
1500 2634 1533 2662 et
1556 2630 1691 2664 scholas
1712 2633 1822 2675 magis
1848 2636 2057 2676 amabimus,
2085 2644 2117 2669 et

1132 2677 1188 2713 his
1210 2679 1337 2713 ritibus
1361 2686 1394 2714 et
1416 2680 1658 2745 coaggessibus
1676 2680 1891 2718 scholasticis
1909 2697 2116 2729 magnopere
