2338 2958
128 114 202 150 565
825 110 983 147 DECL.

1037 110 1109 147 DE
1145 110 1466 150 Δ1113110510.

2081 122 2153 160 566

228 197 336 231 Porro
363 194 449 229 haec
472 196 594 228 merita
615 203 706 230 recte.
731 199 929 231 docentium
951 206 983 232 et
1007 200 1118 241 repri-
1140 197 1145 234 l
1169 204 1289 239 tuum,
1316 211 1394 231 cum
1414 200 1548 243 Spiritu
1569 208 1704 235 sancto:
1731 204 1864 248 suscipe
1884 217 1938 239 me
1963 213 1996 240 et
2024 208 2075 241 fac
2099 222 2153 243 me

125 249 294 283 mentium
321 258 475 285 0110105,
511 259 581 279 non
606 247 781 281 ducantur
803 261 875 281 esse
902 249 1006 282 levia:
1036 262 1115 281 nam

125 302 171 333 ita
189 310 266 331 vere
285 305 512 330 conservatur
534 298 660 341 pignus
680 298 769 331 vitae
787 306 963 337 aeternae,
992 299 1117 333 videli-
1137 313 1141 353 1

122 357 172 384 cet
191 348 351 381 doctrina
380 348 555 389 coelestis,
583 348 754 382 retinetur
778 350 910 390 agnitio
937 363 1016 383 vera
1036 349 1113 388 Dei,
1137 355 1140 367 ¹
1163 360 1217 380 ma
1233 360 1268 381 se
1282 350 1405 392 pandit
1423 357 1451 382 et
1473 352 1563 384 cedit
1580 355 1727 396 corpori.

121 406 269 434 ornatur
294 399 406 441 gloria
429 397 515 439 Dei,
555 406 768 442 propagatur
799 398 975 441 Ecclesia,
1012 401 1113 433 multi

120 457 292 483 vocantur
314 450 356 482 ad
377 449 482 482 vitam
501 456 695 489 aeternam,
723 449 862 484 liberati
881 463 899 483 a
924 452 1111 495 tyrannide

120 500 266 534 diaboli.
320 499 415 533 Ilaec
441 511 513 532 11011
532 507 614 533 511111
636 499 772 532 minora
793 501 896 534 rebus
914 501 1017 544 gestis
1033 501 1110 535 Sci-

117 551 254 595 pionis,
283 558 341 584 aut
368 550 537 584 similium
561 550 737 583 bonorum
761 551 902 586 ducum.
955 549 1109 585 Ornaxit

118 602 177 635 ille
211 602 332 634 urbem
361 599 511 634 Romam
543 601 737 633 accessione
770 601 926 644 imperii,
962 602 1128 645 legibus,-

116 654 244 696 opibus
260 651 437 685 consuluit
454 650 596 684 utilitati
613 650 755 685 civium.
791 649 917 684 Fateor
934 649 1018 685 haec
1034 665 1106 686 esse

116 715 240 746 magna
259 710 291 736 et
309 702 445 734 divina:
474 703 530 734 sed
550 712 607 739 ea,
635 713 724 744 quae
743 701 780 733 111
798 699 953 735 Ecclesia
976 715 1102 746 geruu-

114 761 173 787 tur
188 754 319 786 maiora
337 759 429 792 suut,
449 758 481 784 et
497 763 514 783 a
530 749 606 784 Deo
623 751 724 785 aliter
739 753 993 794 gubernantur.
1022 751 1104 786 Bel-

115 805 284 848 ligeratur
317 803 409 836 fitius
442 800 509 836 Dei
542 802 708 835 adversus
738 803 919 837 diabolum
949 804 1105 836 mirabili

114 855 220 888 modo
247 865 307 897 per
330 853 485 885 membra
511 864 590 893 sua,
615 865 703 897 quae
724 853 914 888 admodum
939 854 1105 888 videntur

114 905 301 938 imbecilla.

213 953 407 998 Reliquum
426 959 494 992 est,
516 959 554 985 ut
569 953 611 985 de
628 960 739 987 morte
756 954 882 987 dicam.
926 953 1016 988 Cum
1032 955 1101 988 iam

111 1006 181 1040 fere
199 1003 466 1048 nonagesimum
484 1009 601 1046 ageret
618 1015 750 1037 annum
764 1031 773 1045 ,
801 1012 831 1038 et
850 1003 1023 1038 Ecclesias
1040 1006 1101 1039 diu

110 1068 235 1100 magno
252 1056 371 1088 labore
387 1053 550 1094 rexisset,
580 1055 720 1087 tandem
745 1055 880 1098 rapitur
896 1057 938 1088 ad
965 1057 1098 1100 suppli-

110 1108 215 1142 cium.
268 1105 404 1139 Multae
423 1110 505 1137 suut
521 1104 614 1136 enim
632 1116 770 1146 causae,
797 1118 905 1150 quare
921 1105 1016 1139 Deus
1031 1105 1101 1140 Ec—

109 1157 249 1191 clesiam
283 1155 378 1189 cruci
406 1154 603 1189 subiecerit.
661 1154 730 1189 Sed
756 1157 850 1200 quod
887 1157 923 1189 in
951 1158 1100 1200 publicis

109 1207 313 1252 spectaculis
331 1213 400 1239 tam
420 1206 519 1238 foede
536 1216 616 1238 suos
631 1217 648 1238 a
668 1207 826 1251 tyrannis
842 1207 987 1240 lacerari
1004 1208 1099 1249 sinit,

108 1260 196 1293 duae
214 1265 294 1292 suut
314 1256 518 1301 praecipuae
537 1266 670 1290 causae.

211 1307 343 1347 Altera,
371 1307 464 1350 quod
485 1306 559 1339 mlt
575 1307 727 1350 conspici
747 1307 948 1341 testimonia
965 1309 1098 1341 doctri-

108 1371 184 1394 nae.
237 1358 295 1392 Sic
331 1358 474 1400 adparet
501 1368 581 1389 vere
609 1369 674 1389 nos
706 1358 835 1390 sentire
864 1356 1095 1399 Evangelium

106 1409 279 1443 divinitus
296 1420 366 1440 esse
385 1406 571 1446 traditum,
597 1419 675 1439 cum
694 1408 784 1440 vitae
800 1408 1034 1442 anteferimus.

210 1458 330 1493 Altera
348 1464 408 1497 est,
429 1458 523 1502 quod
540 1457 617 1490 vult
633 1454 697 1489 1105
713 1470 866 1491 summos
884 1459 976 1491 viros
994 1465 1096 1491 testes

106 1523 178 1545 esse
197 1511 239 1544 de
255 1507 531 1542 immortalitate.
574 1505 667 1550 Quia
684 1508 776 1540 enim
793 1508 950 1541 scelerati
970 1516 1002 1541 et
1019 1509 1094 1552 pol-

105 1561 170 1596 luti
199 1560 299 1595 0111111
327 1557 546 1601 turpitudine
575 1569 669 1590 nunc
695 1558 854 1591 saeviunt
882 1559 918 1590 in
946 1566 1095 1599 sanctos,

105 1613 234 1658 quibus
257 1617 357 1644 antea
383 1608 536 1641 vidimus
565 1608 683 1640 adesse
709 1607 845 1649 Deum,
880 1621 1017 1642 necesse
1045 1616 1095 1642 est

104 1661 272 1702 iudicari,
306 1660 408 1693 aliam
438 1664 568 1691 restare
596 1658 724 1699 vitam,
758 1659 793 1691 in
822 1671 889 1703 qua
918 1659 1012 1693 Deus
1041 1660 1094 1699 iis,

103 1726 191 1759 quos
210 1712 322 1756 palam
342 1709 542 1752 complexus
560 1715 620 1750 est,
644 1709 797 1753 praemia
815 1711 1018 1743 redditurus
1034 1718 1094 1750 est,

103 1771 136 1797 et
156 1763 273 1807 impiis
299 1772 438 1806 poenas.
491 1757 581 1793 Cum
605 1760 701 1792 vides
719 1759 887 1798 Paulum,
917 1760 975 1807 qui
998 1773 1093 1792 mor-

103 1821 183 1848 tuos
200 1813 425 1850 excitaverat,
451 1809 599 1842 interfici
623 1821 641 1842 a
662 1816 811 1854 tyranno
838 1810 997 1842 omnium
1025 1810 1087 1842 im-

103 1864 314 1908 purissimo,
350 1872 422 1893 non
447 1860 574 1892 senties
598 1859 746 1892 Paulum
778 1872 795 1892 a
819 1859 894 1892 Deo
918 1861 1090 1893 abiectum

104 1926 192 1948 esse:
221 1917 279 1946 sed
302 1918 431 1945 restare
450 1909 546 1942 aliud
572 1909 742 1942 iudicium
767 1916 844 1954 post
866 1907 955 1943 hanc
973 1911 1090 1944 vitam.

101 1963 198 2008 Ergo
217 1961 301 1997 haec
319 1960 474 2004 exempla
491 1960 528 1992 111
546 1958 700 1992 Ecclesia
719 1967 801 1993 sunt
818 1960 956 1994 usitata:
989 1974 1090 2005 prae-

102 2016 202 2060 cipua
219 2014 353 2047 lumina
375 2011 450 2045 vult
469 2010 580 2050 Deus,
606 2011 643 2042 in
664 2008 718 2043 his
737 2011 959 2054 spectaculis,
988 2018 1090 2045 testes

101 2066 176 2099 fieri
193 2064 384 2099 doctrinae.

207 2115 345 2159 Raptus
369 2111 476 2156 igitur
492 2111 534 2144 ad
558 2110 768 2155 supplicium
788 2108 1000 2155 Poly-carpus
1023 2111 1089 2143 im-

102 2166 248 2210 ponitur
278 2176 361 2207 rogo
387 2162 543 2202 ardenti,
577 2168 616 2195 ut
647 2173 773 2204 corpus
796 2161 985 2194 ustulatum
1016 2162 1088 2203 igni

103 2224 297 2253 torreatur,
337 2221 371 2247 et
404 2214 510 2255 longo
544 2211 699 2245 cruciatu
735 2218 971 2244 consumatur.
1023 2211 1090 2244 Hic

104 2279 181 2300 cum
198 2273 264 2299 stat
282 2265 373 2298 inter
390 2264 548 2296 flammas
567 2262 690 2306 incipit
714 2258 768 2294 1115
787 2261 901 2294 verbis
920 2263 1089 2304 precatio-

103 2329 202 2357 nem,
229 2328 317 2362 quae
341 2315 389 2347 sic
407 2313 580 2353 recitabo,
606 2319 644 2346 ut
662 2319 776 2345 extant
803 2312 839 2344 111
859 2309 1024 2351 111510113,
1053 2320 1089 2345 111

102 2367 257 2411 cogitetis
275 2365 451 2411 quomodo
470 2371 613 2403 veteres,
640 2371 671 2396 et
689 2363 878 2395 direxerint
896 2363 1089 2396 orationem

103 2420 147 2452 ad
171 2417 302 2458 Deum,
334 2422 367 2450 01
397 2415 434 2447 111
460 2414 532 2458 1ρ53
558 2420 670 2447 1110110
699 2413 951 2446 confessionem
977 2414 1090 2447 decla-

101 2470 267 2502 raverint.

204 2518 299 2552 Deus
324 2524 420 2561 pater
444 2514 562 2548 dilecti
590 2514 653 2546 filii
675 2514 726 2547 tui
751 2512 828 2547 lesu
853 2511 1003 2552 Christi,
1030 2527 1090 2559 per

1138 237 1143 312 ἱ
1166 249 1297 280 5110111111
1317 251 1580 283 105111101·11,11115
1597 260 1794 286 sanctorum
1815 262 1974 297 tuorum,
2002 256 2126 295 Arnen.

1267 297 1362 331 Haec
1380 301 1670 335 111111101.»1.’11·111’0
1687 304 1856 347 clamitat,
1884 306 2024 340 interim
2051 310 2150 342 flam—

1781 355 1857 390 Stat
1882 368 1984 391 senex
2005 359 2148 401 integer,

1162 399 1298 438 alacris,
1326 412 1397 432 non
1415 401 1569 433 sentiens
1586 403 1753 443 flammas,
1781 413 1818 438 ut
1837 407 1920 439 olim
1938 408 1973 441 in
1993 407 2149 443 Chaldea

1161 450 1286 483 servati
1305 451 1437 483 suntin
1455 450 1620 485 incendio
1639 460 1706 486 tres
1725 455 1802 488 viri.
1838 457 2063 502 Conspicitur
2078 461 2147 493 ful-

1159 510 1243 541 gens
1269 501 1418 534 candida
1443 501 1537 542 11100,
1565 508 1597 535 01
1616 505 1819 546 exauditur,
1847 509 2026 543 celebrans
2052 508 2146 545 hunc

1158 548 1272 583 Deum
1299 558 1431 594 patrem
1463 551 1540 585 lesu
1567 550 1701 588 Christi
1738 557 1957 591 conditorem
1985 562 2144 595 omnium

1157 612 1285 634 rerum.

1259 650 1371 684 Valde
1387 663 1549 695 cuperem
1569 653 1611 686 de
1635 653 1707 697 ipsa
1724 657 1934 699 precationis
1957 660 2067 695 forma
2085 675 2143 696 co-

1156 701 1287 745 piosius
1305 701 1429 735 dicere.
1482 702 1548 736 Sed
1572 716 1632 737 vos
1649 704 1715 747 ipsi
1737 708 1939 750 expendite,
1967 723 2029 744 cur
2053 714 2143 746 rese-

1154 759 1208 785 rat
1224 752 1272 785 sic
1288 753 1438 786 describi
1454 751 1584 794 Deum,
1612 762 1743 798 patrem
1767 755 1842 790 [esu
1857 755 1998 793 Christi.
2043 762 2142 798 Sicut

1153 802 1360 848 plerumque
1385 810 1417 837 et
1439 802 1568 837 Paulus
1592 804 1766 850 loquitur,
1793 815 1832 841 ut
1857 810 1967 843 multa
1991 821 2142 855 moneat,

1153 854 1315 887 videlicet
1340 854 1497 887 exaudiri
1522 867 1585 888 nos
1611 863 1753 899 propter
1775 858 1898 900 filium,
1923 861 2006 894 item
2031 871 2140 897 caete—

1152 916 1206 937 ras
1229 911 1347 947 gentes
1372 905 1557 938 maledicas
1581 906 1618 937 in
1637 903 1839 952 Christum,
1878 922 1950 944 non
1975 912 2139 948 invocare

1149 952 1284 995 Deum,
1316 955 1451 988 tametsi
1478 956 1710 999 profiteantur
1733 970 1768 991 se
1794 959 1956 994 invocare
1979 965 2137 998 condito-

1150 1017 1223 1037 rem
1242 1018 1371 1045 rerum,
1394 1012 1432 1039 111
1449 1018 1543 1039 nunc
1563 1006 1683 1040 ludaei
1702 1015 1735 1041 et
1753 1007 2034 1047 Mahometistae.
2067 1014 2136 1048 Sed

1149 1052 1233 1088 haec
1258 1056 1353 1090 alias.

1249 1105 1351 1140 Nunc
1376 1107 1418 1139 de
1440 1105 1653 1152 Polycarpo:
1689 1110 1826 1144 stabant
1855 1110 2082 1155 Magistratus
2105 1123 2138 1150 01

1147 1157 1324 1190 carnifices
1342 1158 1523 1201 stupefacti
1543 1170 1579 1190 re
1599 1159 1763 1193 inusitata
1775 1187 1784 1201 ‚
1811 1173 1889 1194 curn
1907 1163 2067 1199 viderent
2085 1178 2136 1199 se—

1147 1219 1228 1240 nem
1259 1208 1420 1240 illaesum
1456 1209 1584 1242 vivere.
1639 1208 1800 1244 Tandem
1836 1213 1932 1247 iubet
1966 1222 2136 1252 tyrannus

1147 1269 1226 1290 eum
1245 1258 1361 1300 gladio
1379 1259 1562 1292 transfodi.
1615 1258 1690 1293 llac
1710 1273 1792 1295 nece
1809 1262 1926 1296 minus
1943 1254 2040 1299 saeva
2058 1279 2136 1311 per-

1146 1308 1240 1341 misit
1257 1306 1351 1341 Deus
1373 1321 1489 1341 senem
1516 1310 1691 1354 extingui,
1719 1319 1795 1355 post
1819 1314 1972 1347 auditam
1993 1316 2030 1348 in
2051 1329 2134 1361 rogo

1144 1359 1320 1401 publicam
1340 1359 1606 1394 confessionem.

1246 1409 1423 1442 Recensui
1442 1410 1581 1442 brevem
1599 1411 1640 1443 de
1660 1409 1852 1457 polycarpo
1872 1410 2068 1457 historiam,
2095 1418 2131 1450 in

1143 1471 1209 1503 qua
1226 1456 1293 1492 hoc
1312 1460 1495 1503 praecipue
1512 1461 1795 1503 meminerimus,
1824 1461 1919 1498 hunc
1935 1467 2130 1501 auditorem

1145 1507 1323 1549 lobannis,
1350 1516 1470 1542 testem
1488 1522 1551 1543 nos
1571 1508 1700 1544 habere
1721 1513 1914 1556 doctrinae,
1941 1529 2044 1561 quam
2065 1516 2131 1551 Ec-

1142 1559 1265 1592 clesiae
1291 1566 1430 1592 nostrae
1465 1561 1684 1604 profitentur.
1737 1562 1877 1597 Deinde
1909 1573 1941 1600 et
1975 1569 2130 1612 exempla

1141 1610 1371 1649 admoneant,
1399 1623 1463 1644 nos
1488 1612 1531 1644 ad
1558 1613 1747 1646 certamina
1774 1621 1806 1647 et
1826 1615 1981 1658 pericula
2003 1620 2130 1661 vocari,

1141 1673 1178 1694 ac
1206 1660 1319 1694 Deum
1349 1661 1452 1694 nobis
1481 1662 1584 1696 etiam
1618 1662 1710 1696 inter
1737 1664 1894 1699 flammas
1921 1667 2125 1703 adfuturum

1141 1723 1225 1744 esse.
1277 1711 1371 1745 Dixi.

1139 1869 1203 1902 No.
1221 1867 1281 1903 71.
1960 1888 2006 1908 an.
2036 1879 2126 1911 1542.

1950 1921 2121 1936 Ἃ

1452 1949 1528 1990 De
1555 1949 1811 1993 Ambrosio.

1208 2028 1237 2053 ln
1254 2028 1376 2055 Declam.
1392 2029 1423 2056 T.
1434 2029 1466 2054 11.
1486 2037 1510 2062 p.
1526 2029 1576 2054 283
1588 2039 1662 2064 sqq.,
1688 2030 1802 2057 serven.
1820 2033 1851 2059 T.
1863 2034 1894 2059 ll.
1909 2045 1933 2069 p.
1943 2036 2000 2062 277.
2016 2042 2040 2063 et
2055 2039 2126 2072 apud

1243 2063 1367 2088 Richard.
1387 2063 1418 2090 Τ.
1435 2063 1480 2089 lll.
1501 2072 1527 2096 p.
1541 2064 1601 2089 665.
1622 2080 1651 2083 —
1689 2065 1848 2100 Adscriptus
1863 2075 1899 2094 est
1915 2071 2023 2103 quidem
2039 2081 2125 2099 annus

1244 2097 1318 2123 1541.
1341 2097 1385 2123 sed
1408 2107 1436 2122 ex
1462 2106 1564 2124 errore.
1603 2097 1672 2123 Num
1695 2108 1722 2124 011
1740 2099 1865 2132 Ερ1510115
1884 2103 1943 2131 vot,
1961 2104 2006 2130 ΙΨ.
2025 2114 2051 2139 p.
2067 2108 2125 2134 85³.

1239 2131 1299 2157 857.
1315 2131 1374 2158 861.
1395 2132 1456 2157 satis
1474 2132 1651 2166 perspicitur,
1677 2133 1748 2158 hanc
1768 2136 1916 2163 orationem
1941 2139 1972 2164 ad
1993 2149 2034 2165 an.
2050 2142 2126 2169 1542.

1242 2165 1410 2191 referendam
1430 2175 1496 2193 esse.

1140 2239 1265 2271 Oratio
1287 2237 1332 2271 de
1352 2236 1434 2271 divo
1459 2236 1719 2280 Ambrosio,
1747 2238 1876 2275 habita
1899 2253 1922 2275 α
1942 2245 2124 2292 Mayistro

1303 2289 1543 2322 Marcello.
1570 2290 1789 2325 M.D.A·L1.
1818 2292 1960 2338 (15⁴2.)

1141 2355 1290 2404 Quoties
1316 2357 1380 2393 hos
1413 2360 1573 2403 publicos
1596 2359 1892 2398 Scholasticorum
1922 2379 2124 2412 congressus

1139 2413 1297 2450 intueor,
1333 2410 1426 2443 subit
1461 2411 1617 2443 animum
1651 2413 1832 2455 cogitatio,
1870 2428 1948 2450 cum
1977 2421 2018 2453 de
2046 2423 2123 2456 aliis

1139 2463 1229 2495 vitae
1248 2461 1423 2505 partibus,
1450 2467 1524 2493 tum
1547 2473 1629 2494 vero
1647 2464 1794 2497 maxime
1812 2466 1854 2498 de
1871 2464 2042 2512 Ecclesia,
2068 2475 2123 2506 cui

1139 2512 1252 2546 studia
1268 2518 1384 2544 nostra
1402 2511 1587 2555 praecipue
1603 2513 1771 2549 serviunt.
1813 2514 1971 2563 Cumque
1987 2533 2120 2555 mecum

103 2581 206 2614 quern
223 2569 437 2612 agnitionem
457 2566 508 2600 tui
523 2565 735 2608 accepimus,
763 2564 926 2597 conditor
949 2565 1091 2598 univer-
1139 2563 1262 2596 tacitus
1282 2569 1416 2605 repeto,
1443 2562 1583 2606 quantis
1606 2563 1688 2596 inde
1706 2576 1816 2610 usque
1833 2568 1876 2599 ab
1895 2569 1995 2602 initio
2019 2573 2121 2605 moti-

102 2631 159 2652 sae
185 2626 378 2659 creaturae,
400 2625 432 2651 te
458 2617 602 2653 invoco.
625 2622 657 2648 10
682 2615 850 2648 confiteor
872 2627 990 2647 verum
1019 2627 1091 2648 esse
1113 2607 1115 2637 !
1142 2616 1203 2646 bus
1223 2620 1380 2657 quassata
1397 2612 1452 2651 sit,
1480 2619 1622 2656 propter
1638 2615 1817 2648 doctrinae
1835 2621 2059 2663 corruptelas,
2084 2635 2121 2656 30

101 2668 215 2704 Deum
228 2697 236 2709 ,
263 2676 295 2702 te
313 2669 469 2712 glorifico
489 2679 549 2711 per
565 2665 768 2699 Pontificem
787 2665 951 2698 dilectum
977 2665 1087 2700 filium

1141 2664 1310 2709 pericula,
1344 2675 1432 2707 quae
1470 2663 1671 2707 impendent
1709 2667 1900 2709 posteritati
1939 2672 2122 2715 prospicio,

1435 2709 1511 2746 36*
