<?xml version="1.0" encoding="UTF-8"?>
<!DOCTYPE html PUBLIC "-//W3C//DTD XHTML 1.0 Transitional//EN"
    "http://www.w3.org/TR/xhtml1/DTD/xhtml1-transitional.dtd">
<html xmlns="http://www.w3.org/1999/xhtml" xml:lang="en" lang="en">
 <head>
  <title>
</title>
<meta http-equiv="Content-Type" content="text/html;charset=utf-8" />
  <meta name='ocr-system' content='tesseract 3.04.00' />
  <meta name='ocr-capabilities' content='ocr_page ocr_carea ocr_par ocr_line ocrx_word'/>
</head>
<body>
  <div class='ocr_page' id='page_1' title='image "./operaquaesupersu11melauoft/operaquaesupersu11melauoft_0349.png"; bbox 0 0 2338 2958; ppageno 0'>
   <div class='ocr_carea' id='block_1_1' title="bbox 0 401 13 2506">
    <p class='ocr_par' dir='ltr' id='par_1_1' title="bbox 0 401 13 2506">
     <span class='ocr_line' id='line_1_1' title="bbox 0 401 13 2506; baseline 0 0"><span class='ocrx_word' id='word_1_1' title='bbox 0 401 13 2506; x_wconf 95' lang='lat' dir='ltr'> </span> 
     </span>
    </p>
   </div>
   <div class='ocr_carea' id='block_1_2' title="bbox 0 628 937 676">
    <p class='ocr_par' dir='ltr' id='par_1_2' title="bbox 0 628 937 676">
     <span class='ocr_line' id='line_1_2' title="bbox 0 628 937 676; baseline -0.005 -10"><span class='ocrx_word' id='word_1_2' title='bbox 0 660 2 669; x_wconf 91' lang='lat'>.</span> <span class='ocrx_word' id='word_1_3' title='bbox 31 639 39 645; x_wconf 85' lang='lat'><strong><em>‘</em></strong></span> <span class='ocrx_word' id='word_1_4' title='bbox 73 632 153 672; x_wconf 84' lang='lat' dir='ltr'>bat,</span> <span class='ocrx_word' id='word_1_5' title='bbox 177 643 281 676; x_wconf 90' lang='lat' dir='ltr'>quam</span> <span class='ocrx_word' id='word_1_6' title='bbox 301 630 436 673; x_wconf 86' lang='lat' dir='ltr'>magnis</span> <span class='ocrx_word' id='word_1_7' title='bbox 453 630 576 663; x_wconf 79' lang='lat' dir='ltr'>officiis</span> <span class='ocrx_word' id='word_1_8' title='bbox 592 628 745 662; x_wconf 80' lang='lat' dir='ltr'>Basilius</span> <span class='ocrx_word' id='word_1_9' title='bbox 762 629 937 665; x_wconf 87' lang='lat' dir='ltr'>tuebatur.</span> 
     </span>
    </p>
   </div>
   <div class='ocr_carea' id='block_1_3' title="bbox 81 139 152 175">
    <p class='ocr_par' dir='ltr' id='par_1_3' title="bbox 81 139 152 175">
     <span class='ocr_line' id='line_1_3' title="bbox 81 139 152 175; baseline -0.014 0"><span class='ocrx_word' id='word_1_10' title='bbox 81 139 152 175; x_wconf 85' lang='lat'>681</span> 
     </span>
    </p>
   </div>
   <div class='ocr_carea' id='block_1_4' title="bbox 75 218 1074 564">
    <p class='ocr_par' dir='ltr' id='par_1_4' title="bbox 75 218 1074 564">
     <span class='ocr_line' id='line_1_4' title="bbox 185 218 1073 265; baseline -0.005 -8"><span class='ocrx_word' id='word_1_11' title='bbox 185 223 268 257; x_wconf 88' lang='lat' dir='ltr'><strong>Post</strong></span> <span class='ocrx_word' id='word_1_12' title='bbox 307 231 436 265; x_wconf 87' lang='lat' dir='ltr'>paucos</span> <span class='ocrx_word' id='word_1_13' title='bbox 468 231 580 254; x_wconf 90' lang='lat' dir='ltr'>annos</span> <span class='ocrx_word' id='word_1_14' title='bbox 609 231 692 254; x_wconf 91' lang='lat' dir='ltr'>sene</span> <span class='ocrx_word' id='word_1_15' title='bbox 725 218 901 265; x_wconf 85' lang='lat' dir='ltr'>Episcopo</span> <span class='ocrx_word' id='word_1_16' title='bbox 932 226 1073 254; x_wconf 90' lang='lat' dir='ltr'>mortuo</span> 
     </span>
     <span class='ocr_line' id='line_1_5' title="bbox 80 269 1074 315; baseline -0.008 -4"><span class='ocrx_word' id='word_1_17' title='bbox 80 275 232 310; x_wconf 78' lang='lat' dir='ltr'>Basilius</span> <span class='ocrx_word' id='word_1_18' title='bbox 255 271 431 314; x_wconf 82' lang='lat' dir='ltr'>suffragiis</span> <span class='ocrx_word' id='word_1_19' title='bbox 453 271 614 305; x_wconf 90' lang='lat' dir='ltr'>omnium</span> <span class='ocrx_word' id='word_1_20' title='bbox 638 272 808 305; x_wconf 84' lang='lat' dir='ltr'>ordinum</span> <span class='ocrx_word' id='word_1_21' title='bbox 833 278 971 306; x_wconf 89' lang='lat' dir='ltr'>creatur</span> <span class='ocrx_word' id='word_1_22' title='bbox 984 269 1074 315; x_wconf 87' lang='lat' dir='ltr'>Epi-</span> 
     </span>
     <span class='ocr_line' id='line_1_6' title="bbox 78 321 1072 370; baseline -0.004 -11"><span class='ocrx_word' id='word_1_23' title='bbox 78 336 220 370; x_wconf 82' lang='lat' dir='ltr'>scopus,</span> <span class='ocrx_word' id='word_1_24' title='bbox 248 323 394 356; x_wconf 81' lang='lat' dir='ltr'>minime</span> <span class='ocrx_word' id='word_1_25' title='bbox 412 323 606 369; x_wconf 84' lang='lat' dir='ltr'>tranquillo</span> <span class='ocrx_word' id='word_1_26' title='bbox 622 330 791 368; x_wconf 88' lang='lat' dir='ltr'>tempore.</span> <span class='ocrx_word' id='word_1_27' title='bbox 843 321 933 356; x_wconf 87' lang='lat' dir='ltr'>Nam</span> <span class='ocrx_word' id='word_1_28' title='bbox 950 329 984 356; x_wconf 89' lang='lat' dir='ltr'>et</span> <span class='ocrx_word' id='word_1_29' title='bbox 1000 321 1072 355; x_wconf 86' lang='lat' dir='ltr'>Va-</span> 
     </span>
     <span class='ocr_line' id='line_1_7' title="bbox 77 373 1071 420; baseline -0.004 -9"><span class='ocrx_word' id='word_1_30' title='bbox 77 376 181 411; x_wconf 87' lang='lat' dir='ltr'>lentis</span> <span class='ocrx_word' id='word_1_31' title='bbox 197 374 435 419; x_wconf 59' lang='lat' dir='ltr'>{imperatoris</span> <span class='ocrx_word' id='word_1_32' title='bbox 459 375 558 408; x_wconf 87' lang='lat' dir='ltr'>furor</span> <span class='ocrx_word' id='word_1_33' title='bbox 585 375 778 416; x_wconf 88' lang='lat' dir='ltr'>crescebat,</span> <span class='ocrx_word' id='word_1_34' title='bbox 814 374 876 420; x_wconf 89' lang='lat' dir='ltr'>qui</span> <span class='ocrx_word' id='word_1_35' title='bbox 899 373 1071 408; x_wconf 78' lang='lat' dir='ltr'>antistites</span> 
     </span>
     <span class='ocr_line' id='line_1_8' title="bbox 76 425 1072 470; baseline -0.004 -8"><span class='ocrx_word' id='word_1_36' title='bbox 76 433 169 462; x_wconf 87' lang='lat' dir='ltr'>tecte</span> <span class='ocrx_word' id='word_1_37' title='bbox 199 426 389 460; x_wconf 80' lang='lat' dir='ltr'>sentientes</span> <span class='ocrx_word' id='word_1_38' title='bbox 419 425 547 470; x_wconf 89' lang='lat' dir='ltr'>passim</span> <span class='ocrx_word' id='word_1_39' title='bbox 571 426 714 460; x_wconf 90' lang='lat' dir='ltr'>sedibus</span> <span class='ocrx_word' id='word_1_40' title='bbox 737 426 809 459; x_wconf 89' lang='lat' dir='ltr'>suis</span> <span class='ocrx_word' id='word_1_41' title='bbox 833 426 1004 470; x_wconf 89' lang='lat' dir='ltr'>pellebat,</span> <span class='ocrx_word' id='word_1_42' title='bbox 1038 431 1072 458; x_wconf 88' lang='lat' dir='ltr'>et</span> 
     </span>
     <span class='ocr_line' id='line_1_9' title="bbox 75 476 1071 522; baseline -0.004 -10"><span class='ocrx_word' id='word_1_43' title='bbox 75 477 297 522; x_wconf 88' lang='lat' dir='ltr'>imperatoris</span> <span class='ocrx_word' id='word_1_44' title='bbox 323 476 457 510; x_wconf 81' lang='lat' dir='ltr'>rabiem</span> <span class='ocrx_word' id='word_1_45' title='bbox 481 476 577 510; x_wconf 90' lang='lat' dir='ltr'>Deus</span> <span class='ocrx_word' id='word_1_46' title='bbox 597 478 688 510; x_wconf 85' lang='lat' dir='ltr'>fame</span> <span class='ocrx_word' id='word_1_47' title='bbox 712 484 744 510; x_wconf 90' lang='lat' dir='ltr'>et</span> <span class='ocrx_word' id='word_1_48' title='bbox 764 476 866 509; x_wconf 91' lang='lat' dir='ltr'>bellis</span> <span class='ocrx_word' id='word_1_49' title='bbox 890 476 1071 520; x_wconf 80' lang='lat' dir='ltr'>puniebat,</span> 
     </span>
     <span class='ocr_line' id='line_1_10' title="bbox 75 526 1068 564; baseline -0.002 -1"><span class='ocrx_word' id='word_1_50' title='bbox 75 536 110 564; x_wconf 87' lang='lat' dir='ltr'>et</span> <span class='ocrx_word' id='word_1_51' title='bbox 132 535 268 562; x_wconf 88' lang='lat' dir='ltr'>secutae</span> <span class='ocrx_word' id='word_1_52' title='bbox 293 534 375 561; x_wconf 88' lang='lat' dir='ltr'>sunt</span> <span class='ocrx_word' id='word_1_53' title='bbox 400 528 516 561; x_wconf 88' lang='lat' dir='ltr'>variae</span> <span class='ocrx_word' id='word_1_54' title='bbox 530 526 766 561; x_wconf 90' lang='lat' dir='ltr'>Ecclesiarum</span> <span class='ocrx_word' id='word_1_55' title='bbox 788 527 1068 561; x_wconf 85' lang='lat' dir='ltr'>dilacerationes.</span> 
     </span>
    </p>
   </div>
   <div class='ocr_carea' id='block_1_5' title="bbox 74 577 1069 662">
    <p class='ocr_par' dir='ltr' id='par_1_5' title="bbox 74 577 1069 662">
     <span class='ocr_line' id='line_1_11' title="bbox 74 577 1069 615; baseline -0.004 -1"><span class='ocrx_word' id='word_1_56' title='bbox 74 579 146 615; x_wconf 83' lang='lat' dir='ltr'>Has</span> <span class='ocrx_word' id='word_1_57' title='bbox 170 579 328 613; x_wconf 86' lang='lat' dir='ltr'>miserias</span> <span class='ocrx_word' id='word_1_58' title='bbox 349 579 540 613; x_wconf 89' lang='lat' dir='ltr'>domestica</span> <span class='ocrx_word' id='word_1_59' title='bbox 557 577 731 612; x_wconf 87' lang='lat' dir='ltr'>Ecclesiae</span> <span class='ocrx_word' id='word_1_60' title='bbox 751 577 938 611; x_wconf 90' lang='lat' dir='ltr'>concordia</span> <span class='ocrx_word' id='word_1_61' title='bbox 959 578 1069 611; x_wconf 90' lang='lat' dir='ltr'>lenie-</span> 
     </span>
     <span class='ocr_line' id='line_1_12' title="bbox 992 628 1068 662; baseline -0.013 0"><span class='ocrx_word' id='word_1_62' title='bbox 992 628 1068 662; x_wconf 84' lang='lat' dir='ltr'>An-</span> 
     </span>
    </p>
   </div>
   <div class='ocr_carea' id='block_1_6' title="bbox 65 679 1068 2765">
    <p class='ocr_par' dir='ltr' id='par_1_6' title="bbox 73 679 1068 879">
     <span class='ocr_line' id='line_1_13' title="bbox 73 679 1067 725; baseline -0.003 -9"><span class='ocrx_word' id='word_1_63' title='bbox 73 693 168 716; x_wconf 87' lang='lat' dir='ltr'>nona</span> <span class='ocrx_word' id='word_1_64' title='bbox 193 682 305 715; x_wconf 85' lang='lat' dir='ltr'>laxata</span> <span class='ocrx_word' id='word_1_65' title='bbox 330 688 397 722; x_wconf 90' lang='lat' dir='ltr'>est,</span> <span class='ocrx_word' id='word_1_66' title='bbox 424 680 550 725; x_wconf 87' lang='lat' dir='ltr'>partim</span> <span class='ocrx_word' id='word_1_67' title='bbox 577 679 659 724; x_wconf 86' lang='lat' dir='ltr'>quia</span> <span class='ocrx_word' id='word_1_68' title='bbox 685 679 872 713; x_wconf 78' lang='lat' dir='ltr'>autoritate</span> <span class='ocrx_word' id='word_1_69' title='bbox 889 691 950 713; x_wconf 92' lang='lat' dir='ltr'>sua</span> <span class='ocrx_word' id='word_1_70' title='bbox 970 680 1067 713; x_wconf 90' lang='lat' dir='ltr'>locu-</span> 
     </span>
     <span class='ocr_line' id='line_1_14' title="bbox 73 731 1068 779; baseline -0.002 -13"><span class='ocrx_word' id='word_1_71' title='bbox 73 733 184 779; x_wconf 87' lang='lat' dir='ltr'>pletes</span> <span class='ocrx_word' id='word_1_72' title='bbox 215 733 408 776; x_wconf 85' lang='lat' dir='ltr'>permovit,</span> <span class='ocrx_word' id='word_1_73' title='bbox 444 738 484 765; x_wconf 88' lang='lat' dir='ltr'>ut</span> <span class='ocrx_word' id='word_1_74' title='bbox 512 731 729 764; x_wconf 79' lang='lat' dir='ltr'>frumentum</span> <span class='ocrx_word' id='word_1_75' title='bbox 756 731 926 763; x_wconf 88' lang='lat' dir='ltr'>mediocri</span> <span class='ocrx_word' id='word_1_76' title='bbox 952 731 1068 775; x_wconf 91' lang='lat' dir='ltr'>precio</span> 
     </span>
     <span class='ocr_line' id='line_1_15' title="bbox 73 779 1068 827; baseline -0.001 -10"><span class='ocrx_word' id='word_1_77' title='bbox 73 784 283 818; x_wconf 86' lang='lat' dir='ltr'>venderent:</span> <span class='ocrx_word' id='word_1_78' title='bbox 321 782 447 827; x_wconf 90' lang='lat' dir='ltr'>partim</span> <span class='ocrx_word' id='word_1_79' title='bbox 473 781 555 827; x_wconf 90' lang='lat' dir='ltr'>quia</span> <span class='ocrx_word' id='word_1_80' title='bbox 581 793 622 815; x_wconf 84' lang='lat' dir='ltr'>ex</span> <span class='ocrx_word' id='word_1_81' title='bbox 643 782 778 815; x_wconf 88' lang='lat' dir='ltr'>aerario</span> <span class='ocrx_word' id='word_1_82' title='bbox 804 779 1001 823; x_wconf 88' lang='lat' dir='ltr'>Ecclesiae,</span> <span class='ocrx_word' id='word_1_83' title='bbox 1036 789 1068 816; x_wconf 91' lang='lat' dir='ltr'>et</span> 
     </span>
     <span class='ocr_line' id='line_1_16' title="bbox 73 833 1027 879; baseline -0.001 -10"><span class='ocrx_word' id='word_1_84' title='bbox 73 834 226 869; x_wconf 87' lang='lat' dir='ltr'>venditis</span> <span class='ocrx_word' id='word_1_85' title='bbox 242 833 395 879; x_wconf 87' lang='lat' dir='ltr'>propriis</span> <span class='ocrx_word' id='word_1_86' title='bbox 413 833 584 877; x_wconf 88' lang='lat' dir='ltr'>praediis,</span> <span class='ocrx_word' id='word_1_87' title='bbox 611 844 713 877; x_wconf 90' lang='lat' dir='ltr'>opem</span> <span class='ocrx_word' id='word_1_88' title='bbox 732 833 814 866; x_wconf 88' lang='lat' dir='ltr'>tulit</span> <span class='ocrx_word' id='word_1_89' title='bbox 831 833 1027 876; x_wconf 81' lang='lat' dir='ltr'>egentibus.</span> 
     </span>
    </p>

    <p class='ocr_par' dir='ltr' id='par_1_7' title="bbox 66 882 1067 1796">
     <span class='ocr_line' id='line_1_17' title="bbox 176 882 1066 928; baseline -0.002 -9"><span class='ocrx_word' id='word_1_90' title='bbox 176 884 266 919; x_wconf 93' lang='lat' dir='ltr'>Cum</span> <span class='ocrx_word' id='word_1_91' title='bbox 290 884 396 927; x_wconf 89' lang='lat' dir='ltr'>igitur</span> <span class='ocrx_word' id='word_1_92' title='bbox 411 882 541 917; x_wconf 88' lang='lat' dir='ltr'>Valens</span> <span class='ocrx_word' id='word_1_93' title='bbox 562 884 753 928; x_wconf 90' lang='lat' dir='ltr'>imperator</span> <span class='ocrx_word' id='word_1_94' title='bbox 776 884 844 917; x_wconf 87' lang='lat' dir='ltr'>iam</span> <span class='ocrx_word' id='word_1_95' title='bbox 871 884 908 917; x_wconf 91' lang='lat' dir='ltr'>in</span> <span class='ocrx_word' id='word_1_96' title='bbox 934 896 972 917; x_wconf 89' lang='lat' dir='ltr'>ea</span> <span class='ocrx_word' id='word_1_97' title='bbox 992 885 1066 917; x_wconf 91' lang='lat' dir='ltr'>loca</span> 
     </span>
     <span class='ocr_line' id='line_1_18' title="bbox 73 932 1067 980; baseline -0.001 -11"><span class='ocrx_word' id='word_1_98' title='bbox 73 936 233 975; x_wconf 88' lang='lat' dir='ltr'>veniens,</span> <span class='ocrx_word' id='word_1_99' title='bbox 261 935 579 969; x_wconf 88' lang='lat' dir='ltr'>iuberetBasilium</span> <span class='ocrx_word' id='word_1_100' title='bbox 599 932 942 976; x_wconf 86' lang='lat' dir='ltr'>adsentiriArianis,</span> <span class='ocrx_word' id='word_1_101' title='bbox 966 935 1067 980; x_wconf 92' lang='lat' dir='ltr'>eique</span> 
     </span>
     <span class='ocr_line' id='line_1_19' title="bbox 71 986 1066 1030; baseline -0.001 -10"><span class='ocrx_word' id='word_1_102' title='bbox 71 987 140 1020; x_wconf 91' lang='lat' dir='ltr'>nisi</span> <span class='ocrx_word' id='word_1_103' title='bbox 164 987 442 1030; x_wconf 84' lang='lat' dir='ltr'>obtemperaret,</span> <span class='ocrx_word' id='word_1_104' title='bbox 479 986 582 1019; x_wconf 85' lang='lat' dir='ltr'>exilia</span> <span class='ocrx_word' id='word_1_105' title='bbox 607 993 641 1020; x_wconf 90' lang='lat' dir='ltr'>et</span> <span class='ocrx_word' id='word_1_106' title='bbox 665 986 837 1030; x_wconf 85' lang='lat' dir='ltr'>supplicia</span> <span class='ocrx_word' id='word_1_107' title='bbox 861 987 1066 1020; x_wconf 82' lang='lat' dir='ltr'>minaretur.</span> 
     </span>
     <span class='ocr_line' id='line_1_20' title="bbox 70 1036 1064 1083; baseline -0.002 -11"><span class='ocrx_word' id='word_1_108' title='bbox 70 1037 194 1072; x_wconf 87' lang='lat' dir='ltr'>Pueris</span> <span class='ocrx_word' id='word_1_109' title='bbox 230 1036 385 1083; x_wconf 81' lang='lat' dir='ltr'>(inquit)</span> <span class='ocrx_word' id='word_1_110' title='bbox 424 1037 483 1070; x_wconf 91' lang='lat' dir='ltr'>illa</span> <span class='ocrx_word' id='word_1_111' title='bbox 522 1037 806 1071; x_wconf 78' lang='lat' dir='ltr'>terriculamenta</span> <span class='ocrx_word' id='word_1_112' title='bbox 836 1038 1064 1081; x_wconf 87' lang='lat' dir='ltr'>proponenda</span> 
     </span>
     <span class='ocr_line' id='line_1_21' title="bbox 70 1088 1066 1132; baseline -0.003 -9"><span class='ocrx_word' id='word_1_113' title='bbox 70 1100 143 1123; x_wconf 87' lang='lat' dir='ltr'>esse</span> <span class='ocrx_word' id='word_1_114' title='bbox 154 1115 163 1130; x_wconf 94' lang='lat'>,</span> <span class='ocrx_word' id='word_1_115' title='bbox 191 1089 257 1122; x_wconf 89' lang='lat' dir='ltr'>sibi</span> <span class='ocrx_word' id='word_1_116' title='bbox 274 1100 357 1121; x_wconf 80' lang='lat' dir='ltr'>vero</span> <span class='ocrx_word' id='word_1_117' title='bbox 374 1089 481 1121; x_wconf 87' lang='lat' dir='ltr'>vitam</span> <span class='ocrx_word' id='word_1_118' title='bbox 496 1088 584 1132; x_wconf 90' lang='lat' dir='ltr'>eripi</span> <span class='ocrx_word' id='word_1_119' title='bbox 600 1099 710 1131; x_wconf 89' lang='lat' dir='ltr'>posse,</span> <span class='ocrx_word' id='word_1_120' title='bbox 738 1089 796 1120; x_wconf 91' lang='lat' dir='ltr'>sed</span> <span class='ocrx_word' id='word_1_121' title='bbox 811 1088 1066 1121; x_wconf 82' lang='lat' dir='ltr'>confessionem</span> 
     </span>
     <span class='ocr_line' id='line_1_22' title="bbox 69 1138 1066 1184; baseline -0.001 -12"><span class='ocrx_word' id='word_1_122' title='bbox 69 1140 228 1174; x_wconf 87' lang='lat' dir='ltr'>veritatis</span> <span class='ocrx_word' id='word_1_123' title='bbox 248 1138 338 1183; x_wconf 84' lang='lat' dir='ltr'>eripi</span> <span class='ocrx_word' id='word_1_124' title='bbox 356 1151 428 1172; x_wconf 91' lang='lat' dir='ltr'>non</span> <span class='ocrx_word' id='word_1_125' title='bbox 445 1151 555 1183; x_wconf 87' lang='lat' dir='ltr'>posse.</span> <span class='ocrx_word' id='word_1_126' title='bbox 610 1138 838 1184; x_wconf 87' lang='lat' dir='ltr'>Fueruntque</span> <span class='ocrx_word' id='word_1_127' title='bbox 856 1139 982 1172; x_wconf 91' lang='lat' dir='ltr'>diebus</span> <span class='ocrx_word' id='word_1_128' title='bbox 1001 1139 1066 1172; x_wconf 90' lang='lat' dir='ltr'>ali-</span> 
     </span>
     <span class='ocr_line' id='line_1_23' title="bbox 70 1189 1065 1237; baseline -0.002 -12"><span class='ocrx_word' id='word_1_129' title='bbox 70 1197 156 1237; x_wconf 84' lang='lat' dir='ltr'>quot</span> <span class='ocrx_word' id='word_1_130' title='bbox 179 1190 369 1225; x_wconf 79' lang='lat' dir='ltr'>continuae</span> <span class='ocrx_word' id='word_1_131' title='bbox 391 1197 423 1224; x_wconf 90' lang='lat' dir='ltr'>et</span> <span class='ocrx_word' id='word_1_132' title='bbox 446 1202 541 1223; x_wconf 86' lang='lat' dir='ltr'>acres</span> <span class='ocrx_word' id='word_1_133' title='bbox 558 1190 651 1223; x_wconf 90' lang='lat' dir='ltr'>inter</span> <span class='ocrx_word' id='word_1_134' title='bbox 667 1189 852 1223; x_wconf 76' lang='lat' dir='ltr'>Valentem</span> <span class='ocrx_word' id='word_1_135' title='bbox 873 1189 1065 1235; x_wconf 85' lang='lat' dir='ltr'>imperato-</span> 
     </span>
     <span class='ocr_line' id='line_1_24' title="bbox 69 1240 1065 1286; baseline -0.003 -10"><span class='ocrx_word' id='word_1_136' title='bbox 69 1254 144 1276; x_wconf 85' lang='lat' dir='ltr'>rem</span> <span class='ocrx_word' id='word_1_137' title='bbox 167 1249 199 1276; x_wconf 89' lang='lat' dir='ltr'>et</span> <span class='ocrx_word' id='word_1_138' title='bbox 217 1240 392 1275; x_wconf 87' lang='lat' dir='ltr'>Basilium</span> <span class='ocrx_word' id='word_1_139' title='bbox 415 1241 680 1281; x_wconf 88' lang='lat' dir='ltr'>contentiones,</span> <span class='ocrx_word' id='word_1_140' title='bbox 707 1252 793 1286; x_wconf 84' lang='lat' dir='ltr'>quas</span> <span class='ocrx_word' id='word_1_141' title='bbox 817 1241 958 1274; x_wconf 89' lang='lat' dir='ltr'>tandem</span> <span class='ocrx_word' id='word_1_142' title='bbox 982 1241 1065 1274; x_wconf 87' lang='lat' dir='ltr'>illu-</span> 
     </span>
     <span class='ocr_line' id='line_1_25' title="bbox 69 1291 1065 1336; baseline -0.003 -9"><span class='ocrx_word' id='word_1_143' title='bbox 69 1293 132 1327; x_wconf 83' lang='lat' dir='ltr'>stri</span> <span class='ocrx_word' id='word_1_144' title='bbox 155 1293 314 1336; x_wconf 89' lang='lat' dir='ltr'>exemplo</span> <span class='ocrx_word' id='word_1_145' title='bbox 332 1291 428 1326; x_wconf 90' lang='lat' dir='ltr'>Deus</span> <span class='ocrx_word' id='word_1_146' title='bbox 444 1292 599 1325; x_wconf 83' lang='lat' dir='ltr'>diremit.</span> <span class='ocrx_word' id='word_1_147' title='bbox 653 1291 742 1327; x_wconf 90' lang='lat' dir='ltr'>Cum</span> <span class='ocrx_word' id='word_1_148' title='bbox 760 1291 853 1324; x_wconf 92' lang='lat' dir='ltr'>enim</span> <span class='ocrx_word' id='word_1_149' title='bbox 871 1292 980 1325; x_wconf 88' lang='lat' dir='ltr'>iratus</span> <span class='ocrx_word' id='word_1_150' title='bbox 999 1292 1065 1324; x_wconf 91' lang='lat' dir='ltr'>im-</span> 
     </span>
     <span class='ocr_line' id='line_1_26' title="bbox 70 1343 1063 1388; baseline -0.002 -11"><span class='ocrx_word' id='word_1_151' title='bbox 70 1351 210 1388; x_wconf 87' lang='lat' dir='ltr'>perator</span> <span class='ocrx_word' id='word_1_152' title='bbox 227 1343 379 1376; x_wconf 83' lang='lat' dir='ltr'>venisset</span> <span class='ocrx_word' id='word_1_153' title='bbox 396 1343 433 1375; x_wconf 89' lang='lat' dir='ltr'>in</span> <span class='ocrx_word' id='word_1_154' title='bbox 451 1343 622 1387; x_wconf 88' lang='lat' dir='ltr'>templum</span> <span class='ocrx_word' id='word_1_155' title='bbox 639 1354 717 1376; x_wconf 81' lang='lat' dir='ltr'>cum</span> <span class='ocrx_word' id='word_1_156' title='bbox 733 1349 866 1376; x_wconf 90' lang='lat' dir='ltr'>armato</span> <span class='ocrx_word' id='word_1_157' title='bbox 885 1343 1063 1384; x_wconf 84' lang='lat' dir='ltr'>satellitio,</span> 
     </span>
     <span class='ocr_line' id='line_1_27' title="bbox 69 1393 1063 1434; baseline -0.003 -5"><span class='ocrx_word' id='word_1_158' title='bbox 69 1401 110 1429; x_wconf 87' lang='lat' dir='ltr'>ut</span> <span class='ocrx_word' id='word_1_159' title='bbox 130 1393 303 1427; x_wconf 90' lang='lat' dir='ltr'>Basilium</span> <span class='ocrx_word' id='word_1_160' title='bbox 327 1394 411 1427; x_wconf 88' lang='lat' dir='ltr'>inde</span> <span class='ocrx_word' id='word_1_161' title='bbox 435 1394 643 1434; x_wconf 86' lang='lat' dir='ltr'>abduceret,</span> <span class='ocrx_word' id='word_1_162' title='bbox 674 1405 754 1427; x_wconf 90' lang='lat' dir='ltr'>cum</span> <span class='ocrx_word' id='word_1_163' title='bbox 775 1394 819 1427; x_wconf 87' lang='lat' dir='ltr'>ad</span> <span class='ocrx_word' id='word_1_164' title='bbox 843 1394 1063 1427; x_wconf 86' lang='lat' dir='ltr'>sacerdotum</span> 
     </span>
     <span class='ocr_line' id='line_1_28' title="bbox 69 1444 1065 1488; baseline -0.002 -9"><span class='ocrx_word' id='word_1_165' title='bbox 69 1446 168 1479; x_wconf 86' lang='lat' dir='ltr'>sedes</span> <span class='ocrx_word' id='word_1_166' title='bbox 187 1444 394 1484; x_wconf 78' lang='lat' dir='ltr'>accessisset,</span> <span class='ocrx_word' id='word_1_167' title='bbox 421 1445 534 1478; x_wconf 89' lang='lat' dir='ltr'>subita</span> <span class='ocrx_word' id='word_1_168' title='bbox 551 1445 684 1487; x_wconf 84' lang='lat' dir='ltr'>vertigo</span> <span class='ocrx_word' id='word_1_169' title='bbox 700 1445 948 1488; x_wconf 84' lang='lat' dir='ltr'>imperatorem</span> <span class='ocrx_word' id='word_1_170' title='bbox 966 1457 1065 1478; x_wconf 90' lang='lat' dir='ltr'>ever-</span> 
     </span>
     <span class='ocr_line' id='line_1_29' title="bbox 68 1495 1065 1540; baseline -0.002 -10"><span class='ocrx_word' id='word_1_171' title='bbox 68 1496 131 1537; x_wconf 86' lang='lat' dir='ltr'>tit,</span> <span class='ocrx_word' id='word_1_172' title='bbox 157 1496 205 1529; x_wconf 87' lang='lat' dir='ltr'>ita</span> <span class='ocrx_word' id='word_1_173' title='bbox 230 1502 270 1529; x_wconf 88' lang='lat' dir='ltr'>ut</span> <span class='ocrx_word' id='word_1_174' title='bbox 293 1496 362 1528; x_wconf 88' lang='lat' dir='ltr'>nisi</span> <span class='ocrx_word' id='word_1_175' title='bbox 380 1495 529 1529; x_wconf 91' lang='lat' dir='ltr'>Diaconi</span> <span class='ocrx_word' id='word_1_176' title='bbox 548 1495 701 1540; x_wconf 85' lang='lat' dir='ltr'>proximi</span> <span class='ocrx_word' id='word_1_177' title='bbox 721 1496 885 1529; x_wconf 85' lang='lat' dir='ltr'>manibus</span> <span class='ocrx_word' id='word_1_178' title='bbox 902 1503 1065 1539; x_wconf 84' lang='lat' dir='ltr'>exceptus</span> 
     </span>
     <span class='ocr_line' id='line_1_30' title="bbox 68 1546 1065 1592; baseline -0.002 -11"><span class='ocrx_word' id='word_1_179' title='bbox 68 1554 101 1582; x_wconf 89' lang='lat' dir='ltr'>et</span> <span class='ocrx_word' id='word_1_180' title='bbox 126 1553 339 1581; x_wconf 88' lang='lat' dir='ltr'>sustentatus</span> <span class='ocrx_word' id='word_1_181' title='bbox 362 1546 503 1588; x_wconf 80' lang='lat' dir='ltr'>fuisset,</span> <span class='ocrx_word' id='word_1_182' title='bbox 537 1547 710 1592; x_wconf 91' lang='lat' dir='ltr'>collapsus</span> <span class='ocrx_word' id='word_1_183' title='bbox 734 1547 809 1579; x_wconf 91' lang='lat' dir='ltr'>solo</span> <span class='ocrx_word' id='word_1_184' title='bbox 833 1558 960 1591; x_wconf 89' lang='lat' dir='ltr'>corpus</span> <span class='ocrx_word' id='word_1_185' title='bbox 984 1547 1065 1579; x_wconf 89' lang='lat' dir='ltr'>alli-</span> 
     </span>
     <span class='ocr_line' id='line_1_31' title="bbox 69 1597 1063 1641; baseline -0.001 -9"><span class='ocrx_word' id='word_1_186' title='bbox 69 1609 172 1632; x_wconf 91' lang='lat' dir='ltr'>surus</span> <span class='ocrx_word' id='word_1_187' title='bbox 192 1597 309 1633; x_wconf 86' lang='lat' dir='ltr'>suerit.</span> <span class='ocrx_word' id='word_1_188' title='bbox 363 1597 535 1631; x_wconf 84' lang='lat' dir='ltr'>Tremens</span> <span class='ocrx_word' id='word_1_189' title='bbox 556 1598 665 1641; x_wconf 84' lang='lat' dir='ltr'>igitur</span> <span class='ocrx_word' id='word_1_190' title='bbox 681 1603 713 1630; x_wconf 89' lang='lat' dir='ltr'>et</span> <span class='ocrx_word' id='word_1_191' title='bbox 731 1597 902 1630; x_wconf 90' lang='lat' dir='ltr'>attonitus</span> <span class='ocrx_word' id='word_1_192' title='bbox 919 1610 958 1629; x_wconf 87' lang='lat' dir='ltr'>ex</span> <span class='ocrx_word' id='word_1_193' title='bbox 975 1604 1063 1631; x_wconf 87' lang='lat' dir='ltr'>tem-</span> 
     </span>
     <span class='ocr_line' id='line_1_32' title="bbox 67 1647 1063 1694; baseline -0.003 -11"><span class='ocrx_word' id='word_1_194' title='bbox 67 1649 128 1694; x_wconf 89' lang='lat' dir='ltr'>plo</span> <span class='ocrx_word' id='word_1_195' title='bbox 150 1660 170 1682; x_wconf 84' lang='lat' dir='ltr'>a</span> <span class='ocrx_word' id='word_1_196' title='bbox 191 1648 363 1682; x_wconf 88' lang='lat' dir='ltr'>ministris</span> <span class='ocrx_word' id='word_1_197' title='bbox 381 1648 541 1682; x_wconf 80' lang='lat' dir='ltr'>effertur:</span> <span class='ocrx_word' id='word_1_198' title='bbox 570 1655 609 1682; x_wconf 93' lang='lat' dir='ltr'>ut</span> <span class='ocrx_word' id='word_1_199' title='bbox 624 1647 841 1681; x_wconf 87' lang='lat' dir='ltr'>Heliodorus</span> <span class='ocrx_word' id='word_1_200' title='bbox 857 1648 988 1681; x_wconf 89' lang='lat' dir='ltr'>dicitur</span> <span class='ocrx_word' id='word_1_201' title='bbox 1003 1659 1063 1681; x_wconf 87' lang='lat' dir='ltr'>su-</span> 
     </span>
     <span class='ocr_line' id='line_1_33' title="bbox 66 1698 1061 1744; baseline -0.003 -10"><span class='ocrx_word' id='word_1_202' title='bbox 66 1700 140 1734; x_wconf 81' lang='lat' dir='ltr'>bita</span> <span class='ocrx_word' id='word_1_203' title='bbox 163 1698 447 1733; x_wconf 85' lang='lat' dir='ltr'>consternatione</span> <span class='ocrx_word' id='word_1_204' title='bbox 470 1710 656 1744; x_wconf 89' lang='lat' dir='ltr'>oppressus</span> <span class='ocrx_word' id='word_1_205' title='bbox 673 1710 764 1739; x_wconf 91' lang='lat' dir='ltr'>esse,</span> <span class='ocrx_word' id='word_1_206' title='bbox 793 1711 874 1733; x_wconf 90' lang='lat' dir='ltr'>cum</span> <span class='ocrx_word' id='word_1_207' title='bbox 890 1699 1061 1743; x_wconf 89' lang='lat' dir='ltr'>templum</span> 
     </span>
     <span class='ocr_line' id='line_1_34' title="bbox 67 1749 820 1796; baseline -0.003 -11"><span class='ocrx_word' id='word_1_208' title='bbox 67 1750 104 1785; x_wconf 85' lang='lat' dir='ltr'>in</span> <span class='ocrx_word' id='word_1_209' title='bbox 122 1751 211 1784; x_wconf 85' lang='lat' dir='ltr'>urbe</span> <span class='ocrx_word' id='word_1_210' title='bbox 228 1749 475 1796; x_wconf 78' lang='lat' dir='ltr'>Hierosolyma</span> <span class='ocrx_word' id='word_1_211' title='bbox 491 1751 706 1795; x_wconf 88' lang='lat' dir='ltr'>spoliaturus</span> <span class='ocrx_word' id='word_1_212' title='bbox 722 1757 820 1783; x_wconf 88' lang='lat' dir='ltr'>esset.</span> 
     </span>
    </p>

    <p class='ocr_par' dir='ltr' id='par_1_8' title="bbox 65 1799 1063 2650">
     <span class='ocr_line' id='line_1_35' title="bbox 169 1799 1063 1846; baseline -0.001 -12"><span class='ocrx_word' id='word_1_213' title='bbox 169 1800 248 1834; x_wconf 90' lang='lat' dir='ltr'>Hoc</span> <span class='ocrx_word' id='word_1_214' title='bbox 273 1802 431 1844; x_wconf 80' lang='lat' dir='ltr'>exemplo</span> <span class='ocrx_word' id='word_1_215' title='bbox 457 1801 718 1846; x_wconf 89' lang='lat' dir='ltr'>aliquantulum</span> <span class='ocrx_word' id='word_1_216' title='bbox 741 1812 896 1844; x_wconf 88' lang='lat' dir='ltr'>repressa</span> <span class='ocrx_word' id='word_1_217' title='bbox 918 1806 969 1833; x_wconf 92' lang='lat' dir='ltr'>est</span> <span class='ocrx_word' id='word_1_218' title='bbox 991 1799 1063 1833; x_wconf 73' lang='lat' dir='ltr'>Va-</span> 
     </span>
     <span class='ocr_line' id='line_1_36' title="bbox 68 1850 1063 1895; baseline -0.005 -8"><span class='ocrx_word' id='word_1_219' title='bbox 68 1852 173 1887; x_wconf 89' lang='lat' dir='ltr'>lentis</span> <span class='ocrx_word' id='word_1_220' title='bbox 188 1852 384 1885; x_wconf 85' lang='lat' dir='ltr'>iracundia.</span> <span class='ocrx_word' id='word_1_221' title='bbox 420 1850 487 1885; x_wconf 85' lang='lat' dir='ltr'>Sed</span> <span class='ocrx_word' id='word_1_222' title='bbox 504 1852 705 1885; x_wconf 85' lang='lat' dir='ltr'>discedente</span> <span class='ocrx_word' id='word_1_223' title='bbox 719 1851 940 1895; x_wconf 86' lang='lat' dir='ltr'>imperatore,</span> <span class='ocrx_word' id='word_1_224' title='bbox 961 1862 1063 1892; x_wconf 81' lang='lat' dir='ltr'>prae-</span> 
     </span>
     <span class='ocr_line' id='line_1_37' title="bbox 67 1899 1061 1946; baseline -0.004 -8"><span class='ocrx_word' id='word_1_225' title='bbox 67 1905 178 1938; x_wconf 79' lang='lat' dir='ltr'>fectus</span> <span class='ocrx_word' id='word_1_226' title='bbox 203 1902 356 1936; x_wconf 89' lang='lat' dir='ltr'>edictum</span> <span class='ocrx_word' id='word_1_227' title='bbox 383 1902 650 1946; x_wconf 86' lang='lat' dir='ltr'>proscriptionis</span> <span class='ocrx_word' id='word_1_228' title='bbox 667 1902 890 1945; x_wconf 87' lang='lat' dir='ltr'>pronunciat.</span> <span class='ocrx_word' id='word_1_229' title='bbox 943 1899 1061 1935; x_wconf 77' lang='lat' dir='ltr'>Etiam</span> 
     </span>
     <span class='ocr_line' id='line_1_38' title="bbox 67 1952 1063 1997; baseline -0.003 -9"><span class='ocrx_word' id='word_1_230' title='bbox 67 1955 111 1989; x_wconf 89' lang='lat' dir='ltr'>ad</span> <span class='ocrx_word' id='word_1_231' title='bbox 127 1955 193 1987; x_wconf 89' lang='lat' dir='ltr'>iter</span> <span class='ocrx_word' id='word_1_232' title='bbox 210 1953 329 1987; x_wconf 91' lang='lat' dir='ltr'>omnia</span> <span class='ocrx_word' id='word_1_233' title='bbox 348 1960 529 1997; x_wconf 87' lang='lat' dir='ltr'>paraverat</span> <span class='ocrx_word' id='word_1_234' title='bbox 540 1952 704 1986; x_wconf 89' lang='lat' dir='ltr'>Basilius.</span> <span class='ocrx_word' id='word_1_235' title='bbox 747 1952 841 1985; x_wconf 88' lang='lat' dir='ltr'>Tum</span> <span class='ocrx_word' id='word_1_236' title='bbox 858 1964 938 1985; x_wconf 82' lang='lat' dir='ltr'>vero</span> <span class='ocrx_word' id='word_1_237' title='bbox 956 1953 1063 1985; x_wconf 90' lang='lat' dir='ltr'>bene-</span> 
     </span>
     <span class='ocr_line' id='line_1_39' title="bbox 66 2002 1062 2048; baseline -0.002 -9"><span class='ocrx_word' id='word_1_238' title='bbox 66 2005 222 2039; x_wconf 82' lang='lat' dir='ltr'>volentia</span> <span class='ocrx_word' id='word_1_239' title='bbox 248 2002 424 2038; x_wconf 87' lang='lat' dir='ltr'>Ecclesiae</span> <span class='ocrx_word' id='word_1_240' title='bbox 450 2016 528 2047; x_wconf 87' lang='lat' dir='ltr'>erga</span> <span class='ocrx_word' id='word_1_241' title='bbox 555 2002 770 2048; x_wconf 88' lang='lat' dir='ltr'>Episcopum</span> <span class='ocrx_word' id='word_1_242' title='bbox 799 2010 976 2048; x_wconf 86' lang='lat' dir='ltr'>perspecta</span> <span class='ocrx_word' id='word_1_243' title='bbox 1000 2011 1062 2045; x_wconf 84' lang='lat' dir='ltr'>est,</span> 
     </span>
     <span class='ocr_line' id='line_1_40' title="bbox 67 2054 1061 2103; baseline -0.003 -13"><span class='ocrx_word' id='word_1_244' title='bbox 67 2068 157 2103; x_wconf 85' lang='lat' dir='ltr'>quae</span> <span class='ocrx_word' id='word_1_245' title='bbox 173 2067 386 2089; x_wconf 89' lang='lat' dir='ltr'>concurrens</span> <span class='ocrx_word' id='word_1_246' title='bbox 404 2055 577 2097; x_wconf 77' lang='lat' dir='ltr'>flagitavit</span> <span class='ocrx_word' id='word_1_247' title='bbox 594 2067 673 2088; x_wconf 90' lang='lat' dir='ltr'>enm</span> <span class='ocrx_word' id='word_1_248' title='bbox 691 2054 758 2087; x_wconf 90' lang='lat' dir='ltr'>sibi</span> <span class='ocrx_word' id='word_1_249' title='bbox 779 2054 899 2096; x_wconf 88' lang='lat' dir='ltr'>reddi,</span> <span class='ocrx_word' id='word_1_250' title='bbox 927 2067 965 2088; x_wconf 89' lang='lat' dir='ltr'>ac</span> <span class='ocrx_word' id='word_1_251' title='bbox 981 2055 1061 2088; x_wconf 90' lang='lat' dir='ltr'>eiici</span> 
     </span>
     <span class='ocr_line' id='line_1_41' title="bbox 66 2104 1061 2152; baseline -0.003 -11"><span class='ocrx_word' id='word_1_252' title='bbox 66 2104 246 2152; x_wconf 81' lang='lat' dir='ltr'>prohibet.</span> <span class='ocrx_word' id='word_1_253' title='bbox 300 2105 402 2140; x_wconf 87' lang='lat' dir='ltr'>Metu</span> <span class='ocrx_word' id='word_1_254' title='bbox 419 2106 526 2149; x_wconf 85' lang='lat' dir='ltr'>igitur</span> <span class='ocrx_word' id='word_1_255' title='bbox 542 2113 716 2152; x_wconf 88' lang='lat' dir='ltr'>tyrannus</span> <span class='ocrx_word' id='word_1_256' title='bbox 733 2112 890 2147; x_wconf 90' lang='lat' dir='ltr'>coactus,</span> <span class='ocrx_word' id='word_1_257' title='bbox 917 2106 1061 2149; x_wconf 91' lang='lat' dir='ltr'>permit-</span> 
     </span>
     <span class='ocr_line' id='line_1_42' title="bbox 68 2156 1061 2201; baseline -0.001 -9"><span class='ocrx_word' id='word_1_258' title='bbox 68 2159 109 2192; x_wconf 84' lang='lat' dir='ltr'>tit</span> <span class='ocrx_word' id='word_1_259' title='bbox 133 2165 173 2192; x_wconf 87' lang='lat' dir='ltr'>ut</span> <span class='ocrx_word' id='word_1_260' title='bbox 190 2157 344 2191; x_wconf 86' lang='lat' dir='ltr'>Basilius</span> <span class='ocrx_word' id='word_1_261' title='bbox 368 2164 517 2192; x_wconf 86' lang='lat' dir='ltr'>maneat.</span> <span class='ocrx_word' id='word_1_262' title='bbox 571 2157 642 2191; x_wconf 77' lang='lat' dir='ltr'>Nec</span> <span class='ocrx_word' id='word_1_263' title='bbox 667 2156 780 2190; x_wconf 89' lang='lat' dir='ltr'>multo</span> <span class='ocrx_word' id='word_1_264' title='bbox 804 2163 879 2201; x_wconf 85' lang='lat' dir='ltr'>post</span> <span class='ocrx_word' id='word_1_265' title='bbox 903 2169 982 2190; x_wconf 93' lang='lat' dir='ltr'>cum</span> <span class='ocrx_word' id='word_1_266' title='bbox 1005 2157 1061 2191; x_wconf 91' lang='lat' dir='ltr'>in-</span> 
     </span>
     <span class='ocr_line' id='line_1_43' title="bbox 66 2206 1060 2253; baseline -0.001 -11"><span class='ocrx_word' id='word_1_267' title='bbox 66 2209 240 2243; x_wconf 80' lang='lat' dir='ltr'>foeliciter</span> <span class='ocrx_word' id='word_1_268' title='bbox 263 2220 342 2241; x_wconf 92' lang='lat' dir='ltr'>cum</span> <span class='ocrx_word' id='word_1_269' title='bbox 371 2206 517 2242; x_wconf 89' lang='lat' dir='ltr'>Gotthis</span> <span class='ocrx_word' id='word_1_270' title='bbox 543 2208 764 2249; x_wconf 86' lang='lat' dir='ltr'>dimicasset,</span> <span class='ocrx_word' id='word_1_271' title='bbox 791 2219 896 2253; x_wconf 88' lang='lat' dir='ltr'>seque</span> <span class='ocrx_word' id='word_1_272' title='bbox 920 2207 956 2240; x_wconf 90' lang='lat' dir='ltr'>in</span> <span class='ocrx_word' id='word_1_273' title='bbox 979 2208 1060 2251; x_wconf 83' lang='lat' dir='ltr'>fuga</span> 
     </span>
     <span class='ocr_line' id='line_1_44' title="bbox 67 2258 1061 2304; baseline 0 -11"><span class='ocrx_word' id='word_1_274' title='bbox 67 2260 105 2293; x_wconf 91' lang='lat' dir='ltr'>in</span> <span class='ocrx_word' id='word_1_275' title='bbox 131 2271 244 2293; x_wconf 86' lang='lat' dir='ltr'>casam</span> <span class='ocrx_word' id='word_1_276' title='bbox 270 2259 435 2293; x_wconf 88' lang='lat' dir='ltr'>rusticam</span> <span class='ocrx_word' id='word_1_277' title='bbox 460 2259 669 2300; x_wconf 87' lang='lat' dir='ltr'>abdidisset,</span> <span class='ocrx_word' id='word_1_278' title='bbox 695 2270 771 2292; x_wconf 88' lang='lat' dir='ltr'>casa</span> <span class='ocrx_word' id='word_1_279' title='bbox 797 2271 815 2292; x_wconf 92' lang='lat' dir='ltr'>a</span> <span class='ocrx_word' id='word_1_280' title='bbox 835 2258 1061 2304; x_wconf 88' lang='lat' dir='ltr'>sequentibus</span> 
     </span>
     <span class='ocr_line' id='line_1_45' title="bbox 66 2308 1060 2354; baseline -0.001 -10"><span class='ocrx_word' id='word_1_281' title='bbox 66 2310 242 2344; x_wconf 87' lang='lat' dir='ltr'>militibus</span> <span class='ocrx_word' id='word_1_282' title='bbox 260 2309 419 2351; x_wconf 88' lang='lat' dir='ltr'>incensa,</span> <span class='ocrx_word' id='word_1_283' title='bbox 445 2310 497 2344; x_wconf 89' lang='lat' dir='ltr'>ibi</span> <span class='ocrx_word' id='word_1_284' title='bbox 514 2311 718 2344; x_wconf 91' lang='lat' dir='ltr'>combustus</span> <span class='ocrx_word' id='word_1_285' title='bbox 735 2309 851 2354; x_wconf 88' lang='lat' dir='ltr'>periit.</span> <span class='ocrx_word' id='word_1_286' title='bbox 905 2308 971 2343; x_wconf 86' lang='lat' dir='ltr'>Hic</span> <span class='ocrx_word' id='word_1_287' title='bbox 988 2310 1060 2343; x_wconf 90' lang='lat' dir='ltr'>exi-</span> 
     </span>
     <span class='ocr_line' id='line_1_46' title="bbox 66 2358 1061 2406; baseline -0.001 -11"><span class='ocrx_word' id='word_1_288' title='bbox 66 2368 124 2396; x_wconf 89' lang='lat' dir='ltr'>tus</span> <span class='ocrx_word' id='word_1_289' title='bbox 156 2361 222 2396; x_wconf 88' lang='lat' dir='ltr'>fuit</span> <span class='ocrx_word' id='word_1_290' title='bbox 254 2361 415 2406; x_wconf 89' lang='lat' dir='ltr'>tyranni,</span> <span class='ocrx_word' id='word_1_291' title='bbox 449 2361 509 2406; x_wconf 85' lang='lat' dir='ltr'>qui</span> <span class='ocrx_word' id='word_1_292' title='bbox 543 2360 620 2406; x_wconf 79' lang='lat' dir='ltr'>ptos</span> <span class='ocrx_word' id='word_1_293' title='bbox 645 2362 805 2395; x_wconf 91' lang='lat' dir='ltr'>doctores</span> <span class='ocrx_word' id='word_1_294' title='bbox 831 2372 870 2393; x_wconf 85' lang='lat' dir='ltr'>ex</span> <span class='ocrx_word' id='word_1_295' title='bbox 894 2358 1061 2394; x_wconf 87' lang='lat' dir='ltr'>Ecclesiis</span> 
     </span>
     <span class='ocr_line' id='line_1_47' title="bbox 67 2410 1058 2457; baseline 0.001 -11"><span class='ocrx_word' id='word_1_296' title='bbox 67 2412 195 2457; x_wconf 88' lang='lat' dir='ltr'>passim</span> <span class='ocrx_word' id='word_1_297' title='bbox 222 2411 387 2453; x_wconf 88' lang='lat' dir='ltr'>eiecerat,</span> <span class='ocrx_word' id='word_1_298' title='bbox 415 2419 446 2445; x_wconf 87' lang='lat' dir='ltr'>et</span> <span class='ocrx_word' id='word_1_299' title='bbox 469 2413 537 2446; x_wconf 86' lang='lat' dir='ltr'>late</span> <span class='ocrx_word' id='word_1_300' title='bbox 558 2410 733 2446; x_wconf 88' lang='lat' dir='ltr'>Arianum</span> <span class='ocrx_word' id='word_1_301' title='bbox 757 2411 854 2445; x_wconf 84' lang='lat' dir='ltr'>virus</span> <span class='ocrx_word' id='word_1_302' title='bbox 878 2419 1058 2455; x_wconf 87' lang='lat' dir='ltr'>sparserat.</span> 
     </span>
     <span class='ocr_line' id='line_1_48' title="bbox 65 2462 1060 2506; baseline -0.003 -7"><span class='ocrx_word' id='word_1_303' title='bbox 65 2462 306 2499; x_wconf 80' lang='lat' dir='ltr'>Retinuerant</span> <span class='ocrx_word' id='word_1_304' title='bbox 335 2470 452 2497; x_wconf 90' lang='lat' dir='ltr'>tamen</span> <span class='ocrx_word' id='word_1_305' title='bbox 484 2463 521 2496; x_wconf 91' lang='lat' dir='ltr'>in</span> <span class='ocrx_word' id='word_1_306' title='bbox 547 2463 662 2497; x_wconf 84' lang='lat' dir='ltr'>officio</span> <span class='ocrx_word' id='word_1_307' title='bbox 687 2470 720 2497; x_wconf 88' lang='lat' dir='ltr'>et</span> <span class='ocrx_word' id='word_1_308' title='bbox 746 2462 905 2497; x_wconf 88' lang='lat' dir='ltr'>veritatis</span> <span class='ocrx_word' id='word_1_309' title='bbox 927 2463 1060 2506; x_wconf 88' lang='lat' dir='ltr'>profes-</span> 
     </span>
     <span class='ocr_line' id='line_1_49' title="bbox 68 2512 1060 2558; baseline 0 -10"><span class='ocrx_word' id='word_1_310' title='bbox 68 2514 166 2548; x_wconf 86' lang='lat' dir='ltr'>sione</span> <span class='ocrx_word' id='word_1_311' title='bbox 192 2525 355 2557; x_wconf 82' lang='lat' dir='ltr'>magnam</span> <span class='ocrx_word' id='word_1_312' title='bbox 383 2513 488 2547; x_wconf 86' lang='lat' dir='ltr'>Asiae</span> <span class='ocrx_word' id='word_1_313' title='bbox 515 2521 670 2558; x_wconf 85' lang='lat' dir='ltr'>partem,</span> <span class='ocrx_word' id='word_1_314' title='bbox 714 2521 753 2549; x_wconf 86' lang='lat' dir='ltr'>ut</span> <span class='ocrx_word' id='word_1_315' title='bbox 776 2514 867 2553; x_wconf 84' lang='lat' dir='ltr'>dixi,</span> <span class='ocrx_word' id='word_1_316' title='bbox 906 2512 1060 2548; x_wconf 81' lang='lat' dir='ltr'>Basilius</span> 
     </span>
     <span class='ocr_line' id='line_1_50' title="bbox 66 2563 1058 2610; baseline 0.001 -12"><span class='ocrx_word' id='word_1_317' title='bbox 66 2571 100 2598; x_wconf 88' lang='lat' dir='ltr'>et</span> <span class='ocrx_word' id='word_1_318' title='bbox 131 2565 238 2598; x_wconf 89' lang='lat' dir='ltr'>vicini</span> <span class='ocrx_word' id='word_1_319' title='bbox 262 2563 430 2610; x_wconf 88' lang='lat' dir='ltr'>Episcopi</span> <span class='ocrx_word' id='word_1_320' title='bbox 463 2565 572 2610; x_wconf 89' lang='lat' dir='ltr'>ipsius</span> <span class='ocrx_word' id='word_1_321' title='bbox 599 2565 742 2605; x_wconf 85' lang='lat' dir='ltr'>fratres,</span> <span class='ocrx_word' id='word_1_322' title='bbox 775 2572 810 2599; x_wconf 88' lang='lat' dir='ltr'>et</span> <span class='ocrx_word' id='word_1_323' title='bbox 830 2564 891 2598; x_wconf 84' lang='lat' dir='ltr'>alii</span> <span class='ocrx_word' id='word_1_324' title='bbox 916 2565 1058 2610; x_wconf 87' lang='lat' dir='ltr'>quidam</span> 
     </span>
     <span class='ocr_line' id='line_1_51' title="bbox 67 2615 259 2650; baseline -0.005 0"><span class='ocrx_word' id='word_1_325' title='bbox 67 2615 259 2650; x_wconf 87' lang='lat' dir='ltr'>coniuncti.</span> 
     </span>
    </p>

    <p class='ocr_par' dir='ltr' id='par_1_9' title="bbox 66 2665 1060 2765">
     <span class='ocr_line' id='line_1_52' title="bbox 168 2665 1060 2712; baseline 0.001 -12"><span class='ocrx_word' id='word_1_326' title='bbox 168 2665 252 2700; x_wconf 89' lang='lat' dir='ltr'>Post</span> <span class='ocrx_word' id='word_1_327' title='bbox 277 2667 418 2712; x_wconf 83' lang='lat' dir='ltr'>tyranni</span> <span class='ocrx_word' id='word_1_328' title='bbox 444 2667 625 2701; x_wconf 89' lang='lat' dir='ltr'>interitum</span> <span class='ocrx_word' id='word_1_329' title='bbox 650 2667 796 2711; x_wconf 87' lang='lat' dir='ltr'>impune</span> <span class='ocrx_word' id='word_1_330' title='bbox 811 2673 882 2701; x_wconf 91' lang='lat' dir='ltr'>tota</span> <span class='ocrx_word' id='word_1_331' title='bbox 899 2665 981 2701; x_wconf 89' lang='lat' dir='ltr'>Asia</span> <span class='ocrx_word' id='word_1_332' title='bbox 999 2680 1060 2702; x_wconf 85' lang='lat' dir='ltr'>va-</span> 
     </span>
     <span class='ocr_line' id='line_1_53' title="bbox 66 2717 1059 2765; baseline 0.002 -14"><span class='ocrx_word' id='word_1_333' title='bbox 66 2717 136 2762; x_wconf 80' lang='lat' dir='ltr'>gati</span> <span class='ocrx_word' id='word_1_334' title='bbox 159 2724 242 2752; x_wconf 83' lang='lat' dir='ltr'>sunt</span> <span class='ocrx_word' id='word_1_335' title='bbox 260 2718 435 2753; x_wconf 84' lang='lat' dir='ltr'>barbarici</span> <span class='ocrx_word' id='word_1_336' title='bbox 453 2719 640 2761; x_wconf 86' lang='lat' dir='ltr'>exercitus,</span> <span class='ocrx_word' id='word_1_337' title='bbox 667 2730 819 2765; x_wconf 91' lang='lat' dir='ltr'>quorum</span> <span class='ocrx_word' id='word_1_338' title='bbox 839 2730 934 2753; x_wconf 90' lang='lat' dir='ltr'>arma</span> <span class='ocrx_word' id='word_1_339' title='bbox 955 2719 1059 2754; x_wconf 89' lang='lat' dir='ltr'>etiam</span> 
     </span>
    </p>
   </div>
   <div class='ocr_carea' id='block_1_7' title="bbox 655 131 1544 172">
    <p class='ocr_par' dir='ltr' id='par_1_10' title="bbox 655 131 1544 172">
     <span class='ocr_line' id='line_1_54' title="bbox 655 131 1544 172; baseline 0.004 -4"><span class='ocrx_word' id='word_1_340' title='bbox 655 131 814 169; x_wconf 90' lang='lat' dir='ltr'>DECL.</span> <span class='ocrx_word' id='word_1_341' title='bbox 849 132 924 168; x_wconf 88' lang='lat' dir='ltr'>DE</span> <span class='ocrx_word' id='word_1_342' title='bbox 958 132 1197 169; x_wconf 82' lang='lat' dir='ltr'>BASILlO</span> <span class='ocrx_word' id='word_1_343' title='bbox 1238 133 1544 172; x_wconf 78' lang='lat' dir='ltr'>EPlsCOPO,</span> 
     </span>
    </p>
   </div>
   <div class='ocr_carea' id='block_1_8' title="bbox 2050 141 2125 175">
    <p class='ocr_par' dir='ltr' id='par_1_11' title="bbox 2050 141 2125 175">
     <span class='ocr_line' id='line_1_55' title="bbox 2050 141 2125 175; baseline 0 0"><span class='ocrx_word' id='word_1_344' title='bbox 2050 141 2125 175; x_wconf 79' lang='lat'>682</span> 
     </span>
    </p>
   </div>
   <div class='ocr_carea' id='block_1_9' title="bbox 1111 218 2123 2764">
    <p class='ocr_par' dir='ltr' id='par_1_12' title="bbox 1111 218 2123 2764">
     <span class='ocr_line' id='line_1_56' title="bbox 1126 218 2123 272; baseline 0.006 -19"><span class='ocrx_word' id='word_1_345' title='bbox 1126 218 1362 255; x_wconf 89' lang='lat' dir='ltr'>Ecclesiarum</span> <span class='ocrx_word' id='word_1_346' title='bbox 1396 222 1709 268; x_wconf 87' lang='lat' dir='ltr'>tranquillitatem,</span> <span class='ocrx_word' id='word_1_347' title='bbox 1749 224 1971 271; x_wconf 79' lang='lat' dir='ltr'>disciplinam</span> <span class='ocrx_word' id='word_1_348' title='bbox 1999 233 2031 262; x_wconf 74' lang='lat' dir='ltr'>ct</span> <span class='ocrx_word' id='word_1_349' title='bbox 2066 227 2123 272; x_wconf 83' lang='lat' dir='ltr'>pia</span> 
     </span>
     <span class='ocr_line' id='line_1_57' title="bbox 1126 272 2121 320; baseline 0.009 -16"><span class='ocrx_word' id='word_1_350' title='bbox 1126 272 1240 306; x_wconf 89' lang='lat' dir='ltr'>studia</span> <span class='ocrx_word' id='word_1_351' title='bbox 1261 273 1467 307; x_wconf 85' lang='lat' dir='ltr'>turbarunt:</span> <span class='ocrx_word' id='word_1_352' title='bbox 1494 287 1582 319; x_wconf 84' lang='lat' dir='ltr'>quae</span> <span class='ocrx_word' id='word_1_353' title='bbox 1602 288 1656 308; x_wconf 91' lang='lat' dir='ltr'>res</span> <span class='ocrx_word' id='word_1_354' title='bbox 1677 276 1854 320; x_wconf 86' lang='lat' dir='ltr'>ingentem</span> <span class='ocrx_word' id='word_1_355' title='bbox 1872 279 2032 312; x_wconf 88' lang='lat' dir='ltr'>dolorem</span> <span class='ocrx_word' id='word_1_356' title='bbox 2050 279 2121 313; x_wconf 84' lang='lat' dir='ltr'>Ba-</span> 
     </span>
     <span class='ocr_line' id='line_1_58' title="bbox 1125 323 2119 371; baseline 0.008 -16"><span class='ocrx_word' id='word_1_357' title='bbox 1125 323 1204 356; x_wconf 90' lang='lat' dir='ltr'>silio</span> <span class='ocrx_word' id='word_1_358' title='bbox 1230 324 1358 359; x_wconf 88' lang='lat' dir='ltr'>attulit.</span> <span class='ocrx_word' id='word_1_359' title='bbox 1412 324 1482 358; x_wconf 87' lang='lat' dir='ltr'>Sed</span> <span class='ocrx_word' id='word_1_360' title='bbox 1503 326 1684 371; x_wconf 88' lang='lat' dir='ltr'>aliquanto</span> <span class='ocrx_word' id='word_1_361' title='bbox 1706 335 1785 371; x_wconf 88' lang='lat' dir='ltr'>post</span> <span class='ocrx_word' id='word_1_362' title='bbox 1806 330 1972 364; x_wconf 90' lang='lat' dir='ltr'>accersito</span> <span class='ocrx_word' id='word_1_363' title='bbox 1999 328 2119 363; x_wconf 81' lang='lat' dir='ltr'>Theo·</span> 
     </span>
     <span class='ocr_line' id='line_1_59' title="bbox 1125 375 2120 420; baseline 0.009 -13"><span class='ocrx_word' id='word_1_364' title='bbox 1125 375 1224 408; x_wconf 82' lang='lat' dir='ltr'>(losio</span> <span class='ocrx_word' id='word_1_365' title='bbox 1254 382 1287 408; x_wconf 90' lang='lat' dir='ltr'>et</span> <span class='ocrx_word' id='word_1_366' title='bbox 1309 375 1453 408; x_wconf 87' lang='lat' dir='ltr'>barbari</span> <span class='ocrx_word' id='word_1_367' title='bbox 1479 378 1625 419; x_wconf 86' lang='lat' dir='ltr'>repressi</span> <span class='ocrx_word' id='word_1_368' title='bbox 1652 385 1752 420; x_wconf 90' lang='lat' dir='ltr'>sunt,</span> <span class='ocrx_word' id='word_1_369' title='bbox 1788 386 1821 414; x_wconf 90' lang='lat' dir='ltr'>et</span> <span class='ocrx_word' id='word_1_370' title='bbox 1846 381 2026 415; x_wconf 84' lang='lat' dir='ltr'>restitutae</span> <span class='ocrx_word' id='word_1_371' title='bbox 2051 379 2120 415; x_wconf 89' lang='lat' dir='ltr'>Ec-</span> 
     </span>
     <span class='ocr_line' id='line_1_60' title="bbox 1125 425 2117 474; baseline 0.008 -16"><span class='ocrx_word' id='word_1_372' title='bbox 1125 425 1266 467; x_wconf 87' lang='lat' dir='ltr'>clesiae,</span> <span class='ocrx_word' id='word_1_373' title='bbox 1289 425 1381 459; x_wconf 86' lang='lat' dir='ltr'>bella</span> <span class='ocrx_word' id='word_1_374' title='bbox 1405 433 1522 460; x_wconf 87' lang='lat' dir='ltr'>tamen</span> <span class='ocrx_word' id='word_1_375' title='bbox 1539 425 1796 472; x_wconf 88' lang='lat' dir='ltr'>Episcoporum</span> <span class='ocrx_word' id='word_1_376' title='bbox 1819 431 1980 474; x_wconf 84' lang='lat' dir='ltr'>regiones</span> <span class='ocrx_word' id='word_1_377' title='bbox 2005 440 2037 466; x_wconf 88' lang='lat' dir='ltr'>et</span> <span class='ocrx_word' id='word_1_378' title='bbox 2062 445 2117 465; x_wconf 90' lang='lat' dir='ltr'>re-</span> 
     </span>
     <span class='ocr_line' id='line_1_61' title="bbox 1124 476 2118 517; baseline 0.008 -9"><span class='ocrx_word' id='word_1_379' title='bbox 1124 476 1219 510; x_wconf 91' lang='lat' dir='ltr'>ditus</span> <span class='ocrx_word' id='word_1_380' title='bbox 1242 483 1431 512; x_wconf 87' lang='lat' dir='ltr'>mutarant.</span> <span class='ocrx_word' id='word_1_381' title='bbox 1491 478 1578 510; x_wconf 90' lang='lat' dir='ltr'>Inde</span> <span class='ocrx_word' id='word_1_382' title='bbox 1603 479 1706 512; x_wconf 88' lang='lat' dir='ltr'>etiam</span> <span class='ocrx_word' id='word_1_383' title='bbox 1731 482 1774 513; x_wconf 91' lang='lat' dir='ltr'>ad</span> <span class='ocrx_word' id='word_1_384' title='bbox 1800 489 1995 517; x_wconf 87' lang='lat' dir='ltr'>extremum</span> <span class='ocrx_word' id='word_1_385' title='bbox 2023 483 2118 516; x_wconf 88' lang='lat' dir='ltr'>rixae</span> 
     </span>
     <span class='ocr_line' id='line_1_62' title="bbox 1125 526 2120 579; baseline 0.009 -20"><span class='ocrx_word' id='word_1_386' title='bbox 1125 539 1203 560; x_wconf 92' lang='lat' dir='ltr'>cum</span> <span class='ocrx_word' id='word_1_387' title='bbox 1227 527 1353 560; x_wconf 87' lang='lat' dir='ltr'>vicinis</span> <span class='ocrx_word' id='word_1_388' title='bbox 1370 526 1556 572; x_wconf 89' lang='lat' dir='ltr'>Episcopis</span> <span class='ocrx_word' id='word_1_389' title='bbox 1574 527 1708 562; x_wconf 90' lang='lat' dir='ltr'>Basilio</span> <span class='ocrx_word' id='word_1_390' title='bbox 1734 538 1831 565; x_wconf 86' lang='lat' dir='ltr'>ortae</span> <span class='ocrx_word' id='word_1_391' title='bbox 1856 541 1956 575; x_wconf 89' lang='lat' dir='ltr'>sunt,</span> <span class='ocrx_word' id='word_1_392' title='bbox 1984 534 2020 567; x_wconf 92' lang='lat' dir='ltr'>in</span> <span class='ocrx_word' id='word_1_393' title='bbox 2040 536 2120 579; x_wconf 84' lang='lat' dir='ltr'>qui-</span> 
     </span>
     <span class='ocr_line' id='line_1_63' title="bbox 1125 579 2119 622; baseline 0.008 -11"><span class='ocrx_word' id='word_1_394' title='bbox 1125 579 1190 612; x_wconf 90' lang='lat' dir='ltr'>bus</span> <span class='ocrx_word' id='word_1_395' title='bbox 1208 591 1245 612; x_wconf 88' lang='lat' dir='ltr'>ea</span> <span class='ocrx_word' id='word_1_396' title='bbox 1264 579 1508 612; x_wconf 82' lang='lat' dir='ltr'>moderatione</span> <span class='ocrx_word' id='word_1_397' title='bbox 1526 591 1608 612; x_wconf 92' lang='lat' dir='ltr'>usus</span> <span class='ocrx_word' id='word_1_398' title='bbox 1627 581 1810 622; x_wconf 89' lang='lat' dir='ltr'>scribitur,</span> <span class='ocrx_word' id='word_1_399' title='bbox 1837 590 1875 616; x_wconf 89' lang='lat' dir='ltr'>ut</span> <span class='ocrx_word' id='word_1_400' title='bbox 1892 585 2026 619; x_wconf 88' lang='lat' dir='ltr'>reditus</span> <span class='ocrx_word' id='word_1_401' title='bbox 2043 586 2119 619; x_wconf 87' lang='lat' dir='ltr'>adi—</span> 
     </span>
     <span class='ocr_line' id='line_1_64' title="bbox 1125 629 2119 677; baseline 0.009 -16"><span class='ocrx_word' id='word_1_402' title='bbox 1125 629 1171 662; x_wconf 86' lang='lat' dir='ltr'>mi</span> <span class='ocrx_word' id='word_1_403' title='bbox 1196 629 1264 662; x_wconf 91' lang='lat' dir='ltr'>sibi</span> <span class='ocrx_word' id='word_1_404' title='bbox 1287 641 1407 673; x_wconf 91' lang='lat' dir='ltr'>passus</span> <span class='ocrx_word' id='word_1_405' title='bbox 1432 630 1494 670; x_wconf 88' lang='lat' dir='ltr'>sit,</span> <span class='ocrx_word' id='word_1_406' title='bbox 1522 632 1580 663; x_wconf 89' lang='lat' dir='ltr'>sed</span> <span class='ocrx_word' id='word_1_407' title='bbox 1603 631 1770 675; x_wconf 87' lang='lat' dir='ltr'>pristinas</span> <span class='ocrx_word' id='word_1_408' title='bbox 1786 634 1947 677; x_wconf 85' lang='lat' dir='ltr'>regiones</span> <span class='ocrx_word' id='word_1_409' title='bbox 1964 647 2046 669; x_wconf 89' lang='lat' dir='ltr'>suae</span> <span class='ocrx_word' id='word_1_410' title='bbox 2063 637 2119 670; x_wconf 89' lang='lat' dir='ltr'>in-</span> 
     </span>
     <span class='ocr_line' id='line_1_65' title="bbox 1124 681 2118 730; baseline 0.007 -17"><span class='ocrx_word' id='word_1_411' title='bbox 1124 681 1311 724; x_wconf 88' lang='lat' dir='ltr'>spectionis</span> <span class='ocrx_word' id='word_1_412' title='bbox 1335 681 1539 723; x_wconf 85' lang='lat' dir='ltr'>retinuerit,</span> <span class='ocrx_word' id='word_1_413' title='bbox 1567 694 1612 715; x_wconf 90' lang='lat' dir='ltr'>ne</span> <span class='ocrx_word' id='word_1_414' title='bbox 1634 682 1683 715; x_wconf 88' lang='lat' dir='ltr'>ibi</span> <span class='ocrx_word' id='word_1_415' title='bbox 1707 684 1868 717; x_wconf 88' lang='lat' dir='ltr'>doctores</span> <span class='ocrx_word' id='word_1_416' title='bbox 1891 685 1988 730; x_wconf 91' lang='lat' dir='ltr'>impii</span> <span class='ocrx_word' id='word_1_417' title='bbox 2008 687 2118 720; x_wconf 85' lang='lat' dir='ltr'>collo-</span> 
     </span>
     <span class='ocr_line' id='line_1_66' title="bbox 1123 731 2119 776; baseline 0.007 -12"><span class='ocrx_word' id='word_1_418' title='bbox 1123 732 1193 765; x_wconf 90' lang='lat' dir='ltr'>cari</span> <span class='ocrx_word' id='word_1_419' title='bbox 1220 739 1372 776; x_wconf 89' lang='lat' dir='ltr'>possent.</span> <span class='ocrx_word' id='word_1_420' title='bbox 1427 731 1523 766; x_wconf 90' lang='lat' dir='ltr'>Inter</span> <span class='ocrx_word' id='word_1_421' title='bbox 1549 739 1598 767; x_wconf 84' lang='lat' dir='ltr'>tot</span> <span class='ocrx_word' id='word_1_422' title='bbox 1623 734 1813 768; x_wconf 89' lang='lat' dir='ltr'>certamina</span> <span class='ocrx_word' id='word_1_423' title='bbox 1841 737 2025 771; x_wconf 89' lang='lat' dir='ltr'>consenuit</span> <span class='ocrx_word' id='word_1_424' title='bbox 2049 737 2119 771; x_wconf 83' lang='lat' dir='ltr'>Ba-</span> 
     </span>
     <span class='ocr_line' id='line_1_67' title="bbox 1123 783 2119 828; baseline 0.007 -13"><span class='ocrx_word' id='word_1_425' title='bbox 1123 783 1240 824; x_wconf 90' lang='lat' dir='ltr'>silius,</span> <span class='ocrx_word' id='word_1_426' title='bbox 1282 796 1322 815; x_wconf 82' lang='lat' dir='ltr'>ex</span> <span class='ocrx_word' id='word_1_427' title='bbox 1354 783 1484 828; x_wconf 89' lang='lat' dir='ltr'>quibus</span> <span class='ocrx_word' id='word_1_428' title='bbox 1518 784 1687 818; x_wconf 88' lang='lat' dir='ltr'>eluctatus</span> <span class='ocrx_word' id='word_1_429' title='bbox 1718 786 1903 828; x_wconf 85' lang='lat' dir='ltr'>omnibus,</span> <span class='ocrx_word' id='word_1_430' title='bbox 1947 788 2119 822; x_wconf 79' lang='lat' dir='ltr'>foeliciter</span> 
     </span>
     <span class='ocr_line' id='line_1_68' title="bbox 1124 832 2116 880; baseline 0.005 -13"><span class='ocrx_word' id='word_1_431' title='bbox 1124 833 1264 868; x_wconf 87' lang='lat' dir='ltr'>ssorenti</span> <span class='ocrx_word' id='word_1_432' title='bbox 1279 832 1434 868; x_wconf 86' lang='lat' dir='ltr'>Ecclesia</span> <span class='ocrx_word' id='word_1_433' title='bbox 1454 835 1518 868; x_wconf 88' lang='lat' dir='ltr'>sub</span> <span class='ocrx_word' id='word_1_434' title='bbox 1535 835 1634 869; x_wconf 89' lang='lat' dir='ltr'>initia</span> <span class='ocrx_word' id='word_1_435' title='bbox 1653 836 1793 880; x_wconf 87' lang='lat' dir='ltr'>imperii</span> <span class='ocrx_word' id='word_1_436' title='bbox 1813 835 2027 880; x_wconf 86' lang='lat' dir='ltr'>Theodosii,</span> <span class='ocrx_word' id='word_1_437' title='bbox 2055 841 2116 872; x_wconf 89' lang='lat' dir='ltr'>de-</span> 
     </span>
     <span class='ocr_line' id='line_1_69' title="bbox 1123 883 2117 934; baseline 0.006 -16"><span class='ocrx_word' id='word_1_438' title='bbox 1123 885 1222 919; x_wconf 86' lang='lat' dir='ltr'>cessit</span> <span class='ocrx_word' id='word_1_439' title='bbox 1252 897 1291 918; x_wconf 85' lang='lat' dir='ltr'>ex</span> <span class='ocrx_word' id='word_1_440' title='bbox 1324 883 1388 919; x_wconf 91' lang='lat' dir='ltr'>hac</span> <span class='ocrx_word' id='word_1_441' title='bbox 1412 886 1495 920; x_wconf 88' lang='lat' dir='ltr'>vita.</span> <span class='ocrx_word' id='word_1_442' title='bbox 1549 885 1650 920; x_wconf 90' lang='lat' dir='ltr'>Hanc</span> <span class='ocrx_word' id='word_1_443' title='bbox 1675 886 1798 920; x_wconf 89' lang='lat' dir='ltr'>Basilii</span> <span class='ocrx_word' id='word_1_444' title='bbox 1826 885 2010 923; x_wconf 89' lang='lat' dir='ltr'>historiam</span> <span class='ocrx_word' id='word_1_445' title='bbox 2036 902 2117 934; x_wconf 88' lang='lat' dir='ltr'>par—</span> 
     </span>
     <span class='ocr_line' id='line_1_70' title="bbox 1123 936 2117 986; baseline 0.006 -18"><span class='ocrx_word' id='word_1_446' title='bbox 1123 936 1184 968; x_wconf 90' lang='lat' dir='ltr'>tim</span> <span class='ocrx_word' id='word_1_447' title='bbox 1209 948 1248 969; x_wconf 88' lang='lat' dir='ltr'>ex</span> <span class='ocrx_word' id='word_1_448' title='bbox 1270 936 1423 970; x_wconf 89' lang='lat' dir='ltr'>aliorum</span> <span class='ocrx_word' id='word_1_449' title='bbox 1447 937 1689 971; x_wconf 88' lang='lat' dir='ltr'>monumentis</span> <span class='ocrx_word' id='word_1_450' title='bbox 1713 939 1966 983; x_wconf 84' lang='lat' dir='ltr'>excerpsimus,</span> <span class='ocrx_word' id='word_1_451' title='bbox 1994 941 2029 973; x_wconf 90' lang='lat' dir='ltr'>in</span> <span class='ocrx_word' id='word_1_452' title='bbox 2049 953 2117 986; x_wconf 90' lang='lat' dir='ltr'>qua</span> 
     </span>
     <span class='ocr_line' id='line_1_71' title="bbox 1123 986 2118 1035; baseline 0.005 -15"><span class='ocrx_word' id='word_1_453' title='bbox 1123 987 1275 1031; x_wconf 87' lang='lat' dir='ltr'>primum</span> <span class='ocrx_word' id='word_1_454' title='bbox 1301 988 1344 1020; x_wconf 90' lang='lat' dir='ltr'>de</span> <span class='ocrx_word' id='word_1_455' title='bbox 1365 994 1533 1032; x_wconf 83' lang='lat' dir='ltr'>perpetua</span> <span class='ocrx_word' id='word_1_456' title='bbox 1549 986 1726 1021; x_wconf 85' lang='lat' dir='ltr'>Ecclesiae</span> <span class='ocrx_word' id='word_1_457' title='bbox 1746 991 2003 1032; x_wconf 80' lang='lat' dir='ltr'>gubernatione</span> <span class='ocrx_word' id='word_1_458' title='bbox 2022 992 2118 1035; x_wconf 84' lang='lat' dir='ltr'>cogi-</span> 
     </span>
     <span class='ocr_line' id='line_1_72' title="bbox 1122 1036 2117 1086; baseline 0.005 -16"><span class='ocrx_word' id='word_1_459' title='bbox 1122 1045 1244 1073; x_wconf 89' lang='lat' dir='ltr'>temus.</span> <span class='ocrx_word' id='word_1_460' title='bbox 1298 1037 1469 1071; x_wconf 89' lang='lat' dir='ltr'>Videmus</span> <span class='ocrx_word' id='word_1_461' title='bbox 1494 1036 1550 1074; x_wconf 82' lang='lat' dir='ltr'>hic</span> <span class='ocrx_word' id='word_1_462' title='bbox 1575 1051 1717 1084; x_wconf 87' lang='lat' dir='ltr'>quoque</span> <span class='ocrx_word' id='word_1_463' title='bbox 1741 1053 1813 1073; x_wconf 90' lang='lat' dir='ltr'>non</span> <span class='ocrx_word' id='word_1_464' title='bbox 1831 1038 1997 1075; x_wconf 88' lang='lat' dir='ltr'>humanis</span> <span class='ocrx_word' id='word_1_465' title='bbox 2016 1055 2117 1086; x_wconf 90' lang='lat' dir='ltr'>prae-</span> 
     </span>
     <span class='ocr_line' id='line_1_73' title="bbox 1121 1087 2116 1136; baseline 0.006 -15"><span class='ocrx_word' id='word_1_466' title='bbox 1121 1089 1220 1122; x_wconf 89' lang='lat' dir='ltr'>sidiis</span> <span class='ocrx_word' id='word_1_467' title='bbox 1245 1096 1418 1122; x_wconf 88' lang='lat' dir='ltr'>servatam</span> <span class='ocrx_word' id='word_1_468' title='bbox 1444 1101 1516 1122; x_wconf 89' lang='lat' dir='ltr'>esse</span> <span class='ocrx_word' id='word_1_469' title='bbox 1535 1087 1728 1124; x_wconf 83' lang='lat' dir='ltr'>Ecclesiam</span> <span class='ocrx_word' id='word_1_470' title='bbox 1754 1091 1846 1125; x_wconf 91' lang='lat' dir='ltr'>inter</span> <span class='ocrx_word' id='word_1_471' title='bbox 1862 1099 1914 1126; x_wconf 89' lang='lat' dir='ltr'>tot</span> <span class='ocrx_word' id='word_1_472' title='bbox 1934 1094 2116 1136; x_wconf 90' lang='lat' dir='ltr'>procellas,</span> 
     </span>
     <span class='ocr_line' id='line_1_74' title="bbox 1121 1140 2115 1185; baseline 0.005 -13"><span class='ocrx_word' id='word_1_473' title='bbox 1121 1140 1250 1185; x_wconf 89' lang='lat' dir='ltr'>quibus</span> <span class='ocrx_word' id='word_1_474' title='bbox 1278 1147 1362 1174; x_wconf 88' lang='lat' dir='ltr'>tunc</span> <span class='ocrx_word' id='word_1_475' title='bbox 1387 1147 1546 1185; x_wconf 88' lang='lat' dir='ltr'>quassata</span> <span class='ocrx_word' id='word_1_476' title='bbox 1573 1148 1634 1175; x_wconf 88' lang='lat' dir='ltr'>est.</span> <span class='ocrx_word' id='word_1_477' title='bbox 1696 1141 1806 1176; x_wconf 85' lang='lat' dir='ltr'>Multi</span> <span class='ocrx_word' id='word_1_478' title='bbox 1831 1143 1968 1177; x_wconf 85' lang='lat' dir='ltr'>furores</span> <span class='ocrx_word' id='word_1_479' title='bbox 1991 1145 2115 1178; x_wconf 90' lang='lat' dir='ltr'>eodem</span> 
     </span>
     <span class='ocr_line' id='line_1_75' title="bbox 1122 1190 2116 1236; baseline 0.006 -13"><span class='ocrx_word' id='word_1_480' title='bbox 1122 1198 1276 1236; x_wconf 90' lang='lat' dir='ltr'>ternpore</span> <span class='ocrx_word' id='word_1_481' title='bbox 1306 1192 1571 1234; x_wconf 85' lang='lat' dir='ltr'>grassabantur,</span> <span class='ocrx_word' id='word_1_482' title='bbox 1610 1190 1754 1231; x_wconf 86' lang='lat' dir='ltr'>Ariani,</span> <span class='ocrx_word' id='word_1_483' title='bbox 1790 1192 2015 1236; x_wconf 86' lang='lat' dir='ltr'>Manichaei,</span> <span class='ocrx_word' id='word_1_484' title='bbox 2047 1194 2116 1229; x_wconf 91' lang='lat' dir='ltr'>Ca—</span> 
     </span>
     <span class='ocr_line' id='line_1_76' title="bbox 1121 1240 2115 1285; baseline 0.005 -11"><span class='ocrx_word' id='word_1_485' title='bbox 1121 1240 1223 1275; x_wconf 87' lang='lat' dir='ltr'>thari.</span> <span class='ocrx_word' id='word_1_486' title='bbox 1281 1240 1328 1275; x_wconf 87' lang='lat' dir='ltr'>Et</span> <span class='ocrx_word' id='word_1_487' title='bbox 1355 1241 1545 1285; x_wconf 84' lang='lat' dir='ltr'>imperator</span> <span class='ocrx_word' id='word_1_488' title='bbox 1567 1242 1700 1276; x_wconf 71' lang='lat' dir='ltr'>Valens</span> <span class='ocrx_word' id='word_1_489' title='bbox 1729 1243 1766 1276; x_wconf 91' lang='lat' dir='ltr'>in</span> <span class='ocrx_word' id='word_1_490' title='bbox 1798 1245 1983 1279; x_wconf 82' lang='lat' dir='ltr'>foelicibus</span> <span class='ocrx_word' id='word_1_491' title='bbox 2008 1247 2115 1280; x_wconf 88' lang='lat' dir='ltr'>armis</span> 
     </span>
     <span class='ocr_line' id='line_1_77' title="bbox 1120 1290 2116 1340; baseline 0.004 -14"><span class='ocrx_word' id='word_1_492' title='bbox 1120 1290 1315 1327; x_wconf 88' lang='lat' dir='ltr'>attrahebat</span> <span class='ocrx_word' id='word_1_493' title='bbox 1330 1301 1448 1336; x_wconf 86' lang='lat' dir='ltr'>gentes</span> <span class='ocrx_word' id='word_1_494' title='bbox 1464 1294 1664 1327; x_wconf 86' lang='lat' dir='ltr'>barbaricas</span> <span class='ocrx_word' id='word_1_495' title='bbox 1681 1294 1772 1328; x_wconf 89' lang='lat' dir='ltr'>intra</span> <span class='ocrx_word' id='word_1_496' title='bbox 1791 1295 1876 1329; x_wconf 87' lang='lat' dir='ltr'>fines</span> <span class='ocrx_word' id='word_1_497' title='bbox 1893 1296 1946 1329; x_wconf 92' lang='lat' dir='ltr'>sui</span> <span class='ocrx_word' id='word_1_498' title='bbox 1962 1297 2116 1340; x_wconf 84' lang='lat' dir='ltr'>imperii,</span> 
     </span>
     <span class='ocr_line' id='line_1_78' title="bbox 1120 1344 2115 1388; baseline 0.006 -13"><span class='ocrx_word' id='word_1_499' title='bbox 1120 1351 1152 1377; x_wconf 81' lang='lat' dir='ltr'>et</span> <span class='ocrx_word' id='word_1_500' title='bbox 1174 1345 1271 1377; x_wconf 90' lang='lat' dir='ltr'>domi</span> <span class='ocrx_word' id='word_1_501' title='bbox 1296 1344 1515 1388; x_wconf 80' lang='lat' dir='ltr'>perniciosae</span> <span class='ocrx_word' id='word_1_502' title='bbox 1540 1345 1703 1378; x_wconf 81' lang='lat' dir='ltr'>factionis</span> <span class='ocrx_word' id='word_1_503' title='bbox 1728 1346 1845 1379; x_wconf 85' lang='lat' dir='ltr'>studio</span> <span class='ocrx_word' id='word_1_504' title='bbox 1866 1348 2024 1381; x_wconf 86' lang='lat' dir='ltr'>vastabat</span> <span class='ocrx_word' id='word_1_505' title='bbox 2044 1347 2115 1381; x_wconf 85' lang='lat' dir='ltr'>Ec-</span> 
     </span>
     <span class='ocr_line' id='line_1_79' title="bbox 1119 1392 2113 1431; baseline 0.003 -3"><span class='ocrx_word' id='word_1_506' title='bbox 1119 1395 1251 1430; x_wconf 84' lang='lat' dir='ltr'>clesias.</span> <span class='ocrx_word' id='word_1_507' title='bbox 1321 1393 1362 1427; x_wconf 93' lang='lat' dir='ltr'>In</span> <span class='ocrx_word' id='word_1_508' title='bbox 1388 1392 1442 1428; x_wconf 88' lang='lat' dir='ltr'>his</span> <span class='ocrx_word' id='word_1_509' title='bbox 1468 1396 1574 1429; x_wconf 86' lang='lat' dir='ltr'>tantis</span> <span class='ocrx_word' id='word_1_510' title='bbox 1601 1396 1869 1430; x_wconf 82' lang='lat' dir='ltr'>difficultatibus</span> <span class='ocrx_word' id='word_1_511' title='bbox 1895 1404 2011 1431; x_wconf 89' lang='lat' dir='ltr'>tamen</span> <span class='ocrx_word' id='word_1_512' title='bbox 2040 1410 2113 1431; x_wconf 92' lang='lat' dir='ltr'>non</span> 
     </span>
     <span class='ocr_line' id='line_1_80' title="bbox 1120 1446 2114 1492; baseline 0.004 -14"><span class='ocrx_word' id='word_1_513' title='bbox 1120 1453 1169 1479; x_wconf 87' lang='lat' dir='ltr'>est</span> <span class='ocrx_word' id='word_1_514' title='bbox 1190 1446 1341 1479; x_wconf 82' lang='lat' dir='ltr'>extincta</span> <span class='ocrx_word' id='word_1_515' title='bbox 1367 1446 1425 1479; x_wconf 87' lang='lat' dir='ltr'>lux</span> <span class='ocrx_word' id='word_1_516' title='bbox 1449 1447 1630 1479; x_wconf 88' lang='lat' dir='ltr'>doctrinae</span> <span class='ocrx_word' id='word_1_517' title='bbox 1652 1448 1824 1485; x_wconf 88' lang='lat' dir='ltr'>coelestis.</span> <span class='ocrx_word' id='word_1_518' title='bbox 1879 1448 2000 1492; x_wconf 80' lang='lat' dir='ltr'>Quare</span> <span class='ocrx_word' id='word_1_519' title='bbox 2018 1461 2114 1483; x_wconf 90' lang='lat' dir='ltr'>nunc</span> 
     </span>
     <span class='ocr_line' id='line_1_81' title="bbox 1120 1497 2114 1544; baseline 0.003 -14"><span class='ocrx_word' id='word_1_520' title='bbox 1120 1509 1260 1542; x_wconf 87' lang='lat' dir='ltr'>quoque</span> <span class='ocrx_word' id='word_1_521' title='bbox 1280 1497 1316 1529; x_wconf 91' lang='lat' dir='ltr'>in</span> <span class='ocrx_word' id='word_1_522' title='bbox 1337 1503 1407 1530; x_wconf 90' lang='lat' dir='ltr'>tam</span> <span class='ocrx_word' id='word_1_523' title='bbox 1426 1497 1517 1530; x_wconf 90' lang='lat' dir='ltr'>tristi</span> <span class='ocrx_word' id='word_1_524' title='bbox 1533 1498 1739 1532; x_wconf 86' lang='lat' dir='ltr'>confusione</span> <span class='ocrx_word' id='word_1_525' title='bbox 1757 1499 1988 1544; x_wconf 88' lang='lat' dir='ltr'>imperiorum</span> <span class='ocrx_word' id='word_1_526' title='bbox 2008 1498 2114 1534; x_wconf 83' lang='lat' dir='ltr'>liuius</span> 
     </span>
     <span class='ocr_line' id='line_1_82' title="bbox 1119 1547 2113 1591; baseline 0.005 -12"><span class='ocrx_word' id='word_1_527' title='bbox 1119 1548 1260 1588; x_wconf 85' lang='lat' dir='ltr'>aetatis,</span> <span class='ocrx_word' id='word_1_528' title='bbox 1294 1558 1474 1591; x_wconf 88' lang='lat' dir='ltr'>speremus</span> <span class='ocrx_word' id='word_1_529' title='bbox 1506 1554 1622 1581; x_wconf 84' lang='lat' dir='ltr'>tamen</span> <span class='ocrx_word' id='word_1_530' title='bbox 1649 1547 1764 1583; x_wconf 89' lang='lat' dir='ltr'>Deum</span> <span class='ocrx_word' id='word_1_531' title='bbox 1794 1557 2015 1585; x_wconf 84' lang='lat' dir='ltr'>servaturum</span> <span class='ocrx_word' id='word_1_532' title='bbox 2041 1563 2113 1584; x_wconf 87' lang='lat' dir='ltr'>esse</span> 
     </span>
     <span class='ocr_line' id='line_1_83' title="bbox 1121 1596 2114 1639; baseline 0.005 -9"><span class='ocrx_word' id='word_1_533' title='bbox 1121 1598 1190 1630; x_wconf 83' lang='lat' dir='ltr'>filio</span> <span class='ocrx_word' id='word_1_534' title='bbox 1223 1596 1495 1639; x_wconf 88' lang='lat' dir='ltr'>haereditatem,</span> <span class='ocrx_word' id='word_1_535' title='bbox 1529 1597 1703 1633; x_wconf 88' lang='lat' dir='ltr'>Ecclesias</span> <span class='ocrx_word' id='word_1_536' title='bbox 1737 1601 1899 1635; x_wconf 79' lang='lat' dir='ltr'>videlicet</span> <span class='ocrx_word' id='word_1_537' title='bbox 1930 1609 1961 1635; x_wconf 87' lang='lat' dir='ltr'>et</span> <span class='ocrx_word' id='word_1_538' title='bbox 1996 1602 2114 1635; x_wconf 88' lang='lat' dir='ltr'>litera-</span> 
     </span>
     <span class='ocr_line' id='line_1_84' title="bbox 1120 1650 2114 1686; baseline 0.004 -4"><span class='ocrx_word' id='word_1_539' title='bbox 1120 1662 1196 1683; x_wconf 90' lang='lat' dir='ltr'>rum</span> <span class='ocrx_word' id='word_1_540' title='bbox 1219 1661 1258 1682; x_wconf 91' lang='lat' dir='ltr'>ac</span> <span class='ocrx_word' id='word_1_541' title='bbox 1282 1650 1462 1682; x_wconf 87' lang='lat' dir='ltr'>doctrinae</span> <span class='ocrx_word' id='word_1_542' title='bbox 1486 1650 1677 1685; x_wconf 90' lang='lat' dir='ltr'>domicilia.</span> <span class='ocrx_word' id='word_1_543' title='bbox 1733 1650 1856 1684; x_wconf 82' lang='lat' dir='ltr'>Basilii</span> <span class='ocrx_word' id='word_1_544' title='bbox 1877 1664 1959 1685; x_wconf 89' lang='lat' dir='ltr'>vero</span> <span class='ocrx_word' id='word_1_545' title='bbox 1978 1653 2114 1686; x_wconf 84' lang='lat' dir='ltr'>foelici-</span> 
     </span>
     <span class='ocr_line' id='line_1_85' title="bbox 1119 1700 2113 1745; baseline 0.006 -13"><span class='ocrx_word' id='word_1_546' title='bbox 1119 1707 1223 1733; x_wconf 87' lang='lat' dir='ltr'>tatem</span> <span class='ocrx_word' id='word_1_547' title='bbox 1248 1700 1508 1743; x_wconf 90' lang='lat' dir='ltr'>praedicemus,</span> <span class='ocrx_word' id='word_1_548' title='bbox 1535 1701 1595 1745; x_wconf 89' lang='lat' dir='ltr'>qui</span> <span class='ocrx_word' id='word_1_549' title='bbox 1619 1713 1659 1734; x_wconf 79' lang='lat' dir='ltr'>ex</span> <span class='ocrx_word' id='word_1_550' title='bbox 1675 1702 1782 1736; x_wconf 82' lang='lat' dir='ltr'>tantis</span> <span class='ocrx_word' id='word_1_551' title='bbox 1800 1703 1966 1736; x_wconf 86' lang='lat' dir='ltr'>fluctibns</span> <span class='ocrx_word' id='word_1_552' title='bbox 1981 1704 2113 1737; x_wconf 85' lang='lat' dir='ltr'>elucta-</span> 
     </span>
     <span class='ocr_line' id='line_1_86' title="bbox 1118 1751 2112 1797; baseline 0.005 -14"><span class='ocrx_word' id='word_1_553' title='bbox 1118 1759 1191 1789; x_wconf 85' lang='lat' dir='ltr'>tus,</span> <span class='ocrx_word' id='word_1_554' title='bbox 1226 1751 1320 1783; x_wconf 79' lang='lat' dir='ltr'>salva</span> <span class='ocrx_word' id='word_1_555' title='bbox 1355 1752 1438 1783; x_wconf 80' lang='lat' dir='ltr'>navi</span> <span class='ocrx_word' id='word_1_556' title='bbox 1460 1763 1521 1784; x_wconf 89' lang='lat' dir='ltr'>sua</span> <span class='ocrx_word' id='word_1_557' title='bbox 1547 1752 1584 1784; x_wconf 90' lang='lat' dir='ltr'>in</span> <span class='ocrx_word' id='word_1_558' title='bbox 1609 1759 1749 1796; x_wconf 90' lang='lat' dir='ltr'>portum</span> <span class='ocrx_word' id='word_1_559' title='bbox 1773 1754 1951 1797; x_wconf 76' lang='lat' dir='ltr'>pervenit:</span> <span class='ocrx_word' id='word_1_560' title='bbox 1988 1755 2021 1787; x_wconf 89' lang='lat' dir='ltr'>id</span> <span class='ocrx_word' id='word_1_561' title='bbox 2050 1762 2112 1795; x_wconf 80' lang='lat' dir='ltr'>est,</span> 
     </span>
     <span class='ocr_line' id='line_1_87' title="bbox 1119 1799 2089 1849; baseline 0.005 -16"><span class='ocrx_word' id='word_1_562' title='bbox 1119 1801 1262 1834; x_wconf 88' lang='lat' dir='ltr'>retinuit</span> <span class='ocrx_word' id='word_1_563' title='bbox 1282 1801 1375 1844; x_wconf 92' lang='lat' dir='ltr'>piam</span> <span class='ocrx_word' id='word_1_564' title='bbox 1390 1799 1567 1835; x_wconf 84' lang='lat' dir='ltr'>Ecclesiae</span> <span class='ocrx_word' id='word_1_565' title='bbox 1585 1804 1829 1844; x_wconf 86' lang='lat' dir='ltr'>concordiam,</span> <span class='ocrx_word' id='word_1_566' title='bbox 1857 1806 1972 1849; x_wconf 89' lang='lat' dir='ltr'>quoad</span> <span class='ocrx_word' id='word_1_567' title='bbox 1992 1806 2089 1840; x_wconf 85' lang='lat' dir='ltr'>vixit.</span> 
     </span>
     <span class='ocr_line' id='line_1_88' title="bbox 1218 1850 2110 1899; baseline 0.006 -15"><span class='ocrx_word' id='word_1_568' title='bbox 1218 1850 1379 1897; x_wconf 89' lang='lat' dir='ltr'>Cumque</span> <span class='ocrx_word' id='word_1_569' title='bbox 1401 1850 1479 1885; x_wconf 74' lang='lat' dir='ltr'>Deo</span> <span class='ocrx_word' id='word_1_570' title='bbox 1502 1853 1629 1896; x_wconf 84' lang='lat' dir='ltr'>gratias</span> <span class='ocrx_word' id='word_1_571' title='bbox 1652 1865 1811 1897; x_wconf 87' lang='lat' dir='ltr'>agemus,</span> <span class='ocrx_word' id='word_1_572' title='bbox 1839 1856 1933 1899; x_wconf 87' lang='lat' dir='ltr'>quod</span> <span class='ocrx_word' id='word_1_573' title='bbox 1960 1857 2110 1889; x_wconf 87' lang='lat' dir='ltr'>subinde</span> 
     </span>
     <span class='ocr_line' id='line_1_89' title="bbox 1118 1903 2111 1950; baseline 0.005 -15"><span class='ocrx_word' id='word_1_574' title='bbox 1118 1903 1286 1935; x_wconf 87' lang='lat' dir='ltr'>salutares</span> <span class='ocrx_word' id='word_1_575' title='bbox 1310 1904 1471 1936; x_wconf 86' lang='lat' dir='ltr'>doctores</span> <span class='ocrx_word' id='word_1_576' title='bbox 1493 1903 1633 1938; x_wconf 85' lang='lat' dir='ltr'>excitat:</span> <span class='ocrx_word' id='word_1_577' title='bbox 1661 1906 1704 1937; x_wconf 89' lang='lat' dir='ltr'>de</span> <span class='ocrx_word' id='word_1_578' title='bbox 1727 1906 1831 1939; x_wconf 89' lang='lat' dir='ltr'>nobis</span> <span class='ocrx_word' id='word_1_579' title='bbox 1855 1906 1958 1950; x_wconf 84' lang='lat' dir='ltr'>ipsis,</span> <span class='ocrx_word' id='word_1_580' title='bbox 1985 1908 2027 1939; x_wconf 91' lang='lat' dir='ltr'>de</span> <span class='ocrx_word' id='word_1_581' title='bbox 2045 1919 2111 1940; x_wconf 91' lang='lat' dir='ltr'>no-</span> 
     </span>
     <span class='ocr_line' id='line_1_90' title="bbox 1117 1954 2109 2000; baseline 0.005 -14"><span class='ocrx_word' id='word_1_582' title='bbox 1117 1961 1189 1987; x_wconf 87' lang='lat' dir='ltr'>stro</span> <span class='ocrx_word' id='word_1_583' title='bbox 1222 1965 1345 1995; x_wconf 86' lang='lat' dir='ltr'>cursu,</span> <span class='ocrx_word' id='word_1_584' title='bbox 1379 1954 1422 1986; x_wconf 88' lang='lat' dir='ltr'>de</span> <span class='ocrx_word' id='word_1_585' title='bbox 1456 1955 1584 1988; x_wconf 86' lang='lat' dir='ltr'>nostris</span> <span class='ocrx_word' id='word_1_586' title='bbox 1615 1956 1742 1989; x_wconf 89' lang='lat' dir='ltr'>studiis</span> <span class='ocrx_word' id='word_1_587' title='bbox 1766 1969 1849 1990; x_wconf 82' lang='lat' dir='ltr'>vero</span> <span class='ocrx_word' id='word_1_588' title='bbox 1875 1969 1952 1990; x_wconf 85' lang='lat' dir='ltr'>cum</span> <span class='ocrx_word' id='word_1_589' title='bbox 1979 1958 2109 2000; x_wconf 75' lang='lat' dir='ltr'>gemitu</span> 
     </span>
     <span class='ocr_line' id='line_1_91' title="bbox 1116 2005 2108 2048; baseline 0.003 -10"><span class='ocrx_word' id='word_1_590' title='bbox 1116 2005 1325 2048; x_wconf 83' lang='lat' dir='ltr'>cogitemus,</span> <span class='ocrx_word' id='word_1_591' title='bbox 1359 2017 1398 2038; x_wconf 90' lang='lat' dir='ltr'>ac</span> <span class='ocrx_word' id='word_1_592' title='bbox 1420 2011 1499 2038; x_wconf 81' lang='lat' dir='ltr'>vota</span> <span class='ocrx_word' id='word_1_593' title='bbox 1523 2006 1708 2048; x_wconf 83' lang='lat' dir='ltr'>faciamus,</span> <span class='ocrx_word' id='word_1_594' title='bbox 1743 2014 1781 2040; x_wconf 87' lang='lat' dir='ltr'>ut</span> <span class='ocrx_word' id='word_1_595' title='bbox 1801 2006 1896 2040; x_wconf 87' lang='lat' dir='ltr'>Deus</span> <span class='ocrx_word' id='word_1_596' title='bbox 1919 2020 1983 2041; x_wconf 87' lang='lat' dir='ltr'>nos</span> <span class='ocrx_word' id='word_1_597' title='bbox 2007 2009 2108 2042; x_wconf 81' lang='lat' dir='ltr'>saciat</span> 
     </span>
     <span class='ocr_line' id='line_1_92' title="bbox 1115 2055 2110 2104; baseline 0.004 -16"><span class='ocrx_word' id='word_1_598' title='bbox 1115 2055 1279 2090; x_wconf 88' lang='lat' dir='ltr'>salutaria</span> <span class='ocrx_word' id='word_1_599' title='bbox 1306 2068 1439 2099; x_wconf 85' lang='lat' dir='ltr'>organa</span> <span class='ocrx_word' id='word_1_600' title='bbox 1456 2055 1631 2101; x_wconf 82' lang='lat' dir='ltr'>Reipul›.,</span> <span class='ocrx_word' id='word_1_601' title='bbox 1662 2070 1722 2091; x_wconf 89' lang='lat' dir='ltr'>seu</span> <span class='ocrx_word' id='word_1_602' title='bbox 1739 2065 1777 2092; x_wconf 89' lang='lat' dir='ltr'>ut</span> <span class='ocrx_word' id='word_1_603' title='bbox 1796 2059 1954 2104; x_wconf 82' lang='lat' dir='ltr'>loquitur</span> <span class='ocrx_word' id='word_1_604' title='bbox 1967 2058 2110 2101; x_wconf 83' lang='lat' dir='ltr'>Paulus,</span> 
     </span>
     <span class='ocr_line' id='line_1_93' title="bbox 1117 2107 2109 2149; baseline 0.005 -10"><span class='ocrx_word' id='word_1_605' title='bbox 1117 2119 1194 2140; x_wconf 82' lang='lat' dir='ltr'>vasa</span> <span class='ocrx_word' id='word_1_606' title='bbox 1215 2107 1494 2144; x_wconf 83' lang='lat' dir='ltr'>misericordiae,</span> <span class='ocrx_word' id='word_1_607' title='bbox 1519 2120 1583 2141; x_wconf 87' lang='lat' dir='ltr'>nec</span> <span class='ocrx_word' id='word_1_608' title='bbox 1597 2108 1807 2143; x_wconf 86' lang='lat' dir='ltr'>abiiciamur</span> <span class='ocrx_word' id='word_1_609' title='bbox 1821 2110 1913 2143; x_wconf 89' lang='lat' dir='ltr'>inter</span> <span class='ocrx_word' id='word_1_610' title='bbox 1930 2122 2006 2143; x_wconf 84' lang='lat' dir='ltr'>vasa</span> <span class='ocrx_word' id='word_1_611' title='bbox 2026 2111 2109 2149; x_wconf 88' lang='lat' dir='ltr'>irae,</span> 
     </span>
     <span class='ocr_line' id='line_1_94' title="bbox 1116 2156 2108 2203; baseline 0.005 -13"><span class='ocrx_word' id='word_1_612' title='bbox 1116 2157 1232 2203; x_wconf 85' lang='lat' dir='ltr'>qualia</span> <span class='ocrx_word' id='word_1_613' title='bbox 1257 2158 1401 2192; x_wconf 86' lang='lat' dir='ltr'>fuerunt</span> <span class='ocrx_word' id='word_1_614' title='bbox 1417 2156 1577 2199; x_wconf 81' lang='lat' dir='ltr'>Pharao,</span> <span class='ocrx_word' id='word_1_615' title='bbox 1603 2158 1716 2200; x_wconf 68' lang='lat' dir='ltr'>Nero,</span> <span class='ocrx_word' id='word_1_616' title='bbox 1746 2160 1893 2201; x_wconf 64' lang='lat' dir='ltr'>Valens,</span> <span class='ocrx_word' id='word_1_617' title='bbox 1919 2159 2048 2203; x_wconf 85' lang='lat' dir='ltr'>Arius,</span> <span class='ocrx_word' id='word_1_618' title='bbox 2076 2169 2108 2196; x_wconf 79' lang='lat' dir='ltr'>et</span> 
     </span>
     <span class='ocr_line' id='line_1_95' title="bbox 1114 2208 2108 2255; baseline 0.004 -13"><span class='ocrx_word' id='word_1_619' title='bbox 1114 2209 1173 2242; x_wconf 92' lang='lat' dir='ltr'>alii</span> <span class='ocrx_word' id='word_1_620' title='bbox 1205 2208 1502 2248; x_wconf 73' lang='lat' dir='ltr'>innumerabiles,</span> <span class='ocrx_word' id='word_1_621' title='bbox 1537 2210 1597 2254; x_wconf 81' lang='lat' dir='ltr'>qni</span> <span class='ocrx_word' id='word_1_622' title='bbox 1630 2211 1775 2245; x_wconf 88' lang='lat' dir='ltr'>suerunt</span> <span class='ocrx_word' id='word_1_623' title='bbox 1800 2218 1912 2255; x_wconf 87' lang='lat' dir='ltr'>pestes</span> <span class='ocrx_word' id='word_1_624' title='bbox 1930 2210 2108 2246; x_wconf 84' lang='lat' dir='ltr'>Ecclesiae</span> 
     </span>
     <span class='ocr_line' id='line_1_96' title="bbox 1115 2258 2107 2306; baseline 0.005 -14"><span class='ocrx_word' id='word_1_625' title='bbox 1115 2267 1146 2293; x_wconf 90' lang='lat' dir='ltr'>et</span> <span class='ocrx_word' id='word_1_626' title='bbox 1168 2259 1305 2303; x_wconf 86' lang='lat' dir='ltr'>generis</span> <span class='ocrx_word' id='word_1_627' title='bbox 1328 2258 1488 2293; x_wconf 87' lang='lat' dir='ltr'>humani.</span> <span class='ocrx_word' id='word_1_628' title='bbox 1540 2259 1635 2294; x_wconf 86' lang='lat' dir='ltr'>Ilaec</span> <span class='ocrx_word' id='word_1_629' title='bbox 1653 2262 1812 2306; x_wconf 82' lang='lat' dir='ltr'>quotidie</span> <span class='ocrx_word' id='word_1_630' title='bbox 1831 2274 1954 2306; x_wconf 83' lang='lat' dir='ltr'>magna</span> <span class='ocrx_word' id='word_1_631' title='bbox 1973 2275 2054 2296; x_wconf 91' lang='lat' dir='ltr'>cura</span> <span class='ocrx_word' id='word_1_632' title='bbox 2074 2271 2107 2297; x_wconf 91' lang='lat' dir='ltr'>et</span> 
     </span>
     <span class='ocr_line' id='line_1_97' title="bbox 1114 2310 2106 2357; baseline 0.005 -14"><span class='ocrx_word' id='word_1_633' title='bbox 1114 2310 1354 2344; x_wconf 89' lang='lat' dir='ltr'>sollicitudine</span> <span class='ocrx_word' id='word_1_634' title='bbox 1376 2311 1560 2353; x_wconf 85' lang='lat' dir='ltr'>cogitanda</span> <span class='ocrx_word' id='word_1_635' title='bbox 1584 2319 1676 2347; x_wconf 86' lang='lat' dir='ltr'>sunt.</span> <span class='ocrx_word' id='word_1_636' title='bbox 1731 2312 1889 2347; x_wconf 82' lang='lat' dir='ltr'>Recitavi</span> <span class='ocrx_word' id='word_1_637' title='bbox 1913 2326 1967 2347; x_wconf 89' lang='lat' dir='ltr'>res</span> <span class='ocrx_word' id='word_1_638' title='bbox 1984 2321 2106 2357; x_wconf 84' lang='lat' dir='ltr'>gestas,</span> 
     </span>
     <span class='ocr_line' id='line_1_98' title="bbox 1115 2362 2104 2407; baseline 0.004 -12"><span class='ocrx_word' id='word_1_639' title='bbox 1115 2362 1150 2395; x_wconf 94' lang='lat' dir='ltr'>in</span> <span class='ocrx_word' id='word_1_640' title='bbox 1167 2362 1296 2407; x_wconf 84' lang='lat' dir='ltr'>quibus</span> <span class='ocrx_word' id='word_1_641' title='bbox 1314 2368 1348 2395; x_wconf 91' lang='lat' dir='ltr'>et</span> <span class='ocrx_word' id='word_1_642' title='bbox 1364 2373 1472 2405; x_wconf 83' lang='lat' dir='ltr'>genus</span> <span class='ocrx_word' id='word_1_643' title='bbox 1490 2363 1670 2396; x_wconf 88' lang='lat' dir='ltr'>doctrinae</span> <span class='ocrx_word' id='word_1_644' title='bbox 1683 2363 1916 2407; x_wconf 85' lang='lat' dir='ltr'>conspicitur,</span> <span class='ocrx_word' id='word_1_645' title='bbox 1944 2372 1976 2399; x_wconf 88' lang='lat' dir='ltr'>et</span> <span class='ocrx_word' id='word_1_646' title='bbox 1989 2365 2104 2399; x_wconf 90' lang='lat' dir='ltr'>lucent</span> 
     </span>
     <span class='ocr_line' id='line_1_99' title="bbox 1114 2412 2105 2459; baseline 0.004 -14"><span class='ocrx_word' id='word_1_647' title='bbox 1114 2412 1238 2446; x_wconf 89' lang='lat' dir='ltr'>Basilii</span> <span class='ocrx_word' id='word_1_648' title='bbox 1267 2412 1415 2446; x_wconf 83' lang='lat' dir='ltr'>virtutes</span> <span class='ocrx_word' id='word_1_649' title='bbox 1446 2413 1595 2453; x_wconf 89' lang='lat' dir='ltr'>multae,</span> <span class='ocrx_word' id='word_1_650' title='bbox 1631 2414 1674 2446; x_wconf 85' lang='lat' dir='ltr'>de</span> <span class='ocrx_word' id='word_1_651' title='bbox 1698 2414 1827 2459; x_wconf 88' lang='lat' dir='ltr'>quibus</span> <span class='ocrx_word' id='word_1_652' title='bbox 1850 2415 2022 2459; x_wconf 85' lang='lat' dir='ltr'>prolixius</span> <span class='ocrx_word' id='word_1_653' title='bbox 2049 2417 2105 2449; x_wconf 88' lang='lat' dir='ltr'>di-</span> 
     </span>
     <span class='ocr_line' id='line_1_100' title="bbox 1113 2464 2104 2511; baseline 0.001 -13"><span class='ocrx_word' id='word_1_654' title='bbox 1113 2476 1246 2505; x_wconf 89' lang='lat' dir='ltr'>cerem,</span> <span class='ocrx_word' id='word_1_655' title='bbox 1279 2464 1308 2496; x_wconf 90' lang='lat' dir='ltr'>si</span> <span class='ocrx_word' id='word_1_656' title='bbox 1342 2470 1479 2507; x_wconf 90' lang='lat' dir='ltr'>tempus</span> <span class='ocrx_word' id='word_1_657' title='bbox 1509 2471 1697 2509; x_wconf 89' lang='lat' dir='ltr'>pateretur.</span> <span class='ocrx_word' id='word_1_658' title='bbox 1769 2464 1891 2507; x_wconf 87' lang='lat' dir='ltr'>Fides,</span> <span class='ocrx_word' id='word_1_659' title='bbox 1935 2479 2024 2511; x_wconf 84' lang='lat' dir='ltr'>quae</span> <span class='ocrx_word' id='word_1_660' title='bbox 2055 2474 2104 2499; x_wconf 86' lang='lat' dir='ltr'>est</span> 
     </span>
     <span class='ocr_line' id='line_1_101' title="bbox 1113 2514 2104 2559; baseline 0.001 -10"><span class='ocrx_word' id='word_1_661' title='bbox 1113 2515 1271 2549; x_wconf 89' lang='lat' dir='ltr'>omnium</span> <span class='ocrx_word' id='word_1_662' title='bbox 1295 2514 1466 2548; x_wconf 86' lang='lat' dir='ltr'>virtutum</span> <span class='ocrx_word' id='word_1_663' title='bbox 1491 2522 1620 2556; x_wconf 88' lang='lat' dir='ltr'>mater,</span> <span class='ocrx_word' id='word_1_664' title='bbox 1656 2516 1693 2548; x_wconf 91' lang='lat' dir='ltr'>in</span> <span class='ocrx_word' id='word_1_665' title='bbox 1718 2527 1844 2559; x_wconf 84' lang='lat' dir='ltr'>genere</span> <span class='ocrx_word' id='word_1_666' title='bbox 1868 2518 2048 2551; x_wconf 79' lang='lat' dir='ltr'>doctrinae</span> <span class='ocrx_word' id='word_1_667' title='bbox 2073 2525 2104 2550; x_wconf 85' lang='lat' dir='ltr'>et</span> 
     </span>
     <span class='ocr_line' id='line_1_102' title="bbox 1112 2565 2102 2601; baseline -0.001 -1"><span class='ocrx_word' id='word_1_668' title='bbox 1112 2566 1307 2600; x_wconf 88' lang='lat' dir='ltr'>constantia</span> <span class='ocrx_word' id='word_1_669' title='bbox 1345 2565 1575 2599; x_wconf 85' lang='lat' dir='ltr'>confessionis</span> <span class='ocrx_word' id='word_1_670' title='bbox 1605 2567 1770 2601; x_wconf 81' lang='lat' dir='ltr'>cernitur.</span> <span class='ocrx_word' id='word_1_671' title='bbox 1846 2566 1975 2601; x_wconf 86' lang='lat' dir='ltr'>Extant</span> <span class='ocrx_word' id='word_1_672' title='bbox 2010 2569 2102 2599; x_wconf 77' lang='lat' dir='ltr'>enim</span> 
     </span>
     <span class='ocr_line' id='line_1_103' title="bbox 1111 2616 2103 2662; baseline -0.001 -12"><span class='ocrx_word' id='word_1_673' title='bbox 1111 2617 1238 2662; x_wconf 82' lang='lat' dir='ltr'>scripta</span> <span class='ocrx_word' id='word_1_674' title='bbox 1273 2616 1418 2657; x_wconf 87' lang='lat' dir='ltr'>Basilii,</span> <span class='ocrx_word' id='word_1_675' title='bbox 1458 2629 1547 2662; x_wconf 84' lang='lat' dir='ltr'>quae</span> <span class='ocrx_word' id='word_1_676' title='bbox 1580 2629 1660 2651; x_wconf 90' lang='lat' dir='ltr'>cum</span> <span class='ocrx_word' id='word_1_677' title='bbox 1691 2618 1817 2652; x_wconf 89' lang='lat' dir='ltr'>multas</span> <span class='ocrx_word' id='word_1_678' title='bbox 1849 2618 2103 2652; x_wconf 75' lang='lat' dir='ltr'>controversias</span> 
     </span>
     <span class='ocr_line' id='line_1_104' title="bbox 1112 2667 2103 2712; baseline -0.002 -10"><span class='ocrx_word' id='word_1_679' title='bbox 1112 2669 1315 2712; x_wconf 88' lang='lat' dir='ltr'>dogmatum</span> <span class='ocrx_word' id='word_1_680' title='bbox 1346 2667 1569 2709; x_wconf 89' lang='lat' dir='ltr'>contineant,</span> <span class='ocrx_word' id='word_1_681' title='bbox 1603 2670 1796 2703; x_wconf 86' lang='lat' dir='ltr'>ostendunt</span> <span class='ocrx_word' id='word_1_682' title='bbox 1828 2676 1918 2702; x_wconf 88' lang='lat' dir='ltr'>recte</span> <span class='ocrx_word' id='word_1_683' title='bbox 1950 2681 2028 2701; x_wconf 87' lang='lat' dir='ltr'>eum</span> <span class='ocrx_word' id='word_1_684' title='bbox 2059 2669 2103 2701; x_wconf 87' lang='lat' dir='ltr'>de</span> 
     </span>
     <span class='ocr_line' id='line_1_105' title="bbox 1111 2718 2101 2764; baseline -0.002 -10"><span class='ocrx_word' id='word_1_685' title='bbox 1111 2719 1278 2754; x_wconf 89' lang='lat' dir='ltr'>omnibus</span> <span class='ocrx_word' id='word_1_686' title='bbox 1299 2718 1456 2753; x_wconf 89' lang='lat' dir='ltr'>articulis</span> <span class='ocrx_word' id='word_1_687' title='bbox 1475 2718 1659 2764; x_wconf 83' lang='lat' dir='ltr'>Evangelii</span> <span class='ocrx_word' id='word_1_688' title='bbox 1685 2720 1841 2753; x_wconf 87' lang='lat' dir='ltr'>sensisse.</span> <span class='ocrx_word' id='word_1_689' title='bbox 1894 2718 2101 2763; x_wconf 86' lang='lat' dir='ltr'>Propugna-</span> 
     </span>
    </p>
   </div>
  </div>
 </body>
</html>
