2338 2958
185 132 260 169 785

188 216 450 253 Convertimini
468 216 511 249 ad
527 225 602 254 me,
629 219 662 247 et
683 223 746 256 ego
769 218 954 245 convertar
970 211 1014 245 ad
1034 222 1115 253 vos,
1142 210 1180 244 id

190 277 259 310 est,
282 281 338 302 me
358 269 394 301 in
413 278 493 299 vera
511 263 740 298 conversione
757 262 933 297 invocate:
963 262 1059 308 quod
1080 262 1108 296 si
1129 262 1183 296 fa·-

192 320 309 360 cietis,
341 317 524 352 exaudiam
548 326 630 355 vos,
659 321 694 347 et
716 325 846 358 poenas
868 314 1048 357 mitigabo.
1108 311 1188 347 Hac

194 370 426 416 promissione
450 367 571 401 divina
598 365 848 406 exuschemur,
875 371 914 399 ut
937 365 1044 398 simul
1069 370 1104 397 et
1125 376 1189 409 pa-

196 433 269 455 cem
286 426 465 464 petamus,
490 424 524 452 et
538 416 731 450 modestius
746 417 918 455 vivamus,
943 423 978 450 et
993 414 1110 449 studia
1127 415 1193 449 do-

196 471 327 505 ctrinae
346 469 504 504 coelestis
521 467 730 512 diligentius
747 468 915 502 colamus.
969 466 1065 501 Dixi.

1026 673 1075 693 an.
1102 660 1199 692 1548.

1016 706 1188 720 w

203 663 270 698 No.
291 662 352 697 97.

213 709 384 726 Μ

261 766 336 808 De
363 763 562 806 Luthero
589 767 634 803 et
653 760 881 802 aetatibus
897 759 1144 801 Ecclesiae.

275 854 308 880 lu
333 853 424 879 select.
445 851 595 878 neelami.
613 850 647 877 T.
662 850 713 875 111.
734 859 760 882 p.
774 848 808 875 38
822 858 901 883 sqq.‚
926 849 954 874 in
975 848 1090 875 Servest.
1109 848 1142 873 T.
1157 847 1205 874 ΙΙΙ.

309 897 336 947 q:
350 887 406 947 iffi,
423 886 573 955 Ρἱ.ι17ἐῐ;9,(ῗιηο
593 885 641 911 111.
662 884 772 911 Errord.
792 884 830 910 lit.
848 885 884 917 O,
905 884 929 909 8.
952 889 977 909 et
991 883 1061 917 apud
1076 882 1203 909 Richard.

209 1005 334 1037 Oratio
357 1000 404 1035 de
429 1000 640 1034 Mai-tino
666 996 890 1042 werhero,
917 998 972 1031 vel
996 996 1041 1031 de
1067 998 1206 1031 aetati-

210 1054 275 1089 bus
291 1053 448 1087 diversis
462 1062 504 1085 ac
520 1049 744 1093 temporibus
764 1050 956 1083 Ecclesiae
967 1072 978 1092 ,
1005 1052 1042 1083 et
1061 1048 1207 1082 dissen-

211 1103 374 1141 sionibus
398 1103 649 1137 Ecclesiarum.
672 1105 796 1135 nostro
818 1105 1006 1144 tempor03
1041 1102 1206 1133 recitata

212 1166 298 1191 cum
322 1154 592 1189 decerneretur
619 1151 764 1198 gradus
792 1150 1052 1186 Melchtorz·
1084 1152 1207 1184 Isin-

336 1205 465 1248 dero,
493 1201 745 1239 Suidnicensi.
782 1205 822 1242 [d.
841 1205 872 1234 8.
886 1203 966 1235 Nov.
988 1203 1092 1241 1548.]

213 1274 311 1316 Cum
329 1286 409 1313 ante
426 1278 575 1311 biduum
594 1277 631 1309 in
650 1276 707 1309 die
731 1276 840 1309 natali
857 1272 1007 1308 Luiheri
1036 1276 1079 1308 de
1105 1287 1208 1318 argu-

212 1337 331 1365 mento
350 1329 535 1363 Orationis
549 1327 801 1367 deliberarem,
827 1326 1008 1370 multaque
1026 1326 1114 1359 dura
1130 1338 1208 1358 meo

214 1382 304 1417 tristi
321 1392 399 1414 cum
417 1379 522 1412 corde
539 1385 698 1422 putarem
711 1401 720 1416 ,
747 1384 787 1410 ut
803 1376 909 1410 veteri
930 1387 1031 1409 versu
1052 1384 1148 1417 utar,
1175 1383 1209 1410 ct

214 1439 359 1478 propter
387 1430 481 1463 diem
513 1429 687 1468 natalem,
721 1427 859 1460 assidue
884 1427 982 1472 quasi
1010 1427 1056 1460 ob
1087 1427 1208 1460 oculos

215 1485 462 1518 obversaretur
495 1477 690 1513 Lutherus:
728 1479 774 1511 ita
810 1478 994 1521 deplorare
1021 1477 1207 1511 orbitatem

214 1541 369 1568 nostram
388 1531 476 1576 cepi,
503 1538 542 1564 ut
560 1531 656 1563 aliud
672 1535 918 1573 argumentum
934 1528 1118 1562 instituere
1135 1540 1208 1561 non

216 1596 363 1630 possem.

318 1634 365 1669 Ut
382 1635 476 1667 enim
502 1634 545 1666 de
570 1631 665 1665 bello
683 1642 755 1663 non
775 1630 908 1669 dicam,
935 1631 1029 1674 quod
1054 1629 1210 1663 fortassis

216 1687 278 1719 illo
294 1685 375 1718 vivo
394 1695 615 1729 nequaquam
633 1688 768 1714 motum
787 1686 893 1717 esset,
921 1681 980 1712 sed
998 1681 1103 1713 suerit
1127 1691 1208 1713 sane

216 1736 301 1771 baec
316 1736 492 1769 calamitas
508 1734 637 1767 fatalis:
667 1729 732 1765 boc
746 1731 921 1764 recentius
937 1731 1082 1768 malum,
1111 1732 1208 1763 vide-

217 1789 296 1821 licet
322 1786 501 1820 doctrinae
525 1783 693 1820 mutatio,
729 1794 802 1815 non
825 1781 923 1821 fatis,
957 1782 1016 1813 sed
1044 1779 1208 1815 liumanis

215 1837 372 1872 consiliis
391 1836 532 1881 proprie
551 1833 780 1868 tribuendum
800 1839 870 1872 est,
896 1833 990 1876 quod
1006 1832 1149 1877 quidem
1168 1845 1206 1866 eo

215 1890 296 1922 vivo
321 1888 430 1932 ipsius
455 1898 540 1920 voce
565 1884 709 1929 reprimi
734 1883 835 1916 facile
864 1882 1043 1926 potuisset.
1105 1882 1208 1917 Nunc

214 1953 293 1974 cum
316 1938 394 1971 aliis
419 1937 609 1976 iudicium,
644 1935 723 1967 aliis
748 1933 918 1967 autoritas
940 1933 1045 1971 desit,
1081 1946 1144 1967 nec
1164 1935 1208 1968 sit

214 1990 372 2023 monitor
390 2000 482 2022 unus
499 2000 562 2031 par
579 1987 644 2024 illi,
672 1993 703 2019 et
722 1984 823 2018 multi
842 1985 895 2017 vel
913 1996 1047 2022 errore,
1072 1985 1126 2017 vel
1144 1987 1207 2018 ad-

214 2041 429 2080 sentatione,
457 2040 574 2072 sucosa
594 2049 657 2082 pro
675 2037 765 2069 veris
783 2035 974 2079 recipiant,
1001 2033 1206 2068 distrahun-

215 2101 272 2125 tur
289 2089 475 2130 Ecclesiae,
503 2095 716 2134 sparguntur
735 2086 954 2129 corruptelae
971 2097 1087 2118 rerum
1106 2094 1206 2120 antea

216 2149 306 2176 recte
327 2141 554 2179 traditarum,
582 2138 813 2172 stabiliuntur
829 2136 926 2181 pravi
947 2137 1053 2175 ritus,
1076 2137 1207 2181 pariter

214 2194 249 2225 in
275 2192 440 2225 omnibus
466 2190 631 2233 languefit
658 2188 853 2227 invocatio,
885 2194 922 2220 ut
947 2199 1084 2231 semper
1108 2189 1143 2222 fit
1169 2189 1205 2221 in

214 2244 451 2276 dubitatione:
479 2242 607 2273 deinde
626 2241 661 2272 in
676 2239 799 2272 multis
816 2239 991 2271 dubitatio
1009 2239 1099 2282 parit
1118 2237 1205 2283 Epi·
1230 2250 1234 2295 ι
1260 2277 1299 2308 'ul
1322 2284 1478 2320 posumus
1496 2277 1570 2309 sine
1595 2277 1804 2320 con-umens
1832 2286 2083 2321 propagamur

212 2307 353 2327 cureuiu
373 2300 611 2336 contemptum
630 2290 714 2329 Dei,
740 2297 773 2323 et
791 2290 950 2322 omniurn
976 2290 1205 2331 religionum:

212 2352 245 2377 et
269 2345 450 2389 aliquanto
479 2351 575 2387 post,
603 2342 662 2375 ubi
690 2343 732 2373 de
759 2337 827 2373 hoc
853 2341 927 2385 ipso
952 2353 1056 2384 pomo
1075 2340 1205 2374 Eridos

212 2407 366 2439 pugnare
389 2395 479 2427 inter
501 2406 535 2426 se
557 2393 649 2426 docti
675 2392 852 2435 ceperint,
880 2404 990 2424 novae
1014 2392 1204 2425 dissensio·
1230 2401 1233 2424 .·

210 2458 271 2479 nes
288 2453 319 2478 et
341 2446 427 2477 aliae
447 2447 648 2484 dogmatum
669 2443 937 2487 depravationes
954 2442 1127 2477 orientur.

209 2611 336 2639 magno
354 2598 475 2629 dolore
492 2597 710 2630 adfiriantur.
750 2593 796 2628 Et
814 2603 928 2628 tamen
948 2602 1028 2628 sunt
1049 2594 1203 2634 Eceboli,

207 2651 265 2694 qui
294 2661 336 2681 ue
366 2647 513 2691 gemitus
536 2647 678 2691 quidem
709 2644 882 2679 Ecclesiae
914 2646 1044 2679 liberos
1076 2659 1201 2679 conre—
1228 2678 1230 2683 ,

476 127 635 166 DECL.
670 123 744 162 DE
777 122 1061 162 LUTHERO
1095 124 1170 160 ET
1207 124 1558 164 AETATIBUS
1592 126 1929 166 ECCLESIAE.

1246 418 1313 452 Fac
1338 430 1403 451 nos
1429 417 1617 459 adsentiri,
1644 430 1730 451 num
1757 425 1939 463 propterea
1957 417 2118 453 homines
2138 420 2185 465 pii
2208 420 2246 454 in

1247 469 1399 515 populo,
1427 469 1489 514 qui
1504 469 1650 502 liberius
1669 470 1845 510 iudicant,
1872 471 2139 504 adsentientur?
2173 469 2246 504 Nec

1247 523 1436 554 obscurum
1457 526 1526 559 est,
1552 520 1580 553 si
1599 532 1697 553 veras
1714 520 1906 554 sententias
1923 521 2165 562 abiiceremus,
2192 533 2246 554 se.-

1249 579 1389 606 cuturas
1407 582 1478 604 esse
1500 571 1536 603 in
1556 571 1689 615 populo
1712 571 1862 605 maiores
1879 572 2092 612 discordias,
2119 579 2153 606 et
2170 584 2247 606 ma-

1248 623 1324 656 iora
1340 622 1420 655 odia
1439 623 1605 655 adversus
1621 622 1841 665 religionem.

1350 687 1431 721 Non
1449 687 1655 721 blandimur
1671 688 1789 731 vulgo,
1819 688 1876 720 sed
1894 699 1975 720 vera
1994 687 2134 732 piorum
2154 688 2248 722 iudi—

1252 738 1304 772 cia
1340 738 1535 772 intuemur:
1574 739 1703 772 deinde
1740 739 1843 772 etiam
1881 738 2077 772 infirmitati
2112 739 2250 784 populi,

1253 796 1451 823 sanctarum
1476 796 1718 823 matronarum
1743 797 1776 824 et
1798 801 1990 834 puerorum
2008 789 2142 835 aliquid
2164 801 2251 823 con-

1252 841 1449 874 cedendum
1469 846 1537 881 est,
1561 847 1600 873 ut
1616 840 1708 874 filius
1724 840 1791 875 Dei
1809 840 1905 879 dicit,
1934 840 2035 873 valde
2053 842 2251 874 cavendum

1255 903 1345 931 esse,
1371 903 1416 923 ne
1435 891 1534 935 pueri
1551 890 1790 925 offendantur.
1851 890 1946 924 Haec
1965 891 1993 924 si
2013 892 2071 936 qui
2092 891 2251 936 cogitan-

1257 949 1306 975 tes
1325 948 1448 985 optant
1469 954 1541 974 non
1564 943 1699 975 turbari
1719 940 1779 976 bas
1796 940 1986 982 Ecclesias,
2014 942 2050 974 in
2069 943 2199 987 quibus
2216 948 2252 977 et

1256 1005 1323 1026 vox
1345 992 1527 1026 doctrinae
1545 1005 1628 1025 vera
1651 1001 1768 1032 sonat,
1794 1000 1826 1027 et
1852 993 2040 1026 mediocris
2059 1000 2110 1027 est
2130 995 2252 1027 mode-

1256 1044 1341 1084 stia,
1368 1043 1438 1077 imo
1460 1044 1563 1076 etiam
1580 1056 1728 1088 quarum
1748 1045 1818 1077 iam
1842 1050 1987 1088 propter
2003 1044 2088 1077 alias
2109 1044 2253 1077 calami-

1256 1101 1342 1128 tates
1358 1106 1484 1137 magna
1498 1101 1549 1127 est
1565 1094 1764 1133 moesticia,
1791 1106 1876 1128 num
1893 1094 2049 1127 seditiosi
2069 1094 2253 1128 iudicandi

1257 1144 1366 1178 sunt?
1387 1157 1465 1178 cum
1484 1145 1627 1190 quidem
1644 1157 1707 1178 nec
1723 1158 1818 1178 arina
1836 1152 1957 1188 gerant
1974 1145 2052 1189 ipsi,
2070 1157 2134 1179 nec
2151 1157 2253 1190 prae-

1257 1196 1346 1229 sidia
1366 1196 1437 1229 ulla
1456 1202 1639 1240 quaerant,
1662 1208 1727 1229 nec
1743 1196 1829 1230 alios
1845 1196 1886 1229 ad
1906 1197 2100 1230 movendos
2118 1196 2253 1230 tumul-

1258 1253 1314 1280 tus
1332 1243 1530 1281 hortentur.

1358 1310 1437 1346 Etsi
1453 1319 1570 1346 autem
1587 1312 1701 1350 video,
1721 1318 1892 1357 quantum
1908 1313 1952 1346 sit
1970 1313 2130 1357 periculi,
2148 1315 2253 1348 etiam

1257 1364 1514 1397 modestissime
1530 1363 1725 1406 significare
1744 1363 1932 1403 iudicium,
1962 1370 2079 1397 tamen
2102 1365 2255 1399 arbitra-

1260 1415 1323 1447 bar
1345 1414 1383 1446 in
1416 1411 1481 1447 hac
1505 1414 1701 1459 frequentia
1733 1414 1936 1447 auditorum
1963 1411 2156 1448 hortandos
2180 1427 2254 1450 esse
2297 1412 2308 1420 ⁹

1260 1465 1428 1506 iuniores,
1452 1476 1496 1498 ne
1511 1465 1630 1498 sinant
1645 1465 1781 1498 turbari
1798 1464 2059 1498 invocationem
2076 1477 2174 1499 suam
2191 1479 2254 1500 va-

1260 1516 1382 1549 rietate
1399 1516 1629 1560 opinionum,
1661 1516 1719 1548 sed
1736 1515 1852 1558 agnita
1870 1526 1950 1548 vera
1974 1517 2167 1559 sententia,
2195 1529 2253 1551 ac-

1261 1567 1440 1611 quiescant
1458 1567 1494 1599 in
1513 1579 1570 1607 ea,
1596 1573 1629 1599 et
1643 1567 1833 1599 accendere
1850 1566 1954 1599 fidem
1973 1567 2064 1600 veris
2079 1568 2254 1602 exercitiis
2288 1562 2295 1581 ²

1260 1617 1407 1650 discant.
1444 1617 1589 1661 Loquor
1604 1617 1646 1649 de
1663 1629 1699 1649 re
1716 1628 1854 1659 magna,
1879 1624 1912 1650 et
1929 1618 2111 1662 perspicue
2129 1619 2255 1661 dicam,

1261 1668 1354 1712 quod
1375 1679 1513 1700 necesse
1529 1674 1579 1700 est
1599 1667 1634 1699 in
1652 1665 1807 1700 Ecclesia
1827 1667 1909 1701 dici.

1260 1769 1374 1812 cipua,
1399 1781 1470 1801 non
1489 1768 1602 1801 solum
1620 1769 1796 1801 invocatio
1814 1769 2042 1812 extinguitur,
2068 1771 2128 1803 sed
2148 1771 2254 1805 etiam

1259 1819 1381 1852 odium
1403 1819 1564 1852 omnium
1596 1819 1808 1862 religionum
1840 1820 2054 1856 accenditur.
2115 1820 2255 1855 Caven-

1260 1871 1344 1902 dum
1367 1877 1418 1903 est
1438 1870 1545 1912 igitur
1563 1881 1701 1903 summa
1715 1870 1895 1913 vigilantia
1920 1877 1951 1904 et
1977 1872 2184 1914 prudentia.
2211 1885 2254 1907 ne

1260 1918 1314 1953 liis
1330 1921 1530 1954 exitialibus
1546 1921 1678 1953 morbis
1695 1928 1834 1965 pectora
1852 1921 2063 1955 inficiantur.

1259 1978 1316 2005 tur
1332 1972 1572 2015 praemunitae
1590 1971 1659 2005 sint
1677 1979 1820 2012 mentes,
1846 1979 2005 2006 teneatur
2017 1972 2116 2006 Pauli
2134 1975 2254 2018 regula

1258 2023 1385 2065 scripta
1406 2023 1446 2055 ad
1468 2020 1713 2055 Timotheum:
1750 2021 1890 2055 Bonum
1911 2024 2109 2067 depositum
2135 2033 2254 2059 custo·

1258 2072 1332 2105 dito
1351 2085 1412 2116 per
1432 2072 1605 2116 Spiritum
1629 2079 1799 2107 sanctum.
1854 2072 1984 2107 Paulus
2009 2082 2041 2108 et
2060 2073 2252 2110 Timotheo

1258 2130 1291 2157 et
1310 2124 1388 2156 aliis
1405 2124 1627 2156 auditoribus
1645 2136 1761 2156 veram
1773 2151 1782 2164 ‚
1809 2124 1979 2167 integram
1994 2153 2002 2165 ,
2031 2127 2266 2173 perspicuam,

1258 2181 1290 2207 et
1339 2175 1580 2219 incorruptam
1627 2175 1807 2208 doctrinae
1823 2197 1830 2204 .
1851 2176 2000 2208 sormam
2047 2179 2253 2214 tradiderat.

1259 2224 1358 2258 lianc
1377 2227 1466 2259 bona
1484 2226 1564 2266 fide,
1591 2237 1652 2258 ceu
1669 2226 1866 2269 depositum
1884 2227 2060 2261 custodire
2078 2229 2186 2267 iubet,
2213 2237 2253 2265 ut

2146 2280 2252 2316 Hane

1258 2327 1367 2371 ipsam
1386 2327 1487 2361 Pauli
1507 2327 1703 2361 doctrinam
1723 2340 1801 2360 cuin
1819 2328 2046 2364 illustraverit
2063 2329 2252 2374 Lutherus,

1258 2386 1288 2412 et
1315 2378 1415 2412 nobis
1433 2378 1749 2417 contitit‘tnlavt·ril,
1773 2391 1833 2412 ceu
1854 2380 2072 2423 depositum,
2102 2383 2252 2417 fideliter
2290 2399 2303 2411 w

1228 2431 1232 2475 Ι
1258 2430 1540 2468 custodiendam,
1568 2442 1638 2462 non
1664 2429 1821 2463 sitiamus
1845 2443 1919 2463 eain
1946 2432 2149 2475 depravari,
2176 2446 2248 2467 non

312 2495 404 2528 ww(
431 2497 520 2527 „mist
547 2508 624 2527 cm„
654 2495 721 2526 sim
747 2494 782 2526 ᾗ,
802 2501 1009 2537 conspvcm'
1037 2495 1109 2527 ficri
1132 2506 1202 2526 nn„
1257 2481 1479 2514 adducantur
1496 2487 1630 2512 mentes
1646 2492 1663 2512 a
1682 2478 1756 2513 Deo
1771 2482 2083 2525 superstitionibus
2100 2491 2173 2517 arte
2193 2485 2250 2518 fu-

209 2554 337 2592 potest.
361 2546 445 2591 quin
469 2545 629 2577 liomiues
654 2544 802 2577 modesti
829 2545 863 2576 iu
892 2545 1019 2577 nostris
1039 2543 1203 2578 Ecclesiis
1228 2553 1232 2579 f
1306 2582 1312 2588 ¹
1451 2583 1457 2589 ⁸
1492 2582 1497 2588 ¹

1228 2598 1231 2640 ε
1255 2589 1385 2624 gnitate
1401 2594 1623 2627 opinionum.

1257 2531 1355 2569 eatis,
1384 2544 1454 2564 non
1473 2531 1667 2564 excutiatur
1686 2531 1860 2566 invocatio
1876 2533 2042 2567 varietate
2059 2542 2118 2568 aut
2134 2536 2249 2569 ambi-

1359 2648 1428 2682 Nec
1446 2661 1576 2682 novum
1596 2650 1793 2694 exemplum
1812 2655 1882 2689 est,
1909 2650 2012 2684 rebus
2030 2660 2120 2687 recte
2138 2656 2247 2689 tradi·

205 2704 311 2739 dunt,
354 2701 412 2732 sed
449 2698 564 2731 statim
604 2698 860 2736 vociferantur,
905 2697 1092 2730 seditiosos
1130 2710 1202 2732 esse
1227 2714 1232 2747 Ι
1257 2700 1310 2739 tis,
1339 2708 1456 2746 postea
1474 2700 1557 2744 fingi
1575 2701 1802 2746 corruptelas.
1845 2699 1951 2736 Ludit
1968 2699 2033 2737 boc
2050 2706 2247 2741 mododia-

1963 1668 2052 1701 Cum
2078 1671 2255 1705 excruciat
2303 1667 2307 1678 ‘

1260 1718 1416 1751 animum
1439 1718 1613 1751 dubitatio
1630 1718 1673 1750 de
1699 1725 1795 1761 parte
1817 1718 1934 1762 aliqua
1951 1719 2132 1753 doctrinae
2153 1733 2255 1765 prae·
2302 1761 2305 1765 .

2116 1922 2164 1957 [Τί
2187 1924 2255 1967 igi·
2302 1921 2305 1926 ’

2161 130 2185 164 7
2195 131 2242 170 84

1239 225 1381 255 omnes,
1408 213 1470 260 qui
1485 225 1559 247 non
1576 214 1799 258 adplaudunt
1817 216 2026 261 corruptelis
2045 215 2245 260 doctrinae,
2331 199 2335 209 Ι

1241 279 1279 300 ac
1302 266 1424 299 dolent
1444 265 1582 298 turbari
1599 263 1794 306 Ecclesias‚
1820 274 1853 300 et
1875 267 2016 312 piorum
2042 267 2244 302 invocatio-

1242 329 1339 350 nem:
1368 317 1540 355 clamant‚
1566 327 1630 350 nos
1657 317 1803 361 privatis
1829 317 2038 360 adfectibus,
2064 318 2160 351 odiis
2185 330 2245 352 su·-

1244 368 1364 412 pcrbia
1398 366 1585 411 impediri,
1619 379 1690 412 quo
1723 369 1841 401 minus
1877 368 1961 413 ipsis
1989 369 2247 408 adsentiamur.

2288 1190 2310 1351 m..
2290 1160 2308 1182 ⁴-
2276 455 2312 1153 eubmmffl-*nf'*
2279 410 2286 415 ’

2289 2012 2299 2062 --Α

2291 2279 2305 2309 ἴ..
2288 2053 2306 2254 -.δ”-..κλμ
