2338 2958
201 117 277 154 867
636 113 796 151 DECL.
847 111 923 150 DE
956 111 1178 150 STUDIO
1212 110 1480 148 LINGUAE
1508 110 1795 148 EBRAEAE.
2149 114 2225 151 868

203 210 256 237 tra
273 202 352 236 illos
368 202 510 247 laqueos
527 205 666 232 satanae
683 196 902 230 communire
918 207 958 229 ac
979 206 1187 240 praeparare
1241 205 1403 227 enarrare
1427 193 1611 233 discimus,
1637 205 1718 228 cum
1739 192 1892 238 Reipub.
1917 193 2120 228 barbaricae
2138 194 2228 229 ima—

203 253 386 297 possimus.
439 251 497 285 Sic
514 250 607 283 enim
627 247 722 281 Deus
738 246 904 291 praecipit
922 246 1090 280 Proverb.
1105 243 1186 280 270:
1240 244 1359 289 ginem
1371 244 1474 278 nobis
1491 244 1678 288 pingimus,
1703 256 1777 277 non
1792 245 1905 277 solum
1923 245 2094 279 sermonis
2108 245 2228 279 Latini

202 302 305 337 Disce
332 303 379 335 fili
410 301 454 333 mi
484 298 709 342 sapientiam,
743 305 782 332 ut
806 298 948 330 refutari
978 297 1113 341 possint
1139 293 1189 336 hi,
1241 295 1427 340 puritatem
1445 301 1478 328 et
1494 301 1710 329 venustatem
1727 295 1905 338 corrumpi
1921 295 2032 337 aiunt,
2046 297 2103 329 sed
2123 296 2228 330 etiam

203 355 263 399 qui
297 352 382 385 milii
421 351 618 385 convicium
652 348 796 383 faciunt.
850 345 895 381 Et
928 347 1094 391 gaudebit
1128 358 1189 380 cor
1242 346 1377 391 aliquid
1403 344 1531 379 accersi
1554 345 1781 389 ineptiarum:
1819 345 1920 379 utin
1950 347 2124 389 tragoedia
2148 345 2229 379 Me-

202 415 329 437 meum.
381 401 473 437 Dixi.
1242 394 1508 430 nelaus'dicitur
1524 396 1636 429 factus
1653 396 1844 436 barbarus,
1871 395 2039 429 diuturna
2062 398 2230 430 barbaro-

1242 459 1320 481 rum
1347 445 1612 482 consuetudine.
1670 445 1766 479 Haec
1796 457 1899 490 saepe
1923 445 2120 481 Politianus
2144 446 2229 481 Pico

200 518 246 522 >-
361 518 367 520 >
419 518 429 519 ff
724 514 782 517 *w
823 515 826 516 ⁷
895 514 920 516 ψ
1176 511 1190 515 ‘
1243 498 1395 532 obiicere
1429 497 1554 531 solitus
1587 503 1654 531 est:
1695 503 1729 530 et
1762 496 1969 530 incredibile
2003 503 2068 537 est,
2101 498 2231 531 multos

1244 555 1361 593 captos
1385 548 1555 582 suavitate
1581 546 1737 581 Graecae
1769 555 1802 581 et
1826 546 1970 580 Latinae
1998 547 2231 592 eloquentiae,

201 596 267 631 ΝΟ.
294 595 377 630 ¹09·
1022 605 1069 625 ⁸¹¹·
1096 593 1190 624 ¹549·
1245 607 1278 633 et
1295 611 1411 632 rerum
1429 598 1629 640 dulcedine,
1661 610 1750 643 quae
1766 605 1849 631 sunt
1867 598 1902 630 in
1920 595 2076 631 historiis
2093 610 2131 631 ac
2147 601 2231 642 poe'-

1245 650 1364 690 matis,
1397 648 1542 683 Graecis
1562 649 1783 693 praesertim,
1818 646 1881 681 hac
1902 648 2064 682 oratione
2087 647 2232 688 moveri,

326 698 401 738 De
431 695 583 737 Studio
612 695 803 747 linguae
833 691 1056 733 Ebraeae.
1245 708 1283 734 ut
1303 699 1474 734 Ebraeam
1492 700 1647 743 linguam
1665 699 1775 743 magis
1792 699 1983 732 fastidiant.

271 788 301 813 ln
318 787 408 812 select.
423 787 570 811 Declamat.
587 784 674 809 Τ.1Υ.
691 783 772 814 ρ.467
781 792 852 816 sqq„
873 781 998 807 Richard.
1013 781 1044 808 T.
1054 781 1072 807 i.
1087 791 1110 814 p.
1120 780 1191 813 335,
1319 802 1327 808 .
1347 750 1405 784 An
1428 763 1612 796 qumqua'n
1641 757 1710 806 tam
1729 757 1853 807 agl—est}
1872 762 1991 783 anlmo
2007 756 2076 790 est’
2102 756 2141 783 ut
2158 760 2231 782 non

304 822 419 847 Serv-or,
439 821 470 844 'll
488 819 530 844 lV.
556 829 580 851 p.
596 819 653 843 “22³0
673 822 696 841 et
719 819 744 841 in
763 818 845 842 Toni.
859 816 903 841 ΙΙΙ,
924 816 1032 841 Erfurd.
1051 816 1089 842 lit.
1105 826 1140 847 m,
1157 817 1172 840 2
1186 835 1192 846 ,
1246 802 1343 835 maht
1375 802 1488 845 leg‘re
1517 800 1691 835 HeTOdOU
1722 798 1904 834 hlStorlflm
1939 807 2161 844 perpetuam,
2189 800 2233 832 de

302 856 346 881 ubi
363 856 511 887 miscuimus
527 859 564 878 «δί
578 862 663 878 ³¹¹¹¹¹¹⁵
681 851 756 877 1549.
1247 852 1406 885 maximis
1424 852 1529 885 rebus
1548 852 1650 894 gestis
1673 851 1754 884 inde
1770 863 1879 896 usque
1903 864 1920 883 a
1936 849 2066 885 Croeso
2083 852 2125 883 ad
2142 849 2233 883 Xer-

1246 916 1339 943 xem,
1365 903 1408 935 de
1433 903 1665 946 plurimorum
1689 913 1875 945 regnorum
1900 901 2155 936 mutationibus
2177 912 2234 934 sa-

1248 953 1461 997 pientissime
1486 960 1520 986 et
1543 952 1744 986 dulcissime
1773 961 1975 985 narrantem
1998 952 2142 985 consilia
2169 963 2234 995 gn-

202 1001 299 1043 Cum
328 1008 369 1040 de
395 1008 534 1050 linguae
554 1004 710 1039 Ebraeae
737 1005 861 1038 studiis
888 1002 974 1037 mihi
1002 1004 1190 1037 dicendum
1248 1006 1492 1044 bernatorum,
1519 1015 1638 1037 causas
1663 1004 1858 1043 bellorum,
1885 1003 1996 1036 exitus
2017 1003 2172 1046 placidos
2195 1001 2233 1034 in

202 1071 273 1093 esse
292 1058 540 1101 intelligerem,
570 1057 669 1089 valde
687 1057 893 1099 gaudebam,
921 1067 992 1088 non
1011 1055 1102 1088 inter
1120 1054 1192 1086 illi-
1246 1055 1396 1098 negotiis
1415 1055 1614 1095 moderatis,
1641 1054 1756 1088 tristes
1769 1066 1853 1086 vero
1871 1053 1906 1086 in
1923 1054 2027 1087 rebus
2043 1053 2234 1097 cupiditate

200 1116 348 1149 teratos,
382 1109 441 1153 qui
474 1115 609 1141 tantum
639 1113 862 1151 quaestuosas
884 1113 974 1139 artes
999 1105 1191 1137 mirantur:
1247 1113 1278 1140 et
1302 1105 1493 1138 ambitione
1517 1105 1700 1149 susceptis:
1728 1117 1833 1149 quarn
1853 1105 1964 1147 legere
1979 1101 2235 1137 Thalmudicos

201 1173 264 1194 nec
291 1160 382 1192 inter
404 1156 605 1203 prophanos
631 1155 808 1196 homines,
842 1157 901 1201 qui
929 1154 1104 1189 Ecclesiae
1129 1157 1192 1187 do-
1248 1156 1406 1195 libellos,
1434 1156 1470 1187 in
1495 1156 1624 1200 quibus
1655 1162 1686 1188 ct
1712 1161 1869 1198 tempora
1896 1154 2020 1187 mundi
2048 1154 2234 1187 manifesto

202 1211 350 1245 ctrinam
377 1215 628 1245 contemnunt,
661 1207 855 1240 orationem
882 1204 1081 1239 habendam
1104 1217 1192 1238 esse:
1247 1218 1364 1240 errore
1380 1206 1539 1239 mutilata
1557 1213 1656 1245 sunt,
1680 1212 1714 1238 et
1729 1211 1865 1238 tantum
1883 1212 1933 1238 est
1950 1204 2170 1245 insulsitatis,
2195 1211 2234 1238 ut

202 1262 258 1294 sed
286 1261 321 1293 in
347 1273 386 1293 eo
410 1266 529 1299 coetu,
566 1258 628 1303 qui
650 1269 729 1290 curn
756 1269 836 1301 pars
857 1257 899 1290 sit
923 1255 1098 1290 Ecclesiae
1115 1254 1192 1294 Dei,
1249 1257 1488 1290 Alexandrum
1512 1255 1689 1288 somnient
1714 1255 1855 1298 gessisse
1877 1255 2008 1288 bellum
2030 1267 2107 1289 cum
2124 1253 2235 1288 Dario

202 1311 424 1356 praecipuam
462 1310 627 1343 virtutem
663 1320 754 1347 esse,
796 1320 916 1341 curam
948 1307 1192 1350 cognoscendi,
1247 1308 1319 1340 filio
1340 1306 1542 1352 Hystaspis,
1569 1306 1629 1350 qui
1646 1306 1806 1339 suecessit
1825 1304 2002 1350 Cambysi.
2055 1305 2094 1339 Si
2116 1316 2234 1338 rerum

201 1362 440 1401 custodiendi,
475 1367 508 1394 et
543 1361 586 1392 ad
623 1367 778 1401 posteros
813 1359 1031 1403 propagandi
1065 1358 1191 1402 scripta
1246 1357 1398 1392 suavitas
1411 1364 1444 1390 et
1458 1357 1612 1400 exempla
1625 1355 2236 1401 memorabiliaquaeruntur‚multo

203 1410 407 1458 prophetica
427 1419 459 1445 et
477 1410 666 1455 apostolica
684 1410 801 1443 sentit.
1246 1417 1296 1443 est
1317 1408 1507 1442 iucundius
1527 1414 1560 1441 et
1591 1408 1714 1442 utilius
1737 1407 1960 1441 considerare
1985 1404 2236 1441 Themistoclis

303 1463 375 1496 Nec
393 1475 474 1496 vero
494 1461 636 1495 difficile
653 1467 713 1500 est,
741 1461 892 1493 refutare
909 1460 1104 1498 illiteratos,
1131 1460 1192 1504 qui
1245 1460 1473 1504 sapientiam,
1499 1458 1537 1491 in
1553 1459 1719 1491 omnibus
1734 1458 1819 1491 belli
1834 1457 2022 1491 momentis
2043 1457 2235 1501 providen-

202 1522 291 1549 artes
309 1526 380 1546 non
399 1513 594 1547 metiuntur
610 1511 781 1555 dignitate
804 1523 882 1548 sna,
908 1523 971 1544 nec
994 1512 1193 1554 attendunt,
1247 1511 1318 1552 dis,
1342 1517 1374 1544 et
1393 1509 1558 1543 Aristidis
1577 1509 1748 1543 iusticiam
1767 1515 1870 1554 atque
1888 1509 2177 1548 moderationem,
2203 1513 2237 1541 et

202 1577 289 1612 quos
313 1565 470 1608 singulae
496 1564 623 1607 gradus
643 1563 734 1596 vitae
758 1569 897 1604 regant,
923 1563 981 1595 sed
1008 1562 1190 1605 pecuniam
1248 1561 1415 1595 Graeciae
1433 1560 1618 1594 universae
1635 1559 1860 1594 constitutam
1876 1559 2100 1592 concordiam
2119 1559 2155 1591 in
2174 1559 2237 1591 de-

202 1628 380 1650 summum
399 1617 532 1647 bouum
558 1625 630 1645 esse
649 1614 790 1651 dicunt,
818 1620 849 1645 et
866 1624 921 1645 eas
944 1620 1079 1645 tantum
1102 1619 1192 1644 artes
1218 1603 1219 1623 Ι
1245 1613 1404 1645 sensione
1438 1611 1588 1655 patriae,
1624 1623 1730 1655 quam
1762 1610 1874 1654 legere
1905 1610 2075 1644 fanaticos
2101 1609 2238 1643 furores

202 1668 350 1712 probant
365 1693 373 1705 ‚
394 1678 482 1710 quae
498 1672 578 1697 snut
598 1663 743 1706 aucupia
763 1664 995 1696 cumulandae
1014 1662 1191 1706 pecuniae.
1217 1626 1221 1798 ι
1246 1661 1320 1695 Ben
1338 1662 1489 1695 Coslian.

302 1716 439 1749 Horum
460 1715 587 1748 iniusta
608 1715 755 1752 iudicia,
789 1726 850 1746 uec
870 1727 945 1745 ineo
966 1713 1100 1753 studio,
1130 1725 1192 1745 nec
1349 1712 1483 1746 Nolunt
1507 1711 1614 1755 igitur
1630 1723 1649 1744 a
1668 1709 1813 1745 Graecis
1834 1717 1867 1744 et
1887 1710 2023 1744 Latinis
2046 1710 2156 1743 literis
2179 1710 2237 1743 in-

201 1769 283 1802 ullis
302 1765 473 1800 Ecclesiae
491 1766 641 1804 artibus,
671 1765 738 1796 imo
767 1776 829 1796 nec
854 1761 1104 1806 Philosophiae
1128 1776 1192 1807 op-
1247 1763 1346 1807 genia
1362 1763 1508 1800 abduci,
1535 1774 1623 1807 quac
1639 1774 1718 1795 curn
1737 1762 1937 1795 universam
1956 1758 2235 1805 Philosophiam,

202 1819 364 1864 ponenda
382 1824 471 1850 suut.
526 1816 653 1849 Colunt
681 1815 774 1847 enim
797 1813 857 1847 has
879 1822 970 1847 artes
989 1814 1093 1854 honi,
1120 1815 1191 1847 vir·
1217 1799 1221 1929 ι
1246 1827 1306 1848 sen
1330 1820 1441 1847 toturn
1465 1814 1586 1845 orbern
1611 1812 1760 1851 artium,
1787 1819 1826 1845 ut
1851 1819 2015 1852 vocatur,
2041 1823 2130 1856 quae
2154 1817 2238 1845 sunt

202 1870 284 1904 tutis
311 1880 430 1907 causa,
464 1874 606 1911 propter
635 1866 849 1909 agnitionem
874 1864 957 1902 Dei,
992 1872 1026 1898 et
1051 1871 1193 1909 propter
1247 1865 1337 1898 vitae
1374 1863 1606 1902 necessariae,
1649 1862 1778 1895 deinde
1811 1863 2015 1895 continuam
2052 1859 2236 1895 historiam

202 1919 433 1964 Reipublicae.
457 1918 664 1957 utilitatem,
708 1929 779 1949 non
805 1923 842 1949 ut
868 1915 987 1949 Midae.
1020 1923 1048 1948 et
1076 1915 1192 1949 Crassi
1246 1915 1406 1949 omnium
1431 1921 1649 1958 temporum,
1676 1913 1826 1946 illustria
1852 1913 2006 1957 exempla
2031 1912 2066 1945 in
2095 1915 2238 1956 poema-

341 936 466 968 Oratio
490 932 536 966 de
557 931 684 966 studio
706 932 860 977 linyuae
875 929 1052 965 Ebraeae.

201 1983 284 2015 opes
305 1976 489 2002 venentur.
528 1967 597 2001 Noc
615 1969 771 2009 ignotum
790 1974 838 2000 est
857 1967 976 2003 nohis,
1005 1966 1088 2011 qnid
1108 1978 1192 1999 con—
1247 1967 1307 2005 tis,
1334 1973 1442 1999 artem
1461 1964 1651 2004 medicam,
1678 1970 1711 1997 et
1730 1963 1952 2007 praecipuam
1971 1963 2153 2006 religionis
2170 1964 2238 1996 do-

202 2030 252 2056 tra
269 2022 326 2054 illa
346 2021 474 2053 insulsa
492 2019 619 2052 indicia
636 2019 823 2051 dicendum
842 2019 895 2058 sit,
915 2019 1040 2050 robore
1057 2023 1192 2050 Lautum
1247 2017 1395 2051 ctrinain
1408 2043 1416 2056 ‚
1445 2016 1603 2048 videlicet
1624 2014 1875 2059 Apostolorum
1894 2022 2120 2048 monumenta
2139 2026 2237 2047 cotn-

202 2073 308 2106 animi
327 2084 414 2116 opus
431 2079 476 2103 est
496 2072 536 2104 ad
557 2082 594 2103 ca
615 2070 869 2103 couterino-uda
889 2076 919 2101 et
939 2069 1142 2100 execranda.
1249 2069 1367 2112 plexae
1390 2067 1478 2103 sint,
1512 2078 1555 2098 ne
1579 2078 1715 2099 cansam
1742 2065 1884 2110 quidem
1910 2076 1982 2098 esse
2007 2066 2237 2105 arbitrantur,

304 2124 370 2156 Sed
391 2122 467 2155 aliis
479 2122 687 2166 quibusdam
701 2120 759 2164 qui
779 2119 928 2161 ingeniis
947 2126 977 2152 et
995 2119 1193 2152 eruditione
1247 2131 1308 2152 cur
1323 2116 1458 2152 Ehraea
1479 2117 1597 2159 lingua
1616 2117 1843 2149 desideretur.

204 2175 395 2211 excellunt,
429 2181 455 2205 et
482 2172 687 2215 elegantiam
713 2171 952 2203 ‹tacu-inarum
977 2183 1014 2203 ac
1039 2169 1192 2203 suavita·
1348 2167 1423 2203 Etsi
1447 2176 1561 2202 autem
1586 2168 1753 2201 usitatum
1771 2173 1821 2200 est
1848 2166 1883 2198 iu
1901 2165 2088 2199 collatione
2104 2167 2238 2200 doetri-

204 2233 271 2258 tem
292 2232 425 2262 amant,
454 2223 596 2255 difficile
613 2229 660 2255 cst
683 2223 913 2266 respondere,
941 2222 999 2266 qui
1017 2234 1035 2253 a
1053 2221 1192 2263 linguae
1248 2233 1371 2253 narum
1393 2220 1477 2253 alias
1504 2218 1652 2252 aliarum
1679 2217 1924 2251 extenuatione
1945 2229 2087 2259 augere:
2118 2225 2236 2251 tamen

202 2274 371 2309 Ebu-‚icae
392 2274 516 2307 studiis
534 2275 663 2306 multos
678 2275 854 2305 deterrent
872 2273 1050 2305 mentione
1068 2272 1192 2304 barba·
1247 2273 1327 2316 quia
1355 2272 1484 2304 iustum
1510 2277 1559 2302 est
1581 2281 1682 2302 snum
1705 2269 1831 2313 cuique
1849 2268 2024 2307 tribuere,
2047 2275 2080 2302 et
2099 2280 2161 2310 ego
2179 2269 2236 2301 in-

204 2327 277 2360 rici.
307 2327 401 2358 aiunt
427 2327 581 2367 linguam
611 2322 790 2357 horridam
816 2336 904 2360 esse,
933 2331 963 2356 et
984 2335 1070 2368 pene
1088 2323 1193 2355 amis—
1246 2335 1357 2365 genue
1379 2321 1522 2355 caeteris
1548 2320 1676 2363 linguis
1700 2331 1801 2352 suutu
1819 2320 1924 2352 decus
1940 2319 2113 2358 tribuam,
2140 2327 2172 2353 et
2191 2320 2236 2354 ab

204 2389 293 2411 sam:
324 2390 382 2408 um·
404 2378 513 2410 inulto
538 2375 665 2407 certius
689 2388 762 2407 eain
789 2374 919 2418 percipi
944 2387 1061 2418 posse,
1085 2386 1191 2419 (piam
1217 2372 1219 2412 ἦ
1248 2374 1317 2407 illis
1334 2373 1550 2415 elegantibus
1569 2378 1599 2404 et
1618 2371 1730 2404 doctis
1754 2368 1959 2403 hominihus
1978 2376 2077 2414 peto,
2104 2377 2142 2404 ut
2158 2383 2236 2404 mo—

203 2429 229 2462 si
248 2440 340 2461 nunr
361 2428 506 2460 wionius
527 2426 780 2471 Aegyptiorum
812 2423 1091 2471 hieroglyphicas
1115 2425 1192 2458 lite·
1216 2426 1219 2479 1
1248 2425 1424 2457 ntttnt‘ntis
1442 2422 1586 2456 Ebraeis
1609 2422 1712 2455 etiarn
1739 2433 1840 2454 suurn
1867 2421 1982 2454 locum
2005 2421 2147 2454 concedi
2174 2434 2234 2465 pa-

205 2492 258 2512 ras
286 2478 518 2521 interpret-nri.
581 2477 716 2510 D··in‹t‹·
745 2489 796 2510 res
822 2477 1018 2510 anteferunt
1049 2475 1192 2508 Graecis
1247 2476 1388 2510 tiautnr.
1450 2473 1656 2512 Adsentior,
1692 2469 1956 2515 Philosophiam
1981 2471 2113 2513 integre
2138 2483 2234 2505 com-

205 2529 381 2563 miminis
400 2529 507 2560 tio-ris
526 2529 675 2561 'radicas
714 2525 754 2561 Et
769 2529 852 2560 dnm
872 2526 976 2560 huius
994 2527 1192 2560 barbaricae
1246 2525 1455 2570 prehensam
1487 2537 1559 2558 esse
1595 2524 1741 2558 Graecis
1776 2523 1902 2562 literis,
1933 2529 1965 2555 et
1994 2519 2236 2567 historiarum,

205 2582 343 2621 lingna«-
368 2580 489 2612 sibilos
509 2592 546 2611 ac
571 2580 738 2612 stridores
763 2586 941 2624 utcunque
969 2578 1097 2611 imitari
1120 2585 1192 2611 stu-
1247 2585 1464 2621 poematum,
1490 2583 1519 2608 et
1541 2583 1721 2608 oratorum
1739 2574 1955 2607 Graecorum
1981 2572 2127 2606 lectione
2144 2571 2234 2607 nihil

204 2634 345 2670 ‹lemus,
379 2631 405 2663 si
435 2638 548 2663 tamen
578 2630 705 2663 imitari
731 2630 916 2675 quisquam
946 2637 1074 2673 potest,
1108 2630 1191 2661 dnm
1216 2647 1218 2672 ᾗ
1246 2629 1384 2661 dulcius
1404 2640 1492 2668 csse,
1524 2634 1554 2660 et
1573 2628 1614 2659 ad
1633 2627 1819 2668 regendam
1838 2626 1943 2658 vitam
1961 2623 2100 2656 civilem
2119 2636 2236 2658 exem-

204 2681 345 2727 plu-..svs
377 2681 606 2714 alienissimam
638 2693 655 2713 a
685 2681 819 2715 (iras-ca
853 2689 883 2715 et
918 2680 1040 2714 Latina
1075 2680 1218 2723 lingna·
1247 2680 1302 2724 pla
1330 2679 1478 2713 illustria
1503 2685 1535 2712 et
1559 2678 1641 2711 satis
1668 2677 1775 2710 multa
1808 2675 1842 2708 in
1867 2674 2012 2709 Graecis
2042 2682 2073 2709 et
2100 2675 2235 2709 Latinis
