2338 2958
93 133 168 170 677

195 219 289 254 Mihi
310 217 459 257 credite,
488 229 567 251 cum
590 225 685 252 mota
710 226 759 252 est
783 217 1022 252 controversia
1039 218 1082 251 de

91 271 164 304 filio
190 269 274 308 Dei,
311 269 561 303 difficillimum
592 270 659 304 fuit
684 270 834 304 retinere
860 281 974 302 veram
1001 280 1080 302 sen-

90 321 252 362 tentiam,
285 322 379 365 quod
412 321 455 355 sit
487 327 611 354 natura
635 321 745 355 Deus:
780 333 851 353 non
877 317 1014 364 κτίσμα
1039 332 1079 353 ex

87 369 202 405 nihilo
233 372 428 405 conditum.
497 371 568 405 Nec
599 372 665 406 fuit
691 383 745 405 res
770 369 915 405 humani
943 371 1079 412 iudicii,

85 429 145 456 aut
164 422 206 455 de
225 434 293 467 qua
312 423 445 466 ingenii
461 423 533 455 acie
551 430 777 457 statueretur:
806 423 864 456 sed
885 422 979 456 Deus
994 422 1078 466 ipse,

85 485 129 506 ne
159 473 287 506 veritas
319 473 456 518 penitus
483 474 574 507 inter
598 471 759 507 homines
783 474 978 513 deleretur,
1012 473 1076 506 ali-

83 536 236 568 quorum
261 532 393 558 mentes
417 526 453 558 in
479 536 558 558 vera
582 524 754 558 sententia
779 524 943 564 retinuit,
970 535 1075 569 quam

82 572 238 608 Ecclesia
272 576 466 620 profitetur.
540 575 658 621 ltaque
690 582 968 620 propugnatores
1000 574 1076 608 eius

82 626 295 667 sententiae,
324 627 385 672 qui
410 626 585 671 specimen
611 627 647 658 in
669 633 766 660 tanta
784 637 884 659 causa
905 626 1075 669 praebue-

83 683 186 716 runt,
213 679 309 711 unde
333 684 478 722 apparet
499 689 557 710 eos
579 677 701 710 divino
716 677 847 710 adflatu
862 677 1075 719 gubernatus

81 738 176 771 esse,
206 740 429 775 nequaquam
447 729 723 761 contemnendos
740 739 812 761 esse
829 729 930 762 duco,

183 796 303 841 Quare
333 796 531 840 cognoscite
562 796 799 829 adolescentes
830 802 904 829 tum
935 794 1071 836 Basilii,

79 853 153 880 tum
177 849 328 881 aliorum
356 849 494 891 piorum
520 848 730 891 scriptorum
759 845 939 880 historias:
974 853 1006 880 et
1035 853 1072 880 ut

78 898 114 930 in
135 899 415 942 peregrinatione
432 911 504 931 non
521 899 634 931 solum
652 898 806 931 aedificia
824 905 856 932 et
872 909 984 938 arces,
1012 899 1070 930 sed

76 949 180 982 etiam
200 961 313 982 mores
328 956 358 982 et
375 962 496 983 sensus
513 947 699 983 hominum
716 949 964 982 considerandi
979 956 1071 989 sunt,

75 1006 114 1032 ut
131 1001 173 1032 de
190 999 312 1046 Ulysse
329 999 506 1034 Homerus
522 1001 649 1046 inquit,
675 1000 734 1045 qui
752 1012 867 1033 mores
885 997 1069 1032 hominum

75 1051 269 1085 multorum
296 1052 390 1085 videt
414 1060 446 1086 et
467 1053 588 1085 urbes:
619 1052 664 1084 ita
690 1052 726 1084 in
751 1048 806 1084 his
823 1048 980 1083 historiis
996 1062 1068 1083 non

74 1107 210 1135 tantum
244 1103 396 1145 privatas
422 1103 569 1136 virtutes
596 1103 770 1135 clarorum
797 1102 974 1142 virorum,
1009 1102 1068 1134 sed

73 1153 256 1187 doctrinae
272 1165 399 1197 genera
416 1153 717 1197 contemplamini.

176 1211 243 1246 Sed
261 1213 296 1246 in
316 1211 405 1246 hanc
423 1213 578 1255 ingresso
595 1211 793 1252 historiam,
821 1224 898 1245 cum
917 1212 1065 1255 patriam

71 1270 104 1296 et
130 1264 350 1298 domicilium
370 1263 494 1297 Basilii
521 1271 636 1298 mente
660 1264 818 1303 intueor,
846 1263 945 1308 quasi
965 1275 1066 1306 pera-

70 1325 174 1357 grans
208 1315 282 1348 loca
313 1315 372 1348 illa
397 1315 517 1354 Asiae,
561 1315 725 1358 cogitatio
757 1314 929 1347 vastitatis
960 1327 1064 1359 quam

71 1363 180 1397 Turci
215 1366 251 1398 in
283 1366 343 1398 illa
374 1366 621 1399 florentissima
648 1373 680 1400 et
706 1363 941 1409 pulcherrima
969 1372 1066 1409 parte

70 1416 166 1449 orbis
187 1423 361 1450 terrarum
383 1417 559 1457 fecerunt,
586 1417 763 1460 ingentem
785 1416 944 1448 dolorem
972 1423 1065 1450 attu-

70 1466 120 1499 lit.
203 1466 361 1500 Fuerunt
404 1468 510 1501 vicini
543 1467 709 1511 Episcopi
745 1467 867 1500 eodem
909 1475 1066 1511 tempore

68 1524 138 1551 tres
163 1518 305 1558 fratres,
334 1517 485 1551 Basilius
507 1517 715 1559 Caesareae,
742 1517 865 1551 Petrus
887 1518 1064 1556 Selmstae,

70 1568 264 1612 Gregorius
280 1569 422 1615 Nyssae.
476 1568 523 1603 Et
547 1567 601 1602 his
626 1569 727 1602 amici
752 1576 854 1613 atque
873 1569 1064 1601 familiares

67 1619 312 1653 Nazianzenus
347 1627 444 1664 pater
473 1627 505 1654 et
537 1620 639 1652 filius.
709 1618 755 1652 Et
786 1626 866 1651 ante
900 1617 964 1652 hos
996 1620 1064 1653 fuit

68 1669 264 1714 Gregorius
293 1671 616 1711 Neocaesariensis,
651 1671 766 1704 clarus
798 1670 998 1704 eruditione
1031 1678 1063 1704 et

66 1722 258 1757 miraculis.
313 1721 450 1756 Horum
472 1722 673 1765 vigilantia,
701 1733 779 1754 cum
805 1728 838 1754 et
856 1721 985 1755 virtute
1005 1734 1063 1754 ex-

66 1773 250 1813 cellereut,
286 1780 318 1806 et
348 1773 589 1817 incorruptam
621 1772 824 1806 doctrinam
860 1772 1064 1812 retinerent,

66 1835 193 1867 magna
227 1835 306 1868 pars
334 1822 438 1856 Asiae
467 1825 635 1857 adversus
659 1823 879 1856 Samosateni
907 1829 940 1855 et
965 1821 1060 1855 Arrii

67 1876 205 1908 furores
226 1875 366 1907 defensa
393 1881 453 1909 est.
506 1873 578 1907 Nec
601 1886 682 1906 vero
707 1874 820 1906 ullum
847 1886 887 1905 eo
908 1880 1061 1916 tempore

66 1925 302 1970 spectaculum
344 1931 417 1958 toto
449 1925 534 1957 orbe
562 1932 735 1958 terrarum
765 1921 947 1968 pulchrius
979 1925 1061 1965 suit,

65 1989 170 2022 quain
199 1977 318 2009 videre
342 1976 442 2008 illum
465 1973 612 2008 chorum
631 1975 788 2008 virorum
809 1976 1059 2018 praestantium

65 2027 264 2062 eruditione
288 2034 322 2060 et
347 2027 423 2059 luce
448 2027 591 2067 divina,
620 2033 651 2060 et
672 2026 813 2072 quidem
832 2037 957 2069 magna
975 2039 1060 2060 con—

64 2079 182 2113 cordia
202 2085 377 2122 regentem
395 2077 583 2111 Ecclesias.

168 2137 270 2171 Nunc
296 2150 376 2171 vero
401 2137 479 2183 quis
497 2150 569 2170 non
588 2137 725 2175 doleat,
752 2149 830 2170 cum
849 2137 1058 2171 florentissi-

63 2201 137 2222 mas
157 2189 233 2222 illas
252 2187 425 2222 Ecclesias
444 2196 477 2223 et
497 2188 635 2233 politias
655 2188 691 2220 in
705 2187 902 2221 Turcarum
922 2189 1057 2222 stabula

65 2247 99 2274 et
123 2240 271 2284 mapalia
296 2252 412 2272 versas
435 2251 507 2273 esse
527 2240 710 2277 audimus,
739 2239 840 2283 plena
858 2239 1057 2282 impietatis,

64 2290 250 2334 spurcitiae
280 2297 312 2323 et
344 2291 576 2325 crudelitatis:
614 2303 680 2336 qua
712 2291 754 2323 de
789 2302 825 2322 re
857 2290 1057 2333 cogitantes,

64 2354 134 2374 non
160 2342 272 2375 solum
292 2340 395 2374 Asiae
421 2342 616 2376 calamitate
642 2341 840 2377 doleamus,
868 2342 925 2373 sed
951 2342 1054 2375 etiam

63 2399 184 2426 nostro
207 2393 361 2437 periculo
382 2405 597 2428 moveamur.
651 2392 689 2426 Si
710 2404 826 2425 arcere
838 2391 974 2425 Turcas
993 2406 1055 2426 vo-

63 2444 200 2485 lumus,
228 2451 259 2476 et
284 2443 480 2476 vastitatem
507 2442 659 2476 Asianae
682 2443 831 2477 similem
857 2444 1055 2485 metuimus,

63 2507 184 2528 causae
208 2495 387 2528 tollendae
408 2501 508 2534 sunt,
535 2495 704 2527 flectenda
732 2501 780 2527 est
807 2494 856 2526 ira
875 2492 939 2528 Dei
965 2495 1055 2529 veris

62 2546 185 2579 officiis
205 2545 361 2590 pietatis,
389 2557 456 2591 qua
477 2546 520 2578 de
540 2557 575 2578 re
595 2545 679 2578 alias
694 2557 793 2590 saepe
812 2545 953 2580 dicitur.

166 2612 239 2658 Ego
272 2615 379 2658 igitur
404 2627 447 2648 ne
470 2615 592 2647 dolore
618 2614 756 2657 longius
779 2611 974 2659 provehar,
1010 2616 1053 2649 ad

61 2666 232 2700 Basilium
250 2667 352 2699 redeo
365 2693 373 2707 ‚
401 2668 443 2699 de
461 2679 531 2711 quo
550 2665 663 2699 dicam
681 2662 846 2698 historica
861 2665 952 2708 lege,
981 2678 1052 2699 non

60 2725 98 2752 ut
116 2717 356 2751 Nazianzenus
381 2717 627 2758 declamitans,
655 2729 693 2750 ac
720 2716 826 2749 nimis
843 2717 952 2751 multa
972 2729 1053 2762 par-

664 128 828 166 DECL.
869 128 943 165 DE
977 129 1222 166 BASlLlO
1257 130 1566 170 EPISCOPO.

1094 1126 1096 1139 A

1093 1144 1096 1197 ἐ

1092 1233 1095 1259 t

1089 1438 1093 1458 ι

2065 136 2138 174 678

1135 230 1214 262 erga
1234 219 1392 261 miscens,
1419 227 1457 254 ut
1473 219 1501 253 si
1518 220 1597 265 quis
1615 221 1656 253 ad
1676 219 1859 264 pulchram
1879 229 2028 258 statuam
2047 238 2131 270 pur-

1136 282 1263 313 pureos
1288 278 1318 304 et
1339 271 1467 304 sericos
1486 283 1622 316 pannos
1639 275 1839 316 suspendat.
1892 272 1968 318 Ego
1987 277 2129 311 brevius

1134 322 1286 354 narrabo
1303 320 1426 354 Basilii
1450 333 1580 365 genus,
1609 335 1662 356 res
1683 330 1794 366 gestas
1810 331 1842 358 et
1856 325 2001 360 exitum.
2055 327 2127 361 Na-

1133 377 1189 404 tus
1212 379 1261 405 est
1288 370 1442 405 Basilius
1466 380 1563 417 patre
1587 372 1812 416 Christiano,
1835 376 1894 421 qui
1918 377 2036 411 literas
2061 380 2125 412 do-

1132 422 1221 463 cuit,
1248 430 1281 456 et
1304 435 1382 455 cum
1403 424 1553 457 aliorum
1572 422 1757 459 hominum
1774 427 1921 467 liberos,
1948 435 2022 462 tum
2041 441 2124 464 vero

1133 473 1317 518 praecipue
1339 485 1420 507 suos
1439 474 1542 507 simul
1563 475 1599 507 in
1616 476 1726 509 literis
1741 484 1772 510 et
1792 477 1833 510 iis
1852 479 2004 519 artibus,
2033 493 2123 525 quae

1132 531 1293 558 naturam
1327 537 1443 558 rerum
1478 532 1511 559 et
1544 526 1684 558 dicendi
1721 527 1892 561 rationem
1929 531 2122 572 continent,

1130 576 1301 616 exercuit,
1334 582 1367 609 et
1395 577 1438 609 ad
1464 574 1597 609 Christi
1627 577 1842 620 agnitionem
1868 586 1900 612 et
1927 580 2122 616 invocatio-

1129 638 1208 659 nem
1241 627 1449 667 adsuefecit,
1484 639 1722 673 magnumque
1750 629 1902 662 fructum
1934 628 2038 665 huius
2067 634 2121 666 sui

1128 676 1258 711 laboris
1280 679 1392 722 cepit,
1419 679 1483 711 suit
1501 679 1595 712 enim
1612 686 1712 723 pater
1727 680 1833 713 trium
1850 678 2121 726 Episcoporum,

1127 736 1165 763 ut
1181 735 1262 762 ante
1278 729 1361 770 dixi,
1388 728 1523 768 Basilii,
1551 728 1646 763 Petri
1663 737 1695 764 et
1709 729 1892 773 Gregorii,
1921 733 1979 776 qui
1996 746 2119 768 omnes

1128 786 1159 813 et
1185 781 1386 814 eruditione
1413 787 1445 814 et
1469 781 1595 825 pietate
1619 781 1878 822 excelluerunt,
1909 789 1942 816 et
1968 784 2059 817 inter
2083 798 2119 819 se

1127 833 1317 865 concordes
1332 832 1514 865 doctrinae
1528 831 1715 876 puritatem
1728 839 1759 865 et
1770 831 2007 867 Ecclesiarum
2021 843 2120 868 tran-

1126 883 1336 927 quillitatem
1354 883 1390 915 in
1407 883 1498 916 bona
1510 881 1614 916 Asiae
1630 891 1726 927 parte
1742 883 1976 918 retinuerunt.
2028 885 2119 920 Pro—

1127 940 1201 976 pter
1229 931 1319 967 hanc
1349 934 1573 967 foelicitatem
1609 941 1768 977 parentes
1799 947 1870 967 non
1905 937 2008 970 modo
2034 943 2118 971 tunc

1123 985 1341 1027 gaudebant,
1367 986 1426 1018 sed
1450 984 1554 1018 etiam
1580 985 1617 1017 in
1642 985 1712 1017 vita
1732 992 1872 1019 aeterna
1891 987 1959 1019 iam
1982 988 2116 1031 ingenti

1125 1036 1258 1069 laeticia
1288 1036 1512 1070 adficiuntur.
1573 1034 1719 1081 Deoque
1752 1048 1816 1080 pro
1847 1044 1944 1070 tanto
1970 1050 2117 1072 munere

1121 1087 1249 1129 gratias
1272 1094 1391 1130 agunt.
1444 1084 1543 1119 Nihil
1569 1087 1661 1119 enim
1689 1087 1903 1130 optabilius,
1929 1086 2117 1123 nihildul-

1121 1137 1194 1171 cius
1218 1145 1268 1172 est
1292 1138 1386 1171 sanis
1405 1137 1627 1181 parentibus,
1656 1138 1858 1182 praesertim
1880 1139 2115 1182 dirigentibus

1121 1190 1227 1222 vitam
1260 1190 1303 1222 ad
1329 1187 1582 1231 Evangelium,
1615 1202 1719 1234 quam
1748 1187 1876 1223 habere
1903 1191 1988 1223 tales
2014 1191 2115 1233 filios,

1119 1252 1271 1284 quorum
1320 1240 1431 1273 virtus
1472 1238 1650 1274 Ecclesiae
1686 1238 1751 1273 Dei
1796 1248 1827 1274 et
1868 1243 2040 1285 probetur
2082 1250 2113 1276 et

1119 1291 1238 1335 prosit.

1219 1341 1309 1375 Cum
1336 1347 1451 1374 autem
1469 1340 1622 1374 Basilius
1648 1354 1733 1386 puer
1751 1342 1785 1374 in
1803 1343 1991 1377 domestica
2010 1345 2113 1378 insti-

1118 1392 1254 1425 tutione
1280 1391 1448 1425 elementa
1478 1392 1658 1426 literarum
1680 1400 1713 1426 et
1732 1391 1914 1437 Evangelii
1936 1397 2112 1440 percepis-

1117 1450 1185 1483 set,
1219 1442 1406 1477 Caesareae
1429 1450 1546 1487 postea
1568 1445 1658 1487 apud
1685 1444 1907 1488 eloquentiae
1930 1453 1963 1479 et
1987 1444 2111 1481 Philo-

1116 1492 1260 1538 sophiae
1292 1495 1453 1527 doctores
1483 1501 1677 1528 exercetur:
1715 1496 1774 1540 qui
1806 1495 1902 1529 locus
1928 1497 2111 1532 doctrinae

1116 1557 1176 1578 arx
1205 1552 1237 1578 et
1267 1545 1427 1577 omnium
1456 1545 1628 1578 bonarum
1655 1546 1782 1578 artium
1802 1547 2042 1588 domicilium,
2077 1556 2107 1582 et

1116 1603 1153 1630 ut
1178 1596 1224 1628 ita
1247 1596 1381 1633 dicam,
1406 1593 1595 1628 Academia
1612 1596 1795 1640 praecipua
1813 1605 1842 1630 et
1860 1597 2107 1634 florentissima

1115 1660 1155 1679 eo
1180 1654 1338 1690 tempore
1362 1646 1467 1679 fuisse
1493 1647 1614 1680 fertur.
1678 1646 1764 1680 Inde
1788 1645 1945 1682 Athenas
1971 1651 2107 1690 missus,

1116 1698 1174 1730 ubi
1199 1705 1283 1730 tunc
1306 1697 1442 1730 minora
1467 1697 1650 1742 aliquanto
1668 1699 1782 1731 studia
1803 1707 1918 1740 erant,
1947 1713 2050 1747 quam
2071 1702 2107 1734 in

1115 1749 1290 1793 plerisque
1313 1746 1417 1781 Asiae
1439 1748 1605 1791 urbibus,
1641 1750 1700 1782 sed
1725 1749 1821 1782 locus
1848 1759 1990 1795 propter
2013 1759 2107 1786 vete-

1115 1811 1186 1831 rem
1221 1799 1457 1831 celebritatem
1488 1796 1603 1831 adhuc
1632 1800 1870 1844 appetebatur.
1940 1801 1994 1835 Eo
2026 1815 2104 1836 cum

1115 1850 1207 1883 venit
1221 1874 1228 1887 ,
1257 1862 1329 1882 non
1356 1849 1422 1882 iam
1448 1850 1590 1882 auditor
1611 1857 1746 1883 tantum
1767 1857 1841 1884 emt
1860 1850 2053 1886 Oratorum
2073 1861 2105 1888 et

1115 1898 1435 1944 Philosophorum,
1463 1901 1520 1933 sed
1547 1901 1658 1944 ipsum
1682 1914 1759 1933 cum
1785 1902 1930 1934 studiosi
1949 1905 2105 1938 audivis-

1112 1959 1206 1991 sent,
1245 1951 1479 1984 admiratione
1518 1951 1650 1994 ingenii
1688 1953 1918 1992 cruditionis,
1962 1963 1993 1988 et
2031 1956 2105 1989 elo-

1112 2003 1275 2048 quentiae
1298 2003 1402 2040 moti,
1437 2003 1479 2035 ad
1504 2003 1701 2036 docendum
1728 2003 1938 2037 invitarunt:
1975 2006 2103 2050 quibus

1111 2054 1316 2099 aliquandiu
1348 2053 1579 2097 gratificatus,
1616 2053 1800 2087 Graeciam
1830 2055 1925 2087 brevi
1950 2057 2104 2102 reliquit,

1111 2107 1204 2150 quod
1232 2117 1353 2148 parum
1380 2105 1429 2138 ibi
1456 2105 1666 2138 eruditionis
1695 2105 1896 2149 reperisset,
1924 2119 1961 2140 ac
1984 2105 2101 2141 ethni-

1110 2169 1166 2189 cae
1184 2155 1370 2200 spurcitiae
1386 2156 1593 2200 plurimum.
1646 2154 1694 2189 Et
1707 2156 1789 2201 quia
1806 2168 1882 2189 cum
1898 2165 2007 2191 aetate
2019 2171 2101 2193 cura

1110 2208 1145 2240 in
1172 2220 1211 2240 eo
1234 2207 1496 2249 cognoscendae
1515 2213 1547 2240 et
1566 2208 1716 2240 tuendae
1734 2208 1914 2240 doctrinae
1930 2207 2101 2243 Christia-

1108 2270 1173 2291 nae
1197 2258 1391 2296 crescebat,
1419 2264 1539 2291 narrat
1563 2258 1634 2301 ipse
1661 2255 1727 2291 hoc
1749 2270 1784 2291 se
1813 2259 1960 2291 consilio
1982 2261 2099 2303 vagari

1109 2321 1169 2353 per
1193 2306 1383 2341 Thraciam
1409 2315 1441 2342 et
1463 2315 1570 2342 totam
1597 2308 1715 2342 Asiam
1744 2309 1891 2353 cepisse,
1920 2317 1958 2344 ut
1978 2309 2099 2345 Eccle-

1107 2361 1174 2394 sias
1198 2359 1401 2403 praecipuas
1423 2359 1574 2399 videret,
1603 2367 1633 2393 et
1659 2360 1694 2391 in
1718 2357 1772 2393 his
1798 2360 1932 2394 audiret
1953 2374 2024 2395 non
2043 2375 2099 2395 so-

1107 2412 1178 2444 lum
1204 2410 1288 2455 quid
1314 2412 1498 2449 docerent,
1523 2411 1582 2443 sed
1611 2411 1714 2444 etiam
1740 2422 1757 2443 a
1781 2411 1909 2456 quibus
1926 2413 2098 2446 auditori-

1107 2464 1170 2495 bus
1194 2469 1225 2495 et
1249 2461 1395 2495 testibus
1414 2461 1610 2494 doctrinam
1626 2461 1849 2505 accepissent.
1904 2462 1985 2496 Fuit
2003 2465 2097 2496 enim

1107 2514 1287 2558 aliquanto
1318 2518 1399 2545 ante
1430 2519 1551 2545 natum
1585 2511 1755 2546 Basilium
1786 2512 1980 2555 Gregorius
2006 2514 2098 2547 Neo-

1105 2564 1330 2599 caesariensis
1353 2563 1448 2597 testis
1471 2564 1662 2597 sententiae
1686 2562 1951 2608 Apostolorum.
2007 2565 2093 2597 Nam

1105 2614 1295 2658 discipulos
1321 2626 1441 2647 eorum
1465 2615 1642 2653 audierat,
1672 2621 1704 2648 et
1722 2614 1986 2648 existimabatur
2004 2615 2097 2658 opti-

1103 2680 1158 2699 ma
1181 2667 1247 2698 fide
1270 2665 1458 2709 puritatem
1484 2666 1663 2699 doctrinae
1682 2665 1883 2705 retinuisse,
1912 2666 2012 2709 eique
2033 2678 2095 2698 au-

1104 2718 1281 2752 toritatem
1298 2715 1394 2750 Deus
1419 2716 1627 2750 attribuerat
1654 2716 1843 2750 miraculis.
1897 2715 1963 2748 Hic
1986 2723 2018 2749 et
2039 2729 2096 2749 re-

1413 2766 1496 2800 43*
