2338 2958
171 132 244 170 351

173 219 496 257 conservationem,
523 224 734 258 magnopere
753 212 848 245 decet
866 217 988 255 optare
1004 210 1118 243 bonos
1135 216 1168 242 et
1191 213 1196 271 Ι

175 273 377 318 prudentes.
411 269 499 303 Nam
517 264 583 299 hac
599 270 746 304 remota,
763 275 806 296 ne
823 262 894 295 diei
910 268 1023 305 potest
1039 267 1169 306 quanta
1193 273 1195 279 ·

176 325 215 358 in
237 323 326 357 aulis
353 317 531 357 tvrannis‚
556 316 595 348 in
623 314 764 349 iudiciis
789 313 988 352 barbaries,
1015 312 1170 357 denique

177 375 336 410 confusio
353 358 390 404 iii
406 375 476 404 tota
492 367 589 401 civili
606 366 677 400 vita
694 371 854 399 secutura
871 370 980 405 esset,
1008 375 1113 409 quam
1132 369 1171 396 ut

176 426 272 461 Deus
286 420 473 469 prohibeat
490 431 530 452 ex
549 418 668 451 animo
684 423 854 462 petamus.

279 475 336 509 Ab
356 470 410 506 his
431 470 522 504 votis
546 469 613 514 piis
632 476 664 503 et
691 468 819 501 sanetis
846 465 1019 510 auspicari
1038 465 1171 499 oratio-

179 541 260 564 nem
277 524 386 559 volui.
441 521 531 555 Nam
550 522 592 554 de
607 520 710 553 laude
734 518 963 563 professionis
991 529 1090 561 saepe
1115 514 1173 549 bic

180 580 319 624 copiose
343 575 476 609 dictum
501 578 564 605 est.
617 570 805 613 Singulare
828 576 861 602 et
881 568 1091 601 admirabile
1106 566 1170 600 Dei

179 642 268 677 opus
292 641 330 662 ac
353 623 560 659 beneficium
586 628 635 655 est
662 619 746 654 baec
771 620 885 654 civilis
907 619 1070 659 societas,
1106 630 1173 662 qua

180 683 278 717 Deus
293 680 385 712 inter
405 688 440 709 se
457 673 641 708 coniunxit
658 684 697 705 ac
715 671 873 705 devinxit
889 668 1051 703 homines
1072 680 1174 713 prae-

181 735 303 778 cipue,
336 736 375 763 ut
396 726 507 771 ipsius
529 723 698 757 noticiam
727 722 787 755 alii
812 722 891 755 aliis
914 719 1175 754 communicare

180 789 334 831 possent.
384 777 502 812 Huius
526 775 638 809 divini
661 773 795 819 operis,
820 771 984 805 videlicet
1000 769 1176 804 humanae

183 832 377 871 societatis,
417 834 532 862 custos
555 833 605 860 est
629 826 702 862 lex,
741 822 825 857 baec
848 823 976 856 retinet
998 835 1036 856 ac
1059 821 1176 854 munit

183 887 405 922 societatem,
430 885 469 913 ut
486 877 617 911 noticia
638 876 700 910 Dei
724 876 793 909 late
815 873 1020 920 propagari,
1047 879 1086 906 ut
1104 871 1175 915 regi

183 935 361 974 Ecclesiae
380 932 415 964 in
433 941 536 975 pace,
564 935 597 962 et
614 927 769 967 erudiri,
794 933 833 959 ut
851 925 989 959 institui
1013 924 1178 957 iuventus

185 992 228 1024 ad
247 985 463 1031 agnitionem
476 977 610 1014 Christi
630 979 748 1023 possit.
804 976 859 1010 Ad
885 974 950 1009 hos
975 976 1061 1008 fines
1078 981 1176 1008 tran-

186 1039 398 1088 quillitatem
420 1033 476 1065 lex
495 1030 618 1070 efficit,
645 1041 708 1062 nec
732 1028 818 1061 levis
835 1035 886 1061 est
903 1040 940 1060 ea
957 1027 994 1059 in
1014 1039 1050 1059 re
1069 1025 1177 1060 Iuris-

187 1088 339 1127 consulti
364 1083 451 1119 boni
475 1089 508 1116 et
532 1081 583 1126 pii
609 1092 726 1125 opera.
779 1079 913 1114 Lucere
937 1078 1040 1111 etiam
1070 1077 1179 1121 ipsius

188 1144 272 1177 fides
297 1140 333 1172 in
358 1133 616 1180 gubernatione
634 1131 732 1165 solet.
786 1130 906 1173 Quare
926 1130 1018 1172 leges
1036 1136 1069 1162 et
1086 1128 1178 1161 iudi-

188 1195 259 1233 cia,
296 1188 481 1235 politicum
517 1183 698 1223 ordinem,
738 1181 825 1214 iuris
855 1180 1116 1213 enarrationem
1147 1185 1178 1211 et

187 1240 490 1280 conservationem
504 1262 512 1275 ,
539 1242 708 1279 tanquam
726 1232 851 1266 eximia
870 1232 935 1265 Dei
955 1232 1047 1264 dona
1064 1242 1181 1263 amare

188 1309 227 1331 ac
250 1290 410 1327 venerari
435 1300 474 1321 ex
495 1286 612 1320 animo
635 1285 814 1319 debemus.
868 1282 963 1316 Haec
982 1288 1065 1315 nota
1088 1289 1182 1317 sunt,

189 1348 248 1381 sed
278 1340 484 1386 magnitudo
509 1335 635 1370 harum
665 1347 802 1374 rerum,
835 1341 869 1367 et
894 1345 1000 1378 quam
1022 1330 1182 1377 pulchra,

190 1408 294 1445 quam
322 1390 436 1427 dulcis
460 1388 552 1422 vitae
580 1398 634 1420 res
665 1386 708 1420 sit
740 1391 811 1419 tota
838 1383 1025 1418 harmonia
1048 1383 1181 1427 politici

190 1446 345 1484 ordinis,
371 1453 476 1488 quam
498 1439 596 1473 utilis
611 1435 808 1476 Ecclesiae,
838 1448 910 1469 non
929 1435 1012 1469 satis
1037 1433 1183 1477 cogitari

191 1514 209 1535 a
227 1496 416 1534 iuvenibus
439 1497 563 1536 potest.
615 1488 715 1531 Quae
732 1487 942 1531 cogitantes,
965 1486 1069 1520 etiam
1086 1485 1183 1518 ordi-

193 1563 272 1586 nem
310 1542 646 1581 Iurisconsultorum
678 1539 897 1581 intelligent,
941 1537 1117 1581 praeclare
1143 1537 1185 1568 de

192 1604 263 1636 vita
281 1598 468 1634 hominum
488 1591 627 1626 mereri.
680 1589 748 1625 Sed
765 1591 808 1623 de
825 1596 896 1622 toto
913 1600 1038 1631 genere
1055 1587 1185 1621 doctri-

193 1666 258 1688 nae
271 1661 372 1694 saepe
390 1645 447 1679 bic
464 1645 597 1677 dictum
617 1649 678 1675 est.

297 1700 388 1735 Cum
405 1704 518 1731 autem
537 1700 570 1727 et
587 1690 673 1726 mihi
693 1689 759 1725 boc
780 1691 856 1725 loco
881 1691 1070 1724 dicendum
1089 1696 1187 1727 esset,

194 1764 232 1791 ut
257 1752 410 1799 postulat
434 1745 651 1781 consuetudo
681 1740 820 1776 scholae
852 1740 996 1775 honesta
1024 1749 1056 1776 et
1080 1741 1188 1777 utilis,

195 1805 307 1848 delegi
329 1799 494 1836 historias
509 1797 644 1841 aliquas
659 1794 1004 1832 iurisconsultorum,
1025 1792 1085 1837 qui
1106 1793 1188 1824 inde

195 1868 306 1901 usque
324 1867 340 1887 a
359 1848 527 1886 Lothario
547 1846 760 1891 Imperatore
778 1845 993 1885 florueruut3
1023 1855 1187 1886 magnum

197 1905 420 1943 enim'calcar
436 1909 485 1934 est
505 1898 607 1933 bonis
623 1897 773 1939 ingeniis
791 1897 831 1929 ad
852 1896 1035 1933 virtutem,
1060 1894 1187 1928 intueri

199 1962 233 1994 in
253 1955 408 1999 exempla
426 1950 585 1985 illustria.
635 1948 704 1982 Nnc
720 1947 794 1980 fieri
816 1954 927 1990 potest
945 1947 1032 1990 quin
1055 1946 1189 1989 profes-

198 2010 306 2046 sionis
329 2003 524 2040 reverentia
548 2006 716 2043 augeatur
737 2000 772 2031 in
799 1998 859 2039 iis,
887 1997 947 2043 qui
971 1997 1030 2030 illa
1057 1996 1189 2029 lumina

199 2058 443 2096 excellentium
463 2054 620 2086 virorum
641 2051 834 2090 intuentur,
861 2049 921 2094 qui
941 2056 989 2082 tot
1008 2049 1076 2081 iam
1093 2059 1190 2081 secu-

199 2116 241 2147 lis
279 2117 431 2153 togatam
475 2102 817 2138 administrationem
855 2099 958 2143 l'teip,
990 2110 1116 2139 magna
1152 2110 1190 2131 ρχ

201 2171 297 2210 parte
333 2162 369 2193 in
401 2157 545 2199 Europa
582 2154 835 2195 gubernarunt.
890 2150 980 2193 Quis
1006 2150 1099 2183 enim
1128 2162 1192 2182 uo-

202 2224 310 2249 strum
333 2213 375 2244 de
400 2209 563 2243 Romano
589 2212 709 2237 senatu
735 2203 910 2244 cogitans,
937 2214 1016 2235 cum
1043 2201 1091 2234 ibi
1117 2200 1191 2234 Sci-

202 2268 362 2311 pionem,
389 2260 544 2296 Lelium,
573 2256 730 2291 Fabium,
759 2253 907 2287 l‘aulum
929 2251 1136 2292 Aemilium,
1162 2259 1190 2284 et

204 2317 332 2352 similes
349 2312 517 2358 quosdam
542 2306 681 2341 heroica
702 2306 830 2339 virtute
853 2311 1088 2348 praestantes,
1117 2303 1193 2336 ani·

204 2383 261 2402 mu
286 2370 457 2401 recenset,
491 2371 561 2392 nou
583 2356 807 2390 veliementer
828 2356 1023 2389 admiretur
1046 2355 1125 2388 illos
1140 2354 1194 2387 vi-

204 2431 277 2458 ros,
302 2426 467 2459 tanquam
484 2411 582 2444 coelo
599 2409 721 2441 missos
740 2409 780 2440 ad
801 2407 887 2441 illud
905 2406 1092 2451 imperinm
1111 2418 1193 2440 con-

204 2469 422 2505 stituendum
461 2471 488 2494 et
523 2460 816 2503 gustu-romulum?
870 2457 1008 2491 Omnes
1040 2458 1195 2502 profecto
1220 2447 1223 2508 ι

205 2519 430 2555 accendimur
459 2515 600 2546 illorum
631 2523 766 2547 amore,
803 2521 1005 2554 quanquam
1033 2515 1083 2543 tot
1115 2514 1194 2541 ante

205 2573 319 2607 secula
354 2565 494 2600 extincti
524 2564 610 2601 sint,
644 2570 674 2595 et
706 2569 867 2606 optamus
895 2560 1067 2593 dixinitus
1092 2559 1194 2593 etiam

206 2631 345 2658 nostrae
368 2617 469 2651 aetati
496 2615 578 2647 tales
603 2611 727 2645 lii-roas
744 2613 881 2646 donari.
935 2611 993 2643 Sic
1011 2611 1099 2644 affici
1119 2609 1195 2654 opi-

208 2688 272 2709 nor
298 2675 388 2706 boua
418 2666 578 2706 ingenia,
612 2677 688 2696 rum
723 2662 891 2696 celebrari
922 2663 1072 2696 audiunt
1099 2661 1197 2696 lrne-
1222 2670 1224 2699 μ

208 2728 321 2765 rium,
349 2721 409 2767 qui
429 2720 534 2759 longo
561 2723 714 2759 tempore
735 2714 868 2748 ltaliam
900 2715 1002 2752 rexit3
1032 2721 1090 2747 aut
1112 2711 1198 2746 Bar·
1222 2702 1225 2747 i

699 124 858 162 DECL.
897 121 971 159 DE
998 120 1252 159 IRNERIO
1285 119 1359 156 ET
1393 118 1697 159 BARTOLO.

2140 122 2216 161 352

1220 208 1332 243 tolum
1345 233 1355 248 ‚
1382 206 1482 241 cuius
1498 205 1648 240 consilio
1668 207 1864 251 plurimum
1888 220 1973 243 usus
1993 215 2045 244 est
2067 207 2219 244 Carolus

1221 258 1378 302 Quartus
1398 256 1604 302 Imperator.
1648 257 1787 292 Accedo
1808 259 1914 303 igitur
1931 261 1972 294 ad
1992 258 2207 295 historiam.¹

1324 308 1414 343 Cum
1442 307 1581 342 Italiam
1598 307 1828 352 Longobardi
1851 317 1884 344 et
1903 309 2032 345 Franci
2048 312 2221 346 dilacera·

1222 367 1321 400 rent,
1354 359 1524 404 paulatim
1542 359 1592 392 ibi
1609 359 1723 393 forma
1748 360 1966 395 iudiciorum·
1983 369 2114 396 inritata
2137 363 2221 397 bar-

1223 411 1333 445 bariei
1353 421 1468 444 mores
1491 410 1622 455 recepti
1641 417 1743 450 sunt,
1768 418 1802 445 et
1819 410 2002 446 Romanae
2021 412 2112 456 leges
2134 426 2221 448 con-

1224 463 1413 497 ticuerunt.
1449 461 1664 506 Quanquam
1680 468 1797 495 autem
1816 461 1853 495 in
1868 462 1965 496 ltalia
1983 464 2109 497 veteris
2124 465 2221 500 illius

1212 513 1406 548 'doctrinae
1429 512 1544 546 studia
1568 512 1666 546 nulla
1685 520 1803 551 erant,
1832 520 1949 547 tamen
1966 512 2222 550 Constantino-

1225 564 1299 610 poli
1317 564 1458 597 duravit
1474 563 1643 608 professio
1662 563 1748 597 iuris
1761 565 1852 608 apud
1866 563 2098 608 Imperatores
2109 564 2222 601 Grae—

1225 627 1306 656 cos,
1333 616 1423 648 sicut
1454 615 1504 648 ibi
1528 615 1678 648 aliarum
1706 615 1835 649 artium
1869 616 1985 649 studia
2014 613 2130 649 adbuc
2156 617 2224 650 ali-

1227 673 1358 712 quanto
1390 666 1500 709 magis
1532 666 1707 700 florebant
1731 677 1836 711 quam
1864 666 1900 699 in
1930 666 2039 702 ltalia.
2093 665 2226 702 Extant

1227 715 1342 751 adhuc
1356 716 1611 751 Commentarii
1640 717 1675 750 in
1695 717 1749 750 ius
1765 716 1968 751 Romanum
1988 718 2109 763 scripti
2128 717 2225 753 Con·

1227 768 1460 811 stantiuopoli
1477 768 1611 801 similes
1627 768 1752 811 glossis
1772 775 1804 802 et
1821 769 2107 803 enarrationibus
2127 769 2225 804 ltali-

1231 831 1352 853 corum
1370 820 1568 852 doctorum.
1615 818 1696 852 Ideo
1714 826 1899 865 postquam
1919 819 2019 854 ltalia
2035 835 2052 854 a
2073 819 2225 855 Germa-

1230 870 1285 903 nis
1309 877 1428 914 pacata
1460 877 1548 904 esset
1571 867 1759 904 Othonum
1785 877 1961 916 tempore,
1997 879 2031 906 et
2054 872 2225 916 paulatim

1232 932 1346 954 mores
1369 920 1632 963 Longobardici
1657 922 1951 961 emendarentur,
1985 930 2130 967 apparet
2159 921 2226 958 ho·

1232 972 1344 1005 mines
1377 971 1580 1015 ingeniosos
1606 971 1810 1006 I‘tomanum
1839 973 1893 1006 ius
1927 973 2054 1007 iterum
2085 974 2226 1009 deside·

1231 1034 1335 1058 rasse.
1371 1022 1548 1056 Nonnulli
1564 1023 1669 1056 etiam
1691 1023 1842 1057 instituti
1861 1031 1894 1058 et
1908 1025 2036 1058 exculti
2049 1023 2224 1060 Constan-

1232 1074 1468 1118 tinopolitana
1493 1074 1676 1113 doctrina,
1707 1074 1911 1109 dexteritate
1936 1075 1973 1108 in
1998 1076 2149 1120 negotiis
2167 1088 2227 1111 ex-

1234 1126 1420 1160 cellebant.
1476 1124 1524 1158 lta
1563 1125 1734 1169 paulatim
1769 1125 1939 1160 celebrari
1974 1124 2041 1161 hoc
2069 1127 2226 1163 studium

1234 1177 1336 1221 cepit.
1381 1175 1450 1210 Sed
1469 1175 1615 1209 Heurici
1637 1176 1762 1219 Quinti
1793 1184 1950 1221 tempore
1977 1178 2045 1212 suit
2070 1177 2107 1211 in
2128 1178 2228 1214 ltalia

1234 1229 1289 1260 vir
1322 1239 1478 1260 summae
1512 1227 1710 1261 autoritatis
1745 1228 1945 1271 gubernans
1977 1241 2052 1262 eam
2080 1237 2229 1274 partem,

1233 1290 1322 1324 quae
1342 1285 1427 1312 tunc
1451 1285 1525 1312 erat
1541 1277 1697 1313 Romani
1715 1278 1855 1323 imperii
1873 1278 2043 1316 Irnerius.
2094 1279 2128 1314 ls
2147 1293 2228 1315 cum

1235 1337 1322 1363 esset
1341 1329 1501 1363 eruditus
1526 1336 1565 1363 ut
1583 1329 1738 1364 arbitror
1753 1328 2082 1376 Constantinopoli,
2108 1339 2169 1366 aut
2182 1333 2228 1367 ab

1237 1381 1278 1414 iis
1295 1380 1356 1426 qui
1373 1380 1561 1414 audierant
1576 1379 2005 1426 Constantinopolitanos‚
2023 1392 2123 1427 saepe
2139 1383 2229 1418 ritus

1236 1431 1440 1465 barbaricos
1467 1431 1504 1464 in
1537 1431 1816 1466 successionibus
1841 1439 1874 1466 et
1897 1432 1976 1466 aliis
2006 1434 2164 1477 negociis
2188 1446 2230 1470 ex

1237 1482 1402 1517 Romano
1426 1482 1503 1515 iure
1518 1482 1715 1524 corrigebat
1729 1490 1789 1517 aut
1807 1484 2067 1518 moderabatur.

1339 1533 1468 1567 Fuerat
1495 1532 1593 1567 Italia
1617 1534 1770 1577 graviter
1798 1534 1925 1568 afflicta
1955 1535 2058 1569 bellis
2082 1534 2229 1572 Henrici

1240 1584 1385 1627 Quarti3
1416 1584 1610 1618 multorum
1629 1585 1843 1629 patrimonia
1867 1585 1979 1626 varie,
2008 1594 2045 1621 ut
2066 1587 2104 1623 fit
2128 1588 2231 1624 bellis

1240 1635 1404 1669 civilibus
1423 1635 1589 1668 translata
1614 1636 1763 1671 fuerant.
1814 1634 1910 1680 Ergo
1930 1648 2009 1670 cum
2035 1651 2124 1683 opus
2144 1647 2233 1674 esset

1212 1721 1214 1727 ,
1240 1688 1475 1730 gubernatore
1509 1687 1668 1730 praedito
1693 1698 1817 1731 magna
1847 1687 2017 1731 sapientia
2046 1696 2079 1724 et
2109 1690 2232 1737 aequi-

1242 1745 1327 1771 tate:
1351 1737 1470 1771 ·ltalia
1498 1750 1570 1770 uon
1598 1735 1689 1771 nibil
1716 1745 1869 1772 recreata
1898 1746 1949 1773 est
1982 1741 2170 1783 prudentia
2199 1749 2238 1777 et

1242 1789 1485 1821 moderatione
1517 1788 1658 1827 lrnerii,
1694 1789 1755 1834 qui
1786 1801 1864 1822 cum
1900 1791 2093 1833 posteritati
2127 1793 2232 1827 etiam

1242 1840 1500 1873 consulendum
1526 1847 1683 1883 putaret,
1717 1840 1879 1884 cupiebat
1905 1842 2092 1876 autoritate
2118 1843 2232 1889 impe-

1245 1891 1372 1924 ratoria
1400 1902 1520 1924 rursus
1546 1891 1695 1935 proferri
1724 1891 1777 1924 ius
1798 1890 2021 1931 Romanum,
2056 1900 2096 1928 ut
2120 1902 2233 1930 certae

1245 1943 1334 1985 leges
1358 1949 1389 1976 et
1414 1942 1549 1975 erudite
1575 1943 1723 1986 scriptae
1748 1949 1924 1983 extarent3
1955 1955 2036 1977 nam
2062 1944 2233 1980 incertum

1246 1994 1298 2027 ius
1325 2000 1483 2027 aeternas
1508 1993 1701 2026 discordias
1726 1993 1827 2038 parit.
1887 1993 1956 2027 Sed
1982 1995 2017 2027 in
2042 1994 2234 2032 Germania

1246 2045 1370 2078 incidit
1396 2045 1430 2077 iu
1450 2044 1540 2077 bella
1559 2044 1687 2078 cisilia.
1741 2044 1863 2078 Postea
1884 2042 2040 2079 lrnerius
2056 2058 2136 2080 cum
2155 2060 2235 2093 per-

1245 2102 1358 2139 specta
1383 2096 1457 2129 eius
1483 2096 1594 2129 virtus
1628 2095 1662 2127 in
1687 2095 1941 2138 gubernatione
1966 2103 2036 2130 tam
2072 2098 2175 2143 longa
2203 2107 2236 2134 et

1245 2147 1413 2189 grmnlim·
1435 2155 1528 2181 aetas
1553 2147 1702 2180 auxisset
1732 2146 1806 2180 eius
1836 2147 2081 2189 autoritatem,
2114 2157 2236 2185 nactus

1249 2198 1496 2242 imperatorem
1525 2195 1730 2231 Lotbarium
1758 2198 1957 2239 saxonem,
1991 2212 2062 2233 non
2088 2200 2238 2246 impedi-

1247 2257 1320 2282 tum
1342 2249 1505 2282 civilibus
1533 2249 1652 2287 bellis„
1687 2256 1717 2282 et
1745 2249 1804 2294 qui
1829 2249 1980 2293 plurima
2003 2250 2038 2284 iu
2069 2250 2167 2286 ltalia
2192 2254 2237 2288 ad

1249 2301 1476 2333 inuniendam
1511 2300 1802 2345 tranquillitatem
1830 2301 2029 2341 constituit„
2063 2303 2128 2337 snit
2154 2301 2238 2339 huic

1248 2350 1425 2391 hortator,
1461 2360 1496 2385 ut
1522 2358 1659 2384 curaret
1686 2350 1817 2385 Romae
1841 2359 1872 2385 et
1900 2350 2082 2387 Bononiae
2118 2366 2238 2390 rursus

1248 2404 1401 2436 enarrari
1436 2403 1489 2437 ius
1516 2402 1736 2441 l‘uunanum,
1777 2409 1809 2436 ct
1842 2409 1880 2436 ut
1911 2404 2170 2439 coutroversiae
2197 2417 2237 2440 ex

1250 2454 1421 2488 Romanis
1441 2454 1574 2496 legibus
1591 2453 1885 2487 diiudicarentur.
1942 2453 1990 2488 lta
2007 2467 2128 2489 rursus
2146 2456 2238 2491 cele-

1250 2506 1342 2539 brari
1363 2513 1391 2538 et
1410 2506 1476 2539 coli
1495 2505 1650 2538 studium
1671 2503 1822 2538 Romani
1844 2503 1932 2538 luris
1946 2505 2071 2550 coepit.

1334 2556 1402 2590 ,Ner
1421 2554 1645 2590 inhonestum
1662 2555 1727 2588 sibi
1748 2554 1902 2589 lrnerius
1915 2557 2024 2596 duxit,
2053 2565 2237 2603 postquam

1251 2615 1298 2641 tot
1322 2621 1434 2641 annos
1459 2621 1536 2641 eum
1561 2619 1684 2649 magua
1703 2606 1812 2649 gloria
1832 2614 1986 2640 versatus
2011 2616 2080 2642 erat
2099 2609 2133 2642 in
2151 2608 2238 2654 Rep.

1252 2659 1286 2691 in
1306 2660 1426 2693 ultima
1446 2666 1555 2693 aetate
1575 2658 1688 2691 redire
1706 2658 1748 2690 ad
1767 2655 1932 2690 scholam.
1981 2658 2049 2691 Sed
2069 2661 2238 2706 quicquid

1251 2711 1279 2743 ei
1299 2711 1514 2748 autoritatis,
1542 2709 1651 2752 gloria
1676 2720 1792 2742 rerum
1818 2716 1993 2751 gestarum
2019 2718 2049 2744 et
2069 2719 2159 2745 aetas
2177 2724 2237 2757 pe-
