2338 2958
183 110 226 144 11
700 96 856 132 DECL.
891 95 965 131 DE
1001 95 1258 133 ARTIBUS
1295 96 1702 134 LlBERALIBUS.
2174 104 2222 140 12

183 195 252 233 tio,
279 201 366 237 quae
391 189 464 222 sere
485 186 598 231 capita
613 183 836 218 Geometriae
855 189 948 217 sunt.
1001 181 1095 217 Hinc
1113 184 1176 216 ad-

183 243 367 279 mirandae
392 237 578 273 hominum
600 235 719 279 generi
745 231 948 275 machinae,
975 247 1013 268 ac
1037 242 1077 268 ut
1102 233 1176 267 Eu-

187 294 287 333 doxi,
315 289 509 336 Archytae,
536 283 772 325 Menaechmi,
799 283 1035 326 Archimedis,
1062 285 1175 319 Boetii

184 350 362 382 automata
390 348 624 386 praeteream,
660 342 833 381 quantum
861 337 1076 374 bombarda,
1111 348 1176 370 no-

186 404 290 433 strate
314 395 518 429 inventum,
545 387 681 422 bellicis
699 387 875 422 contulit?
927 387 1031 423 Addo
1047 386 1176 421 Plasti-

186 461 267 488 cen,
308 455 341 479 et
372 454 460 489 quae
492 439 649 473 nascitur
677 450 694 472 e
727 439 954 483 perspectivis
984 438 1176 477 Picturam,

185 507 364 542 utrunque
393 492 573 527 civitatum
601 489 656 523 vel
681 487 959 534 pulcherrimum
985 501 1176 523 ornamen-

186 559 272 586 tum.
325 545 441 579 lluius
456 541 593 586 generis
609 548 691 575 sunt
706 541 854 581 celandi,
881 541 1061 585 scalpendi
1076 548 1177 582 artes,

186 610 218 636 et
245 601 335 633 inter
361 607 416 630 eas
439 590 733 636 Calcographica,
760 603 948 637 aereaeque
973 591 1175 626 Germano-

185 664 262 686 rutn
280 646 456 683 scribendi
473 644 656 678 formulae.
711 641 779 676 llic
794 643 922 677 artium
939 655 1065 682 nexus,
1092 641 1177 677 haec

185 703 283 745 origo
328 695 557 732 meclianicon
601 694 740 728 duabus
782 694 1006 739 principibus
1041 695 1176 728 artibus

186 750 420 788 Arithmetica
445 755 477 782 et
494 745 718 786 Geometria‚
744 742 801 779 hic
823 757 906 779 usus
923 753 975 779 est
991 746 1176 791 utriusque

185 817 247 850 per
269 810 322 838 tot
346 798 544 834 manuarias
570 808 703 840 operas.
765 796 871 840 Quod
897 797 926 830 si
949 798 993 830 ad
1017 798 1176 831 animum

184 855 392 892 transferas,
418 850 477 885 Dii
502 847 608 888 boni,
631 860 720 893 quae
745 849 915 887 suavitas,
943 849 1036 894 quod
1058 855 1177 883 nectar

186 906 392 941 offundatur
422 899 697 944 contemplanti,
733 899 804 933 imo
837 911 926 945 quae
953 900 1012 933 lux
1038 912 1112 934 sese
1136 913 1176 934 ex

185 959 246 991 illo
271 967 388 990 rerum
413 950 499 986 chao
525 950 672 996 aperiet:
700 948 832 984 isthaec
858 958 1012 985 mentem
1036 951 1178 985 sensili-

184 1011 250 1043 bus
272 1006 492 1042 haerentem,
530 1002 650 1036 avellit
672 1002 876 1048 seducitque
900 1003 943 1035 ad
969 1002 1178 1047 intelligibi-

185 1062 251 1094 lem
283 1064 530 1099 aeternamque
561 1061 736 1087 naturam.
789 1053 847 1087 Sic
871 1053 970 1087 Plato
1001 1053 1178 1100 ἀριθμεῖν

184 1105 448 1156 philosophari,
476 1112 508 1138 et
532 1101 625 1138 θεὸν
650 1101 705 1138 ἀεὶ
723 1105 935 1152 γεομετρεῖν
951 1106 1176 1139 commodum

185 1162 297 1196 afficta
325 1158 508 1192 notatione
535 1155 642 1195 dixit,
676 1155 713 1188 id
737 1163 806 1196 est,
839 1168 977 1200 semper
999 1163 1176 1190 aeternam

183 1212 257 1247 veri
283 1217 445 1244 naturam
468 1206 699 1249 intelligendo
723 1219 871 1240 versare.
925 1206 977 1241 De
995 1206 1177 1242 Arithrne-

184 1265 250 1299 tica
267 1260 542 1304 Geometriaque
559 1257 688 1291 obiter:
716 1259 754 1291 in
769 1257 968 1303 colophone
984 1272 1021 1293 ac
1038 1259 1176 1301 fastigio

185 1315 332 1353 artium,
368 1310 505 1345 Musica
536 1316 570 1342 et
601 1310 828 1343 Astronomia
864 1311 1037 1344 locantur.
1104 1310 1178 1353 Age

185 1366 272 1413 quid
296 1362 432 1397 Musica
464 1360 665 1394 laudatius?
705 1361 872 1404 elegantis
903 1373 940 1394 ea
973 1360 1178 1395 harmoniae

185 1417 296 1455 ratio,
324 1415 396 1447 sive
412 1412 633 1455 organicam,
659 1411 732 1444 sive
753 1412 948 1446 naturalem
966 1413 1064 1445 velis.
1119 1411 1179 1445 ln-

184 1467 294 1511 signis
325 1473 473 1509 utraque
504 1460 640 1495 honore
672 1465 892 1506 poematum,
926 1463 961 1495 id
992 1464 1087 1509 quod
1111 1464 1179 1496 alia

186 1531 262 1553 sum
288 1524 430 1551 aeturus
453 1513 623 1547 oratione.
678 1513 860 1559 Plerisque
884 1514 1017 1557 gratior
1042 1514 1178 1548 Musica

186 1571 272 1604 orbe
293 1568 420 1602 artium
438 1565 606 1605 aliarum,
634 1566 727 1609 quod
748 1563 830 1598 haec
846 1566 888 1598 ad
908 1566 1180 1610 contemplatio-

187 1633 268 1655 nem
295 1619 426 1664 pariter
451 1627 638 1661 moresque
663 1617 862 1651 conserunt.
916 1614 1069 1661 Erigunt
1092 1617 1179 1650 aliae

187 1674 229 1707 ad
254 1669 417 1705 coelestia
437 1674 571 1701 mentes
592 1674 745 1708 nostras,
772 1665 857 1701 haec
876 1679 946 1701 una
960 1668 1058 1702 coelo
1076 1680 1179 1712 supe-

187 1735 244 1758 ros
274 1723 316 1755 ad
347 1719 500 1754 humana
526 1718 685 1752 deducit:
721 1731 790 1764 quo
814 1726 1021 1763 argumento
1048 1726 1180 1753 veteres

188 1774 342 1809 arbitror
358 1771 492 1805 musica
510 1770 606 1813 signa
626 1769 754 1813 passim
773 1768 887 1803 Deum
905 1771 1028 1805 statuis
1047 1783 1179 1816 appen-

188 1827 297 1866 disse,
324 1822 422 1869 quasi
448 1821 518 1854 illis
544 1820 600 1854 Dii
628 1821 805 1855 conciliati
830 1821 1016 1855 nobiscum
1039 1834 1180 1856 versen-

188 1886 256 1911 tur.
307 1874 453 1907 Confert
471 1873 643 1911 moribus,
671 1874 765 1917 quod
785 1873 882 1906 nulla
902 1885 955 1906 res
972 1873 1182 1907 familiarior

189 1924 462 1971 tranquillandis
492 1923 726 1957 animantium
758 1924 954 1958 affectibus.
1007 1924 1113 1959 Scitis
1138 1926 1181 1957 de

189 1976 326 2023 Orphei
346 1976 436 2022 Lyra
452 1975 561 2020 quid'?
587 1982 618 2008 rt
633 1987 722 2020 quae
736 1972 978 2020 Pythagoream
993 1976 1106 2019 gentis
1123 1976 1180 2008 in-

190 2031 307 2063 stituta
334 2027 485 2066 suerint,
513 2023 629 2073 ᾠδαῖς
651 2027 817 2071 χρῆσθαι
840 2025 930 2072 πρὸς
946 2029 1075 2072 inpar.
1127 2026 1180 2060 Ex

191 2094 228 2114 ra
255 2079 403 2113 factione
418 2078 535 2111 Clinia
559 2078 704 2110 celebris
729 2078 801 2118 vir,
828 2079 1082 2112 modestissime
1098 2090 1182 2112 usus

191 2130 377 2175 disciplina
393 2129 559 2171 magistri,
587 2129 724 2174 quoties
743 2129 860 2162 animo
875 2130 1084 2164 turbabatur
1095 2142 1182 2175 qua-

191 2195 330 2227 cunque
355 2192 477 2219 causa,
503 2180 618 2213 statim
644 2181 685 2212 ad
714 2179 842 2225 Lyram
869 2181 1093 2225 properabat:
1124 2193 1182 2214 ro·-

191 2241 290 2276 gatus
314 2231 520 2276 aliquoties,
547 2231 630 2275 quid
652 2229 741 2264 hoc?
776 2229 866 2265 nihil
887 2233 1067 2276 respondit
1083 2245 1182 2277 prae—

192 2294 243 2319 tor
259 2282 348 2317 haur.
367 2282 526 2315 voculam
545 2278 767 2326 πραύνοιιιηι.
822 2282 938 2329 Atque
953 2281 988 2316 hi
1005 2291 1087 2318 sunt
1102 2296 1182 2328 pro-

192 2336 266 2381 prie
288 2333 470 2367 >tusorum
497 2333 594 2367 soni.
622 2334 680 2377 qui
708 2335 749 2366 ad
776 2331 958 2368 honestam
984 2336 1075 2369 vitae
1099 2347 1184 2368 con-

192 2386 431 2422 stitutiouwm,
465 2384 524 2429 qni
558 2385 599 2416 ad
635 2384 797 2418 virtutem
824 2387 1019 2429 pertinent:
1055 2386 1183 2420 Succe-

192 2440 278 2471 dunt
300 2435 455 2469 Musicae
481 2435 677 2468 saltatori-w
697 2444 804 2474 arto-s,
834 2436 1012 2470 Arcadum
1032 2438 1184 2477 iuventa,

193 2490 250 2521 sed
273 2488 411 2528 longior
434 2494 482 2519 est
503 2499 566 2524 res,
595 2499 698 2531 quam
719 2499 735 2519 a
757 2488 857 2520 nobis
875 2489 927 2530 agi
947 2491 1052 2521 modu
1066 2489 1183 2533 possit.

195 2540 344 2583 Reliqui
376 2538 616 2582 cyclope-dnae
642 2537 868 2571 Astrnnomia
899 2547 965 2577 est,
1009 2552 1184 2575 numeros,

195 2590 475 2631 magnitudines.
509 2595 640 2626 motus,
675 2587 917 2628 harmoniam,
955 2591 986 2624 id
1014 2599 1061 2625 ost
1089 2604 1183 2624 rum—

195 2654 315 2686 pagwn
337 2640 454 2684 superi
480 2647 582 2684 atque
609 2640 710 2672 inseri
736 2641 848 2679 urhis,
877 2643 1055 2680 dimensa,
1083 2644 1182 2688 syde-

1229 195 1372 228 parens,
1411 183 1475 226 fati
1505 184 1655 217 conscia.
1722 180 1976 226 Arithmetica,
2013 184 2217 224 Geometria

1229 232 1434 268 harmonica
1458 234 1649 268 ancillariis
1670 234 1870 279 disciplinis
1892 237 2128 271 communiter
2146 237 2219 272 uti-

1229 292 1296 318 tur.
1354 285 1511 329 Longius
1540 283 1632 319 hanc
1663 286 1852 331 quadruvii
1879 286 2004 320 seriem
2031 288 2219 329 duxissem,

1229 337 1289 370 sed
1322 333 1408 370 hora
1440 337 1640 375 deficimus,
1683 337 1822 382 agitque
1855 349 1928 370 rem
1961 349 2036 371 eam
2070 339 2220 383 publicis

1229 385 1359 421 scholis
1392 388 1550 433 quotidie
1576 384 1767 421 Iohannes
1795 385 1948 436 Sloffler
1971 387 2221 435 Philosophus,

1229 439 1437 478 autoritate,
1471 439 1557 478 fide,
1590 439 1771 484 literisque
1794 433 2051 474 Ma‘tliematum
2074 453 2220 475 venera-

1230 490 1322 526 bilis.
1376 489 1425 524 At
1456 487 1521 524 hae
1553 497 1704 536 quatuor
1735 498 1844 530 artes,
1879 498 2033 537 quatuor
2065 491 2148 526 item
2181 493 2218 526 in

1230 540 1321 587 Lyra
1340 541 1511 575 Mercurii
1529 539 1738 581 chordulae,
1766 553 1865 574 suum
1883 554 2041 588 quaeque
2057 543 2221 584 stridens,

1230 593 1343 636 prima
1367 604 1402 625 se
1427 590 1683 637 Terpsichorae
1704 593 1825 632 debet,
1859 593 1995 627 ordinis
2017 606 2056 628 ac
2079 595 2220 629 numeri

1230 644 1372 684 artifici,
1400 641 1504 678 habet
1521 644 1615 677 enim
1633 655 1651 677 a
1668 640 1785 677 choris
1803 655 1930 678 nomen
1946 643 2032 681 Dea.
2085 645 2221 680 Secun-

1232 696 1275 728 da
1301 693 1467 734 Thaliae,
1504 695 1673 741 quoniam
1708 694 1831 728 floreat
1854 696 1986 730 exculta
2011 699 2222 744 γεομετρῶν

1230 746 1424 780 commodis
1439 747 1519 780 vita.
1573 745 1745 780 Musicam
1763 743 1870 779 Erato
1890 745 2044 781 iucunda
2060 748 2150 790 regit
2168 749 2222 782 af-

1228 797 1346 831 fectio.
1400 795 1542 832 Eminet
1564 798 1658 832 inter
1680 796 1791 830 socias
1813 797 2004 830 clarissima
2029 797 2065 830 in
2087 797 2223 832 Home-

1230 849 1322 882 ricae
1339 847 1475 883 Dianae
1491 851 1636 883 modum
1657 847 1808 889 Urania,
1834 848 2031 893 principem
2049 855 2239 883 astrorum·

1231 900 1411 934 scientiam
1441 902 1566 934 decora
1590 901 1754 935 reserenS.
1814 899 1955 944 Septem
1979 897 2130 933 chordas
2154 912 2223 934 nu-

1230 951 1360 985 merari
1382 952 1622 986 adulescentes
1646 951 1815 992 audistis,
1850 963 1915 985 nec
1938 951 2107 985 discretae
2129 950 2223 997 Lyra

1231 1015 1334 1036 voces
1359 1003 1574 1044 redduntur,
1612 1003 1730 1048 plures
1754 1008 1924 1047 quatuor,
1959 1009 2028 1036 tres
2051 1002 2224 1036 orationis

1231 1054 1381 1088 funiculi
1414 1066 1619 1088 communes
1650 1053 1863 1099 quadruvio.
1938 1052 2103 1096 Quatuor
2135 1054 2224 1087 aliae

1231 1102 1382 1139 chordae
1406 1107 1512 1140 rebus
1537 1106 1608 1139 suis
1632 1106 1843 1148 discrepant.
1893 1103 1976 1138 Non
2001 1105 2163 1148 confingo
2180 1105 2225 1138 li-

1232 1164 1352 1191 center
1367 1153 1453 1191 haec
1472 1157 1669 1198 auditores,
1694 1162 1736 1190 ut
1754 1156 1808 1188 illi
1827 1154 2026 1190 Atticorum
2042 1152 2226 1200 κοροπλά-

1232 1208 1311 1242 θοις
1345 1207 1540 1243 Platonicis
1570 1219 1711 1254 quoque
1740 1207 1918 1240 veteribus
1950 1207 2040 1241 ratio
2066 1207 2225 1251 sapiendi

1232 1259 1310 1293 talis
1329 1259 1416 1301 fuit,
1442 1267 1564 1294 autore
1582 1255 1784 1293 Plutarcho.
1837 1256 1884 1292 Et
1901 1259 1944 1292 de
1963 1264 2134 1303 quaterno
2153 1257 2225 1304 Ly-

1232 1323 1290 1344 rae
1321 1318 1506 1356 systemate
1536 1323 1625 1356 quae
1655 1310 1853 1355 disputavi,
1900 1309 2101 1354 Terpandri
2134 1317 2227 1350 sunt,

1233 1362 1282 1395 ait
1298 1362 1376 1395 ille:

1335 1416 1422 1457 ἡμεῖς
1443 1429 1489 1449 τοι
1512 1416 1703 1459 τετράγηρην
1726 1416 1983 1457 ἀποστρέψαντες
2004 1415 2113 1457 ἀοιδήν

1333 1459 1493 1503 ἑπτατόνῳ
1516 1461 1661 1503 φόρμιγγι
1686 1460 1771 1497 νέους
1792 1459 2002 1499 μελεδήσομεν
2024 1459 2149 1499 ὕμνους.

1335 1508 1464 1549 Septena
1480 1511 1539 1538 iam
1555 1512 1632 1539 forte
1649 1510 1737 1549 chely
1754 1519 1830 1538 nova
1849 1510 1980 1537 carmina
1995 1514 2104 1545 vatem,

1336 1560 1477 1599 Quatuor
1493 1568 1521 1590 et
1539 1561 1676 1591 distincta
1693 1561 1792 1590 modis
1809 1562 1948 1600 panxisse
1965 1560 2090 1589 iuvabit.

1234 1617 1308 1651 lam
1340 1629 1404 1659 ne,
1439 1630 1529 1663 quae
1558 1617 1731 1652 Mercurii
1763 1617 1807 1650 sit
1835 1615 1928 1662 Lyra
1962 1615 2107 1655 tenetis,
2141 1621 2227 1660 quot

1233 1667 1404 1710 chordae,
1431 1676 1519 1714 quot
1535 1669 1650 1703 artes?
1703 1667 1749 1702 Et
1766 1666 1888 1701 Musas
1906 1667 2033 1701 artium
2053 1666 2228 1712 praesides

1234 1721 1409 1765 appellare
1431 1733 1508 1754 sum
1532 1721 1666 1755 solitus.
1721 1719 1806 1753 Illae
1826 1730 1909 1752 vero
1926 1718 2037 1764 quid?
2090 1716 2227 1761 Conge-

1234 1772 1330 1806 nitus
1362 1769 1548 1805 hominum
1579 1771 1707 1805 animis
1737 1771 1844 1804 ardor
1868 1777 1901 1804 et
1926 1776 2068 1803 strenua
2093 1768 2226 1802 sciendi

1235 1823 1374 1868 cupido,
1428 1822 1544 1857 Testis
1559 1822 1826 1868 antiquissimus
1844 1828 1938 1855 vatos
1951 1817 2141 1865 Orpheus,
2168 1819 2229 1865 qui

1235 1874 1358 1909 Musas
1375 1871 1509 1919 hymno
1526 1886 1672 1913 canens,
1701 1873 1832 1918 inquit:

1337 1929 1450 1970 Πάσῃς
1473 1931 1611 1970 παιδείης
1633 1930 1748 1971 ἀρετὴν
1771 1931 1917 1970 γεννῶσαι
1942 1927 2105 1966 ἄμεμπτον

1338 1974 1518 2014 θριήτειριιι
1541 1973 1662 2015 wrm-gc,
1693 1973 1834 2013 διανοίας
1856 1969 2085 2012 ὀρθοῦόέειραι.

1235 2027 1313 2061 lloc
1340 2035 1407 2067 est,
1437 2028 1465 2060 si
1490 2028 1727 2061 venerandam
1748 2022 1889 2069 Orphei
1914 2024 2129 2058 maiestatem
2153 2035 2228 2058 car-

1236 2079 1332 2113 mine
1348 2079 1429 2113 licet
1446 2087 1567 2113 nostro
1586 2078 1782 2111 imitemur:

1338 2132 1463 2163 Munera
1479 2140 1573 2164 vestra
1589 2132 1670 2163 Deae
1689 2134 1782 2161 virtus
1798 2138 1826 2161 ct
1843 2133 1937 2171 gloria
1954 2140 2054 2165 verax,

1340 2183 1485 2226 Quasque
1502 2193 1575 2215 artes
1592 2187 1651 2224 agit
1669 2185 1815 2213 humanm=
1832 2186 1876 2212 vis
1893 2182 2005 2212 fervida
2024 2182 2142 2217 mentis,

1339 2235 1404 2267 Vos
1421 2239 1513 2266 animi
1529 2238 1629 2267 dulces
1647 2238 1737 2265 etiam
1754 2246 1927 2264 veneramur
1943 2236 2076 2263 alumnas

1340 2287 1509 2319 Aeternum
1525 2291 1594 2318 recti
1612 2290 1720 2328 quibus
1739 2289 1885 2316 insu-vistis
1902 2296 2045 2315 amorem.

1238 2335 1370 2369 (tensae
1395 2338 1525 2371 artium
1549 2349 1697 2370 munt-ro
1727 2335 1849 2369 Musae
1874 2341 2023 2378 septem,
2058 2333 2148 2365 duae
2170 2341 2229 2363 su-

1240 2395 1404 2432 persunt.
1441 2389 1539 2422 (Ttein
1571 2395 1604 2422 et
1631 2387 1811 2431 Calliope,
1846 2386 1976 2432 quilius
2008 2393 2159 2428 aequum
2192 2381 2229 2414 in

1239 2451 1361 2472 omncs
1398 2440 1514 2473 tin-ras
1550 2439 1618 2473 ius:
1674 2437 1842 2472 historiar
1876 2436 1995 2473 (Itein.
2046 2432 2230 2476 Calliopen

1241 2491 1392 2534 puissmati
1414 2491 1642 2535 praeficimus.
1695 2490 1825 2522 (linitis
1840 2487 1976 2531 generis
1989 2486 2115 2529 scripta
2128 2495 2230 2517 usur-

1242 2549 1321 2585 pant
1339 2540 1484 2576 historia
1501 2550 1532 2576 et
1551 2554 1684 2586 put-ma,
1712 2553 1774 2574 nec
1787 2541 1844 2575 alii
1860 2538 1985 2572 maiori
1999 2538 2097 2580 fruge
2107 2547 2231 2579 opera-

1241 2605 1282 2625 γε·
1307 2594 1473 2635 leguntur
1495 2591 1678 2631 authores,
1706 2604 1810 2638 quam
1837 2588 2004 2624 llisturiri
2030 2600 2068 2621 ar
2090 2585 2230 2620 Poetae.

1243 2644 1494 2679 &tuh-,scentes
1510 2645 1645 2677 animos
1662 2657 1679 2677 e
1697 2643 1893 2685 vulgarium
1913 2640 2112 2674 studiorum
2130 2638 2232 2671 sorde.

197 2706 272 2726 rum
296 2693 496 2725 ellectiours
516 2704 552 2723 ac
573 2692 742 2724 intimum
761 2693 956 2736 complu-xa,
987 2694 1186 2727 Medicinae
1210 2675 1214 2735 Ι
1241 2697 1407 2734 evellunt,
1438 2697 1582 2741 lot-uque
1600 2697 1750 2729 referunt
1772 2694 1918 2732 excelsu,
1948 2692 2014 2725 iani
2034 2689 2232 2731 xirisdigna
