2338 2958
66 139 138 178 721

66 224 226 270 angustia
248 219 463 268 prohiberet.

67 276 193 311 storiae
210 273 337 318 ipsius,
360 272 431 306 alio
448 279 604 316 tempore
618 271 884 305 illustrabimus.
934 266 1029 303 Dixi.

85 443 152 479 No.
170 442 231 476 88.
887 451 934 470 an.
951 438 1046 471 1546.

877 482 1049 498 m

356 548 430 590 De
468 547 767 588 Maccabaeis.

136 639 167 666 In
187 640 277 666 select.
292 638 417 665 Declam.
436 637 470 665 T.
479 636 525 662 111.
545 644 571 670 p.
580 636 613 660 to
625 643 704 669 sqq.‚
732 633 850 659 Ser-vest.
863 631 895 659 Τ.
905 631 952 657 lll.
971 640 997 664 p.
1008 632 1057 660 10..

170 684 200 743 ἑτι
212 673 307 734 1ἔξεο-111.
325 672 372 699 lll.
397 670 507 698 Erford.
526 670 564 697 lit.
578 669 609 699 E.
628 671 652 695 5.
677 674 703 694 et
728 667 798 702 apud
816 666 944 693 Richard.
962 666 995 692 T.
1010 666 1057 692 ΙΙΙ.

71 789 199 823 Oratio
239 785 286 821 de
313 783 580 825 Machabaeis,
622 783 788 817 recitata
819 792 841 815 a
882 783 959 815 Ῑοα
971 791 1057 814 nne

68 839 222 885 Stiyel
234 840 295 878 io,
337 847 421 871 cum
449 836 703 870 testimonium
733 831 958 867 eruditionis
987 833 1058 865 iri-

101 888 276 924 haeretur
293 889 436 934 aliquot
455 885 620 920 honestis
636 887 728 919 viris
743 885 1032 918 renunciatione

418 939 702 984 Mayisirorum.

67 1015 118 1058 Si
141 1029 279 1057 tantum
304 1034 344 1056 eo
371 1022 571 1055 colerentur
596 1019 776 1055 doctrinae
797 1019 931 1057 studia,
958 1024 999 1051 ut
1019 1017 1057 1050 in

66 1074 145 1108 ocio
167 1080 201 1107 et
222 1072 422 1118 tranquillis
444 1071 681 1115 temporibus,
706 1070 788 1102 inde
812 1069 974 1112 voluptas
992 1068 1058 1101 ali-

69 1136 138 1170 qua
155 1131 305 1168 petatur,
331 1124 419 1156 sicut
435 1123 472 1155 in
488 1121 660 1155 conviviis
674 1119 904 1153 hilarioribus
919 1117 1058 1152 Musica

69 1173 274 1208 adhibetur:
300 1171 338 1206 hi
362 1183 585 1216 congressus,
612 1178 646 1204 et
669 1172 713 1204 de
738 1170 897 1203 doctrina
923 1181 1058 1202 sermo-

69 1236 143 1266 nes,
170 1237 243 1258 non
257 1235 449 1267 congruere
464 1221 546 1255 huic
563 1221 712 1266 tempori
729 1221 943 1256 viderentur.
987 1219 1056 1253 Sed

70 1276 154 1321 quia
173 1275 234 1308 alii
251 1275 361 1318 magis
378 1273 563 1307 necessarii
578 1272 712 1306 fructus
728 1283 767 1304 ex
784 1271 894 1305 literis
911 1270 1058 1314 capiun-

70 1333 150 1366 tur,
176 1325 337 1359 omnium
361 1336 433 1358 esse
450 1330 647 1367 temporum
669 1321 916 1365 cogitationem
934 1321 977 1354 de
993 1321 1058 1353 do-

71 1375 183 1410 ctrina
207 1376 431 1409 statuendum
459 1381 521 1408 est.
573 1372 719 1417 Semper
742 1373 862 1405 lumen
880 1372 970 1404 vitae
986 1382 1060 1404 esse

73 1427 177 1461 debet
206 1426 338 1469 agnitio
361 1424 444 1465 Dei,
479 1436 568 1469 quae
594 1423 744 1456 lectione
767 1422 904 1455 assidua
929 1421 1058 1455 confir-

72 1477 202 1511 manda
219 1483 280 1510 est.
332 1475 477 1520 Semper
492 1476 612 1508 literae
626 1474 787 1507 rectrices
805 1472 874 1506 sint
891 1472 1059 1505 consilio—

73 1539 151 1561 rum
174 1533 208 1560 et
229 1526 417 1560 actionum.
471 1525 539 1559 Sed
566 1525 602 1557 in
623 1523 827 1568 periculosis
845 1522 1060 1566 tempestati-

73 1578 141 1612 bus
163 1577 277 1611 maior
298 1584 348 1611 est
371 1576 504 1610 utilitas
521 1575 713 1609 doctrinae.
767 1572 938 1606 Accendit
957 1573 1060 1605 invo-

74 1629 248 1662 cationem
263 1626 349 1669 Dei,
375 1627 463 1660 lenit
485 1626 624 1659 dolores
645 1624 848 1657 monstratis
866 1624 957 1656 veris
975 1635 1061 1656 con-

75 1679 288 1712 solationum
298 1678 467 1717 fontibus,
489 1676 641 1709 ostendit
653 1681 807 1720 portum,
829 1674 865 1706 in
877 1686 947 1718 quo
962 1685 1062 1706 men-

73 1736 125 1763 tes
153 1729 385 1774 acquiescant.
445 1727 658 1772 Quanquam
690 1725 796 1767 igitur
830 1731 925 1757 moto
957 1724 1062 1764 bello,

75 1780 190 1814 studia
220 1779 321 1824 quasi
345 1778 554 1821 conterrita,
593 1776 816 1819 languidiora
839 1774 914 1806 fieri
937 1774 1063 1806 viden-

76 1838 151 1864 tur:
178 1836 295 1862 tamen
317 1836 357 1862 ut
380 1827 543 1862 homines
559 1826 653 1860 docti
669 1838 765 1859 nunc
781 1825 837 1857 vel
855 1824 1004 1857 maxime
1021 1825 1063 1857 de

76 1880 227 1914 utilitate
250 1879 431 1913 doctrinae
455 1878 662 1921 cogitemus,
688 1883 807 1909 utrum
825 1875 944 1908 literae
962 1875 1064 1908 volu-

78 1931 184 1977 ptatis
200 1942 301 1964 causa
320 1929 504 1974 praecipue
525 1928 720 1961 discantur:
747 1938 792 1958 an
811 1937 892 1958 vero
909 1931 947 1959 ut
964 1937 1065 1969 prae-

79 1982 168 2015 sidia
188 1981 353 2014 salutaria
376 1980 447 2014 sint
470 1979 637 2012 adversus
660 1988 781 2011 omnes
797 1987 904 2010 casuS.
955 1976 1065 2018 Quid,

79 2033 174 2078 quod
198 2043 270 2065 non
295 2038 431 2065 tantum
455 2036 598 2075 propter
612 2026 703 2061 hanc
719 2027 901 2060 mortalem
919 2034 951 2061 et
968 2027 1065 2069 fuga-

80 2095 156 2117 cem
180 2083 287 2116 vitam
306 2093 396 2126 opus
419 2087 468 2114 est
493 2079 711 2119 eruditione,
738 2078 795 2111 sed
818 2077 928 2112 multo
948 2078 1067 2121 magis,

81 2141 120 2168 ut
135 2140 276 2167 aeterna
291 2133 361 2166 vita
379 2144 474 2165 nunc
491 2131 527 2163 in
545 2131 648 2163 nobis
667 2126 866 2161 inchoetur.

183 2183 273 2218 Cum
299 2190 414 2217 autem
438 2194 534 2216 nunc
551 2181 652 2214 multi
672 2181 858 2213 frementes
875 2178 1069 2211 irascantur

82 2235 321 2279 temporibus,
344 2241 383 2268 ut
397 2231 489 2266 nihil
506 2232 618 2266 dicam
634 2228 938 2277 δυσφημόηρον,
966 2229 1068 2263 111111ῑί

85 2292 255 2331 quaerant
275 2296 364 2330 quae
387 2296 463 2328 spes
486 2283 621 2328 reliqua
645 2282 707 2322 sit,
734 2288 765 2314 et
786 2281 821 2312 in
839 2287 933 2312 tanta
951 2280 1071 2323 caligi-

84 2349 149 2376 ne,
177 2347 245 2381 qua
262 2335 369 2369 veluti
385 2334 568 2378 dirigenda
584 2333 627 2366 sit
641 2333 753 2365 navis:
781 2328 1070 2375 reprehendenda

85 2394 136 2422 est
154 2384 238 2419 hacc
253 2386 451 2419 animorum
468 2384 654 2424 mollicies,
682 2395 770 2428 quae
787 2379 991 2415 bominibus
1007 2382 1072 2415 do-

86 2438 150 2473 ctis
168 2437 312 2480 indigna
331 2443 400 2475 est,
429 2434 631 2480 praesertim
650 2435 685 2467 in
702 2432 856 2468 Ecclesia
874 2431 957 2470 Dei,
985 2445 1073 2477 quae

88 2489 152 2522 scit
175 2488 212 2521 in
237 2485 302 2521 hac
323 2487 395 2521 vita
419 2485 487 2520 sibi
511 2496 585 2518 non
602 2496 673 2518 esse
691 2491 819 2518 certam
837 2483 1074 2528 tranquillita-

88 2546 158 2573 tem
184 2539 411 2583 propositam.
464 2536 623 2571 Sciamus
646 2535 753 2578 igitur
774 2534 922 2567 omuino
939 2534 1073 2579 aliquid

91 2601 338 2623 aerumnarum
370 2587 610 2623 communium
642 2586 724 2619 ferri
751 2592 930 2629 oportere,
963 2586 1075 2619 unde-

91 2651 230 2685 cunque
250 2640 322 2674 sint
344 2641 398 2674 vel
416 2650 557 2678 causae,
583 2637 636 2669 vel
654 2636 765 2671 initia.
812 2633 858 2669 Et
874 2647 1074 2681 quanquam

91 2697 239 2735 possunt
265 2702 338 2724 esse
367 2691 456 2724 aliae
484 2688 667 2734 propiores
699 2684 886 2732 ἀφορμαὶ,
923 2693 956 2720 et
978 2687 1076 2731 quasi

144 2744 320 2775 Mena-ru.
341 2744 442 2775 Ona.
471 2743 552 2773 Vox..
572 2741 633 2774 xl.

721 132 880 170 DECL.
932 129 1006 168 DE
1040 125 1433 166 MACCABAEIS.

517 219 708 266 Reliquam
722 221 830 264 igitur
846 225 979 264 partem
997 214 1056 249 bi-

2024 129 2098 166 722

1110 214 1224 253 venti,
1254 214 1383 260 quibus
1406 213 1522 248 subito
1548 213 1685 248 excitati
1709 220 1790 249 sunt
1813 211 1850 247 hi
1874 214 2016 249 fluctus:
2044 222 2097 249 ta-

1109 277 1190 298 men
1218 264 1371 310 aliquam
1405 276 1477 297 esse
1508 276 1665 305 causam,
1700 277 1761 298 sua
1795 266 1943 310 quisque
1969 266 2097 300 scelera

1108 316 1349 349 communium
1368 314 1602 349 calamitatum
1621 316 1715 349 sciat.
1768 315 1816 350 Ut
1835 323 1950 349 autem
1966 317 2008 349 dc
2026 315 2097 349 Ae-

1107 363 1228 399 schine
1256 365 1342 398 dicit
1366 362 1638 406 Demosthenes,
1666 366 1758 399 serio
1792 378 1872 400 eum
1899 379 1994 400 nunc
2019 373 2097 410 post

1105 416 1238 449 bellum
1272 417 1356 449 dare
1386 415 1591 456 consilium,
1625 428 1704 450 cum
1734 424 1833 450 antea
1859 417 2023 451 tacuerit:
2057 429 2096 451 ac

1109 467 1257 511 perinde
1279 467 1411 507 facere,
1437 472 1477 499 ut
1498 467 1672 507 medicus,
1698 467 1758 511 qui
1782 480 1860 500 cum
1882 468 2014 502 viventi
2038 479 2097 501 ae-

1109 524 1208 560 groto
1223 516 1392 551 noluisset
1416 528 1518 559 opem
1539 516 1648 557 ferre,
1676 524 1792 560 postea
1815 530 1962 563 sequens
1979 519 2096 559 sunus,

1108 568 1253 609 dixerit,
1279 567 1317 601 Si
1335 565 1392 600 hic
1407 563 1515 600 homo
1531 567 1667 600 fecisset
1682 565 1747 600 hoc
1763 574 1795 600 et
1811 565 1894 608 hoc,
1921 581 1993 601 non
2009 569 2097 602 suis-

1108 625 1159 652 set
1175 625 1348 652 mortuus:
1378 617 1423 651 ita
1438 629 1534 651 nunc
1548 618 1651 650 multi
1667 619 1709 651 (le
1723 618 1801 650 aliis
1815 618 2004 662 disputant,
2025 631 2094 664 qua

1107 669 1349 703 moderatione
1363 669 1533 702 utendum
1549 668 1665 708 fuerit,
1690 669 1750 712 qui
1768 668 1833 712 ipsi
1850 669 1886 700 in
1904 681 1974 701 sese
1991 670 2095 702 etiarn

1109 720 1309 765 inquirant,
1341 726 1376 753 et
1396 731 1494 752 suam
1519 718 1767 752 conscientiam
1791 719 2023 762 interrogent,
2050 732 2095 752 an

1108 771 1210 815 culpa
1227 776 1376 804 careant.
1427 768 1526 803 Dixit
1542 769 1669 814 aliquis
1685 769 1722 802 in
1741 775 1835 802 tanta
1854 770 2002 812 caligine
2017 770 2095 813 opi-

1108 821 1256 855 nionum
1273 820 1409 866 aliquid
1427 820 1695 860 inconsiderate,
1716 820 1897 853 veritatem
1913 831 2093 865 quaerens,

1107 879 1147 906 ut
1163 869 1358 917 Aeschylus
1374 871 1576 914 gravissime
1592 870 1677 903 dicit
1693 882 1809 904 errare
1825 871 1925 903 illum
1943 882 2095 916 quoque,

1109 922 1170 968 qui
1202 922 1396 967 sapientior
1427 922 1471 955 sit
1500 921 1674 965 sapiente,
1717 917 1921 966 ἁμαρτάνει
1956 934 1993 954 τε
2032 919 2095 955 καὶ

1109 975 1230 1019 σοφοῦ
1268 968 1492 1019 σο([ιύτερος;
1535 978 1595 1004 aut
1626 970 1709 1004 fecit
1741 972 1875 1016 aliquid
1906 969 2095 1004 vehemen-

1107 1024 1177 1058 tius
1190 1051 1200 1064 ,
1226 1024 1310 1056 dum
1327 1023 1415 1065 sugit
1434 1022 1539 1057 idola.
1592 1020 1687 1064 Quid
1708 1028 1745 1054 tu
1762 1022 1891 1054 interea
1909 1020 2095 1065 Epicuree,

1107 1081 1168 1108 aut
1189 1073 1343 1119 Cynice‘?
1394 1072 1547 1105 Nullane
1580 1084 1618 1105 re
1648 1071 1761 1104 Deum
1795 1072 1999 1105 offendisti?
2036 1079 2096 1105 aut

1108 1124 1294 1158 defendisti
1313 1124 1420 1163 idola,
1447 1130 1506 1156 aut
1520 1122 1726 1167 adplausisti
1741 1123 1984 1156 defensoribus
2001 1123 2096 1166 turpi

1108 1175 1357 1208 assentatione:
1386 1173 1541 1218 pollutus
1564 1185 1599 1206 es
1624 1173 1851 1214 libidinibus,
1879 1180 1910 1206 et
1929 1173 2005 1205 aliis
2024 1185 2097 1206 sce-

1108 1226 1251 1259 leribus.
1305 1224 1424 1267 Quare
1440 1230 1474 1256 et
1488 1230 1520 1257 te
1539 1224 1648 1256 facem
1668 1223 1822 1268 aliquam
1841 1224 1947 1256 fuisse
1963 1223 2098 1267 publici

1108 1275 1266 1309 incendii
1295 1285 1479 1319 agnoscas,
1514 1285 1578 1307 nec
1607 1273 1746 1318 culpam
1780 1280 1916 1307 tantum
1948 1274 1985 1306 in
2011 1274 2098 1307 alios

1108 1326 1256 1362 derives,

1211 1400 1280 1435 Sed
1305 1408 1344 1434 ut
1362 1400 1539 1434 Homerus
1559 1412 1659 1445 saepe
1676 1399 1812 1445 inquit,
1839 1401 2024 1444 praeterita
2042 1413 2098 1434 re-

1109 1453 1330 1497 linquamuS,
1364 1449 1455 1486 ἀλλὰ
1485 1448 1531 1485 τὰ
1553 1448 1623 1495 μὲν
1645 1450 1904 1497 προτέῑυκται,
1941 1447 2098 1495 ἐάσομεν

1110 1499 1311 1547 ἀχνύμενοι
1335 1514 1416 1548 περι
1445 1508 1477 1535 et
1500 1501 1686 1535 consilium
1712 1502 1747 1534 iu
1772 1501 1967 1546 praesentia
1991 1514 2098 1546 quac-

1109 1564 1247 1593 ramus,
1278 1552 1362 1597 quid
1393 1553 1566 1594 agendum
1597 1552 1658 1592 sit,
1690 1552 1750 1596 qui
1775 1564 1914 1591 cursus,
1948 1564 2015 1597 qua
2039 1564 2100 1596 spe

1110 1603 1294 1638 tenendus.
1361 1601 1440 1645 Qua
1472 1603 1514 1635 de
1543 1614 1599 1643 re,
1642 1614 1686 1634 ne
1717 1603 1952 1635 adolescentes
1982 1615 2100 1636 neces-

1110 1654 1199 1687 saria
1222 1653 1337 1686 studia
1360 1652 1544 1694 abiiciant,
1579 1652 1713 1697 aliquid
1740 1653 1886 1686 omnino
1911 1653 2101 1685 dicendum

1111 1716 1182 1738 esse
1199 1703 1294 1736 duxi.

1214 1775 1261 1811 Et
1283 1777 1363 1822 quia
1387 1777 1542 1821 exempla
1569 1777 1664 1810 velut
1690 1777 1725 1809 in
1752 1776 1879 1810 illustri
1897 1778 2005 1820 posita
2026 1778 2101 1811 loco

1112 1827 1222 1871 magis
1243 1827 1431 1861 incurrunt
1452 1828 1488 1860 in
1509 1827 1648 1868 oculos,
1675 1827 1803 1860 similia
1820 1826 1997 1861 Ecclesiae
2015 1835 2103 1861 tcm-

1113 1890 1197 1923 pora
1229 1889 1448 1922 quaeramus.
1512 1876 1629 1911 Huius
1657 1878 1779 1911 aetatis
1809 1879 1997 1911 certamina
2029 1891 2103 1911 non

1114 1928 1298 1962 dissimilia
1321 1935 1403 1961 sunt
1424 1928 1729 1968 contentionibus,
1756 1940 1844 1973 quae
1867 1930 1909 1961 dc
1926 1930 2021 1962 cultu
2036 1928 2102 1962 Dei

1114 1980 1258 2013 fuerunt
1284 1977 1582 2012 B‘Iacliabaeorum
1615 1985 1783 2023 tempore.
1836 1978 1924 2012 Nam
1955 1980 2104 2012 manife-

1116 2038 1207 2065 stum
1232 2037 1299 2070 est,
1341 2030 1450 2063 multa
1473 2029 1630 2062 membra
1655 2030 1834 2063 doctrinae
1857 2030 2104 2063 ecclesiasticae

1116 2093 1205 2127 quae
1222 2087 1321 2114 antea
1338 2081 1525 2125 depravata
1543 2081 1698 2121 suerunt,
1727 2080 1762 2112 in
1777 2080 1843 2113 hac
1860 2081 2104 2114 emendatione

1117 2139 1208 2165 recte
1224 2131 1398 2164 illustrata
1415 2142 1496 2164 esse.
1549 2129 1649 2163 Ilanc
1667 2131 1778 2164 lucem
1796 2131 1976 2164 doctrinae
1992 2132 2106 2165 extin-

1118 2182 1176 2225 gui
1199 2182 1325 2215 volunt
1345 2182 1523 2215 idolorum
1547 2181 1760 2215 defensores.
1822 2180 1871 2215 Ut
1894 2182 2001 2225 igitur
2021 2188 2106 2215 tunc

1119 2230 1347 2273 Machabaei,
1373 2239 1407 2265 et
1430 2232 1491 2277 qui
1516 2243 1595 2264 cum
1621 2232 1668 2264 eis
1689 2232 1902 2272 sentiebant,
1927 2243 1988 2265 suo
2010 2233 2108 2277 quis-

1120 2295 1187 2329 que
1219 2283 1318 2321 loco,
1351 2283 1552 2322 veritatem,
1586 2283 1644 2315 alii
1674 2283 1773 2315 iustis
1797 2283 1903 2315 armis
1927 2283 1961 2315 in
1987 2284 2109 2315 desen-

1121 2335 1220 2368 sione
1248 2334 1441 2366 necessaria
1471 2333 1606 2377 patriae
1637 2334 1926 2376 propugnabant,
1960 2333 2019 2366 alii
2043 2335 2111 2366 do-

1122 2385 1232 2419 cendo
1254 2385 1392 2416 tradere
1409 2384 1648 2427 incorruptam
1666 2383 1813 2427 posteris
1831 2384 2033 2417 studebant:
2064 2385 2111 2417 ita

1123 2448 1218 2469 nunc
1235 2447 1298 2468 suo
1313 2434 1460 2479 quisque
1477 2434 1553 2467 loco
1571 2434 1751 2467 veritatem
1770 2434 1896 2474 discat,
1923 2435 2112 2478 amplecta-

1123 2495 1201 2527 tur,
1244 2491 1337 2519 amet
1362 2492 1394 2518 et
1429 2490 1581 2520 tueatur,
1642 2482 1693 2517 Ac
1726 2492 1840 2519 vetera
1872 2485 1931 2517 illa
1954 2484 2112 2527 exempla

1125 2539 1255 2571 ducum
1297 2542 1329 2569 et
1365 2534 1565 2569 docentium
1603 2535 1791 2578 diligenter
1826 2535 2114 2578 contemplemur,

1126 2599 1234 2633 quam
1258 2587 1300 2620 ad
1327 2598 1399 2619 rem
1422 2585 1614 2619 necessaria
1638 2593 1687 2619 cst
1709 2586 1940 2619 consideratio
1966 2585 2115 2627 dissipa-

1129 2638 1238 2673 tionis
1261 2637 1439 2682 publicae‚
1468 2649 1555 2681 quae
1578 2644 1652 2670 tum
1674 2636 1742 2670 suit
1762 2637 1796 2669 in
1821 2636 1881 2669 illo
1901 2647 2005 2676 regno
2023 2634 2116 2667 divi-

1138 2689 1234 2723 nitus
1250 2688 1451 2722 constituto.
1503 2687 1583 2722 Duo
1599 2688 1692 2721 inter
1707 2699 1741 2721 se
1757 2687 1822 2719 viri
1838 2685 2056 2719 audacissimi
2075 2685 2118 2717 de

1434 2737 1491 2772 45
