2338 2958
182 149 252 184 491
658 133 824 172 DECL.
864 131 939 169 DE
974 126 1418 168 RESTITUENDIS
1453 124 1732 164 SCHOLxS.

2146 127 2219 163 492

184 236 244 269 sed
275 231 435 267 omnium
469 225 619 261 maxime
646 222 798 256 salutare
831 232 871 254 eo
899 225 1072 268 tempore:
1103 216 1172 250 fuit
1221 214 1308 249 scire
1335 219 1468 252 veteres
1494 210 1747 257 Apostolorum
1778 213 1983 255 sententias,
2020 213 2109 248 scire
2142 226 2222 260 pers

184 285 278 319 enim
295 282 456 317 hortator
478 275 656 310 faciendae
674 271 884 312 deditionis,
910 276 1013 314 atque
1031 268 1078 302 ita
1100 279 1173 301 ser-

185 336 280 370 vavit
298 331 462 376 reliquias
484 325 597 370 gentis
609 351 618 365 ,
644 335 723 357 cum
741 322 802 355 alii
821 328 921 355 antea
937 319 1092 363 depulsis
1107 316 1174 351 bo-

186 387 296 420 stibus
324 380 471 426 patriam
507 380 712 410 servassent.
775 372 859 406 Ideo
887 382 968 405 cum
996 367 1054 403 hic
1081 381 1175 402 novo

189 433 345 477 exemplo
363 428 580 464 deditionem
594 426 766 462 suaderet,
792 434 880 468 quae
899 421 1085 454 videbatur
1100 427 1176 453 tur-

188 487 241 532 pis
267 491 301 517 et
324 481 487 519 exitiosa,
512 477 613 511 valde
641 480 863 518 contemptus
887 479 939 506 est
959 483 977 505 a
993 469 1178 505 Pontifici-

190 540 266 571 bus.
321 533 389 567 Sed
415 530 510 564 Deus
535 539 608 561 non
632 524 796 559 humanis
819 522 994 563 consiliis,
1027 522 1086 555 sed
1115 532 1177 554 suo

189 588 361 631 gubernat
375 579 577 618 Ecclesiam,
603 577 756 619 castigat,
782 582 814 608 et
829 574 1028 617 castigatam
1048 571 1181 605 miran—

191 638 245 672 dis
270 634 385 668 modis
409 630 574 665 restituit.
629 627 725 670 Quid
751 626 788 658 in
812 625 916 658 exilio
938 620 1182 667 Babylonico?

192 701 235 722 an
252 695 336 721 tunc
352 684 540 718 defuerunt
555 676 719 712 scholae?
771 675 846 708 Imo
862 686 942 708 cum
960 672 1093 706 Iudaici
1110 671 1182 705 Re-

192 750 249 782 ges
270 748 342 770 non
364 734 531 768 aluissent
545 729 732 765 Doctores,
760 725 828 758 iam
846 725 945 758 alunt
960 721 1184 768 Babylonici.

192 787 320 823 Daniel
337 796 415 819 cum
432 780 574 824 collegis
597 777 794 811 instituitur
809 775 969 810 doctrina
986 771 1185 808 Chaldaeo-

194 852 292 880 rum,
329 837 387 869 sed
415 832 586 868 vicissim,
623 826 717 861 hunc
747 833 863 871 postea
885 825 999 869 Reges
1024 823 1185 857 omnium

195 888 359 926 maximi,
392 892 558 927 tanquam
585 878 768 922 discipuli,
800 876 968 916 audiunt,
994 874 1187 917 Nabugdo-

197 952 320 979 nosor,
345 928 638 970 Evilmerodach,
674 927 820 966 Darius,
854 926 982 960 Medus
1006 932 1039 959 et
1063 923 1188 981 Cyrus.

197 992 312 1035 Quem
330 988 446 1020 virum
462 996 502 1017 ex
520 981 684 1015 omnibus
701 979 872 1012 aetatibus
888 976 1073 1010 nominare
1092 986 1190 1020 quis-

197 1053 301 1088 quam
332 1042 463 1082 potest,
490 1032 550 1079 qui
572 1037 687 1065 tantos
703 1027 828 1062 heroas
847 1027 1038 1071 discipulos
1057 1024 1190 1059 habue-

198 1093 267 1127 rit?
295 1090 378 1123 Post
391 1084 575 1120 Danielem
594 1081 784 1115 extiterunt
800 1076 929 1112 Esdras
946 1084 978 1111 et
990 1073 1191 1114 Nehcmias‚

201 1143 261 1189 qui
280 1140 471 1183 attigerunt
483 1131 675 1168 Alexandri
692 1129 898 1163 Macedonis
914 1134 1071 1161 aetatem.
1107 1125 1191 1181 Post

200 1191 442 1229 Alexandrum
459 1185 610 1219 celebrat
626 1182 716 1213 liber
733 1177 857 1212 Sirach
875 1178 1058 1211 Simonem
1075 1173 1192 1231 Ontae

201 1246 336 1280 filium,
396 1237 457 1282 qui
497 1232 679 1267 doctrinae
729 1229 917 1273 puritatem
962 1232 1194 1260 conservavit.

201 1293 339 1330 Deinde
362 1287 466 1333 paulo
490 1290 569 1318 ante
594 1278 889 1315 Machabaeorum
916 1284 1089 1322 tempora,
1116 1286 1193 1307 cum

203 1342 389 1380 Pontifices
415 1340 587 1371 certarent
619 1332 712 1365 inter
735 1341 769 1362 se
794 1328 1007 1368 ambitione,
1041 1332 1196 1382 emerent

203 1392 452 1431 Pontificatum
476 1398 495 1419 a
511 1383 636 1417 vicinis
655 1381 832 1424 Regibus,
859 1379 1056 1412 doctrinam
1084 1377 1197 1433 negli-

204 1449 342 1492 gerent,
371 1437 532 1481 collapsis
548 1431 699 1472 scholis,
726 1442 893 1474 magnum
911 1429 1042 1464 vulnus
1067 1433 1198 1470 accepit

206 1495 347 1539 religio:
377 1489 490 1523 voluit
508 1494 624 1520 tamen
643 1482 738 1517 Deus
757 1492 934 1526 superesse
958 1479 1092 1524 aliquas
1114 1477 1199 1511 reli-

207 1547 318 1594 quias,
371 1535 582 1575 Machabaei
604 1535 832 1568 restituerunt
853 1530 1062 1565 doctrinam.
1116 1528 1199 1584 Post

208 1598 272 1632 bos
297 1593 406 1628 crevit
429 1585 647 1633 impudentia
671 1584 720 1630 in(
737 1582 868 1627 populo
893 1580 976 1621 Dei,
1008 1579 1200 1623 repudiatis

208 1643 464 1691 Prophetarum
496 1634 756 1672 monumentis,
794 1637 985 1675 coeperunt
1017 1627 1199 1685 prophana

209 1696 350 1732 {noenia
374 1702 490 1726 amare
509 1688 679 1721 Graecam
697 1680 980 1726 Philosophiam,
1008 1678 1090 1713 hinc
1115 1686 1202 1712 exti-

209 1725 329 1784 tei³unt
345 1750 455 1778 sectae
471 1740 629 1773 diversae
640 1733 908 1769 Pharisaeorum
924 1739 957 1766 et
976 1731 1202 1787 Zadducan:

211 1811 309 1838 rum,
351 1793 411 1840 qui
443 1791 558 1836 palam
589 1785 804 1831 Epicuraeas
841 1783 1026 1828 opiniones
1058 1781 1204 1825 professi

211 1857 304 1885 sunt.
358 1845 480 1888 ltaque
503 1851 583 1874 cum
608 1837 670 1871 diu
693 1833 884 1868 horribiles
901 1839 1015 1867 essent
1038 1832 1204 1865 tenebrae

214 1903 250 1935 in
273 1896 405 1944 populo
423 1892 508 1932 Dei,
535 1899 655 1923 rursus
678 1885 840 1920 excitavit
863 1884 957 1918 Deus
980 1880 1116 1936 scholas
1141 1893 1204 1924 per

215 1952 383 1986 loannem
408 1942 620 1987 Baptistam,
647 1937 775 1971 deinde
801 1947 862 1980 per
883 1932 1077 1968 Christum.
1129 1931 1205 1965 Hos

215 2000 380 2037 habuisse
413 1991 639 2029 scholasticos
673 1994 812 2027 coetus,
847 1984 992 2019 historia
1020 1982 1205 2025 Evangelii

217 2065 289 2087 non
315 2050 461 2084 obscure
487 2047 643 2078 testatur.
697 2038 819 2071 Postea
837 2036 993 2080 exempla
1013 2031 1207 2089 Propheta-3

218 2115 315 2142 rum,
351 2106 384 2132 et
408 2094 568 2132 loannis,
603 2103 641 2124 ac
665 2087 798 2123 Christi
827 2087 1011 2121 imitantur
1035 2083 1208 2130 Apostoli.

220 2154 306 2188 Nam
332 2149 396 2183 bos
418 2156 558 2192 quoque
583 2152 699 2175 sumas
725 2137 860 2173 scholas
884 2135 1046 2170 habuisse
1066 2142 1208 2180 apparet

220 2218 258 2239 ex
278 2203 439 2236 lrcnaeo,
467 2196 526 2241 qui
544 2195 592 2227 ait
609 2191 774 2225 loannem
794 2187 957 2221 habuisse
973 2187 1131 2220 assiduos
1147 2198 1209 2219 an-

220 2256 350 2288 ditores
366 2249 505 2287 multos,
530 2252 560 2278 et
582 2244 616 2276 iu
635 2240 689 2276 his
708 2241 954 2286 Polycarpum.
1008 2238 1112 2271 Hunc.
1132 2249 1207 2269 mo·
1232 2230 1236 2297 ἦ

222 2318 292 2339 rom
316 2308 432 2347 postea
460 2295 607 2331 servavit
634 2300 665 2326 et
693 2292 764 2336 ipse
792 2290 1005 2335 Poly-carpus
1029 2290 1212 2333 Smyrnae.
1234 2300 1235 2305 ¹

224 2356 304 2391 Fuit
328 2360 442 2386 autem
463 2343 783 2392 frequentissimum
805 2341 1039 2386 Gymnasium
1060 2338 1211 2372 ¹Xlexan-
1235 2361 1237 2387 ἲ

223 2406 338 2443 driae,
365 2415 403 2435 cx
422 2412 490 2446 quo
509 2397 617 2431 multa
636 2393 767 2427 lumina
789 2390 963 2426 Ecclesiae
986 2397 1102 2423 exorta
1121 2396 1212 2423 sunt.
1236 2397 1237 2409 ¹

227 2457 311 2491 lude
335 2453 564 2486 mittebantur
588 2453 741 2491 pastores
765 2444 806 2476 ad
827 2440 997 2475 Ecclesiae
1017 2441 1211 2473 vicinarum

226 2507 420 2548 regionum.
448 2500 522 2533 llae
538 2496 675 2531 scholae
693 2493 1021 2528 consulebanturde
1037 2491 1212 2525 doctrina:

227 2559 274 2592 ibi
301 2556 394 2589 enirn
421 2552 583 2584 extabant
607 2545 805 2581 testimonia
832 2545 1036 2585 dogmatum
1055 2544 1099 2576 ab
1117 2540 1214 2586 Apo-
1238 2562 1239 2566 ,

227 2608 326 2644 stolis
356 2610 514 2646 accepta,
557 2607 594 2632 ut
626 2605 719 2631 certo
751 2602 946 2634 constaret,
980 2606 1068 2638 quae
1096 2593 1214 2626 suisset

228 2656 416 2704 apostolica
435 2651 615 2686 sententia.
659 2647 817 2691 Cogitate
836 2653 950 2679 autem
960 2657 1064 2689 quam
1081 2650 1214 2687 gratum

229 2712 313 2755 piis,
346 2717 450 2751 quam
485 2701 569 2735 utile
595 2701 698 2732 fucrit
734 2699 775 2730 ad
808 2697 1046 2729 confimandas
1073 2690 1244 2731 mentcs‚'1

1223 276 1311 310 quos
1329 270 1468 297 autores
1488 270 1674 307 propagata
1694 264 1854 297 doctrina
1878 265 1994 300 suerit.
2053 264 2218 299 Clemens

1225 315 1273 349 ait
1290 327 1326 348 se
1341 319 1570 359 pervagatum
1590 324 1664 347 esse
1679 320 1787 346 totam
1805 311 1937 355 Asiam,
1963 322 1996 348 et
2014 316 2057 348 de
2075 315 2218 360 singuli.

1227 366 1410 399 doctrinae
1453 363 1612 398 articulis
1647 363 1865 397 consuluisse
1897 365 2054 399 eruditos
2086 367 2220 412 ubique

1229 417 1297 450 Sed
1326 421 1512 460 postquam
1538 414 1634 447 venit
1651 413 1923 454 Alexandriam,
1950 415 2055 450 fuisse
2078 428 2114 450 se
2133 429 2219 451 con-

1230 473 1366 500 tentum
1393 465 1524 498 iudicio
1550 463 1739 503 Pantaeni‚
1773 476 1878 509 quem
1901 464 1949 498 ait
1967 467 2163 502 eruditione
2187 474 2220 501 et

1232 518 1358 562 pietate
1376 515 1503 549 eximia
1521 515 1718 560 praeditum
1742 515 1865 553 fuisse,
1891 526 1929 548 ac
1945 522 2107 549 ornatum
2124 518 2221 552 testi·

1233 568 1362 600 moniis
1383 566 1537 610 Spiritus
1557 566 1687 605 sancti,
1713 558 1774 599 set'i
1800 565 1990 600 miraculis.
2045 565 2092 601 Ut
2116 567 2222 611 igitur

1235 617 1299 651 hae
1325 615 1464 651 scholae
1489 618 1533 649 ab
1559 615 1740 659 Apostolis
1764 614 1948 649 inchoatae
1972 628 2223 651 conservaren-

1234 677 1311 709 tur,
1346 667 1504 711 Collegia
1533 667 1569 699 in
1592 664 1758 700 Ecclesiis
1781 666 2036 711 Episcoporum
2066 667 2226 702 instituta

1236 726 1335 758 sunt,
1361 725 1394 752 et
1415 718 1543 751 donata
1563 717 1668 752 victu.
1722 716 1792 751 Sed
1809 724 1992 762 postquam
2009 729 2092 762 opes
2107 730 2226 752 creve-

1236 776 1340 809 runt,
1380 768 1419 800 in
1448 766 1614 810 Collegiis
1643 767 1803 801 doctrina
1832 768 1982 802 extincta
2009 775 2068 802 est.
2129 768 2228 812 Quid

1238 820 1333 853 enim
1349 830 1444 851 nunc
1461 825 1542 851 sunt
1557 818 1617 850 illa
1633 818 1771 861 agmina
1781 817 2056 859 Canonicorum,
2083 818 2151 852 nisi
2172 831 2229 852 so-

1239 871 1333 903 dales
1356 868 1496 913 Apicii?
1523 867 1684 911 Quarum
1708 880 1825 902 rerum
1848 870 1964 903 studia
1989 869 2026 902 in
2053 868 2123 903 illis
2144 869 2229 903 locis

1239 922 1397 965 vigeant,
1425 931 1497 952 non
1517 919 1704 962 ignoratis,
1730 920 1790 953 sed
1807 920 1850 953 de
1865 917 1919 954 bis
1935 932 2008 953 non
2026 920 2139 953 dicam
2161 917 2229 954 hoc

1240 980 1408 1014 tempore.
1462 968 1647 1003 Caeterum
1666 966 1750 1002 baec
1767 976 1835 1003 tarn
1851 970 1955 1014 longa
1975 982 2229 1004 commemora-

1242 1023 1289 1056 tio
1322 1022 1364 1054 de
1394 1018 1608 1065 propheticis
1639 1026 1672 1053 et
1707 1020 1909 1064 apostolicis
1936 1020 2135 1054 Academiis
2161 1033 2230 1065 quo

1243 1071 1437 1117 pertinuit?
1472 1069 1565 1105 Illud
1588 1071 1772 1103 ostendere
1793 1071 1973 1111 volebam,
1998 1069 2073 1104 Deo
2098 1071 2233 1115 placere

1243 1121 1544 1155 conservationem
1568 1118 1785 1159 scholarum,
1814 1133 1878 1154 nec
1901 1133 2000 1164 posse
2022 1121 2148 1154 florere
2164 1119 2234 1155 Ec-

1243 1171 1364 1204 clesias
1387 1170 1463 1202 sine
1494 1167 1643 1209 scholis,
1670 1176 1703 1203 et
1729 1170 1872 1215 quidem
1896 1183 2021 1214 magna
2046 1172 2174 1204 artium
2196 1183 2235 1205 ac

1245 1222 1427 1254 literarum
1447 1220 1612 1254 varietate
1639 1231 1728 1263 opus
1748 1228 1808 1255 est.
1860 1220 1948 1254 Nam
1976 1221 2080 1254 etiam
2103 1222 2154 1254 illi
2175 1234 2235 1255 ve-

1245 1280 1334 1306 teres
1351 1267 1608 1314 Prophetarum
1625 1270 1814 1308 auditores,
1842 1271 1905 1304 etsi
1923 1271 2107 1316 praecipue
2123 1271 2235 1305 disce-

1247 1324 1330 1355 bant
1345 1321 1506 1354 coelestia
1523 1320 1662 1353 oracula
1675 1347 1685 1360 ,
1705 1327 1821 1353 tamen
1838 1321 1923 1354 alias
1939 1330 2030 1354 artes
2051 1323 2155 1355 etiam
2173 1324 2236 1356 ad-

1248 1372 1461 1416 iungebant,
1500 1371 1682 1404 discebant
1716 1371 1851 1416 aliquid
1880 1373 1922 1405 de
1951 1379 2076 1406 natura
2108 1384 2238 1413 rerum,

1248 1423 1463 1469 quaerebant
1489 1418 1674 1462 historias,
1701 1421 1760 1454 alii
1789 1421 1980 1463 Musicam,
2006 1423 2065 1455 alii
2087 1421 2240 1457 Medici-

1249 1486 1331 1507 nam
1354 1472 1621 1517 profitebantur.
1676 1471 1725 1506 lta
1749 1484 1843 1516 nunc
1866 1473 1992 1506 videtis
2017 1473 2091 1507 sine
2116 1473 2239 1514 literis,

1249 1525 1324 1558 sine
1348 1524 1549 1566 linguarum
1576 1523 1795 1565 cognitione,
1829 1524 1904 1557 sine
1927 1522 2137 1564 Dialectica,
2163 1525 2239 1558 sine

1250 1576 1367 1619 aliqua
1388 1573 1524 1606 liberali
1544 1574 1763 1614 eruditione,
1791 1575 1945 1617 profecto
1965 1574 2140 1608 neminem
2159 1575 2241 1608 satis

1252 1626 1418 1658 idoneum
1435 1635 1506 1656 esse
1525 1625 1566 1655 ad
1585 1624 1808 1666 explicandas
1826 1625 2081 1658 controversias
2101 1626 2241 1668 religio-

1252 1677 1316 1709 nis.
1370 1672 1465 1716 Ergo
1490 1674 1525 1706 in
1555 1671 1683 1706 scholis
1708 1674 1896 1707 multarum
1922 1675 2051 1708 artium
2078 1676 2242 1710 exercitia

1253 1725 1411 1759 instituta
1429 1732 1529 1764 sunt,
1552 1736 1699 1769 quarum
1723 1724 1907 1770 pleraeque
1927 1725 1989 1759 etsi
2011 1725 2242 1771 multiplicem

1255 1777 1290 1809 in
1310 1776 1378 1809 vita
1398 1786 1499 1808 usum
1524 1772 1676 1815 habent,
1702 1781 1818 1808 tamen
1842 1775 2026 1820 praecipue
2040 1778 2243 1812 conducunt

1254 1828 1296 1860 ad
1329 1825 1591 1859 ecclesiasticam
1619 1825 1813 1859 doctrinam
1837 1826 2097 1861 illustrandam.
2149 1826 2244 1861 Haec

1255 1889 1333 1910 cum
1357 1876 1404 1909 ita
1427 1876 1516 1913 sint,
1544 1888 1622 1909 cum
1647 1873 1786 1909 scholae
1809 1878 2020 1910 necessariae
2037 1877 2106 1911 sint
2122 1875 2245 1912 Eccle-

1256 1928 1333 1966 siis,
1360 1926 1614 1959 ardentissimis
1642 1927 1730 1959 votis
1755 1934 1874 1971 optare
1889 1939 2010 1961 ‹imnes
2033 1928 2080 1972 pii
2102 1929 2246 1968 debent,

1258 1985 1295 2012 ut
1314 1977 1409 2011 Deus
1431 1977 1595 2010 exuscitet
1613 1976 1818 2020 Principum
1839 1978 1975 2011 animos
1991 1979 2033 2012 ad
2058 1980 2246 2013 restituen-

1258 2033 1318 2063 das
1336 2036 1366 2062 et
1386 2029 1563 2062 ornandas
1583 2027 1808 2068 Academias,
1833 2030 1875 2062 ad
1901 2029 2082 2063 excitanda
2106 2037 2138 2064 et
2164 2042 2246 2074 pro—

1259 2078 1415 2112 vehenda
1442 2079 1621 2112 literarum
1641 2091 1679 2112 ac
1698 2079 1870 2112 bonarum
1887 2079 2154 2124 disciplinarum
2174 2088 2249 2115 stu-

1259 2130 1328 2164 dia.
1380 2130 1541 2174 Cumque
1560 2141 1597 2162 ca
1613 2129 1647 2162 in
1668 2142 1704 2162 re
1722 2130 1889 2174 optimam
1910 2131 2125 2165 voluntatem
2144 2131 2248 2165 Priu-

1260 2194 1338 2224 ceps
1357 2178 1516 2214 Marchio
1537 2181 1744 2219 ostenderit,
1772 2181 1939 2224 gratulari
1961 2179 2051 2215 banc
2076 2183 2247 2217 foelicita-

1261 2240 1328 2265 tem
1352 2231 1502 2275 llcipub.
1528 2231 1710 2270 debemus,
1740 2242 1777 2264 ac
1803 2232 1935 2275 precari
1961 2231 2094 2270 Deum,
2121 2241 2160 2267 ut
2185 2245 2248 2267 au-

1261 2283 1377 2327 spiciis
1403 2281 1667 2315 honestissimae
1693 2289 1796 2327 atque
1820 2283 2026 2317 utilissimae
2050 2285 2097 2317 rei
2124 2284 2248 2319 faveat.

1264 2333 1423 2367 Profecto
1444 2333 1567 2366 melius
1590 2334 1633 2365 de·
1658 2333 1729 2365 suis
1754 2333 1893 2377 populis
1921 2341 1952 2368 ct
1979 2336 2022 2368 de
2047 2341 2116 2369 tota
2136 2343 2248 2379 poste—

1265 2386 1364 2418 ritate
1388 2382 1451 2417 hac
1476 2384 1512 2416 in
1536 2396 1572 2417 re
1597 2391 1768 2422 meretur,
1795 2396 1899 2428 quam
1924 2385 1951 2417 si
1973 2397 2082 2419 novas
2099 2385 2174 2419 auri
2193 2397 2248 2419 ar-

1264 2436 1357 2477 genti
1385 2447 1490 2468 venas
1512 2442 1579 2467 tam
1606 2435 1734 2477 largas,
1763 2447 1867 2479 quam
1895 2436 2036 2470 fuerunt
2056 2447 2162 2469 venae
2181 2435 2250 2481 Ly-

1235 2489 1240 2522 ι’,
1264 2487 1358 2522 «tiae,
1384 2486 1607 2531 quacCroesi
1632 2497 1715 2531 opt-s
1737 2492 1918 2529 tantopere
1940 2494 2124 2523 auxerant.
2152 2499 2252 2530 repe-

1267 2539 1361 2571 rirvt.

1416 2536 1490 2570 lloc
1511 2549 1638 2569 munus
1655 2536 1836 2581 praecipue
1854 2536 1982 2580 flagitat
2000 2536 2092 2570 Deus
2112 2550 2129 2570 a
2149 2537 2251 2571 Prin-

1266 2589 1411 2632 cipibus,

1465 2586 1546 2620 ldeo
1570 2588 1662 2620 enim
1688 2586 1782 2620 Deus
1807 2587 1848 2619 ad
1874 2587 2071 2620 societatem
2093 2589 2252 2623 condidit

1268 2637 1446 2675 homines.
1479 2646 1516 2672 ut
1541 2638 1600 2671 alii
1633 2639 1719 2671 alios
1746 2637 1788 2669 dc
1821 2637 1990 2680 religione
2015 2640 2180 2677 doceant,
2215 2647 2251 2673 ut

1268 2692 1411 2734 quidam
1430 2689 1672 2723 venustissime
1687 2688 1840 2732 scripsit·
