2338 2958
158 140 232 178 851

165 238 221 262 res
247 236 324 259 non
352 220 421 256 fuit
447 214 637 252 mediocris
665 212 820 252 laboris,
854 211 1062 257 praesertim
1085 223 1164 245 cum

167 276 335 322 empirica
355 269 536 307 Medicina
560 266 635 300 sola
658 265 697 298 in
715 275 782 298 usu
799 270 898 299 esset.

260 325 313 361 De
327 320 529 367 eloquentia
544 324 662 352 autem
675 315 880 350 Avicennae
895 311 990 347 nihil
1007 311 1167 346 iudicare

168 387 375 426 possumus,
409 370 549 416 scripsit
573 368 668 402 enim
694 365 846 401 Arabica
873 365 1013 409 lingua,
1047 370 1081 397 et
1103 375 1169 396 na-

171 438 246 466 ctus
263 433 314 461 est
335 424 488 458 latinum
512 422 759 464 interpretem,
786 417 907 464 quales
926 415 1054 449 habuit
1073 414 1168 448 istud

174 480 348 517 seculum,
372 475 435 521 qui
458 473 535 507 sine
559 470 670 505 dubio
695 470 825 503 multas
849 469 1003 502 illustres
1030 476 1172 500 senten-

173 533 240 566 tias
268 526 484 563 inconcinna
517 521 809 567 interpretatione
835 518 1048 554 obscuravit.
1101 515 1174 550 Nec

175 588 263 617 esset
279 578 422 614 difficile
439 576 514 610 eius
528 575 579 609 rei
596 573 752 617 exempla
770 573 976 617 producere,
999 568 1068 602 nisi
1085 575 1174 602 tem-

175 632 272 680 poris
290 629 464 665 brevitate
483 626 761 661 excluderemur.
807 620 986 657 Adhibuit
1001 626 1116 654 autem
1137 619 1174 651 in

178 682 365 719 scribendo
382 677 479 714 hunc
496 679 669 712 delectum
682 702 691 715 ,
716 681 753 708 ut
769 674 901 719 optima
919 682 1079 718 quaeque
1096 677 1177 704 tan-

178 744 253 771 tum
282 738 498 776 excerperet,
536 740 625 774 quae
654 733 724 760 tam
754 731 913 759 accurate
940 722 1102 767 digessit,
1138 727 1176 754 ut

179 787 255 832 ipsa
278 783 415 818 ordinis
438 778 658 815 concinnitas
687 778 852 810 lectorem
891 782 926 809 et
957 774 1108 807 invitare
1146 778 1179 805 et

182 837 341 872 detinere
356 833 476 879 possit.
523 829 678 865 Orditur
693 828 787 861 enim
803 834 913 862 artem
930 838 947 858 a
966 825 1092 871 primis
1109 823 1180 857 ini-

181 889 240 924 tiis
258 895 292 922 et
308 884 509 924 elementis,
536 892 682 926 eamque
701 879 784 913 inde
808 890 871 923 per
890 882 1181 922 temperamenta,

182 938 350 974 humores
374 943 407 970 et
436 933 592 977 singulas
624 939 739 976 partes
761 929 920 974 corporis
944 926 1092 962 humani
1118 927 1182 959 de-

184 990 301 1028 ducit,
328 994 369 1022 ut
393 987 467 1031 ipse
493 985 581 1018 ordo
599 994 762 1027 magnam
780 982 894 1015 lucem
912 981 1018 1013 rebus
1038 978 1184 1012 adferat.

185 1041 325 1077 Deinde
360 1036 577 1072 universales
613 1041 646 1067 et
679 1033 909 1079 particulares
944 1031 1109 1070 morbos,
1151 1035 1185 1062 et

187 1093 346 1137 ipsorum
370 1099 509 1126 causas,
537 1086 682 1119 modum
709 1083 963 1128 generationis,
996 1080 1129 1114 indicia
1152 1086 1185 1113 et

188 1142 388 1178 curationes
410 1140 458 1173 ita
484 1137 666 1182 perspicue
689 1135 856 1180 explicat,
889 1140 930 1167 ut
955 1133 1065 1166 lector
1093 1128 1186 1164 nihil

187 1194 338 1229 ulterius
361 1191 528 1236 requirat.
590 1187 666 1221 Hac
696 1187 789 1219 enim
814 1192 846 1219 et
872 1183 1130 1228 simplicissima
1154 1188 1187 1215 et

189 1244 341 1279 maxime
366 1242 548 1287 perspicua
566 1236 733 1271 methodo
757 1236 887 1276 utitur,
913 1247 975 1268 ceu
994 1234 1054 1267 filo
1073 1234 1117 1267 ad
1133 1244 1190 1265 re-

192 1296 346 1341 gendum
376 1294 563 1331 lectorem,
598 1301 642 1322 ne
669 1299 816 1334 usquam
839 1299 856 1320 a
878 1285 1060 1331 proposito
1087 1285 1190 1318 aber-

190 1355 264 1388 ret,
290 1346 386 1391 quod
412 1342 543 1377 alicubi
570 1341 608 1374 in
628 1340 778 1374 lectione
793 1337 923 1372 Galeni
939 1335 1192 1370 animadvertit

193 1395 473 1443 imperitioribus
490 1393 658 1427 accidere.
710 1391 791 1424 Non
807 1396 922 1423 autem
942 1386 1009 1422 hoc
1026 1400 1088 1421 suo
1105 1386 1191 1420 scri-

192 1457 252 1496 pto
269 1448 446 1482 studiosos
461 1458 479 1479 a
494 1444 645 1478 lectione
655 1441 782 1476 Galeni
799 1437 978 1474 retrahere
989 1439 1112 1480 voluit,
1131 1437 1191 1471 sed

193 1500 304 1544 magis
321 1499 488 1532 invitare:
516 1502 555 1530 ut
569 1494 681 1528 sciant
698 1506 768 1539 quo
786 1492 945 1536 singulae
962 1497 1087 1536 partes,
1106 1500 1193 1535 quas

195 1552 355 1587 Galenus
373 1548 522 1593 singulis
540 1546 643 1580 libris
660 1545 830 1590 explicat,
855 1544 1060 1577 referendae
1084 1541 1167 1575 sint.

299 1601 407 1646 Quod
424 1612 506 1633 vero
524 1599 567 1632 ad
585 1597 784 1631 curationes
798 1595 1005 1629 morborum
1028 1600 1062 1626 et
1080 1603 1195 1625 reme-

196 1655 253 1689 dia
277 1654 420 1690 attinet,
454 1651 558 1693 longe
582 1647 695 1681 vincit
717 1657 858 1685 omnes,
892 1645 951 1690 qui
975 1651 1055 1678 ante
1076 1643 1193 1687 ipsum

196 1706 432 1750 scripserunt,
467 1708 571 1746 atque
595 1697 685 1732 hanc
711 1698 850 1731 landem
875 1697 961 1730 citra
989 1701 1196 1728 controver-

198 1758 285 1791 siam
302 1757 346 1789 ab
360 1753 527 1788 omnibus
543 1751 637 1784 sanis
655 1747 779 1782 habet:
808 1747 946 1781 tametsi
965 1747 1109 1792 quidam
1129 1742 1196 1778 ho-

198 1809 274 1847 die,
310 1806 371 1852 qui
396 1804 496 1837 nullo
521 1814 587 1835 usu
612 1800 698 1834 artis
724 1808 905 1844 praecepta
930 1798 1196 1834 confirmarunt,

200 1856 384 1893 vociferari
400 1856 568 1889 adversus
586 1865 664 1886 eum
684 1863 755 1884 non
776 1851 955 1884 desinunt.
991 1848 1062 1893 lpsi
1079 1855 1196 1881 tamen

199 1910 352 1945 remedia
377 1909 419 1941 de
441 1906 549 1939 verbo
575 1916 615 1937 ex
638 1903 748 1948 ipsius
779 1902 872 1935 libro
897 1901 1123 1940 describunt,
1159 1910 1198 1932 ac

200 1961 348 2007 perinde
369 1958 523 1994 faciunt,
550 1962 589 1989 ut
614 1955 673 1988 ille
698 1955 735 1986 in
758 1954 877 1987 fabula
897 1953 940 1985 de
959 1952 1043 1984 vino
1066 1950 1197 1995 inquit:

202 2013 433 2056 limpor-ant,
474 2014 506 2041 et
533 2007 662 2041 bibunt
689 2013 817 2039 tamen.
878 2003 1061 2037 Praeterea
1094 2013 1199 2034 nemo

203 2077 265 2108 pro
283 2062 454 2106 dignitate
477 2058 595 2104 eloqui
622 2063 752 2101 potest,
787 2062 959 2101 quantum
990 2053 1199 2087 heneficium

206 2116 251 2148 sit
289 2113 513 2150 Avivennae,
559 2110 653 2154 qnod
691 2108 863 2141 rationem
901 2103 1202 2143 commonstravit,

204 2166 383 2211 quomodo
404 2163 495 2196 succi
517 2159 706 2194 herbarum
725 2171 804 2192 cum
825 2170 963 2191 saccaro
981 2156 1137 2196 decocti,
1165 2154 1201 2187 in

206 2218 350 2259 longum
372 2222 507 2258 tempus
525 2211 724 2245 conservari
746 2210 888 2254 possint.
945 2206 987 2242 Et
1011 2208 1104 2253 qnod
1131 2207 1203 2251 ipse

206 2268 340 2313 primns
375 2273 553 2299 cocturam
588 2263 717 2296 saccari
761 2273 801 2294 ex
836 2260 960 2293 cannis
995 2270 1204 2303 expressam,

207 2319 309 2364 quale.
333 2319 372 2350 ad
401 2329 463 2349 nos
485 2314 589 2348 hodic
614 2314 777 2350 affertur,
807 2312 966 2346 tradidit.
1021 2311 1203 2355 Nusquam

207 2371 301 2403 enim
321 2369 412 2412 apud
433 2374 564 2400 veteres
583 2365 738 2398 Graecos
756 2364 834 2397 talis
852 2371 991 2396 coctura
1012 2369 1114 2400 extat,
1143 2372 1205 2393 nec

208 2429 287 2455 ante
307 2419 505 2453 „niet—unae
525 2426 679 2460 tempora
699 2416 733 2448 in
755 2427 818 2448 usu
838 2415 915 2449 t‘nit.

312 2471 450 2504 Primus
468 2470 568 2502 etiam
584 2468 763 2501 Avicenna
780 2466 935 2499 Cassiam
956 2465 1146 2498 fistulareni
1169 2463 1204 2495 in

210 2535 311 2557 usum
331 2521 496 2559 deduxit,
525 2532 613 2564 quae
630 2527 679 2553 est
699 2531 778 2551 vere
804 2517 1028 2550 benedictum
1054 2515 1208 2548 medica-

210 2582 391 2613 mentum,
420 2573 512 2617 qnod
536 2580 676 2614 propter
697 2570 923 2602 excellentem
953 2567 1147 2600 bonitatem
1176 2572 1207 2598 rt
1234 2556 1237 2586 l

212 2626 329 2670 pus-ris
348 2632 379 2657 et
398 2623 540 2656 senibus
557 2629 630 2653 tuto
649 2619 804 2653 exhiheri
833 2628 956 2664 potest.
1012 2619 1209 2651 (Inunnon-
1235 2623 1238 2677 l

211 2677 330 2710 stravit
368 2675 472 2708 etiam
506 2685 608 2706 usum
645 2673 769 2704 radicis
801 2670 1037 2706 Rhabarhari.
1093 2670 1209 2711 Quam

209 2728 364 2763 suaviter
385 2732 500 2759 antem
525 2722 606 2757 haec
626 2723 723 2756 radix
749 2724 854 2756 bilem
880 2724 1020 2760 edurat,
1048 2729 1079 2755 et
1105 2720 1208 2753 simul

762 123 920 162 DECL.
962 123 1038 160 DE
1073 123 1218 159 VITA
1252 122 1611 161 AVICENNAE.

2142 122 2219 161 8³2
2245 161 2250 164 .

1220 212 1326 247 etiam
1350 211 1484 244 viscera
1508 216 1543 244 et
1571 209 1776 254 praesertim
1802 221 1887 255 epar
1903 210 2128 252 corroboret,
2152 221 2221 244 no-
2255 211 2259 219 ⁷

1221 269 1306 298 runt
1323 262 1385 308 qui
1401 273 1439 295 ea
1457 268 1622 296 utuntur.
1658 258 1759 294 Nihil
1776 257 1834 294 hic
1845 261 1958 295 dicam
1976 262 2020 295 de
2030 260 2222 295 Tamarin-

1222 315 1289 356 dis,
1313 315 1358 347 de
1374 313 1523 346 diversis
1532 311 1855 358 Myrobalanorum
1871 313 2069 356 generibus.
2102 311 2222 355 Quam

1224 367 1371 409 longum
1397 371 1501 405 esset,
1538 363 1732 407 composita
1757 362 2012 398 medicamenta
2031 375 2225 405 recensere,
2268 402 2277 413 ι

1225 427 1376 463 quorum
1403 415 1594 449 mixturam
1621 414 1695 459 ipse
1725 415 1862 458 primus
1887 414 2026 456 docuit,
2059 422 2092 449 et
2120 426 2224 449 usum

1225 480 1348 503 eorum
1367 468 1410 500 ad
1427 467 1565 500 diversa
1588 467 1796 499 morborum
1815 476 1942 509 genera
1967 472 2226 500 commonstra-

1226 521 1288 554 vit.
1343 518 1527 552 Praeterea
1545 515 1639 550 nihil
1657 517 1771 550 dicam
1790 517 1834 550 de
1853 517 1963 561 ipsius
1981 516 2228 551 medicationi-

1227 572 1312 611 bus,
1346 581 1433 615 quas
1461 568 1629 612 singulari
1654 567 1844 602 foelicitate
1867 568 2035 602 exercuit.
2096 567 2229 602 Persici

1228 622 1337 666 Regis
1366 621 1480 654 filium
1512 617 1715 663 phrenitide
1751 626 1952 664 correptum
1988 618 2145 652 mirabili
2173 619 2230 652 in-

1230 672 1364 707 dustria
1392 672 1564 712 servavit,
1601 678 1633 704 et
1668 671 1757 704 alios
1791 670 2002 704 innumeros
2030 669 2231 704 exitialibus

1232 724 1366 757 morbis
1384 730 1564 768 correptos
1582 722 1759 756 liberavit.

1336 799 1443 844 Quod
1462 799 1491 834 si
1508 800 1535 833 ii
1553 800 1615 845 qui
1637 801 1675 834 in
1695 799 1789 833 bello
1813 798 1924 832 civem
1941 805 2145 840 servarunt,
2173 805 2234 833 aut

1234 854 1382 887 militem
1401 851 1659 896 periclitantem
1681 851 1804 896 clypeo
1823 856 2005 891 texerunt,
2031 851 2074 883 de
2090 850 2233 895 publico

1235 910 1420 942 ornantur,
1443 902 1505 936 alii
1522 914 1652 936 corona
1667 914 1784 942 aurea,
1800 901 1861 935 alii
1877 908 2000 942 statua,
2019 908 2123 947 atque
2140 901 2236 946 ipso-

1236 968 1316 991 rum
1342 955 1445 989 etiam
1470 954 1591 987 liberis
1614 966 1654 986 ex
1686 953 1828 997 publico
1856 965 1997 986 annona
2030 953 2235 998 praebetur:

1238 1008 1332 1054 qnod
1350 1006 1545 1051 praemium
1555 1005 1704 1039 debetur
1719 1004 1788 1046 isti,
1803 1004 1948 1049 quinon
1959 1016 2069 1037 unum
2081 1003 2235 1049 aliquem

1239 1059 1370 1098 civem,
1399 1064 1459 1091 aut
1477 1069 1584 1090 unam
1608 1056 1763 1102 aliquam
1782 1054 1959 1089 civitatem
1976 1055 2149 1096 servavit,
2177 1055 2238 1088 sed
2290 1068 2294 1075 ·

1240 1111 1418 1153 ingentem
1435 1108 1701 1142 multitudinem
1715 1106 1833 1141 omnis
1848 1106 1986 1151 generis
2001 1103 2187 1140 hominum
2204 1111 2240 1140 et

1240 1161 1435 1200 nationem,
1450 1159 1557 1204 idque
1576 1165 1629 1192 tot
1645 1158 1782 1199 seculis,
1795 1158 1931 1191 nullius
1941 1157 2170 1202 quantumvis
2183 1156 2240 1191 di-
2286 1158 2296 1168 ”

1242 1211 1326 1246 serti
1351 1210 1464 1244 oratio
1488 1209 1770 1253 magnitudinem
1794 1205 1902 1243 huius
1925 1208 2088 1242 beneficii
2120 1207 2240 1254 eloqui

1244 1264 1378 1309 potest?
1406 1259 1482 1304 Ego
1495 1273 1578 1294 vero
1594 1260 1732 1294 tametsi
1749 1272 1861 1293 meam
1875 1259 2061 1294 infantiam
2078 1271 2242 1303 agnosco,

1244 1322 1361 1349 tamen
1378 1312 1516 1358 quoties
1533 1309 1619 1345 haec
1637 1311 1802 1355 cogitatio
1821 1311 1916 1345 subit
1934 1311 2094 1344 animum
2113 1322 2243 1352 meum,

1245 1365 1427 1399 continere
1442 1375 1498 1396 me
1516 1375 1590 1397 non
1607 1374 1761 1407 possum,
1788 1362 1877 1408 quin
1891 1373 1970 1395 eum
1989 1361 2125 1406 prolixe
2142 1373 2243 1407 prae-

1245 1417 1371 1451 dicem.
1394 1413 1440 1449 Et
1451 1415 1602 1459 optarim
1616 1411 1703 1447 mihi
1716 1426 1734 1447 a
1744 1412 1820 1447 Deo
1831 1414 1934 1448 talem
1947 1412 2145 1447 orationem
2155 1424 2244 1447 con·
2294 1447 2297 1450 ,

1246 1467 1335 1510 cedi,
1355 1479 1424 1513 qua
1436 1466 1541 1500 istum
1557 1474 1742 1500 veternum
1753 1477 1792 1499 ex
1807 1464 1934 1499 animis
1945 1461 2131 1498 hominum
2141 1475 2245 1498 excu-

1248 1527 1330 1558 tere,
1348 1525 1380 1552 et
1395 1516 1487 1551 hanc
1501 1529 1676 1551 summam
1693 1516 1998 1560 ingratitudinem,
2017 1527 2092 1549 non
2107 1522 2245 1550 tantum
2290 1530 2299 1548 ε

1248 1583 1328 1614 erga
1347 1567 1522 1610 homines,
1545 1569 1604 1603 sed
1622 1568 1731 1611 magis
1745 1579 1823 1612 erga
1835 1566 1962 1609 Deum,
1978 1567 2039 1613 qui
2055 1574 2105 1601 est
2122 1566 2247 1601 condi·
2288 1559 2292 1563 .

1248 1629 1303 1655 tor
1314 1620 1554 1654 remediorum
1573 1626 1605 1652 et
1624 1619 1708 1652 artis
1720 1625 1947 1659 monstrator,
1963 1618 2087 1652 tollere
2099 1629 2248 1663 possem,

1248 1672 1330 1718 quia
1350 1678 1466 1704 tamen
1483 1670 1615 1703 malum
1635 1678 1683 1704 est
1703 1670 1790 1703 adeo
1809 1669 2062 1709 inveteratum,
2088 1677 2127 1703 ut
2144 1680 2247 1714 pror-

1249 1735 1307 1757 sus
1325 1723 1370 1756 sit
1387 1721 1667 1762 immedicabile,
1695 1721 1773 1754 ideo
1791 1727 1824 1754 et
1846 1732 1909 1764 ego
1928 1719 2093 1765 aequiore
2112 1718 2178 1754 hoc
2195 1720 2248 1753 t'a-
2295 1748 2304 1760 ,

1249 1782 1324 1808 tum
1337 1782 1537 1817 temporum
1556 1772 1674 1805 animo
1692 1773 1815 1805 seram.
1848 1770 1944 1805 Deus
1959 1771 2152 1816 aliquando
2165 1782 2249 1816 poe·
2297 1798 2301 1804 .

1251 1838 1332 1858 nam
1352 1822 1458 1858 huius
1476 1823 1742 1867 ingratitudinis
1760 1835 1886 1866 magna
1904 1822 2089 1856 severitate
2103 1822 2227 1867 exiget.

1358 1899 1430 1935 Vos
1454 1907 1570 1933 autem
1596 1899 1832 1933 adolescentes
1851 1897 2040 1940 adhortor,
2067 1905 2105 1933 ut
2121 1896 2251 1933 horum

1253 1953 1424 1988 artificum
1451 1951 1658 1984 memoriam
1683 1957 1939 1985 sacrosanctam
1963 1950 2162 1990 retineatis,
2190 1950 2252 1996 qui

1252 2005 1363 2039 multa
1389 2004 1546 2037 fecerunt
1572 2009 1605 2036 et
1629 2002 1806 2041 tulerunt,
1840 2008 1879 2036 ut
1903 2009 1994 2035 artes
2016 2001 2252 2046 expeditiores

1254 2063 1287 2090 et
1305 2055 1482 2100 planiores
1500 2053 1603 2087 nobis
1628 2054 1879 2098 relinquerent.
1934 2052 1972 2086 ln
1999 2050 2063 2086 hac
2080 2053 2254 2087 delirante

1255 2107 1379 2140 mnndi
1398 2112 1534 2139 senecta
1552 2118 1624 2138 nou
1644 2112 1780 2138 tautum
1797 2111 1953 2148 superest
1971 2104 2101 2147 vigoris
2119 2104 2157 2137 in
2176 2103 2253 2137 ani-

1256 2159 1322 2191 mis
1352 2155 1559 2195 hominnm,
1595 2164 1631 2189 ut
1665 2157 1796 2201 aliquid
1828 2157 1910 2188 novi
1939 2155 2081 2199 gignere
2107 2155 2254 2200 possint.

1257 2209 1399 2243 Debetis
1418 2209 1535 2253 itaque
1553 2219 1641 2253 quae
1664 2209 1706 2239 ah
1724 2207 1936 2243 artificibus.
1966 2207 2039 2240 Deo
2064 2213 2255 2251 praeeunte

1258 2268 1288 2294 et
1311 2266 1529 2293 nmnstrante
1545 2259 1658 2297 xiam,
1687 2259 1813 2291 tradit:-
1837 2265 1938 2293 sunt.
1968 2265 2169 2292 reverenter
2194 2270 2255 2291 co-

1260 2313 1345 2345 lere:
1376 2324 1447 2345 non
1477 2311 1499 2343 ii
1527 2317 1663 2344 tantum
1690 2310 1749 2355 qni
1773 2309 1987 2343 Medicinam
2007 2309 2166 2347 discunt,
2195 2310 2253 2342 sed

1260 2365 1310 2396 illi
1326 2363 1430 2397 etiam
1448 2362 1506 2407 qui
1523 2361 1700 2395 Medicina
1719 2361 1890 2403 indigent.
1918 2360 2008 2394 Cum
2026 2367 2142 2395 antem
2161 2372 2256 2394 nunc

1261 2423 1290 2448 et
1315 2427 1374 2447 sua
1402 2421 1526 2457 sponte
1550 2413 1584 2445 in
1609 2424 1769 2445 occasum
1795 2413 1962 2446 inclinata
1983 2424 2129 2456 corpora
2147 2411 2258 2455 magis
2301 2439 2303 2441 .

1262 2467 1485 2507 languescant
1513 2476 1618 2509 quarn
1648 2470 1747 2501 ante,
1778 2470 1808 2497 et
1831 2463 1971 2507 crapula
1999 2475 2087 2508 quae
2106 2463 2256 2495 nuncin

1262 2529 1395 2551 morem
1414 2515 1563 2554 transiit,
1589 2527 1651 2548 nec
1667 2515 1855 2561 quicquam
1875 2514 1958 2548 mali
1977 2511 2105 2547 habere
2122 2514 2255 2547 iudica-

1264 2576 1331 2605 tur,
1361 2568 1602 2604 debilitentur,
1626 2579 1748 2599 ‹nnnes
1764 2567 1931 2599 detwinus
1949 2577 2134 2607 agnuscere
2150 2565 2257 2597 bene-

1264 2620 1337 2652 fici..
1361 2617 1466 2653 huius
1491 2619 1593 2654 artis,
1632 2625 1661 2650 et
1691 2617 1764 2651 Dru
1789 2617 1963 2649 conditori
1992 2617 2120 2658 gratias
2146 2628 2259 2660 agere,

1264 2671 1349 2703 sicut
1370 2671 1538 2715 scriptum
1557 2677 1624 2703 est:
1655 2668 1799 2702 Honora
1823 2667 2021 2704 Medicum,
2050 2668 2146 2701 Deus
2165 2667 2257 2701 enim

1265 2723 1393 2755 creavit
1412 2735 1490 2755 enni
1511 2729 1653 2765 propter
1670 2719 1918 2754 necessitatem,
1977 2719 2068 2753 Dixi.
