2338 2958
116 135 192 170 897

217 219 416 254 Discrimen
446 218 552 262 igitur
576 219 669 252 inter
692 215 823 252 Christi
846 229 1042 251 sermonem
1077 224 1108 250 et

115 273 220 306 aliam
239 270 444 315 sapientiam
462 277 584 303 uotum
609 269 670 307 sit,
698 276 731 302 et
754 269 933 313 propriam
960 268 1024 301 filii
1041 267 1107 302 Dei

115 335 236 357 vocem
257 321 413 355 studiose
433 331 694 364 cognoscamuS.

216 372 286 407 Sed
323 384 385 405 cur
418 383 500 405 usus
529 378 578 404 est
607 370 738 403 Paulus
762 370 868 403 verbo
895 367 1108 402 habitandi?

114 423 274 457 Primum
308 431 416 457 totam
444 421 637 455 Ecclesiam
672 421 748 455 vult
782 420 1003 453 domicilium
1035 431 1106 453 esse

115 473 243 508 horum
259 474 451 511 librorum,
481 471 537 506 bic
555 472 723 506 custodiri
742 471 818 505 vult
843 469 937 504 hunc
961 468 1104 503 thesau-

113 537 193 559 rum
220 524 462 569 promissionis
490 536 508 557 a
525 523 599 556 Deo
625 522 792 560 traditae,
819 534 924 566 quam
950 527 1105 554 caeterae

113 583 233 620 gentes
270 575 473 619 negligunt,
509 581 542 608 et
569 572 622 606 his
647 573 748 606 libris
775 573 911 606 reiectis
938 572 1104 604 desinunt

113 639 186 660 esse
204 639 283 671 pars
308 627 430 671 populi
448 624 527 660 Dei.
581 623 677 657 Idem
703 624 740 657 fit
763 623 799 655 in
821 622 970 666 singulis
989 620 1105 656 bomi-

113 679 229 712 nibus.

217 728 338 761 Donec
367 735 465 760 tuum
502 732 623 770 pectus
660 731 710 758 est
744 724 964 757 domicilium
999 721 1103 757 huius

114 780 318 817 doctrinae,
361 778 533 821 tantisper
556 788 591 809 es
614 773 791 809 Ecclesiae
823 775 908 808 civis
937 782 968 808 et
994 787 1103 807 mem-

113 831 215 864 brum
243 829 363 874 populi
387 828 465 861 Dei.
517 826 747 872 Nequaquam
769 833 850 860 sunt
873 826 964 859 cives
980 824 1103 859 Eccle-

112 882 194 926 siae,
222 881 283 926 qui
301 892 364 913 nec
380 880 512 922 legunt,
540 891 603 911 nec
619 878 770 911 audiunt
786 875 876 910 hanc
893 877 1102 912 doctrinam.

214 930 261 965 Et
279 942 352 964 non
369 931 482 964 solum
502 936 669 974 perpetua
689 928 908 961 conservatio
933 929 970 961 in
993 929 1101 961 verbo

113 983 346 1027 praecipitur,
393 982 451 1014 sed
499 981 604 1013 etiam
641 979 842 1012 dulcissima
883 979 1102 1012 familiaritas

111 1034 340 1077 significatur.
394 1031 443 1065 Ita
461 1031 681 1064 familiariter
706 1037 738 1063 et
763 1042 863 1073 saepe
888 1030 1102 1074 colloquaris

112 1097 191 1118 cum
215 1081 375 1123 Christo,
411 1095 490 1116 cuin
515 1081 698 1121 Patribus,
733 1078 919 1124 Prophetis
946 1088 979 1114 et
1004 1079 1102 1124 Apo-

113 1135 229 1176 stolis‚
255 1142 293 1168 ut
309 1133 521 1178 colloqueris
537 1145 617 1165 cum
635 1133 677 1164 iis
694 1132 731 1163 in
754 1132 888 1164 familia
910 1138 987 1171 tua,
1014 1143 1102 1176 quos

113 1187 299 1231 praecipue
315 1195 428 1224 amas,
457 1191 586 1217 etcum
604 1183 733 1228 quibus
754 1194 877 1215 omnes
901 1190 978 1215 tuas
1002 1194 1102 1216 curas

113 1236 374 1270 communicare
391 1235 493 1268 soles.

215 1286 268 1320 Ac
282 1297 403 1319 revera
419 1284 514 1318 Deus
530 1285 566 1317 in
587 1284 650 1317 illo
670 1291 809 1328 pectore
828 1281 982 1323 habitat,
1006 1285 1100 1329 quod

115 1336 206 1370 hanc
244 1337 443 1370 doctrinam
479 1336 624 1378 cogitat,
673 1335 896 1379 amplectitur
931 1342 963 1368 et
1000 1342 1100 1368 amat.

115 1387 221 1431 Quod
241 1395 291 1421 est
306 1394 421 1420 autem
437 1387 549 1419 maius
568 1387 719 1426 bonum,
744 1398 850 1431 quam
867 1383 951 1419 haec
966 1384 1032 1419 Dei
1051 1387 1102 1419 fa-

112 1438 322 1472 miliaritas?
355 1438 416 1483 qui
450 1435 517 1471 hoc
547 1437 769 1470 domicilium
796 1436 842 1470 ita
867 1438 1035 1478 custodit,
1065 1444 1103 1470 ut

112 1490 218 1523 simul
236 1489 414 1533 impertiat
431 1500 529 1522 suam
546 1488 772 1533 sapientiam,
800 1487 969 1522 iustitiam
994 1495 1027 1522 et
1051 1488 1103 1520 vi-

114 1548 183 1575 tam
201 1548 395 1575 aeternam.

216 1591 325 1625 Multi
343 1598 425 1625 sunt
442 1597 557 1624 autern
581 1590 710 1633 gradus
731 1590 984 1632 negligentium
1012 1587 1103 1622 hanc

112 1643 397 1676 familiaritatem.

214 1693 398 1726 Notissimi
415 1697 498 1724 sunt
514 1688 700 1733 Epicurei,
726 1691 786 1736 qui
805 1687 870 1723 hos
892 1690 1004 1723 libros
1026 1697 1101 1723 tum

112 1745 291 1783 derident,
320 1751 395 1777 tum
414 1743 577 1776 oderunt.

217 1794 376 1827 Proximi
401 1800 483 1826 suut
510 1790 732 1837 hypocritae,
759 1792 818 1836 qui
840 1792 902 1824 etsi
928 1802 989 1824 sua
1012 1791 1102 1824 deli-

115 1851 272 1879 ramenta
293 1852 325 1878 et
342 1843 436 1877 idola
455 1843 656 1876 anteferunt-
672 1842 745 1875 Deo
765 1849 798 1875 et
818 1840 873 1874 his
902 1842 1020 1881 libris,
1049 1849 1103 1875 ta-

115 1909 195 1929 men
217 1902 256 1929 ut
283 1896 401 1928 fucum
419 1894 547 1926 faciant
572 1893 721 1936 populo,
744 1893 784 1925 ad
802 1904 879 1925 suas
896 1893 1103 1936 cupiditates

115 1948 224 1981 multa
243 1947 333 1979 dicta
351 1942 540 1988 sophistice
560 1943 756 1977 inflectunt.

216 1997 355 2030 Horum
375 2007 455 2029 cum
475 1995 546 2027 siut
564 1994 739 2027 manifesti
766 1994 921 2034 furores,
950 2006 1022 2027 non
1048 1995 1102 2027 di-

114 2061 188 2082 cam
208 2060 302 2081 nunc
318 2048 361 2080 de
380 2048 428 2079 eis
445 2045 631 2089 prolixius:
659 2051 796 2077 tantum
815 2057 876 2077 oro
895 2045 1004 2078 filium
1024 2044 1103 2086 Dei,

113 2107 152 2133 ut
175 2099 343 2144 reprimat
367 2097 546 2136 diabolos,
580 2103 611 2129 et
636 2096 695 2128 illa
720 2096 853 2129 diaboli
876 2108 1024 2139 organa,
1060 2109 1103 2129 ne

116 2151 152 2183 in
168 2149 322 2184 Ecclesia
337 2149 458 2182 multis
476 2156 636 2180 noceant.

217 2201 291 2234 Alii
309 2206 390 2234 suut
407 2200 525 2231 minus
542 2198 643 2237 mali,
670 2198 729 2230 sed
748 2204 861 2230 tamen
877 2209 1016 2240 segnes,
1042 2199 1102 2243 qui

116 2265 187 2286 non
213 2253 366 2285 oderunt
389 2250 604 2289 doctrinam,
639 2250 697 2281 sed
735 2249 831 2281 velut
861 2249 971 2282 saturi
1006 2249 1104 2282 fasti-

115 2304 235 2336 diunt:
278 2309 462 2346 postquam
491 2300 598 2334 semel
632 2306 736 2344 atque
772 2299 897 2332 iterum
934 2300 1104 2343 legerunt,

116 2354 317 2387 existimant
335 2365 369 2386 se
387 2359 493 2385 totam
514 2349 577 2384 Dei
595 2351 804 2395 sapientiam
822 2348 1038 2389 exhausisse,
1066 2364 1104 2384 ac

117 2405 343 2438 relectionem
376 2415 438 2436 nec
474 2403 722 2441 necessariam,
771 2413 834 2434 nec
868 2402 991 2435 utilem
1021 2414 1104 2435 esse.

116 2454 254 2489 Horum
273 2455 412 2487 fastidia
429 2453 530 2485 valde
551 2453 700 2486 taxanda
718 2459 808 2485 sunt.

219 2506 307 2539 Nam
325 2506 445 2538 crebra
461 2503 562 2537 lectio
582 2516 652 2536 non
672 2510 808 2537 tantum
829 2500 895 2536 hoc
915 2504 1038 2544 adfert,
1066 2511 1105 2538 ut

116 2563 228 2591 totum
247 2556 429 2590 doctrinae
452 2566 578 2598 corpus
604 2555 663 2587 fiat
690 2555 826 2594 notius,
851 2555 908 2586 sed
928 2555 1029 2588 etiam
1047 2567 1104 2588 ac-

117 2607 234 2642 cendit
255 2615 370 2641 motus
395 2606 524 2645 animi,
552 2605 659 2638 ssectit
684 2606 727 2637 ad
752 2605 1021 2649 poenitentiam,
1048 2606 1104 2639 in-

117 2659 204 2692 cutit
231 2665 400 2697 terrores,
435 2656 603 2690 exuscitat
634 2656 915 2697 invocationem,
947 2658 1105 2691 medetur

117 2709 314 2743 doloribus.

167 2763 342 2793 Matura.
362 2762 465 2792 Orza.
482 2761 562 2791 Ῡοι.
581 2759 640 2791 XI.

418 131 574 169 DECL.
617 131 693 167 DE
726 130 926 166 DICTO:
963 130 1165 168 SERMO
1202 132 1445 168 CHRISTI
1483 132 1748 169 HABITET
1783 144 1864 170 ETc.

2079 137 2154 171 898

1267 217 1364 251 Haec
1385 231 1464 252 cum
1488 220 1589 261 flant,
1616 219 1766 254 lectione
1788 228 1821 255 et
1844 221 2055 265 cogitatione
2079 235 2151 255 ser-

1162 269 1277 302 monis
1293 269 1417 310 divini,
1445 271 1683 305 assiduitatem
1703 271 1739 304 in
1756 271 1904 316 legendo
1921 273 2150 306 necessariam

1162 331 1233 352 esse
1250 320 1489 353 confitendum
1507 329 1568 356 est.

1261 370 1331 403 Sed
1349 368 1662 406 bicEnthusiastae
1680 373 1824 418 quidam
1842 374 2049 408 reclamant:
2075 371 2152 407 Ab-

1160 419 1222 458 sit,
1251 421 1439 465 inquiunt,
1467 429 1505 455 ut
1530 423 1670 456 lectioni
1694 424 1890 458 tribuamus
1916 422 2001 458 haec
2028 425 2149 457 incen-

1159 470 1235 510 dia,
1262 483 1350 515 quae
1375 473 1518 515 proprie
1540 485 1558 505 a
1581 473 1715 517 Spiritu
1739 481 1858 508 sancto
1877 476 2061 516 oriuntur,
2088 475 2149 520 qui

1159 533 1229 554 non
1249 521 1405 554 inclusus
1423 530 1472 556 est
1496 524 1641 568 syllabis
1663 531 1698 557 et
1717 525 1836 567 figuris
1860 526 2058 559 literarum:
2087 528 2147 559 sed

1159 584 1237 605 cum
1263 572 1328 616 ipsi
1354 573 1457 614 libet,
1492 574 1583 618 rapit
1607 586 1688 607 suos
1712 576 1904 620 quosdam,
1939 578 2087 621 scriptos
2110 577 2147 610 in

1158 623 1322 657 fatalibus
1339 624 1480 659 tabulis.

1259 674 1340 708 Scio
1373 675 1566 709 multorum
1598 676 1713 709 studia
1746 676 1951 720 languefieri
1977 675 2040 710 hac
2070 677 2148 721 opi-

1158 725 1282 765 nione,
1321 733 1354 760 et
1379 727 1480 759 valde
1503 727 1607 760 doleo
1628 728 1731 760 etiam
1755 728 1876 762 doctos
1893 729 2063 773 quosdam
2084 725 2147 761 has

1157 777 1398 820 persuasiones
1414 784 1447 811 et
1464 789 1579 811 amare
1595 785 1628 812 et
1643 778 1862 818 confirmare,
1889 779 2017 824 quibus
2029 779 2146 811 omni-

1158 827 1222 859 bus
1240 840 1381 871 oppono
1400 828 1578 862 luculenta
1596 829 1795 863 testimonia
1807 857 1816 871 ,
1844 842 1932 875 quae
1948 830 2146 863 labefactari

1157 879 1256 911 nullo
1274 880 1379 912 modo
1399 887 1555 922 possunt.

1259 928 1350 963 Nota
1370 943 1436 963 vox
1456 937 1506 964 est
1522 930 1641 964 Pauli:
1667 929 1902 974 Evangelium
1920 938 1971 965 est
1989 931 2144 975 potentia

1156 978 1222 1012 Dei
1245 981 1287 1013 ad
1312 981 1458 1014 salutem
1482 982 1580 1015 omni
1605 982 1772 1015 credenti.
1841 981 1942 1015 Item:
1979 982 2083 1015 Fides
2105 995 2145 1016 ex

1156 1031 1280 1064 auditu
1313 1039 1371 1065 est.
1433 1031 1535 1066 Item:
1570 1031 1806 1076 Evangelium
1833 1040 1883 1066 est
1910 1033 2144 1067 ministerium

1157 1081 1321 1125 Spiritus.

1259 1140 1340 1174 Non
1360 1138 1418 1175 hic
1445 1142 1588 1186 quidem
1612 1142 1719 1176 sentit
1744 1142 1921 1176 inclusum
1944 1153 2016 1176 esse
2032 1141 2146 1187 Spiri-

1156 1198 1231 1224 tum
1250 1199 1410 1226 sanctum
1426 1192 1463 1225 in
1479 1193 1659 1226 literarum
1675 1193 1812 1236 figuras,
1832 1195 1891 1227 sed
1910 1194 2062 1227 celebrat
2078 1194 2146 1226 im-

1157 1254 1312 1275 mensam
1328 1243 1521 1276 bonitatem
1538 1243 1622 1282 Dei,
1651 1244 1711 1289 qui
1737 1242 1832 1278 hunc
1853 1244 1969 1289 ipsum
1984 1245 2146 1278 ordinem

1156 1300 1189 1327 et
1206 1294 1333 1336 agendi
1351 1294 1494 1327 modum
1512 1294 1677 1328 instituit.

1258 1350 1467 1397 Alloquitur
1499 1365 1635 1387 summa
1663 1354 1848 1388 elementia
1881 1366 1989 1399 genus
2020 1352 2147 1388 huma-

1156 1415 1260 1444 num,
1287 1404 1363 1437 vult
1387 1404 1503 1437 audiri
1526 1416 1623 1437 suam
1653 1417 1794 1446 vocem,
1820 1405 1871 1439 ibi
1895 1407 1972 1440 vult
1994 1406 2149 1450 conspici

1156 1466 1254 1488 suam
1281 1455 1520 1496 voluntatem,
1555 1453 1620 1488 hac
1648 1468 1751 1497 voce,
1787 1468 1866 1490 cum
1893 1464 1926 1491 et
1955 1457 2148 1500 cogitamus

1158 1517 1249 1545 earn,
1286 1512 1319 1539 et
1343 1506 1519 1539 luctamur
1544 1506 1637 1540 inter
1662 1507 1933 1551 trepidationes,
1959 1515 1998 1542 ut
2020 1508 2148 1552 pavida

1156 1568 1254 1590 mens
1271 1556 1504 1598 adsentiatur,
1532 1564 1565 1591 et
1583 1569 1647 1590 nos
1663 1558 1749 1601 erigi
1772 1558 1941 1602 petimus,
1969 1559 2148 1592 verissime

1157 1607 1311 1651 Spiritus
1329 1614 1468 1641 sanctus
1485 1615 1535 1641 est
1550 1608 1681 1644 efficax.

1270 1665 1408 1711 Sepone
1426 1667 1494 1699 iam
1514 1668 1652 1701 tabulas
1671 1668 1749 1701 illas
1765 1669 1898 1710 fatales,
1925 1681 2010 1714 quas
2028 1668 2149 1714 inqui-

1156 1728 1232 1749 rere
1257 1730 1328 1749 non
1354 1725 1403 1751 est
1426 1725 1594 1752 nostrum.
1648 1718 1728 1752 Huc
1751 1719 1851 1753 flecte
1875 1727 2051 1763 mentem,
2078 1731 2147 1765 quo

1156 1774 1190 1801 te
1209 1775 1309 1801 vocat
1326 1767 1432 1803 Deus.

1260 1825 1434 1860 Universa
1458 1827 1617 1861 doctrina
1641 1829 1799 1862 coelestis
1825 1829 2001 1869 clamitat,
2034 1827 2147 1862 Deum

1157 1888 1197 1909 ex
1227 1887 1291 1909 suo
1321 1889 1482 1911 sermone
1510 1880 1790 1922 cognoscendum
1819 1892 1908 1913 esse:
1943 1881 2148 1913 mandatum

1157 1927 1314 1960 omnium
1333 1939 1508 1962 summum
1535 1941 1626 1969 esse,
1653 1937 1692 1963 ut
1718 1927 1801 1964 haec
1821 1931 1894 1975 ipsa
1919 1931 2045 1975 scripta
2067 1943 2149 1975 pro-

1158 1975 1296 2022 phetica
1320 1986 1353 2012 et
1379 1980 1568 2023 apostolica
1591 1981 1797 2016 audiantur:
1835 1989 1873 2015 ut
1894 1982 1931 2015 in
1947 1981 2022 2015 Deo
2047 1994 2148 2014 men-

1157 2035 1206 2062 tes
1225 2030 1467 2074 acquiescant,
1495 2031 1588 2065 iuxta
1614 2029 1698 2066 haec
1718 2033 1934 2073 testimonia,
1963 2045 2051 2078 quae
2074 2033 2148 2079 ipse

1157 2080 1315 2114 tradidit.

1259 2139 1355 2173 Haec
1373 2153 1445 2174 non
1463 2142 1506 2174 ab
1525 2141 1671 2182 ociosis,
1698 2142 1827 2175 securis
1855 2148 1887 2175 et
1911 2142 2018 2175 ebriis
2034 2142 2146 2175 admi-

1157 2191 1293 2224 ratione
1312 2191 1364 2224 sui
1383 2191 1531 2225 iudicari
1548 2200 1711 2236 possunt:
1738 2194 1798 2226 sed
1822 2194 1866 2227 ab
1887 2193 1948 2234 iis,
1976 2193 2036 2238 qui
2056 2193 2146 2225 veris

1157 2242 1342 2275 doloribus
1360 2243 1515 2287 oppressi
1536 2251 1629 2279 sunt.

1259 2300 1407 2334 Homini
1427 2308 1669 2342 consternato,
1697 2303 1757 2347 qui
1777 2303 1819 2335 ad
1844 2302 2056 2347 supplicium
2078 2303 2145 2335 du-

1158 2352 1267 2392 citur,
1302 2352 1387 2396 quid
1410 2352 1527 2385 dices?
1580 2352 1673 2385 Num
1698 2353 1835 2386 iubebis
1858 2360 1897 2387 ut
1922 2354 2075 2397 disputet
2102 2354 2144 2385 de

1158 2403 1355 2436 electione?
1411 2401 1468 2435 An
1497 2415 1569 2436 non
1588 2403 1704 2447 potius
1722 2416 1840 2437 vocem
1859 2402 2044 2447 Evangelii
2062 2416 2143 2447 pro-

1158 2466 1284 2498 pones,
1311 2465 1399 2498 quae
1425 2461 1518 2487 certo
1544 2455 1869 2488 reconciliationem
1893 2455 2012 2488 offert:
2039 2462 2069 2487 et
2096 2455 2143 2486 si-

1158 2505 1248 2545 mul,
1276 2512 1314 2538 ut
1330 2504 1504 2548 Baptista,
1533 2506 1745 2539 monstrabis
1765 2518 1912 2550 agnum,
1936 2506 2045 2538 filium
2066 2505 2143 2544 Dei,

1158 2563 1190 2589 et
1220 2562 1354 2599 repetes
1383 2553 1473 2589 hanc
1504 2557 1729 2598 concionem,
1771 2570 1860 2602 quae
1888 2556 2071 2601 praecipit,
2105 2562 2144 2589 ut

1157 2604 1252 2640 hune
1271 2606 1480 2640 audiamus?
1514 2605 1570 2641 Ab
1586 2608 1752 2641 omnibus
1774 2609 1849 2642 vult
1872 2607 2009 2650 agnosci
2033 2606 2142 2638 fitium

1157 2664 1318 2691 aeternus
1345 2664 1458 2702 pater,
1486 2665 1517 2692 et
1541 2665 1684 2703 propter
1701 2671 1780 2692 eum
1797 2666 1889 2693 certo
1908 2670 1972 2691 uos
1989 2665 2018 2691 et
2038 2657 2144 2700 gratis

1129 2729 1132 2753 l
1158 2708 1292 2753 recipit.

1660 2759 1708 2795 57
