2338 2958
169 138 242 176 495

168 225 264 259 liano
289 232 370 255 cum
392 217 526 252 videret
551 209 648 245 hunc
676 204 867 242 abhorrere
890 215 910 237 a
932 199 1068 237 Christi
1092 211 1159 257 no-

168 274 284 316 mine,
311 278 346 307 et
367 267 547 303 restituere
568 260 663 294 idola
676 286 685 300 ,
718 256 844 291 defecit
868 261 900 288 et
921 254 1037 310 ipse-a
1051 247 1160 285 Chn-

168 324 291 360 stianis
303 349 312 363 ,
338 320 454 363 eisque
471 316 507 348 in
523 311 670 357 gratiam
687 305 913 353 Imperatoris
931 303 1068 360 rabioose
1086 312 1161 358 ma-

170 374 304 410 ledixit.
358 370 408 403 lta
425 364 537 400 animi
551 360 763 396 sententiam
781 359 823 390 de
840 355 1010 399 religione
1026 352 1162 409 mile-int

170 429 214 462 ad
236 421 442 465 Principum
472 415 683 449 voluntates.
742 408 823 443 Non
848 407 916 441 fuit
943 411 1059 461 autem
1081 403 1162 460 diu-

170 487 274 513 turna
296 468 457 519 tyrannis
474 464 626 504 iuliani,
650 462 710 496 sed
728 459 845 494 statim
867 461 1032 491 successit
1047 453 1164 512 lovia-

171 538 238 561 nus
269 525 386 557 bonus
420 525 454 553 et
488 517 567 562 pius
593 514 782 556 Princeps,
819 508 883 543 ubi
917 518 997 541 cum
1032 505 1166 538 videret

171 577 283 611 multo
301 572 435 607 maiore
451 570 490 602 in
507 567 589 601 odio
609 576 680 598 esse
698 563 789 599 illos,
817 560 878 605 qui
893 565 932 592 ut
947 562 1167 591 assentaren-

172 636 231 663 tur
250 626 388 660 luliano
401 649 411 663 ,
435 620 634 653 defecerant
657 627 675 648 a
692 611 835 647 Christo
848 638 858 651 ,
885 620 990 654 quam
1014 612 1167 661 caeteros

172 676 366 713 Ethnicos‚
392 681 515 705 rursus
533 669 607 713 ipse
631 676 702 698 sese
727 662 871 701 retexit,
896 659 986 692 redit
1002 658 1045 691 ad
1062 654 1169 712 Chri-

174 729 324 766 stianos,
350 722 472 758 abiicit
495 732 530 753 se
548 720 589 752 ad
611 714 733 759 templi
750 714 863 750 sores,
889 710 987 743 iubet
1010 720 1045 741 se
1067 707 1169 763 pedi-

174 781 240 814 bus
272 773 492 812 conculcari,
527 776 565 803 ut
589 773 672 801 sunt
697 762 901 810 hypocritae
919 767 1088 815 tanquam
1111 754 1169 790 hn-

177 830 328 865 striones
344 826 387 859 ad
405 822 467 857 has
489 817 691 865 praestigias
710 813 841 848 idonei.
893 810 965 845 Nec
980 809 1072 843 nulli
1089 813 1171 865 sunt

176 880 243 915 hoc
259 887 417 921 tempore
434 873 520 907 tales
539 868 705 908 Eceboli,
731 865 792 910 qui
810 863 877 898 alia
901 861 979 895 aliis
1000 867 1171 904 tempori-

175 934 242 966 bus
261 937 294 963 et
310 927 403 972 apud
420 924 508 958 alios
524 921 687 967 probant.

265 1004 341 1048 Ego
360 1001 468 1046 igitur
484 996 690 1041 simpliciter
707 992 882 1038 professus
899 1001 976 1022 sum
993 986 1078 1033 quid
1095 996 1175 1018 sen-

179 1060 286 1098 tiam,
320 1062 354 1089 et
381 1058 464 1096 opto
491 1056 531 1083 ut
556 1048 593 1080 in
621 1044 685 1078 hac
710 1055 764 1076 me
787 1040 960 1076 sententia
992 1037 1176 1095 confirmet

180 1111 294 1147 Deus,
327 1112 360 1138 et
385 1109 424 1136 ut
449 1100 564 1134 Filius
587 1097 653 1131 Dei
675 1095 847 1138 gubernet
870 1101 988 1124 meum
1015 1093 1176 1121 ministe-

180 1161 286 1194 tium.
328 1154 430 1189 Certe
448 1151 538 1184 illud
556 1146 701 1182 Eceboli
718 1154 897 1188 nunquam
913 1142 1069 1174 facturus
1087 1148 1176 1193 sum,

183 1222 255 1245 non
281 1206 451 1247 stringam
477 1200 608 1246 stylum
635 1197 818 1229 adversum
841 1202 957 1224 veram
973 1186 1178 1243 Ecclesiam,

184 1274 256 1295 uon
292 1253 498 1291 deformabo
533 1261 608 1282 eam
644 1242 850 1285 calumniis,
900 1241 960 1273 sed
996 1239 1177 1294 ingenium

185 1321 303 1345 meum
330 1304 458 1339 serviet
486 1299 618 1345 gloriae
641 1296 707 1330 Dei
735 1302 767 1328 et
792 1291 942 1326 Domini
964 1296 1073 1323 nostri
1102 1287 1179 1319 lesu

183 1359 330 1402 Christi.
383 1354 477 1389 Dixi.

186 1449 1184 1481 W

1018 1548 1064 1566 an.
1082 1533 1175 1566 1540.

1005 1579 1176 1594 Μ

202 1556 268 1590 No.
293 1552 354 1586 63.

201 1600 371 1617 ‘fv

482 1646 554 1687 De
588 1642 683 1682 vita
712 1636 887 1680 Galeni.

261 1740 342 1777 Apud
358 1739 430 1766 Crat.
445 1735 515 1768 Myl.
537 1743 562 1766 p.
578 1731 630 1756 252
643 1737 718 1763 sqq.,
742 1727 768 1752 in
797 1725 950 1751 Declanrat.
970 1722 1003 1749 T.
1019 1722 1052 1748 ll.
1076 1731 1102 1756 p.
1117 1721 1188 1754 402,
1210 1709 1213 1736 ῗ

293 1779 321 1803 in
336 1774 455 1800 Seu-est.
473 1769 505 1795 ll.
526 1778 553 1803 p.
570 1766 629 1793 395.
643 1769 668 1790 et
683 1761 813 1788 Richard.
833 1759 863 1785 ll.
879 1769 904 1794 p.
919 1758 979 1784 252.

194 1860 320 1896 Oratio
340 1854 386 1889 de
405 1854 485 1886 vita
501 1847 660 1887 Galerii,
684 1845 722 1878 in
739 1841 966 1886 promotione
982 1838 1189 1872 Doctorum

272 1906 486 1944 Medicinae
512 1911 534 1934 α
553 1899 660 1933 Doct.
682 1890 904 1929 Milichio
932 1891 1111 1924 recitata.

196 1982 279 2022 Iure
294 1979 472 2017 Hesiodus
489 1972 665 2019 ignaviam
680 1976 713 2002 et
729 1975 906 2012 stuporem
923 1963 1069 1998 humani
1085 1976 1189 2007 gene-

198 2040 245 2073 ris
270 2040 380 2074 tavi,
415 2027 600 2073 inquiens,
630 2020 755 2055 stultos
780 2017 946 2051 mortales
979 2028 1022 2048 nc
1045 2016 1188 2061 quidem

199 2088 332 2123 malvae
368 2089 401 2116 et
434 2074 616 2123 asphodeli
652 2071 819 2105 utilitates
848 2079 960 2100 nosse.
1016 2066 1112 2109 Quid
1141 2073 1190 2100 est

200 2139 293 2173 euim
315 2130 494 2174 indignius
512 2139 549 2160 ac
574 2124 729 2168 turpius,
758 2131 862 2165 quam
880 2119 973 2163 quod
999 2117 1131 2151 conditi
1149 2118 1190 2150 ad

201 2185 435 2233 aspiciendam
460 2178 551 2213 hanc
569 2186 685 2209 rerum
708 2179 888 2210 naturam,
916 2175 949 2202 et
965 2169 1064 2214 quasi
1083 2168 1192 2202 collo-

203 2240 267 2275 cati
287 2234 459 2269 (livinitus
477 2231 510 2263 in
530 2226 594 2261 hoc
610 2223 784 2258 theatrum
804 2219 976 2260 homiues,
996 2227 1033 2253 ut
1050 2220 1193 2253 intuen-

202 2299 252 2324 tes
280 2286 460 2320 mirificam
490 2277 691 2313 coelestium
724 2280 884 2307 motuum
912 2278 944 2304 et
976 2271 1192 2304 nascentium

205 2351 321 2375 rerum
340 2335 560 2369 varietatem,
588 2335 815 2371 agnoscamus
832 2323 942 2356 Deum
961 2322 1133 2366 opificem,
1161 2328 1193 2354 et

206 2398 414 2437 quaeramus
438 2380 603 2416 salutaria
630 2378 719 2410 vitae
745 2373 936 2419 praesidia,
963 2373 1064 2407 obliti
1091 2370 1196 2406 huius

206 2438 380 2476 muns-ris,
407 2442 439 2468 et
456 2431 551 2478 qnasi
571 2429 662 2463 caeci
682 2428 717 2460 in
736 2424 893 2467 theatra,
920 2436 992 2456 non
1011 2436 1074 2457 nos
1094 2423 1196 2468 ipsos,

208 2504 278 2526 non
297 2489 380 2522 alias
396 2498 450 2518 res
468 2484 637 2523 vulgares,
655 2491 742 2523 quae
760 2484 838 2510 suut
858 2476 892 2508 in
910 2475 1084 2514 manibus,
1105 2474 1197 2519 aspi-

208 2545 318 2577 cimus
335 2545 437 2582 atque
455 2529 739 2567 consideramus?
782 2526 831 2560 Ac
856 2524 935 2559 huie
960 2524 1196 2570 pulcherrimo

208 2589 403 2639 spectaculo
429 2586 552 2626 vulgus
577 2581 723 2615 antefert
755 2578 916 2611 beluinas
945 2585 977 2611 et
1009 2577 1198 2611 obscoenas

825 115 984 154 DECL.
1019 113 1093 150 DE
1126 107 1271 147 VITA
1305 105 1538 145 GALENI.

2127 106 2201 142 496

1210 193 1450 238 cogitationes.
1474 189 1553 226 Etsi
1570 198 1687 226 autem
1701 189 1787 226 haec
1802 193 1963 228 socordia
1975 192 2030 226 vel
2047 192 2201 226 amentia

1212 245 1328 291 potius
1347 242 1554 284 hominum,
1583 242 1842 287 vituperatione
1861 245 1965 288 digna
1989 250 2058 282 est,
2086 250 2202 276 tamen

1212 295 1324 339 magis
1343 294 1397 327 illi
1420 294 1482 339 qui
1506 293 1671 327 destinati
1695 293 1875 327 doctrinae
1890 307 1927 328 ac
1942 290 2204 338 Philosophiae,

1213 351 1444 380 contemnunt
1460 350 1606 377 naturae
1621 343 1901 389 inquisitionem,
1922 342 2204 388 reprehendendi

1215 404 1307 432 sunt.
1361 394 1576 439 Quanquam
1599 395 1693 427 enirn
1710 405 1782 426 non
1803 394 2052 438 postulandum
2071 401 2139 435 est,
2166 401 2206 428 ut

1216 447 1277 482 uni
1298 445 1416 480 studio
1440 456 1564 478 omnes
1587 444 1696 479 dediti
1722 444 1811 483 sint,
1838 456 1919 478 nam
1938 444 2029 478 vitae
2047 457 2134 489 opus
2156 451 2207 478 est

1215 497 1338 532 multis
1363 508 1402 530 ac
1425 496 1657 530 dissimilibus
1682 495 1836 536 artibus,
1863 502 1898 529 et
1914 506 1997 528 suus
2013 495 2137 540 cuique
2154 495 2208 528 lo-

1218 560 1289 589 cus,
1315 558 1398 581 suus
1413 545 1528 580 honos
1547 546 1758 581 tribuendus
1774 553 1836 587 est,
1862 553 1978 580 tamen
1995 551 2046 578 est
2061 542 2209 579 humani

1219 599 1350 638 animi,
1380 598 1536 642 primum
1567 594 1659 630 hanc
1685 596 1902 637 doctrinam,
1937 607 2026 641 quae
2049 602 2210 629 naturam

1220 649 1319 696 quasi
1337 649 1514 682 evolutam
1532 648 1636 681 nobis
1650 648 1875 692 spectandam
1892 646 2071 691 proponit,
2087 657 2214 686 amare,

1221 708 1255 734 et
1272 699 1525 743 magnifacere,
1548 700 1734 743 decerpere
1751 698 1854 731 etiam
1875 697 1957 730 inde
1976 696 2123 742 aliquid,
2149 708 2214 729 nec

1222 761 1366 795 prorsus
1406 756 1581 794 expertem
1617 760 1690 783 esse
1725 749 1816 782 velle
1858 746 1966 781 huius
1998 746 2215 786 dulcedinis,

1222 813 1328 847 quam
1352 797 1436 834 haec
1460 800 1614 843 cognitio
1639 799 1749 844 parit,
1775 799 1904 833 deinde
1926 799 2042 832 favere
2064 798 2214 844 aliorpm

1223 851 1366 892 studiis,
1409 858 1443 884 et
1475 851 1712 884 adolescentes
1744 847 1993 894 Philosophiae
2025 849 2217 882 destinatos

1224 901 1372 943 hortari,
1398 910 1438 935 ut
1452 901 1652 935 meminerit
1668 912 1703 934 se
1719 901 1891 934 divinitus
1905 901 1948 933 ad
1967 907 2114 934 naturae
2133 911 2219 933 con-

1224 953 1473 987 siderationem
1500 958 1604 997 atque
1627 951 1959 996 contemplationem
1977 958 2117 984 vocatos
2134 961 2219 985 esse.

1226 1004 1323 1047 Quid
1347 1001 1486 1036 homini
1512 1003 1779 1036 convenientius
1802 1008 1870 1042 est,
1896 1013 2001 1046 quam
2017 1001 2220 1035 meminisse

1227 1055 1340 1088 solum
1364 1052 1429 1087 hoc
1453 1065 1563 1097 genus
1584 1053 1794 1086 collocatum
1812 1063 1884 1085 esse
1902 1053 1938 1084 in
1961 1053 2155 1091 mundum,
2181 1058 2221 1085 ut

1227 1103 1294 1138 hoc
1308 1104 1557 1136 admirandum
1576 1103 1754 1146 opificium
1765 1102 2050 1146 contempletur?
2084 1102 2222 1136 Deinde

1229 1154 1315 1199 quid
1332 1153 1469 1186 dulcius
1496 1159 1547 1186 est
1563 1164 1668 1197 quam
1696 1153 1903 1185 lustrantem
1920 1153 2056 1195 singula
2068 1177 2076 1190 ‚
2103 1153 2223 1186 videre

1230 1203 1394 1238 ordinem
1417 1211 1520 1248 atque
1536 1200 1758 1236 harmoniam
1777 1214 1964 1246 corporum
1982 1214 2020 1235 ac
2037 1203 2224 1236 motuum?

1231 1254 1451 1288 considerare
1475 1253 1692 1287 nascentium
1710 1253 1930 1293 varietatem,
1958 1260 1990 1287 et
2008 1254 2127 1287 videre
2149 1254 2223 1287 sin-

1231 1306 1310 1349 gula
1331 1305 1374 1337 ad
1392 1311 1506 1338 certos
1522 1304 1615 1347 gigni
1634 1296 1737 1343 u'sus,
1763 1310 1802 1337 ut
1819 1303 2021 1336 ratiocinari
2041 1305 2225 1348 possimus,

1233 1355 1316 1389 haec
1332 1355 1451 1388 omnia
1467 1367 1485 1387 a
1502 1355 1654 1400 quadam
1673 1361 1813 1387 aeterna
1830 1361 1946 1387 mente
1970 1354 2125 1387 mirabili
2141 1367 2226 1389 con-

1233 1406 1313 1440 silio
1329 1413 1435 1450 atque
1451 1405 1655 1439 oeconomia
1680 1405 1726 1438 ita
1742 1405 1929 1438 distributa
1948 1416 2030 1439 csse.
2081 1403 2127 1439 Et
2146 1406 2227 1451 qui-

1235 1458 1314 1491 dem
1340 1458 1383 1489 ad
1410 1455 1500 1489 hanc
1525 1455 1843 1489 considerationem
1867 1467 1962 1488 acres
1984 1455 2145 1490 stimulos
2163 1469 2227 1491 na-

1235 1515 1312 1542 tura
1338 1507 1499 1540 omnium
1523 1507 1700 1541 mentibus
1725 1507 1873 1547 indidit,
1899 1513 1933 1540 et
1951 1506 2147 1550 voluptates
2164 1508 2227 1541 ad-

1234 1560 1301 1592 fert
1328 1558 1430 1601 longe
1452 1558 1649 1590 uberrimas
1671 1557 1837 1601 cognitio.
1890 1556 2009 1600 Quare
2032 1557 2060 1590 si
2082 1558 2143 1603 qui
2162 1556 2229 1592 hoc

1236 1609 1391 1643 studium
1409 1609 1628 1651 vituperant,
1661 1616 1720 1641 aut
1739 1619 1856 1641 secum
1880 1607 1946 1651 ipsi
1969 1616 2145 1652 pugnant,
2169 1615 2229 1643 aut

1237 1673 1256 1693 a
1279 1666 1405 1692 natura
1431 1656 1616 1691 hominum
1646 1659 1920 1701 degenerarunt:
1958 1659 2094 1692 tametsi
2120 1667 2230 1693 certas

1238 1709 1365 1743 herbas
1382 1716 1512 1742 norunt
1529 1721 1567 1742 ac
1585 1709 1824 1743 meminerunt
1844 1708 2029 1753 pleraeque
2046 1710 2175 1744 bestiae
2191 1722 2231 1744 ac

1238 1761 1417 1800 volucres,
1447 1760 1539 1792 cervi
1563 1759 1776 1799 dictamum,
1811 1759 1898 1792 muli
1925 1759 2126 1804 asplenum,
2159 1761 2231 1795 ele-

1239 1809 1388 1856 phantes
1413 1811 1622 1850 oleastrum,
1661 1811 1828 1844 mustelae
1852 1817 1986 1851 rutam,
2023 1811 2098 1854 apri
2124 1808 2232 1846 hede-

1241 1875 1336 1901 ram,
1373 1861 1528 1894 ciconiae
1563 1862 1769 1904 origanum,
1804 1859 2014 1894 hirundines
2049 1859 2232 1897 choelido-

1241 1913 1356 1952 niam,
1383 1913 1479 1944 corvi
1501 1923 1608 1951 arou,
1636 1912 1737 1957 cygni
1764 1912 1908 1951 viticen,
1941 1923 2030 1956 quae
2048 1913 2151 1957 vulgo
2171 1926 2234 1948 vo-

1242 1972 1340 1998 catur
1359 1974 1486 2005 agnus,
1510 1969 1692 2007 expetunt:
1723 1963 1815 2007 quod
1837 1963 1880 1995 ab
1898 1975 1936 1995 ea
1957 1963 1992 1995 in
2013 1970 2114 2006 partu
2132 1965 2234 1998 adiu-

1242 2022 1380 2054 vantur,
1401 2021 1578 2058 serpentes
1595 2013 1787 2047 seniculum
1806 2021 1948 2053 norunt,
1964 2021 1996 2047 et
2014 2014 2116 2048 nobis
2132 2026 2233 2048 usum

1243 2072 1504 2105 monstrarunt,
1532 2072 1570 2098 ut
1588 2064 1764 2098 Nicander
1781 2064 1917 2097 scribit:

1321 2145 1453 2175 Exuvias
1473 2152 1630 2185 postquem
1648 2147 1737 2175 siccas
1749 2168 1756 2181 ‚
1784 2148 1959 2185 pigramque
1976 2151 2121 2174 senectam

1323 2196 1469 2236 Deposuit
1488 2208 1607 2236 serpeus
1627 2198 1656 2225 in
1674 2208 1759 2233 vere,
1783 2202 1810 2225 et
1828 2197 1926 2225 tardus
1948 2197 1982 2224 ab
1999 2204 2082 2225 antro

1323 2249 1521 2288 (eligans-pie
1539 2250 1632 2277 acidis
1651 2249 1764 2288 quaerit
1781 2247 1976 2276 medicamina
1992 2254 2073 2283 nota,

1323 2299 1358 2328 lit
1375 2311 1442 2329 cum
1460 2301 1582 2328 i'eniruli
1599 2311 1628 2328 se
1644 2302 1776 2335 germine
1794 2301 1924 2338 paverit,
1947 2301 2001 2338 ipsi

1324 2350 1409 2380 Clara
1424 2353 1499 2380 acies
1519 2353 1612 2380 oculis
1628 2351 1699 2379 redit
1720 2351 1786 2379 iude=
1805 2353 1950 2390 vigorque
1969 2352 2114 2379 iuventae.

1249 2425 1414 2469 Denique
1433 2424 1587 2467 exempla
1609 2430 1686 2456 suut
1708 2423 1892 2455 innumera
1915 2422 2124 2460 bestiarum,
2149 2430 2238 2465 quae

1250 2490 1262 2507 x
1276 2477 1395 2509 incunt
1415 2475 1599 2519 plerosque
1616 2472 1795 2513 homines,
1822 2480 1859 2507 ut
1877 2474 1922 2507 ita
1942 2474 2072 2511 dicam,
2098 2470 2238 2505 solertia

1251 2528 1285 2559 iu
1316 2525 1538 2571 inquirendis
1565 2533 1595 2559 et
1620 2525 1844 2569 explorandis
1876 2531 2019 2557 naturae
2049 2521 2240 2555 miraculis.

1251 2577 1373 2621 'l'urpe
1393 2584 1441 2610 est
1462 2584 1575 2609 autem
1596 2574 1800 2609 hominibus
1825 2587 1897 2607 non
1922 2575 2026 2607 modo
2045 2573 2136 2607 vinci
2157 2572 2240 2606 dili-

211 2645 426 2686 vuluptates,
455 2643 512 2668 aut
538 2632 755 2666 sordissimas
773 2628 1065 2673 stultissimasque
1088 2639 1199 2666 curas,
1251 2629 1364 2670 geutia
1384 2636 1488 2673 atque
1508 2627 1679 2661 industria
1697 2639 1715 2660 a
1735 2625 1863 2662 bestiis,
1882 2626 1939 2658 sed
1959 2633 2094 2658 tamum
2111 2625 2239 2657 addere

211 2695 340 2741 quibus
363 2685 519 2731 occupati
544 2683 649 2716 animi
677 2694 747 2713 non
771 2680 963 2714 admittunt
982 2676 1200 2713 honestiores
1253 2681 1417 2718 furorem.
1441 2686 1475 2713 ut
1495 2683 1721 2713 contemnant
1738 2676 1842 2711 etiam
1861 2674 1944 2710 haec
1962 2675 2088 2712 studia.
2123 2675 2240 2718 Quare
