2338 2958
14 1055 16 1058 ·
61 1043 216 1076 descedit
233 1044 277 1075 ab
292 1055 362 1077 ara.

75 103 150 141 549

640 101 801 139 DECL.
842 101 916 138 DE
951 98 1106 137 ODIO
1142 100 1543 139 SOPHISTICES.

2028 118 2103 154 550

75 195 176 230 runt,
208 194 246 222 ut
271 185 512 222 Theramenes
537 199 616 221 cum
642 187 784 232 quidem
811 187 959 221 subinde
978 187 1063 223 Rei-
1116 193 1269 220 vestrum
1288 187 1439 231 ingentia
1459 191 1649 225 certamina
1669 192 1810 227 veniens
1833 202 1926 230 aetas
1944 201 2100 243 paritura

73 241 158 285 pub.
189 239 336 272 sormam
367 238 544 278 mutabat,
579 244 695 272 tamen
726 238 861 284 quoties
891 238 1063 272 labescere

72 297 205 335 partem
225 300 323 321 suam
348 288 459 329 vidit,
494 288 680 323 inclinavit
699 290 742 322 ad
767 289 910 323 alteram
926 313 935 327 ,
970 295 1003 322 et
1027 300 1062 321 se

23 372 25 385 .=
71 347 143 374 arte
166 350 206 371 ex
237 338 402 382 periculis
431 339 580 380 evolvit,
615 346 654 373 ut
683 339 768 372 dicit
791 337 1060 383 Aristophanes:

23 397 25 399 '
70 389 197 423 Subito
217 401 281 432 pro
297 386 514 431 Chiocoum,
542 389 577 422 id
594 396 664 430 est,
690 396 731 423 ut
748 390 785 423 in
802 390 886 423 ludo
909 390 1058 424 talorum

22 445 23 448 ’
68 439 210 479 dicitur,
235 451 298 482 pro
310 441 460 472 monade
477 440 658 473 senionem
675 439 836 480 extitisse,
862 438 1060 480 πέπτωκεν,

21 530 23 538 y
67 489 182 535 inquit
194 514 204 528 ,
230 488 297 528 ἔξω
315 491 392 524 τῶν
408 492 554 534 κακῶν,
582 487 707 534 οὐχίος
721 488 813 524 ἀλλὰ
829 492 935 528 κιῦος.

169 538 331 585 Denique
354 552 417 574 suo
448 541 524 574 ocio
550 541 740 574 consulunt
771 552 842 573 non
869 539 1058 579 Ecclesiae,

66 590 126 635 qui
152 591 372 634 applaudunt
395 589 451 624 his
475 589 761 635 sophismatibus,
822 589 863 623 In
889 588 953 623 hos
977 602 1057 622 vere

20 643 21 652 ¹
66 641 231 684 competit
268 641 327 673 illa
363 641 581 674 acerbissima
617 641 757 686 querela
791 637 1056 674 Andromaches

65 691 158 735 apud
177 689 404 735 Euripidem,
436 703 540 736 quam
565 692 730 724 scelerate
748 690 933 724 Menelaus
954 691 1055 723 dece-

65 748 176 786 perat.
229 741 318 775 Cum
336 742 429 774 enim
447 741 658 784 confugisset
676 742 719 774 ad
736 753 850 782 aram,
877 754 921 774 ne
939 754 956 774 a
976 741 1055 774 Me-

65 792 167 825 nelao
201 792 474 832 interficeretur,
507 791 603 826 iubet
634 792 694 825 ille
728 792 858 825 adferri
885 793 1052 825 infantem

65 842 176 875 filium
202 839 329 888 Pyrrhi
353 848 386 875 et
408 839 694 883 Andromaches,
728 855 875 888 eamque
898 843 994 876 iubet
1010 842 1053 874 ab

64 904 123 926 ara
143 893 376 925 discedentem
395 892 510 925 redire
534 905 572 926 ac
588 905 842 937 percussorem,
870 894 964 938 quod
985 892 1051 924 nisi

62 943 182 982 saciat,
211 943 366 976 minatur
381 954 415 975 se
433 943 543 975 filium
562 943 670 987 ipsius
686 944 952 977 interfecturum
969 954 1052 978 esse.

61 990 129 1026 Hic
145 1004 310 1035 generosa
326 1000 437 1026 mater
451 993 514 1026 filii
528 994 675 1028 salutem
692 995 874 1037 anteponit
890 1005 990 1034 suae,
1014 1005 1051 1025 ac

417 1043 607 1089 Postquam
624 1044 732 1086 igitur
748 1046 790 1077 ad
812 1056 1049 1088 percussorem

60 1094 168 1133 redit,
203 1093 349 1127 insultat
379 1093 563 1127 Menelaus
586 1095 750 1138 deceptae
776 1095 926 1128 mulieri.
988 1093 1051 1134 Te,

13 1148 15 1167 ‘¹
59 1143 194 1189 inquit,
221 1155 283 1187 ego
303 1145 444 1189 quidem
463 1144 686 1185 interficiam,
713 1146 772 1178 sed
792 1145 962 1179 infantem
979 1145 1049 1178 filia

59 1206 135 1227 mea
159 1195 288 1238 perdet.
349 1193 416 1227 Hic
441 1195 500 1227 illa
526 1195 616 1229 iusto
641 1201 673 1228 et
695 1195 828 1238 ingenti
847 1196 969 1230 dolore
988 1196 1050 1229 ad—

12 1237 14 1246 *
58 1244 146 1278 fecta
173 1245 359 1278 exclamat:
396 1242 431 1278 O
461 1245 658 1287 dignissimi
687 1246 769 1279 odio
800 1246 982 1290 Spartani,
1017 1253 1049 1278 et

59 1296 244 1328 execrandi
267 1296 310 1327 ab
336 1295 502 1328 omnibus
528 1293 752 1337 hominibus,
785 1297 916 1337 dolosi,
950 1308 1048 1329 nien-

10 1362 13 1382 .;
59 1345 240 1378 daciorum
258 1342 456 1385 architecti,
483 1346 661 1387 insidiosi,
697 1347 901 1391 ssexiloquas
927 1347 1048 1379 amba-

59 1405 117 1438 ges
141 1401 336 1439 captantes,
373 1395 468 1428 aliud
495 1396 697 1440 loquentes,
732 1397 825 1430 aliud
848 1397 1048 1434 sentientes,

58 1445 149 1478 male
166 1445 324 1488 pereatis.
379 1444 460 1488 Quo
478 1453 624 1489 possunt
638 1447 774 1480 veriore
793 1447 904 1489 elogio
917 1447 1047 1480 descri—

10 1512 11 1535 1
57 1496 94 1529 bi
113 1492 218 1528 huius
238 1495 403 1539 temporis
425 1493 619 1539 sophistae,
645 1508 749 1541 quam
774 1494 828 1529 his
846 1496 1046 1530 Androma-

9 1538 11 1545 '
57 1542 142 1579 chae
166 1546 306 1578 verbis?
359 1545 455 1588 Quid
481 1547 614 1589 precari
639 1547 764 1580 iustius
789 1554 858 1585 est,
882 1559 986 1592 quam
1008 1552 1047 1580 ut

57 1603 286 1630 conservetur
309 1595 489 1629 doctrinae
515 1597 668 1639 puritas,
704 1597 816 1629 deleta
842 1605 873 1631 et
894 1596 1044 1631 extincta

57 1644 121 1680 hac
143 1644 344 1691 sophistica.
398 1644 446 1679 Et
461 1653 500 1680 ut
515 1644 765 1681 Andromache
781 1647 858 1680 dira
875 1647 1046 1692 impreca—

57 1703 114 1731 tur
136 1696 404 1741 impostoribus:
432 1696 477 1730 ita
502 1697 684 1732 minantur
701 1697 750 1731 eis
769 1709 898 1742 poenas
923 1697 1044 1731 divina

54 1747 196 1781 oracula
216 1748 309 1791 apud
326 1745 489 1787 Esaiam,
518 1746 589 1781 Vae
604 1748 665 1789 iis,
687 1749 747 1794 qui
771 1749 903 1781 malum
922 1748 1046 1782 dicunt

54 1798 208 1836 bonum,
243 1798 404 1830 tenebras
436 1797 558 1832 lucem.
618 1797 713 1832 Haec
735 1798 885 1832 fulmina
910 1798 1044 1831 exusci-

54 1855 130 1882 tent
147 1859 212 1880 nos
229 1848 272 1880 ad
292 1859 445 1881 amorem
462 1847 640 1887 veritatis,
666 1855 701 1882 et
721 1855 760 1882 ut
781 1860 902 1882 cavere
921 1845 1045 1892 sophi-

53 1899 162 1931 sticen
183 1897 373 1941 possimus,
400 1898 532 1931 maiore
549 1910 631 1932 cura
647 1898 894 1932 incumbamus
909 1899 946 1931 in
970 1905 1044 1932 stu-

55 1948 112 1982 dia
132 1961 232 1982 verae
250 1948 452 1989 doctrinae,
474 1955 505 1981 et
526 1948 740 1982 instruamus
764 1961 802 1982 ac
820 1949 1043 1993 praemunia-

55 2011 132 2031 mus
147 2000 282 2032 animos
301 1999 403 2032 rectis
420 1999 611 2033 sententiis.

157 2048 339 2091 Quantum
361 2049 507 2094 periculi
533 2056 600 2089 est,
630 2049 658 2082 si
685 2049 828 2083 inermis
853 2061 931 2082 cum
958 2049 1040 2093 lupo

54 2100 220 2143 congredi
249 2099 354 2138 velis,
390 2106 526 2133 tantum
560 2100 706 2143 periculi
728 2111 800 2133 esse
828 2100 978 2139 credite,
1011 2099 1040 2132 si

55 2150 130 2182 sine
163 2150 273 2182 solida
295 2150 493 2183 eruditione
523 2157 654 2183 astutos
686 2151 765 2183 illos
796 2157 830 2184 et
855 2150 1040 2183 insidiosos

56 2197 306 2242 Antagouistas
321 2201 544 2235 adoriamini.
596 2198 641 2234 Et
658 2198 836 2241 Christus,
868 2200 928 2233 etsi
945 2200 1041 2234 iubet

56 2249 184 2282 imitari
209 2250 428 2292 simplicitate
445 2251 642 2291 columbas,
670 2249 735 2284 hoc
761 2258 828 2291 est,
856 2251 949 2283 iubet
968 2262 1039 2284 esse

55 2300 130 2332 sine
158 2299 363 2340 virulentia,
396 2307 511 2334 tamen
536 2298 716 2340 hortatur,
753 2307 788 2333 ut
822 2301 929 2333 simus
955 2313 1038 2344 pru-

55 2350 176 2382 dentes
199 2350 288 2383 sicut
311 2358 506 2394 serpentes,
523 2348 525 2351 ⁸
540 2349 605 2384 hoc
626 2359 694 2391 est,
721 2352 829 2384 simus
857 2351 981 2384 intenti
1002 2352 1036 2384 in

54 2397 189 2434 hostem
207 2407 239 2434 et
264 2401 376 2441 cauti,
401 2408 437 2434 ut
460 2412 601 2445 serpens
624 2403 753 2435 dicitur
773 2401 940 2444 singulari
957 2408 1040 2443 arte,

55 2458 157 2494 caput
181 2458 294 2494 tegere
322 2451 356 2483 iu
381 2451 620 2485 dimicatione.
674 2452 784 2486 Porro
804 2453 845 2484 ad
872 2453 1040 2485 cavendas

56 2499 218 2539 insidias,
249 2502 446 2534 eruditione
473 2513 560 2545 opus
582 2509 650 2542 est,
686 2510 724 2536 ut
747 2501 1039 2546 pseudographias

21 2550 28 2558 ⁸
56 2549 92 2582 in
120 2552 272 2585 numeris
295 2564 396 2585 nemo
422 2553 576 2585 iudicare
600 2560 728 2595 potest,
758 2553 823 2585 nisi
840 2553 978 2590 artifex,
1008 2560 1038 2586 et

56 2599 105 2632 ita
129 2602 327 2643 dogmatum
345 2603 610 2647 depravationes
628 2604 770 2636 refutari
796 2615 866 2635 nou
887 2611 1040 2646 possunt,

56 2650 122 2683 nisi
142 2663 159 2683 a
178 2652 306 2696 peritis.
358 2652 428 2686 Nec
448 2666 528 2687 vero
551 2653 725 2694 dubitate,
759 2654 843 2698 quin
868 2655 1039 2699 plerisque

1115 237 1178 274 sit,
1213 250 1301 282 quae
1332 239 1400 271 iam
1425 240 1542 273 animo
1578 242 1752 278 intuentes
1776 247 1940 281 omnihus
1967 250 2098 294 ingenii

1113 287 1247 320 viribus
1261 300 1299 321 ac
1317 288 1433 321 nervis
1450 293 1665 333 contendite,
1691 301 1727 327 ut
1751 295 1911 332 instructi
1932 306 1963 332 et
1984 305 2096 344 parati

1111 338 1152 369 ad
1173 338 1402 371 maximarum
1420 350 1535 372 rerum
1555 343 1819 386 explicationem
1844 355 1876 382 et
1894 362 2096 395 propugna-

1110 387 1248 436 tionem.
1273 389 1455 422 accedatis.
1516 389 1561 424 Et
1594 390 1683 426 hanc
1714 408 1831 430 curam
1865 401 2097 438 memineritis

1108 435 1182 470 Deo
1205 438 1341 481 placere
1368 446 1399 472 et
1422 446 1557 481 gratum
1585 444 1789 479 sacrificium
1818 460 1909 490 esse,
1937 452 1997 496 qui
2016 454 2095 499 qui-

1107 488 1187 520 dem
1211 494 1243 521 et
1270 489 1385 522 studia
1410 489 1561 531 iuvabit,
1597 493 1638 524 ad
1666 491 1759 528 hunc
1786 498 1916 533 directa
1941 503 2044 536 finem
2063 512 2096 539 et

1107 549 1264 581 scopum.
1316 538 1388 572 Nec
1405 550 1486 582 eg0,
1514 553 1591 573 cum
1609 543 1743 577 sucosas
1756 549 2018 587 conciliationes
2033 555 2095 589 de-

1106 595 1231 629 testor,
1266 597 1447 633 propterea
1485 592 1660 625 moderata
1704 597 1866 639 consilia,
1900 605 2094 639 moderatas

1105 640 1296 672 sententias
1324 640 1503 684 improb0‚
1542 644 1598 675 sed
1625 648 1840 688 corruptelas
1860 653 1972 685 caveri
2003 656 2082 689 volo

1105 701 1241 734 semper
1256 697 1303 723 est
1321 692 1659 732 moderatissimum,
1687 698 1780 739 quod
1805 706 1853 732 est
1871 713 2010 745 verum,
2038 684 2094 739 re:

1105 747 1174 780 cte,
1203 742 1362 784 proprie,
1390 744 1569 786 perspicue
1589 750 1620 777 et
1638 745 1764 779 diserte
1781 750 1959 787 traditum.

1205 790 1335 824 Notum
1354 798 1404 825 est
1422 793 1508 825 illud
1530 792 1728 828 Aristotelis
1746 798 1829 832 scite
1845 801 1994 837 dictum:
2023 804 2093 840 Ar-

1104 847 1154 874 tes
1167 853 1287 874 omnes
1306 843 1578 876 mediocritatem
1591 847 1767 890 quandam
1786 862 1971 895 quaerere,
1998 859 2091 900 quod

1103 898 1194 924 certe
1219 904 1291 925 non
1318 894 1360 925 de
1382 894 1498 936 pravis
1524 901 1555 926 et
1578 897 1751 940 corruptis
1771 900 1896 935 artium
1915 907 2092 949 operibus,

1102 943 1160 975 sed
1179 943 1269 975 veris
1287 943 1553 986 intelligendum
1570 953 1629 978 est.
1686 946 1723 980 ln
1742 945 1796 982 his
1811 958 1861 985 est
1876 965 1935 986 sua
1953 962 1983 989 et
2000 958 2091 991 veris

1102 994 1294 1037 praeceptis
1324 995 1537 1027 conveniens
1567 997 1809 1040 mediocritas,
1842 1009 1874 1036 et
1898 1011 1934 1037 ut
1963 1007 2075 1040 dicam

1101 1049 1178 1086 apta
1199 1041 1393 1078 harmonia.
1448 1043 1492 1078 Et
1510 1058 1586 1078 cum
1607 1047 1641 1079 in
1658 1051 1838 1084 sententiis
1856 1036 2089 1091 constantiani

1102 1094 1227 1132 laudo,
1255 1106 1326 1126 non
1354 1095 1523 1128 confirmo
1547 1097 1720 1131 malorum
1751 1103 1995 1148 pertinaciam,
2029 1117 2089 1144 aut

1101 1145 1324 1187 ingeniorum
1355 1146 1594 1188 petulantiam.
1654 1148 1865 1186 Retineatur
1888 1155 1946 1189 illa
1973 1170 1990 1190 a
2008 1156 2089 1193 Pla-

1100 1202 1182 1228 tone
1205 1195 1342 1228 laudata
1366 1197 1522 1229 coelestis
1547 1199 1784 1243 mediocritas,
1819 1205 1980 1241 videlicet
2007 1220 2090 1252 geo-

1099 1245 1260 1285 metrica,
1288 1258 1375 1290 quae
1399 1254 1492 1280 arcet
1519 1250 1742 1292 tyrannidem
1761 1259 1793 1285 et
1818 1254 1956 1290 frenum
1974 1259 2088 1295 iniicit

1099 1296 1226 1338 vulgo,
1255 1296 1352 1328 iubet
1375 1308 1446 1329 esse
1465 1297 1610 1331 idoneos
1632 1300 1763 1334 iudices
1780 1310 1811 1336 et
1826 1307 2087 1347 gubernatores.

1100 1344 1203 1378 Tales
1223 1354 1431 1388 cognoscant
1457 1348 1634 1390 dogmata,
1662 1362 1700 1383 ac
1716 1352 1910 1390 diiudicent
1933 1371 1973 1391 ex
1987 1362 2087 1403 veris,

1099 1396 1201 1428 certis
1224 1403 1256 1429 et
1282 1408 1352 1428 non
1382 1398 1596 1432 calumniose
1615 1401 1758 1436 detortis
1778 1406 2003 1451 testimoniis,
2031 1424 2085 1445 re-

1099 1446 1253 1489 primant
1293 1452 1478 1491 tyrannOS,
1523 1449 1661 1485 frenent
1703 1455 1896 1496 petulantia
1930 1459 2085 1503 ingenia:

1098 1496 1250 1540 denique
1271 1504 1393 1530 curent
1411 1498 1446 1529 in
1464 1496 1617 1532 Ecclesia
1637 1508 1752 1535 extare
1775 1517 1890 1539 veram
1908 1517 1939 1543 et
1957 1519 2084 1546 certam

1098 1546 1314 1585 doctrinam,
1348 1548 1488 1591 proprie
1516 1556 1547 1582 et
1573 1551 1727 1585 dilucide
1756 1557 1977 1602 explicatam,
2012 1575 2084 1597 non

1097 1596 1244 1628 dilutam
1271 1595 1470 1640 sophistica.
1540 1598 1616 1633 Iloc
1649 1608 1721 1634 toto
1750 1613 1886 1646 pectore
1914 1619 2074 1653 optamus

1096 1652 1136 1679 ut
1164 1646 1333 1679 tollantur
1361 1659 1399 1680 ex
1429 1646 1579 1681 Ecclesia
1607 1650 1887 1699 εἷδωλομανιάι,
1920 1667 1952 1694 et
1987 1642 2085 1698 Deus,

1096 1695 1201 1729 Pater
1218 1697 1416 1731 liberatoris
1432 1700 1541 1732 nostri
1562 1699 1636 1734 lesu
1655 1700 1787 1738 Christi
1807 1719 1885 1741 vere
1902 1710 2085 1749 invocetur

1097 1753 1130 1779 et
1153 1747 1305 1788 colatur,
1341 1754 1379 1781 ut
1400 1749 1528 1791 fulgeat
1546 1749 1676 1785 Christi
1702 1755 1830 1797 gloria,
1858 1766 1895 1792 ut
1919 1763 2021 1797 multi
2039 1768 2080 1799 ad

1096 1796 1259 1840 pietatem
1284 1804 1316 1831 et
1338 1799 1483 1832 salutem
1502 1800 1707 1838 invitentur.
1762 1804 1858 1841 Haec
1873 1818 1975 1854 opto,
2003 1827 2082 1849 cum

1095 1847 1231 1880 sucosas
1252 1849 1516 1882 conciliationes
1542 1851 1724 1894 fugiendas
1748 1868 1887 1892 censeo:
1922 1873 1960 1895 ac
1985 1865 2081 1907 prius

1095 1894 1274 1931 dehiscere
1296 1897 1383 1932 mihi
1411 1906 1537 1933 terram
1562 1903 1684 1944 velim,
1718 1919 1821 1950 quam
1845 1910 1888 1942 ab
1913 1908 1975 1946 hac
2001 1926 2081 1949 sen-

1095 1948 1202 1981 tentia
1223 1949 1386 1984 deducar.
1440 1950 1510 1983 Nec
1529 1964 1648 1986 moror
1665 1962 1721 1988 aut
1746 1955 1993 2002 Theramenis,
2020 1974 2080 2001 aut

1094 1998 1263 2031 similium
1280 1999 1427 2040 iudicia,
1456 2001 1515 2045 qui
1531 2002 1709 2038 clamitant
1724 2005 1949 2044 scholasticos
1964 2015 2079 2050 alieno

1094 2048 1251 2092 periculo
1269 2050 1375 2083 fortes
1399 2062 1470 2083 esse
1484 2078 1492 2090 ‚
1519 2053 1577 2095 qui
1604 2054 1630 2085 si
1653 2068 1722 2088 non
1742 2067 1857 2093 amant
1879 2059 1942 2096 hoc
1961 2067 2078 2107 decus,

1093 2105 1132 2131 ut
1150 2110 1212 2142 pro
1229 2099 1399 2142 religione
1421 2101 1574 2145 pericula
1596 2112 1628 2138 et
1644 2105 1781 2140 labores
1800 2112 1993 2156 perferant,
2022 2118 2078 2151 in—

1093 2149 1190 2192 digni
1206 2149 1387 2183 iudicandi
1405 2159 1503 2191 sunt,
1532 2153 1667 2197 quinos
1684 2163 1860 2194 tueantur.
1913 2161 1990 2199 Erit
2007 2166 2077 2202 Ec-

1093 2199 1193 2232 clesia
1220 2198 1295 2233 Deo
1319 2213 1440 2239 curae,
1471 2203 1604 2236 etiamsi
1629 2207 1672 2238 ab
1690 2207 1772 2250 ipsis
1794 2212 1925 2246 deserta
1945 2223 1977 2249 et
1995 2230 2076 2261 pro-

1093 2250 1177 2283 iecta
1211 2250 1336 2292 fuerit,
1379 2264 1482 2296 quam
1512 2253 1651 2297 quidem
1682 2255 1774 2292 Deus
1805 2262 1880 2295 sine
1913 2261 2076 2303 humanis

1092 2301 1273 2344 praesidiis
1291 2312 1427 2335 servare
1441 2303 1538 2338 solet.
1591 2303 1682 2340 Dixi.

1106 2452 1171 2485 No.
1190 2451 1249 2486 68.

1913 2482 1948 2501 an
1981 2475 2070 2504 1542.

1897 2515 2066 2531 Μ

1215 2552 1288 2593 De
1319 2554 1550 2607 aequitate
1581 2563 1623 2597 et
1658 2560 1753 2602 iure
1782 2566 1950 2607 stricto.

1163 2633 1191 2658 ln
1212 2633 1359 2659 Declamat.
1380 2633 1412 2659 T.
1428 2634 1448 2661 1.
1467 2644 1493 2669 p.
1507 2636 1580 2668 271„

1194 2667 1318 2693 Richard.
1337 2667 1366 2692 ΙΙ.
1387 2676 1411 2701 p.
1427 2669 1485 2695 56⁴.

1394 2705 1476 2739 55·

1608 2638 1634 2664 in
1654 2639 1771 2668 Servent.
1793 2644 1811 2670 1.
1831 2653 1855 2677 p.
1872 2646 1928 2671 25⁴.
1956 2653 1981 2673 et
2001 2651 2069 2684 apud
