2338 2958
106 157 180 194 961

575 151 733 190 DECL.
765 151 841 188 DE
874 147 1204 187 FRIDERICO
1237 147 1388 185 DUCE
1420 148 1540 186 sAx.
1573 147 1656 187 ΕΒ.

2054 154 2128 191 962

101 238 401 286 generosissimis,
435 250 522 283 quas
543 245 582 273 ut
604 245 677 272 erat
697 245 796 283 pater
821 236 971 271 maxime
988 231 1092 282 φιλό-
1144 233 1230 269 Vult
1257 242 1374 269 autem
1401 234 1497 269 Deus
1519 246 1620 279 opem
1654 236 1745 270 serre
1775 235 2059 279 confugientibus
2080 241 2125 273 ad

101 303 274 339 ampyog,
300 290 401 322 valde
413 290 597 333 diligebat:
621 289 706 322 alias
723 300 800 323 cum
813 285 986 322 Lutbero:
1016 297 1090 320 cre-

99 342 253 376 berrima
271 352 352 373 vero
370 351 449 373 cum
465 339 642 373 Pontano:
670 340 780 373 multa
797 338 901 372 etiarn
917 349 996 372 cum
1011 348 1089 369 meo

98 399 218 438 patre,
250 391 292 424 de
323 390 481 424 fontibus
510 390 711 433 religionis,
745 391 788 423 de
816 387 1089 425 immortalitate,

99 443 144 476 de
158 441 342 485 fugacitate
360 452 477 475 rerum
494 438 747 482 humanarum,
773 441 816 473 de
833 438 1089 483 gubernatione

98 492 236 537 reipub.
254 493 296 525 de
321 491 494 525 maiorum
517 491 703 535 exemplis,
729 502 769 524 ac
792 489 955 534 inprimis
968 489 1011 521 de
1026 499 1089 532 pa-

97 550 151 577 tre
169 553 233 576 suo
256 542 383 576 multa:
411 553 512 586 saepe
529 548 561 575 et
578 541 774 585 posteritati
790 538 875 574 haec
892 540 980 580 fata,
1007 537 1088 583 qui-

97 593 163 626 bus
185 593 254 625 iarn
278 604 497 631 exercemur,
533 591 766 637 praedicebat.
823 588 912 624 Cum
941 594 1088 633 poterat,

97 643 234 686 legebat
258 643 330 687 ipse
357 642 504 687 aliquid.
565 639 654 675 Cum
685 640 802 674 morbi
834 640 1087 684 impediebant,

97 693 264 726 audiebat
287 692 516 726 libentissime
539 692 645 724 filiam
667 691 856 734 legentem,
879 701 967 735 quae
989 700 1086 723 nunc

95 742 318 777 nobilissimo
345 742 495 787 principi
518 740 610 775 Duci
634 740 862 774 Pomeraniae
888 747 999 785 nupta
1018 746 1085 774 est:

95 800 156 827 aut
181 793 434 833 adolescentes,
459 792 520 837 qui
539 789 685 825 honesto
704 803 800 824 more
818 791 925 824 veteri
942 797 1086 835 propter

96 843 319 888 disciplinam
336 843 373 875 in
388 842 484 876 aulas
498 842 706 881 mittuntur,
729 841 904 875 audiebat.
946 841 1085 875 Lectio-

94 894 133 926 ni
150 894 316 928 miscebat
334 893 407 937 ipse
422 892 571 936 gemitus
592 898 625 926 et
643 898 721 925 vota
734 917 742 931 ,
770 898 803 926 et
821 903 892 924 sese
916 898 947 925 et
962 889 1084 925 Eccle-

95 944 163 977 sias
188 950 222 977 et
240 943 408 988 patriam,
434 949 468 976 et
491 954 590 975 suam
610 942 867 987 posteritatem,
894 939 970 975 Deo
987 953 1084 975 com-

94 993 306 1034 mendabat,
341 993 509 1026 invocans
541 1005 620 1026 eum
653 992 986 1026 commemoratione
1008 992 1084 1033 filii,

95 1055 200 1089 quem
215 1043 396 1077 constituit
412 1043 640 1076 mediatorem
659 1049 691 1076 et
707 1043 930 1086 placatorern.
984 1041 1084 1075 Tan-

93 1101 199 1139 taque
214 1093 323 1127 animi
342 1093 535 1138 praesentia
552 1100 583 1126 et
601 1093 830 1138 aequabilitas
844 1092 922 1133 fuit,
945 1100 983 1127 ut
999 1099 1083 1125 tunc

94 1156 236 1190 quoque
252 1143 375 1177 referri
392 1144 435 1177 ad
451 1155 486 1177 se
506 1143 712 1188 quotidiana
729 1142 871 1186 negocia
890 1143 1012 1184 vellet,
1038 1143 1082 1175 de

94 1195 223 1240 quibus
239 1194 318 1228 aula
335 1194 542 1228 consulitur.
593 1191 647 1226 De
665 1193 793 1238 quibus
808 1192 1083 1235 similicircum-

93 1245 271 1289 spectione
287 1250 320 1277 et
337 1243 506 1286 gravitate
522 1243 775 1288 respondebat,
800 1250 840 1277 ut
856 1249 969 1278 antea.
1010 1242 1081 1277 Sed

93 1294 294 1340 petentibus
319 1294 535 1327 frumentum
568 1300 628 1327 aut
655 1294 770 1337 ligna,
800 1293 989 1337 benignius
1012 1293 1083 1326 lar-

94 1345 271 1389 giebatur,
295 1344 446 1377 subinde
463 1350 622 1388 repetens
638 1342 728 1377 hanc
744 1355 878 1377 vocem:
907 1343 952 1378 Se
965 1350 1082 1388 pater-

94 1407 142 1428 no
170 1395 288 1428 animo
312 1405 448 1438 semper
468 1405 546 1439 erga
573 1406 652 1428 suos
678 1395 804 1434 fuisse,
838 1406 942 1439 seque
961 1401 1082 1438 optare

94 1451 135 1480 ut
155 1445 198 1478 ad
222 1444 460 1490 posteritatem
487 1446 589 1480 etiam
614 1445 725 1490 patria
749 1445 941 1490 tranquilla
959 1445 1021 1486 sit,
1049 1451 1083 1478 et

94 1495 250 1540 paternis
277 1495 434 1540 imperiis
462 1503 612 1540 regatur.
675 1494 765 1530 Cum
795 1507 876 1528 vera
911 1495 1018 1538 igitur
1048 1501 1083 1529 et

95 1552 188 1580 certa
214 1545 437 1580 invocatione
453 1550 495 1583 {se
517 1545 593 1579 Deo
610 1546 754 1579 adsidue
772 1545 1082 1585 commendaverit,

95 1604 129 1632 et
151 1597 314 1631 voluntas
339 1597 446 1631 fuerit
465 1608 544 1640 erga
561 1595 753 1630 Ecclesiam
773 1603 807 1629 et
826 1596 1081 1640 rempublicam

95 1648 245 1692 optima,
269 1654 300 1682 et
318 1659 432 1681 mores
455 1647 539 1681 casti
558 1653 591 1680 et
606 1644 746 1680 honesti
759 1673 768 1687 ‚
788 1658 861 1679 non
881 1646 1082 1680 dubitemus

95 1711 175 1732 eum
193 1700 236 1732 ad
256 1697 493 1732 dulcissimam
513 1697 671 1731 coelestis
691 1695 867 1730 Ecclesiae
881 1696 1079 1730 societatem

94 1749 295 1783 traductum
312 1759 395 1782 esse.
447 1747 614 1791 Prodigia
631 1748 705 1781 eius
721 1754 870 1781 mortem
888 1753 1081 1781 antecesse-

94 1805 197 1839 runt,
217 1810 306 1843 qnae
323 1804 355 1830 et
372 1798 568 1840 posteritati
585 1798 798 1831 calamitates
815 1797 1081 1833 denuntiarunt.

95 1848 175 1882 Non
192 1848 314 1892 procul
329 1847 371 1880 ab
390 1846 556 1880 Isennaco
574 1848 647 1880 visa
663 1854 715 1881 est
733 1847 769 1880 in
787 1849 865 1880 aere
880 1847 1010 1891 species
1025 1858 1082 1880 ar-

95 1899 193 1932 boris
210 1898 364 1931 vetustae
379 1897 533 1936 ruentis,
560 1897 707 1940 perinde
723 1908 761 1930 ac
782 1897 809 1929 si
827 1896 896 1929 iam
915 1897 1081 1930 evellere-

96 1956 155 1983 tur
173 1960 213 1982 ex
231 1955 339 1981 terra:
368 1946 495 1980 deinde
521 1947 679 1991 sequitur
701 1958 804 1991 eques
822 1953 958 1989 gestans
978 1948 1082 1981 arbo-

95 2011 169 2032 rem
185 2009 306 2031 rursus
316 1998 518 2036 florentem,
546 2003 662 2040 postea
681 1997 776 2030 canis
787 1998 982 2038 venaticus,
1007 2004 1081 2031 atra

96 2056 131 2083 et
163 2059 287 2090 magna
322 2059 428 2087 crux,
473 2054 622 2081 extrema
659 2046 787 2090 species
814 2055 886 2082 erat
912 2048 1082 2089 fulminis,

96 2100 192 2132 velut
219 2097 471 2130 inflammantis
498 2096 696 2140 proximum
724 2109 862 2140 pagum.
922 2097 974 2132 lbi
1003 2110 1080 2132 cum

96 2149 198 2183 multi
225 2149 262 2180 in
287 2148 379 2191 agris
397 2145 480 2180 haec
494 2154 694 2185 cernerent,
722 2148 837 2190 puella
860 2148 896 2180 in
915 2160 955 2182 eo
971 2149 1082 2192 agmi-

95 2211 142 2234 ne
157 2198 303 2233 attonita
315 2225 324 2238 ,
352 2198 534 2231 exclamat:
570 2197 641 2231 Vae
657 2209 751 2231 meae
769 2196 992 2232 charissimae
1007 2211 1081 2232 ma-

95 2250 163 2292 tri,
190 2260 294 2294 quam
317 2259 435 2281 vocem
454 2249 497 2280 de
517 2248 628 2291 patria
645 2255 727 2282 tunc
747 2260 889 2293 quoque
907 2250 1008 2284 multi
1026 2250 1081 2282 in-

96 2299 390 2343 terpretabantur.
449 2297 518 2331 Sed
552 2295 635 2331 haec
665 2299 801 2332 omitto.
860 2299 973 2344 lpsam
996 2312 1080 2334 vero

95 2348 279 2383 historiam
306 2354 421 2381 mente
445 2354 658 2391 repetentes,
690 2347 764 2382 Deo
783 2361 925 2393 agamus
940 2351 1082 2394 gratias,

96 2400 191 2444 quod
218 2399 322 2441 longo
346 2399 472 2432 ordine
499 2399 690 2442 sapientes,
722 2400 849 2441 iustos,
881 2403 1081 2436 moderatos

96 2449 278 2493 Principes
304 2446 359 2481 his
385 2448 587 2491 regionibus
613 2450 726 2491 dedit,
758 2463 912 2496 quorum
938 2459 972 2486 et
1002 2464 1080 2495 erga

95 2500 266 2544 populum
291 2499 454 2532 voluntas
475 2499 541 2532 suit
561 2506 724 2543 paterna,
753 2508 783 2534 et
810 2513 933 2536 cursus
950 2503 1082 2536 saluta-

97 2551 161 2584 ris:
193 2561 232 2583 ac
255 2547 370 2583 Deum
395 2549 599 2583 ardentibus
622 2551 712 2584 votis
734 2563 894 2593 oremus,
919 2559 957 2587 ut
980 2554 1083 2588 dein-

97 2611 177 2644 ceps
199 2611 339 2644 quoque
364 2606 459 2642 regat
479 2599 678 2643 principum
702 2609 908 2637 nostrorum
929 2611 1082 2648 pectora.

96 2649 327 2683 Verissimum
349 2656 400 2683 est
423 2650 537 2688 enirn,
568 2662 630 2683 nec
655 2651 836 2694 foeliccm„
868 2666 931 2688 nec
953 2655 1083 2688 saluta-

96 2712 169 2734 rem
192 2699 481 2742 gubernationem
503 2711 575 2733 esse
597 2700 665 2734 nisi
689 2701 864 2740 divinitus
887 2705 1082 2740 adiuvetur.

145 2752 322 2784 ΜειΛεει-ιι.
348 2752 449 2785 Ortn.
477 2751 636 2784 Voqu.

1142 285 1254 319 filium
1280 297 1361 319 vera
1387 285 1618 319 invocatione.
1672 286 1808 320 Deinde
1831 285 2006 320 ethorum
2024 290 2125 332 prin-

1141 335 1278 379 cipum,
1305 337 1348 369 de
1372 337 1501 381 quibus
1523 336 1612 377 dixi,
1635 337 1804 371 memoria
1828 337 1931 371 nobis
1948 345 2043 381 grata
2063 340 2123 373 sit:

1140 391 1174 418 et
1191 397 1269 419 cum
1285 383 1532 420 honestissima
1552 388 1706 432 exempla
1732 389 1902 422 virtutum
1921 388 1958 421 in
1976 386 2030 422 his
2047 389 2125 422 lau-

1139 435 1230 469 datis
1247 436 1333 469 viris
1349 436 1555 481 aspicimus,
1579 449 1667 481 quae
1683 439 1826 483 quidem
1834 437 1930 472 Deus
1947 439 2024 473 ideo
2040 452 2124 485 pro-

1139 486 1258 529 ponit,
1294 493 1334 520 ut
1360 487 1430 521 sint
1456 488 1827 529 commonefactiones,
1864 495 1897 522 et
1931 491 2124 525 accendant

1138 536 1276 581 aliquos
1299 537 1342 570 ad
1359 537 1513 570 studium
1530 536 1690 578 virtutis,
1716 539 1891 572 discamus
1913 540 1995 573 inde
2010 541 2123 575 virtu-

1138 586 1182 620 tis
1203 587 1399 620 doctrinam
1412 615 1421 628 ‚
1456 594 1490 621 et
1509 599 1548 620 ea
1569 599 1658 632 quae
1679 600 1740 621 suo
1760 588 1906 634 quisque
1923 590 1999 623 loco
2020 592 2123 626 debet

1138 643 1171 670 et
1186 644 1299 681 potest
1322 637 1472 678 imitari,
1507 637 1662 671 studiose
1686 646 1862 684 sequatur.
1926 638 2003 673 Etsi
2027 642 2121 674 enim

1137 688 1307 732 quaedam
1331 694 1413 721 sunt
1435 687 1634 732 prIncipum
1660 689 1807 723 virtutes
1832 691 2015 734 propriae,
2049 704 2121 725 non

1137 749 1340 772 communes
1365 737 1526 782 privatis,
1563 745 1679 773 tamen
1712 740 1946 774 consideratio
1980 743 2119 784 prodest

1136 788 1312 822 omnibus.
1370 789 1508 823 Deinde
1531 801 1612 822 vera
1629 788 1696 823 Dei
1719 789 1914 832 invocatio,
1938 791 2121 834 dlligentia

1136 840 1395 881 cognoscendae
1419 839 1600 873 doctrinae
1626 840 1801 880 coelestis,
1835 841 1939 881 fides,
1964 842 2121 876 veritatis

1135 900 1252 928 amor,
1279 890 1437 931 iusticia,
1463 890 1651 931 modestia,
1678 891 1836 932 castitas,
1861 892 2007 925 virtutes
2026 904 2121 926 com-

1135 951 1258 973 munes
1275 951 1345 973 esse
1361 941 1501 975 debent.
1554 939 1689 974 Harum
1708 943 1863 986 exempla
1879 942 2029 976 illustria
2046 955 2121 977 sae-

1134 1001 1177 1033 pe
1191 990 1390 1034 aspicienda
1409 998 1505 1030 sunt,
1531 998 1569 1025 ut
1593 993 1858 1026 commonefacti
1874 994 1918 1026 de
1939 993 2120 1028 voluntate

1133 1038 1218 1081 Dei,
1246 1047 1279 1074 et
1304 1042 1347 1074 de
1370 1042 1492 1075 multis
1515 1042 1627 1075 causis
1649 1048 1741 1075 recte
1761 1043 1931 1084 faciendi,
1958 1044 2066 1077 simus
2082 1044 2120 1077 in

1133 1097 1204 1124 tota
1221 1091 1291 1124 vita
1310 1093 1460 1134 regenda
1475 1092 1734 1136 diligentiores,
1762 1100 1802 1127 ut
1818 1093 1912 1126 scitis
1928 1094 1971 1126 ad
1989 1094 2122 1127 doctri-

1134 1152 1216 1173 nam
1232 1141 1402 1175 virtutum
1428 1142 1583 1185 exempla
1602 1142 1798 1186 pertinere,
1822 1144 1911 1177 sicut
1935 1150 1967 1176 et
1985 1157 2050 1177 vox
2065 1145 2121 1178 di-

1133 1191 1216 1224 vina
1232 1197 1388 1225 testatur.
1441 1190 1517 1225 Oro
1535 1199 1650 1226 autern
1668 1191 1780 1226 Deum
1799 1200 1871 1227 toto
1890 1201 2049 1238 pectore,
2076 1207 2121 1228 ne

1133 1241 1352 1275 barbaricam
1370 1242 1566 1277 vastitatem
1582 1243 1619 1275 in
1637 1240 1692 1276 his
1708 1243 1912 1286 regionibus
1928 1244 2001 1277 fieri
2013 1244 2120 1279 sinat:

1134 1292 1193 1324 sed
1211 1289 1382 1325 Ecclesias
1400 1293 1513 1337 ipsum
1529 1293 1621 1326 veris
1638 1293 1826 1336 gemitibus
1841 1295 2063 1336 invocantes,
2088 1302 2121 1330 et

1133 1353 1253 1376 earum
1276 1340 1448 1387 hospitia,
1481 1350 1515 1377 et
1536 1340 1719 1377 honestam
1741 1345 1982 1390 disciplinam,
2009 1353 2041 1379 et
2057 1346 2122 1379 do-

1134 1392 1266 1427 ctrinae
1283 1393 1398 1427 studia
1415 1401 1564 1430 tueatur.
1617 1392 1710 1429 Dixi.

1146 1583 1211 1618 No.
1236 1585 1317 1620 123.
1948 1604 1994 1622 an.
2020 1593 2112 1624 1551.

1946 1637 2116 1651 *ma

1257 1686 1332 1727 De
1356 1686 1593 1727 Friderico
1623 1687 1754 1729 Duce
1785 1687 1902 1730 Sax.
1927 1688 2003 1731 EI.

1203 1762 1232 1788 ln
1259 1763 1351 1790 select.
1375 1763 1454 1791 Doel.
1481 1764 1514 1790 T.
1539 1764 1584 1791 tlt.
1607 1774 1632 1799 p.
1655 1765 1698 1793 85.
1740 1765 1859 1792 servent.
1889 1766 1925 1794 T.
1952 1766 1998 1792 lll.
2027 1775 2055 1800 p.
2077 1767 2120 1795 80.

1235 1797 1364 1823 Richard.
1385 1798 1418 1823 T.
1434 1798 1466 1823 ll.
1486 1808 1511 1832 p.
1527 1798 1586 1824 715.
1623 1799 1647 1824 Α
1665 1798 1751 1833 Mylio
1771 1799 1799 1825 in
1819 1800 1979 1835 chrouolgia
1997 1802 2121 1836 scriptor.

1237 1832 1305 1857 Met.
1326 1832 1443 1858 refertur
1463 1834 1496 1857 ad
1518 1842 1562 1858 au.
1584 1833 1659 1859 1551.

1134 1920 1260 1954 Oratio
1285 1918 1332 1954 de
1352 1919 1537 1955 Friderico
1562 1922 1668 1956 Duce
1689 1925 1785 1957 δατ.
1810 1924 1996 1969 Electore;
2032 1937 2055 1959 α
2074 1926 2120 1961 D.

1158 1973 1298 2004 Ioanne
1323 1974 1466 2005 Trute
1479 1970 1583 2006 ubal
1604 1975 1704 2007 Iuris
1723 1974 1894 2009 Consulto
1920 1979 2095 2010 recitata.

1133 2040 1218 2081 Una
1244 2051 1292 2078 est
1316 2045 1352 2077 in
1376 2045 1522 2078 summis
1545 2046 1728 2082 doloribus
1752 2048 1963 2086 consolatio,
1995 2048 2120 2082 unicus

1134 2101 1271 2140 portus,
1298 2102 1414 2129 mente
1428 2096 1557 2130 intueri
1577 2098 1774 2131 testimonia
1792 2100 1834 2131 de
1849 2097 1945 2139 Deo,
1972 2105 2004 2132 et
2022 2099 2120 2133 firma

1132 2145 1332 2179 assensione
1357 2152 1526 2187 statuere,
1558 2159 1631 2181 esse
1655 2149 1807 2195 aliquam
1825 2147 1892 2182 Dei
1915 2148 2120 2192 Ecclesiam,

1132 2203 1166 2230 et
1182 2207 1246 2229 nos
1259 2196 1296 2229 in
1311 2208 1349 2229 ea
1365 2196 1440 2230 Deo
1456 2209 1556 2231 curae
1574 2210 1663 2239 esse,
1689 2207 1721 2233 et
1738 2205 1882 2243 propter
1894 2211 1969 2233 eam
1987 2201 2119 2234 servari

1132 2245 1300 2290 hospitia,
1326 2247 1461 2287 literas,
1484 2248 1727 2293 disciplinam,
1750 2250 1858 2292 leges,
1882 2256 1915 2283 et
1931 2250 2018 2284 alios
2036 2263 2117 2285 ner-

1132 2309 1193 2330 vos
1210 2295 1383 2330 humanae
1398 2298 1582 2343 societatis,
1633 2298 1709 2332 Hac
1725 2312 1789 2334 nos
1804 2300 2042 2334 consolatione
2060 2301 2117 2335 in-

1132 2355 1184 2382 ter
1201 2354 1313 2381 tantas
1330 2348 1558 2392 imperiorum
1579 2349 1701 2383 ruinas
1723 2356 1974 2392 sustentemus,
1999 2358 2033 2385 et
2051 2349 2116 2386 hac

1132 2410 1190 2443 spe
1212 2398 1409 2431 doctrinam
1427 2398 1517 2432 vitae
1533 2399 1654 2433 utilem
1671 2411 1920 2444 propagemus,
1945 2413 2009 2435 nec
2026 2402 2115 2444 ideo,

1132 2449 1212 2495 quia
1230 2448 1266 2481 in
1282 2446 1345 2482 hac
1362 2448 1453 2482 vitae
1469 2449 1673 2484 confusione
1689 2452 1799 2485 multa
1816 2457 1938 2485 contra
1952 2452 2113 2486 ordinem

1132 2500 1237 2539 fiunt,
1278 2499 1390 2533 excuti
1416 2500 1517 2533 nobis
1549 2501 1782 2535 assensionem
1818 2502 1862 2535 de
1892 2502 2113 2545 providentia

1132 2550 1251 2583 divina
1268 2549 1441 2591 sinamus,
1465 2551 1524 2584 sed
1544 2558 1691 2596 utraque
1718 2564 1845 2593 mauu,
1870 2559 1910 2585 ut
1927 2553 1974 2585 sic
1990 2552 2113 2593 dicam,

1133 2608 1310 2635 teneamus
1329 2599 1480 2634 illustria
1510 2607 1544 2635 et
1563 2601 1706 2636 immota
1735 2603 1778 2636 de
1805 2601 1881 2636 Deo
1904 2602 2112 2641 testimonia,

1133 2650 1227 2685 hunc
1244 2650 1358 2694 ipsum
1373 2651 1533 2685 ordinem
1550 2659 1693 2686 naturae
1708 2651 2000 2697 pulcherrimum,
2026 2653 2114 2696 figu-

1133 2713 1206 2736 ram
1222 2707 1255 2735 et
1269 2701 1422 2746 positum
1438 2702 1544 2744 coeli,
1568 2703 1677 2746 aeris,
1703 2715 1831 2749 aquae,
1858 2709 1985 2745 terrae,
2010 2703 2114 2749 syde-

1554 2753 1600 2787 61
