2338 2958
197 140 270 176 299

685 132 843 168 DECL.
884 131 957 167 DE
990 131 1182 169 LAUDE
1216 132 1400 169 vtTAE
1433 132 1748 173 SCHOLAST.

2156 137 2230 174 800

196 225 286 262 Cum
308 231 423 259 autem
450 221 583 268 publici
608 219 714 253 officii
736 219 825 253 ratio
849 219 1009 264 imponat
1026 216 1116 253 mihi
1131 219 1187 253 di-
1209 224 1214 268 t
1237 218 1296 254 Sic
1314 219 1422 264 igitur
1439 219 1595 253 statuetis
1611 220 1718 253 vitam
1736 218 1978 256 scholasticam
1997 221 2152 267 primum
2167 235 2232 258 ne-

196 277 299 312 cendi
323 275 583 312 necessitatem,
617 270 684 305 erit
708 268 940 304 humanitatis
964 277 1116 312 vestrae,
1149 278 1188 305 ut
1209 269 1213 300 l
1237 271 1422 305 cessariam
1445 282 1517 304 esse
1534 268 1690 315 Reipub,
1714 277 1747 305 et
1765 272 1932 306 maximas
1947 274 1990 307 ad
2007 285 2232 309 communem

195 339 257 362 vos
276 338 417 374 quoque
434 323 606 369 aequitate
622 328 736 355 vestra
752 321 934 366 publicum
951 333 1086 356 morem
1102 333 1188 355 con-

195 379 357 418 servetis,
390 388 444 409 me
468 386 541 408 non
564 372 736 417 gravatim
759 372 902 413 audire,
932 379 966 408 et
989 372 1186 407 orationem

194 442 307 464 meam
325 427 411 462 boni
429 425 623 460 consulere.

295 504 442 540 Decrevi
461 509 576 536 autem
596 502 713 535 dicere
731 502 775 534 de
792 501 963 545 dignitate
980 501 1072 534 vitae
1086 498 1187 534 scho-

195 559 354 597 lasticae,
388 557 501 600 deque
527 553 790 598 comparatione
814 552 921 585 vestri
946 552 1082 585 ordinis
1107 564 1185 585 cum

195 609 337 644 caeteris
362 606 549 641 ordinibus
576 611 610 638 et
634 604 725 637 vitae
750 603 955 647 generibus:
984 614 1100 647 neque
1124 614 1186 645 ego

196 674 269 696 non
294 660 397 693 video
421 663 610 703 quantum,
638 666 742 700 quam
763 654 920 698 amplum
939 659 1186 696 argumentum

195 710 417 756 susceperim.
470 707 539 741 Sed
559 717 761 751 quanquam
777 704 907 748 pertexi
923 716 1018 737 nunc
1032 716 1105 737 non
1123 716 1187 748 po-

196 764 296 802 terit,
339 768 457 795 tamen
495 758 581 791 utile
620 757 685 790 erit
723 756 834 800 capita
871 767 990 788 rerum
1020 755 1187 799 attigisse.

194 811 507 859 Quemadmodum
528 815 643 842 autem
664 806 796 841 Medici
822 806 859 839 in
883 806 1074 850 praeceptis
1093 806 1186 839 vale-

195 861 330 901 tudinis
353 867 517 900 moncnt,
542 866 581 893 ut
604 858 694 893 aeris
717 858 940 903 qualitatem,
967 857 1004 890 in
1021 869 1091 902 quo
1109 869 1186 889 ver-

195 965 378 1005 conducit,
404 974 513 1007 genus
536 961 627 995 vitae
651 960 865 1004 intelligere,
889 959 925 992 in
950 971 1019 1004 quo
1044 959 1100 992 vel
1122 971 1186 992 no-

195 1028 284 1059 stro,
315 1017 369 1049 vel
395 1015 511 1048 alieno
536 1012 668 1045 iudicio
691 1011 853 1045 collocati
875 1022 1006 1045 sumus.
1066 1008 1112 1043 Et
1137 1017 1185 1043 est

194 1070 367 1116 quaedam
407 1061 659 1108 Philosophiae
697 1073 796 1106 pars,
846 1062 972 1105 gradus
1011 1058 1186 1094 humano-

195 1134 273 1156 rum
291 1118 487 1153 osficiorum
500 1143 508 1154 ,
534 1121 638 1160 atque
655 1113 792 1147 ordinis
808 1112 1029 1146 considerare
1047 1119 1078 1145 et
1096 1119 1186 1146 recte

196 1174 405 1206 discernere.
454 1166 592 1201 Deinde
607 1165 723 1198 nescio
739 1164 822 1210 quid
839 1164 916 1197 aliis
931 1164 1074 1202 accidat,
1100 1161 1185 1196 mibi

195 1224 338 1270 quidem
359 1221 394 1253 in
414 1217 477 1252 hac
496 1218 658 1250 fortunae
674 1216 853 1253 tenuitate,
872 1223 904 1249 et
923 1213 1024 1248 in·his
1037 1214 1187 1248 difficul-

195 1275 338 1311 tatibus,
365 1271 494 1316 quibus
513 1268 717 1307 conflictor,
744 1264 829 1300 baec
846 1277 900 1299 res
919 1266 1053 1310 aliquid
1071 1265 1186 1298 solatii

195 1326 316 1363 affert,
352 1323 446 1368 quod
478 1319 544 1354 hoc
567 1319 657 1351 vitae
682 1329 792 1360 genus
813 1325 846 1351 et
871 1317 1130 1351 sanctissimum
1156 1324 1189 1350 et

195 1374 351 1411 hominis
370 1379 515 1405 naturae
535 1369 927 1407 convenientissimum,
960 1374 994 1401 et
1009 1367 1101 1400 vitae
1118 1367 1188 1400 uti-

196 1427 369 1461 lissimum
402 1434 474 1456 esse
504 1421 629 1463 cogito,
692 1419 782 1453 Cum
813 1416 898 1452 haec
927 1420 1019 1451 bona
1051 1418 1189 1461 colligo,

195 1480 269 1512 fero
294 1476 458 1521 aequiore
485 1472 603 1506 animo
628 1470 872 1509 incommoda,
900 1481 990 1514 quae
1015 1470 1189 1503 comitan-

196 1538 254 1564 tur
272 1526 363 1561 hanc
379 1527 505 1565 vitam,
531 1534 620 1568 quae
636 1529 718 1555 sunt
734 1521 904 1565 plurima3
935 1533 1015 1553 nam
1035 1521 1076 1552 ad
1098 1521 1190 1564 ipsos

196 1580 396 1614 studiorum
422 1577 560 1609 labores
583 1573 714 1606 accedit
741 1578 945 1616 paupertas,
979 1583 1084 1616 quam
1109 1583 1189 1615 per-

197 1634 287 1665 serre
321 1639 440 1673 posse,
475 1624 682 1665 magnitudo
710 1623 820 1656 animi
849 1629 900 1656 cst
924 1634 997 1655 non
1021 1622 1188 1665 vulgaris:

197 1683 287 1716 adde
317 1681 410 1726 quod
443 1675 692 1720 superbissime
716 1673 995 1711 contemnimur,
1030 1685 1103 1706 non
1127 1684 1190 1706 so-

195 1734 269 1767 lum
293 1733 336 1765 ab
358 1728 546 1773 imperiti5‚
574 1738 591 1759 a
609 1725 883 1762 mercatoribus,
910 1724 1101 1764 centauris,
1130 1725 1187 1756 sed

197 1786 301 1819 etiam
321 1784 364 1815 ab
382 1781 453 1814 illis
470 1777 650 1813 semideis,
679 1776 739 1821 qui
760 1782 906 1818 regnant
924 1776 959 1808 in
979 1776 1079 1815 aulis,
1109 1787 1190 1820 pro-

198 1844 273 1880 ptor
299 1834 504 1878 opinionem
532 1829 734 1867 doctrinae,
770 1833 830 1860 aut
854 1827 1055 1870 sapientiae.
1123 1826 1189 1859 Po-

198 1897 325 1921 stremo
362 1896 432 1917 nun
467 1887 603 1915 tantuin
635 1878 915 1917 contemnimur,
949 1877 1130 1911 sedetiam
1155 1877 1188 1909 in

198 1939 280 1971 odio
310 1946 440 1970 sumus.
508 1931 603 1965 llaec
635 1929 859 1963 incommoda
891 1941 996 1974 quam
1023 1941 1095 1961 non
1121 1928 1189 1961 sint

199 1990 310 2027 levia,
336 1999 390 2021 res
409 1983 582 2021 ostendit,
609 1982 787 2014 deterrent
808 1980 900 2012 enim
921 1980 1092 2023 plurimos
1109 1991 1126 2011 a
1150 1979 1192 2011 li-

197 2040 292 2074 toris.
347 2036 421 2081 Ego
445 2042 561 2069 tamen
586 2045 657 2065 non
685 2031 809 2065 dubito
835 2043 872 2063 ea
897 2028 954 2063 hic
978 2042 1190 2063 commemo-

199 2104 294 2128 rare,
320 2097 358 2123 ut
381 2086 538 2129 cogitetis
557 2083 802 2117 fortitudinem
819 2083 996 2126 quandam
1016 2093 1107 2121 esse,
1136 2081 1190 2114 in-

199 2151 250 2175 ter
275 2139 338 2174 has
365 2137 588 2172 difficultates
613 2147 685 2167 non
708 2133 855 2166 abiiccrc=
883 2133 1017 2173 literas3
1063 2133 1191 2165 deinde

198 2193 369 2229 monebo,
402 2197 439 2222 ut
462 2186 516 2221 liis
540 2186 640 2218 malis
663 2183 851 2229 opponatis
873 2196 954 2217 vera
981 2191 1012 2217 ct
1040 2196 1111 2217 uon
1137 2184 1191 2216 su-

199 2252 271 2277 rata
293 2241 397 2276 liuius
419 2241 508 2273 vitae
527 2235 750 2270 scholasticae
770 2236 872 2269 bona.

302 2318 408 2352 lnitio
435 2322 550 2350 autem
578 2312 726 2359 praefari
753 2311 854 2350 voto,
883 2323 938 2343 me
965 2308 1054 2344 nibil
1073 2311 1115 2343 de
1137 2310 1191 2343 di-

201 2371 331 2414 gnitnc·
358 2369 562 2412 cuiusquam
590 2364 728 2397 ordinis
752 2359 948 2397 detrahere.

201 2432 275 2456 rtor
317 2422 374 2453 ill.»
414 2418 544 2454 Cynica
588 2411 839 2459 Philosophia,
890 2425 979 2459 quae
1019 2413 1189 2457 vituperat

201 2486 322 2505 ‹unns-s
350 2459 456 2508 arim]
485 2467 603 2500 «annia
629 2467 719 2499 ximo
739 2477 876 2507 genera.
930 2463 1058 2497 Melius
1078 2472 1107 2497 et
1125 2461 1190 2496 hu-

200 2525 337 2558 mani-1<
352 2551 358 2560 ,
386 2520 497 2564 iuquit
522 2518 743 2553 ,Kristoteleffi
773 2516 948 2549 civitatem
969 2528 1039 2547 non
1058 2528 1096 2548 cx
1115 2513 1190 2548 Mc-

201 2576 278 2609 dicn
304 2582 333 2607 ct
362 2572 521 2608 Nlmtim„
551 2572 606 2602 scd
635 2582 672 2601 cx
700 2567 840 2601 ,Nlo-tim
866 2574 897 2600 cl
918 2566 1080 2609 Agricola
1107 2578 1192 2599 cutt-

201 2635 308 2664 stare„
337 2623 403 2657 hor
428 2629 492 2659 cst,
520 2633 558 2652 ex
586 2620 705 2653 multis
730 2619 926 2652 ordinibus.
984 2619 1103 2659 Quare
1119 2617 1190 2650 sin-

202 2678 291 2720 gulis
317 2676 434 2709 tribuo
458 2684 558 2705 suunt
582 2670 766 2705 liniinrcm.
831 2670 898 2702 Sed
925 2669 1052 2710 gradus
1076 2668 1190 2701 consi-

199 2728 345 2762 (ἱρῇ-,ψῃ
372 2731 471 2763 sunt„
508 2734 596 2767 quos
622 2722 818 2766 plerunque
842 2720 940 2754 stulti
966 2719 1190 2755 conturbant.
1217 2711 1221 2765 Ι
1245 2720 1374 2754 sentire
1400 2721 1443 2754 dc
1461 2719 1646 2758 Beth-siis,
1676 2721 1718 2753 de
1737 2719 1825 2753 aulis
1844 2725 1875 2752 et
1896 2719 1983 2752 soro.

195 928 332 955 samur,
376 913 562 954 diligenter
598 911 842 943 observemus:
886 908 932 942 ita
974 920 1186 952 magnopere
1212 898 1214 934 i
1240 901 1364 933 damus
1388 899 1495 934 vitam
1521 898 1789 934 scholasticam?

1004 2361 1081 2395 Non
1097 2361 1190 2394 dele-
1216 2374 1219 2420 ἱ

1237 322 1346 356 vitam
1365 322 1534 356 utilitates
1552 321 1694 364 afferre,
1720 322 1850 356 deinde
1866 330 1900 357 et
1919 324 2172 359 sanctissimam
2191 337 2231 360 ac

1238 372 1312 407 Deo
1338 373 1570 417 gratissimam
1592 384 1682 413 esse,
1714 379 1892 418 postremo
1915 374 2019 408 etiam
2046 375 2231 410 iucundis-

1239 424 1374 460 simam.
1426 422 1474 458 Et
1494 424 1638 469 quidem
1660 430 1775 458 tantas
1798 425 1841 457 ad
1868 424 1975 458 vitam
1997 425 2167 461 utilitates
2190 439 2230 462 ex

1239 475 1309 509 vita
1333 472 1540 509 scholastica
1559 475 1766 519 pervenire,
1790 481 1926 509 tantum
1947 475 1983 508 in
2001 473 2066 510 hac
2082 489 2153 511 esse
2171 491 2231 512 ve-

1239 539 1299 560 rae
1325 526 1526 570 dignitatis‚
1551 533 1588 560 ut
1611 526 1773 571 quamvis
1795 526 1900 560 titulo
1924 533 2099 571 praestent
2117 526 2232 573 Reges

1240 584 1274 611 et
1291 575 1478 623 Episcopi,
1503 584 1620 611 tamen
1643 577 1756 621 reipsa
1780 589 1843 621 par
1865 578 1910 611 sit
1934 578 2004 611 illis
2024 579 2112 612 ordo
2129 577 2232 613 scbo-

1240 629 1391 664 lasticus.
1462 627 1539 662 Hoc
1570 640 1648 661 cum
1674 628 1793 662 animo
1820 628 2093 669 constitueritis,
2128 630 2232 664 etiam

1240 692 1344 724 opera
1366 680 1484 713 danda
1507 678 1591 720 erit,
1619 687 1658 714 ut
1682 677 1773 713 hanc
1797 679 1903 713 vitam
1923 680 2022 713 omni
2038 681 2155 714 studio
2173 693 2233 715 or-

1212 731 1349 778 ,netis,
1385 737 1424 764 ut
1456 730 1594 764 sortiter
1626 730 1764 764 labores
1795 737 1829 764 et
1861 742 1983 764 omnes
2010 731 2233 766 difficultates

1213 791 1215 843 ἶ
1241 782 1440 826 perferatis,
1465 793 1554 826 quae
1570 781 1784 816 comitantur
1800 779 1868 815 hoc
1883 781 1975 816 vitae
1993 793 2115 825 genus.

1343 848 1410 883 Sed
1436 861 1523 894 quas
1546 850 1686 883 tandem
1713 850 1758 883 ob
1783 862 1902 883 causas
1921 862 2032 896 usqne
2052 850 2138 884 adeo
2158 850 2234 884 lau-

1843 900 1979 944 Vulgus
2003 901 2134 935 indicat
2158 913 2232 934 esse

1240 951 1392 984 ociosam
1416 951 1544 992 vitam,
1577 958 1681 996 atque
1710 951 1792 984 inde
1814 949 2054 986 scholasticam
2079 952 2236 997 appella-

1241 1010 1340 1044 runt3
1377 1001 1497 1036 Latini
1525 1009 1779 1046 nuncuparunt
1812 1003 1915 1036 ludos
1946 1001 2009 1037 hos
2039 1010 2234 1037 conventus

1241 1053 1463 1089 discentium.
1518 1051 1615 1096 Quid
1631 1060 1747 1087 autem
1766 1053 1950 1097 dignitatis
1965 1054 2000 1086 in
2020 1055 2137 1087 ociosa
2153 1054 2236 1095 vita,

1241 1111 1299 1138 aut
1324 1105 1360 1137 in
1385 1104 1479 1137 ludis
1503 1116 1573 1137 esse
1598 1105 1734 1147 potest?
1786 1103 1838 1138 De
1864 1102 1918 1137 bis
1937 1104 2235 1149 appellationibus

1242 1162 1358 1200 postea
1383 1154 1507 1189 dicam.
1562 1155 1666 1189 Prius
1691 1155 1784 1189 enim
1811 1157 2012 1197 ostendam,
2044 1156 2234 1189 minimum

1241 1218 1312 1239 esse
1342 1207 1410 1239 ocii
1444 1206 1479 1239 in
1511 1203 1574 1239 hac
1602 1214 1718 1240 nostra
1742 1207 1885 1239 militia:
1922 1219 1986 1240 nec
2012 1207 2134 1240 ludum
2161 1218 2233 1240 esse

1242 1255 1324 1291 haec
1355 1257 1470 1291 studia
1495 1257 1696 1299 literarum,
1730 1259 1789 1291 sed
1814 1257 1938 1291 seriam
1965 1258 2232 1304 inquisitionem

1242 1309 1472 1343 maximarum
1491 1320 1620 1342 rerum.

1341 1374 1440 1409 Duae
1462 1388 1518 1409 res
1541 1382 1640 1414 sunt,
1669 1375 1798 1421 quibus
1824 1373 1916 1408 nibil
1933 1375 2059 1409 melius
2076 1387 2114 1409 ac
2138 1375 2232 1410 divi-

1242 1426 1321 1459 nius
1348 1424 1456 1460 habet
1488 1424 1642 1460 humana
1675 1433 1822 1466 natura,
1856 1426 2019 1460 videlicet
2051 1426 2179 1461 veritas
2201 1434 2234 1461 et

1243 1478 1385 1513 institia.
1438 1477 1574 1511 Harum
1597 1477 1781 1523 inquisitio
1799 1484 1831 1511 et
1849 1477 2036 1521 explicatio
2053 1490 2234 1512 commen-

1242 1530 1318 1562 data
1344 1535 1393 1562 est
1419 1526 1560 1564 scholis.
1614 1527 1684 1562 Nec
1701 1541 1782 1561 vero
1801 1529 1991 1562 obscurum
2010 1536 2078 1567 est,
2107 1529 2235 1563 verita-

1243 1580 1284 1613 tis
1317 1587 1350 1613 et
1380 1579 1533 1613 iustitiae
1559 1579 1799 1623 cognitionem
1827 1579 1976 1617 maxime
2004 1580 2233 1613 necessariam

1242 1642 1313 1663 esse
1330 1631 1371 1663 ad
1389 1631 1477 1663 bene
1493 1631 1685 1663 vivendum
1703 1638 1735 1664 et
1754 1630 1922 1664 utilitates
1939 1631 1980 1663 ad
1998 1631 2106 1665 vitam
2122 1631 2233 1665 niaxi-

1243 1693 1314 1714 inas
1344 1681 1460 1716 assere.
1525 1680 1607 1714 Non
1637 1682 1729 1714 euim
1757 1681 1832 1715 sine
1856 1681 2018 1716 doctrina
2044 1682 2233 1725 religiones

1243 1732 1319 1772 coli,
1342 1744 1413 1765 non
1432 1733 1522 1775 leges
1539 1732 1644 1766 condi
1661 1740 1721 1766 aut
1737 1732 1878 1766 retineri
1896 1740 2055 1777 possunt.
2091 1732 2234 1776 Quanto

1244 1784 1416 1827 praesidio
1441 1784 1604 1817 destituta
1632 1791 1717 1818 esset
1742 1783 1832 1823 vita,
1858 1783 1883 1816 si
1902 1783 2111 1817 medicinam
2131 1796 2233 1818 uerno

1244 1834 1389 1868 disceret
1408 1842 1465 1867 aut
1485 1836 1651 1867 ‹tm-eret?
1706 1833 1859 1877 Quantis
1876 1835 2093 1867 ornamentis
2110 1847 2233 1868 car-*n-

1242 1887 1325 1918 dum
1351 1892 1459 1925 essct,
1487 1885 1513 1918 si
1538 1898 1641 1918 nemo
1659 1885 1807 1919 disceret
1827 1883 2064 1925 Mathemata,
2092 1885 2119 1920 si
2138 1886 2235 1920 nulla

1244 1944 1440 1980 temporum
1473 1937 1678 1970 discrimina
1711 1942 1934 1975 tenerentur,
1969 1937 1996 1970 si
2024 1948 2078 1970 res
2101 1945 2236 1971 veteres

1244 1994 1273 2020 vt
1293 1985 1461 2021 historiae
1479 1989 1664 2022 mandatae
1683 1987 1793 2021 literis
1814 1987 1953 2030 ignotae
1968 1988 2107 2022 essent?
2159 1987 2236 2021 llo-

1245 2051 1320 2071 rum
1346 2039 1613 2072 commodorum
1638 2039 1845 2079 magnitudo
1867 2039 1966 2071 vobis
1983 2039 2145 2082 quidem,
2172 2039 2233 2084 qui

1245 2090 1278 2122 in
1305 2087 1358 2122 bis
1382 2091 1507 2123 studiis
1532 2090 1743 2128 versamini,
1773 2096 1855 2123 nota
1880 2096 1941 2122 cst.
1997 2090 2117 2133 Quare
2136 2089 2237 2123 facile.

1245 2141 1444 2174 iudicabitis
1470 2148 1603 2183 partem
1622 2140 1722 2184 tteip.
1751 2140 1980 2173 necessariam
2003 2152 2076 2174 esse
2099 2137 2236 2175 scholas

1243 2199 1273 2225 ct
1291 2193 1432 2237 quidem
1451 2193 1653 2236 praecipuas
1668 2191 1836 2224 utilitates
1853 2191 1934 2224 inde
1952 2192 1992 2223 ad
2011 2203 2235 2225 communem

1246 2243 1349 2277 vitain
1376 2243 1571 2287 pervenire.
1637 2242 1726 2285 Quis
1752 2243 1846 2275 enim
1873 2254 1944 2275 non
1972 2242 2066 2276 videt
2092 2242 2236 2287 religio-

1246 2295 1366 2331 nibus.
1395 2294 1531 2337 legibus
1553 2301 1584 2327 et
1611 2293 1720 2326 tin-ris
1735 2321 1742 2331 ,
1768 2294 1802 2326 in
1831 2294 1899 2327 vita
1920 2294 2029 2337 magis
2043 2305 2132 2339 opus
2149 2305 2236 2337 esse,

1244 2358 1346 2390 quam
1369 2345 1476 2378 fabris
1494 2352 1551 2378 ant
1570 2345 1804 2378 cerdonibus?

1346 2413 1415 2447 Sed
1441 2413 1528 2446 illud
1554 2413 1736 2456 disputant
1758 2412 1922 2458 quidam,
1955 2409 2146 2452 Ecclesias,
2173 2423 2236 2446 au-

1247 2465 1332 2502 lam,
1361 2465 1495 2503 sorum,
1523 2465 1622 2497 sedes
1641 2476 1713 2497 csse
1733 2463 1888 2497 veritatis
1910 2469 1940 2496 et
1961 2462 2132 2503 iustitiae,
2159 2476 2234 2497 ma-

1246 2516 1293 2558 gis
1325 2529 1430 2560 qnam
1463 2513 1609 2548 scholas.
1684 2514 1818 2548 Vocant
1851 2511 2094 2548 scholasticam
2127 2514 2234 2548 vitatu

1245 2567 1486 2604 uinbratilem.
1513 2567 1606 2611 quod
1627 2566 1675 2599 ibi
1694 2567 1729 2599 iu
1746 2566 1823 2599 ocio
1841 2564 1982 2607 ingenia
1998 2572 2237 2604 exerceantur.

1247 2618 1317 2650 illic
1343 2619 1460 2657 aiunt,
1488 2618 1671 2652 veritatem
1695 2625 1727 2651 ct
1754 2616 1922 2650 iustitiam
1946 2615 1981 2648 in
2006 2617 2078 2649 arie
2095 2616 2235 2650 versari.

1248 2668 1421 2703 Moderati
1446 2669 1555 2702 animi
1582 2677 1630 2703 cst
1656 2676 1688 2702 et
1713 2669 1801 2701 benc
1825 2666 1995 2704 instituti.
2037 2674 2237 2701 rexercnter

2042 2719 2090 2753 Ac
2110 2719 2234 2752 debent
