2338 2958
127 117 202 154 577

127 203 164 236 in
194 201 331 247 publica
356 211 512 234 censura.
570 200 708 235 Profuit
736 208 850 236 autem
875 201 1004 247 Reipu.
1028 198 1113 235 haec

125 252 304 287 Ambrosii
327 251 489 294 gravitas.
549 250 638 284 Nam
660 258 778 296 postea
797 250 1037 293 Theodosius,
1072 259 1112 286 ut

124 302 325 336 iracundiae
359 302 457 346 quasi
493 302 630 335 frenum
667 302 845 342 inficeret,
882 304 992 347 legem
1030 303 1110 337 tulit

122 363 210 396 quae
232 358 322 384 extat
350 352 386 384 in
402 350 530 385 Codice
548 353 591 385 de
615 353 756 395 poenis,
783 359 822 386 ut
845 361 921 397 post
945 355 1109 386 mandata

120 401 312 445 Principis,
347 413 408 445 per
426 402 569 444 triginta
594 403 669 435 dies
696 403 906 436 differantur
926 403 1109 447 supplicia.

119 450 214 484 Haec
233 452 286 484 lex
310 452 461 485 servavit
482 453 610 485 deinde
626 450 884 486 Antiochenam
909 454 1109 487 multitudi-

119 513 218 542 nem,
245 514 348 547 quam
369 502 476 535 simili
500 503 605 536 modo
627 503 773 537 iusserat
789 501 983 548 Imperator
999 503 1108 537 truci-

118 552 211 592 dari,
237 559 381 596 propter
397 559 546 587 statuam
563 552 729 587 Flacillae
754 553 915 597 coniugis
939 565 1107 586 eversam.

118 600 186 635 Hic
205 614 282 635 cum
300 603 435 636 veniret
459 603 632 648 quispiam
657 609 734 646 post
759 603 851 637 edita
875 604 1038 636 mandata
1062 605 1105 636 ad

117 653 320 696 praefectos,
349 666 386 686 ac
405 653 540 687 iuberet
556 653 625 686 dici
645 651 868 697 Imperatori,
895 665 940 687 ne
963 661 1106 698 propter

116 709 274 735 mortuae
300 704 457 747 coniugis
481 703 687 746 imaginem,
722 703 819 736 vivas
843 702 910 736 Dei
935 705 1102 747 imagines

116 753 274 789 violaret.
329 753 539 797 Imperator,
574 753 654 798 quia
674 753 742 787 iam
763 754 1017 798 deflagraverat
1040 755 1103 794 ira,

115 805 277 837 mandata
297 803 507 838 retractavit.

214 853 391 888 Hactenus
409 853 571 897 exposui,
601 854 780 899 quomodo
797 851 1006 888 Ambrosius
1022 866 1101 888 cum

113 904 336 948 Principibus
353 904 574 938 conflictatus
591 905 646 943 sit,
665 916 759 938 nunc
776 906 987 938 recensenda
1003 912 1101 939 erant

111 954 242 997 praelia
272 967 350 988 cum
381 951 580 995 haereticis,
621 966 710 1000 quae
737 961 855 988 extant
886 955 923 988 in
951 956 1099 999 scriptis.

110 1002 261 1038 Obstitit
288 1005 381 1038 velut
411 1017 533 1038 murus
560 1003 695 1038 Ariano
729 1005 842 1038 furori
868 1006 1037 1049 grassanti
1062 1006 1099 1038 in

111 1053 281 1095 Oriente,
314 1067 358 1088 ne
386 1062 586 1099 penetraret
616 1055 653 1088 in
681 1053 932 1096 Occidentem,
966 1057 1097 1089 semina

109 1105 297 1149 impietatis
320 1117 437 1149 sparsa
463 1106 507 1139 ab
526 1104 723 1143 Auxenfio,
757 1105 818 1150 qui
842 1116 877 1138 se
900 1104 1098 1140 Constantii

110 1162 283 1200 tempore,
309 1162 348 1189 ut
370 1156 426 1195 fit,
452 1156 496 1190 ad
518 1156 734 1189 voluntatem
753 1154 929 1200 Principis
954 1156 1098 1190 inflexe-

108 1212 180 1246 rat,
214 1206 395 1250 oppressit.
458 1206 612 1240 Dimicat
642 1212 676 1239 et
703 1217 783 1239 cum
808 1205 1032 1240 Marcionitis
1058 1219 1097 1241 ac

108 1256 324 1291 Novatianis.

207 1306 352 1341 Refntat
385 1305 635 1353 Symmachum
670 1314 866 1342 senatorem
893 1305 1095 1343 hortantem

106 1356 289 1391 Romanos
324 1357 526 1401 Principes,
567 1365 606 1392 ut
637 1365 787 1392 veterem
823 1356 1096 1403 εἶδωλομανίαν

107 1407 303 1446 restituant,
329 1415 360 1441 et
379 1408 504 1441 callide
519 1408 755 1451 disputantem
772 1410 1022 1443 vetustissimas
1041 1421 1095 1443 re—

104 1457 253 1500 ligiones
269 1458 466 1491 verissimas
483 1470 567 1492 esse.
619 1457 709 1492 Cum
730 1459 823 1492 enim
840 1460 1011 1504 quaedam
1028 1459 1094 1493 Dei

105 1508 234 1541 noticia
267 1505 432 1542 humanis
465 1508 592 1542 animis
624 1508 846 1547 innascatur,
879 1521 1017 1543 necesse
1044 1516 1094 1543 est

103 1558 236 1602 primos
253 1556 426 1599 homines,
448 1559 546 1603 quasi
565 1559 729 1603 propiore
744 1559 952 1602 cognatione
970 1559 1094 1592 condi-

103 1615 214 1642 torem
233 1609 343 1643 Deum
370 1609 598 1652 attingentes,
626 1615 658 1642 et
683 1609 851 1653 sapientia
874 1609 1092 1651 excellentes,

102 1656 166 1692 hac
190 1659 266 1692 luce
287 1659 452 1692 excitatos
480 1670 552 1692 esse
574 1659 618 1693 ad
639 1657 754 1692 Deum
778 1659 1030 1704 inquirendum
1060 1667 1092 1694 et

102 1708 351 1745 invocandum.

201 1758 337 1792 Deinde
353 1772 431 1793 cum
455 1759 686 1803 imperiorum
703 1759 928 1797 constitutio,
956 1771 1089 1803 poenae

101 1809 310 1842 iniustarum
334 1810 511 1849 caedium,
538 1809 690 1854 denique
706 1821 772 1842 vox
794 1809 1026 1842 conscientiae
1053 1809 1089 1842 in

101 1860 248 1902 singulis
282 1857 486 1893 hominibus
521 1866 692 1893 testentur
720 1858 795 1892 Deo
823 1871 959 1903 semper
986 1871 1089 1892 curae

99 1911 204 1943 fuisse
225 1921 333 1953 genus
350 1908 557 1943 humanum.
611 1906 842 1954 Symmachus
861 1910 1089 1943 contenderat

100 1972 241 2004 prorsus
266 1960 414 1994 delirare
437 1972 516 2003 eos,
551 1959 611 2005 qui
636 1971 753 1992 veram
779 1959 984 2002 religionem
1007 1960 1088 1993 uni-

99 2023 197 2044 verso
225 2011 341 2054 generi
368 2009 542 2050 humano,
569 2022 607 2042 ac
633 2009 835 2053 praesertim
852 2010 895 2042 iis
912 2010 1086 2053 gentibus,

98 2062 226 2107 quibus
244 2062 341 2095 Deus
366 2061 511 2105 imperia
538 2060 704 2100 tradidit,
731 2066 782 2093 tot
801 2059 960 2093 millibus
975 2072 1088 2093 anno·

99 2124 177 2145 rum
205 2119 304 2146 antea
333 2112 489 2155 ignotam
517 2110 642 2151 fuisse,
668 2122 706 2143 ac
734 2121 828 2143 nunc
857 2110 996 2143 demum
1026 2122 1087 2154 per

99 2174 226 2206 paucos
266 2163 433 2196 obscuros
470 2158 633 2195 homines
672 2167 704 2194 et
741 2171 883 2193 errones
915 2160 1087 2194 divinitus

98 2213 298 2247 monstrari.

200 2261 316 2304 Quid,
343 2261 437 2306 quod
456 2260 627 2293 mirandis
646 2260 840 2299 eventibus,
868 2261 1013 2295 veritate
1030 2261 1085 2294 di-

98 2313 320 2347 vinationum
341 2311 463 2355 poenis
488 2311 697 2354 impiorum,
724 2311 909 2345 foelicitatc
935 2311 1085 2355 piorum,

97 2370 252 2397 vetustae
269 2362 455 2405 religiones
473 2361 696 2394 confirmatae
717 2361 932 2395 viderentur.
972 2361 1084 2396 Rexe-

97 2421 180 2447 runt
200 2413 369 2447 exercitus
394 2419 426 2446 et
444 2411 589 2444 consilia
605 2410 742 2454 Regum
761 2412 852 2444 veris
875 2412 1084 2455 praedictio-

96 2465 211 2505 nibus,
239 2461 475 2507 Amphiaraus
486 2460 635 2503 Argivos
652 2462 824 2505 profectos
841 2464 882 2495 ad
903 2474 1084 2506 oppugna-

96 2515 228 2548 tionem
250 2512 473 2547 Thebarum:
510 2509 656 2544 Chalcas
682 2513 844 2549 classem,
872 2525 959 2557 quae
985 2513 1084 2546 navi-

96 2565 189 2609 gavit
207 2566 248 2597 ad
266 2564 427 2598 Troiam:
458 2562 665 2596 Aristander
686 2564 807 2595 ducem
830 2563 1082 2598 Alexandrum.

95 2613 140 2648 Et
164 2615 305 2648 suerunt
335 2626 388 2648 res
412 2613 581 2647 secundae
606 2613 664 2652 iis,
699 2613 759 2657 qui
788 2613 914 2646 Vatum
941 2614 1084 2647 monitis

96 2666 284 2710 parebant,
310 2672 341 2698 et
355 2665 541 2707 religiones
559 2664 826 2698 venerabantur.
865 2663 981 2697 (Irexit
1000 2662 1083 2698 haec

146 2718 323 2749 Mummi.
343 2717 444 2748 Orn.
474 2716 554 2745 Voi..
573 2716 636 2748 Xl.

812 114 970 154 DECL.
1012 115 1086 153 DE
1121 114 1450 158 AMBROSIO.

2073 132 2146 169 578

1163 202 1247 234 urbs
1275 202 1408 245 Roma,
1448 207 1531 240 dum
1561 207 1648 243 iusta
1677 210 1766 245 bella
1795 221 1944 257 gereret,
1984 228 2022 250 ac
2049 216 2144 253 domi

1162 252 1401 296 disciplinam,
1429 256 1539 290 bonos
1558 266 1588 292 et
1605 267 1715 294 castos
1732 275 1861 305 mores,
1889 274 1919 299 et
1936 273 2067 302 veteres
2089 283 2144 303 re-

1161 301 1308 344 ligiones
1333 311 1499 339 tueretur.
1560 308 1661 343 Nunc
1688 314 1870 347 ruentibus
1901 319 2077 360 moribus,
2111 328 2143 354 et

1161 353 1329 395 religione
1345 362 1495 397 mutata,
1523 359 1606 391 urbs
1625 373 1692 393 una
1710 365 1871 401 concidit.

1261 401 1355 436 Haec
1373 406 1485 439 oratio
1506 409 1734 451 popularibus
1763 420 1795 446 ct
1825 416 2069 458 plausibilibus
2087 433 2143 453 ar-

1158 453 1332 494 gumentis
1350 454 1530 496 instructa,
1557 465 1589 491 et
1607 461 1831 497 confirmabat
1851 466 1986 510 impios,
2014 477 2047 503 et
2064 483 2142 514 per-

1158 503 1322 536 turbabat
1342 504 1532 539 imbecilles
1552 507 1643 541 inter
1660 511 1744 553 pios.
1791 514 1908 555 Quare
1926 529 2061 552 necesse
2077 521 2143 555 fuit

1158 564 1335 596 opponere
1359 567 1494 594 veram,
1532 557 1766 602 luculentam,
1803 575 1941 606 gravem
1970 576 2001 602 et
2024 572 2142 604 erudi-

1157 609 1226 635 tam
1251 604 1459 647 apologiam.

1261 652 1368 688 Erant
1404 656 1534 689 similes
1561 658 1780 695 defensiones
1807 671 1838 697 et
1867 673 1965 700 antea
1995 671 2141 714 scriptae

1156 715 1173 735 a
1202 702 1354 742 Iustino,
1390 703 1632 751 Athenagora,
1669 709 1912 756 Tertulliano,
1947 717 2141 758 Lactantio.

1156 752 1220 785 His
1250 753 1457 788 Ambrosius
1485 769 1582 790 suam
1611 760 1746 796 adiecit.
1800 762 1843 797 Et
1873 767 1953 811 quia
1982 770 2067 803 utile
2092 780 2141 806 est

1154 804 1256 837 bonis
1275 804 1310 836 in
1331 814 1517 850 conspectu
1539 806 1666 843 habere
1683 822 1899 857 argumenta,
1927 830 2015 862 quae
2032 821 2142 863 pieta-

1154 861 1222 888 tem
1247 855 1283 887 in
1306 855 1432 889 animis
1457 859 1682 901 confirmant,
1709 864 1819 907 capita
1839 878 1975 910 rerum,
2001 871 2044 902 de
2062 873 2141 916 qui-

1154 905 1218 937 bus
1237 905 1376 939 disserit
1391 905 1619 948 Ambrosius,
1647 912 1800 946 breviter
1819 919 2017 960 recensebo,
2046 933 2140 955 eam-

1153 966 1219 1000 que
1239 958 1624 1000 commemorationem,
1653 968 1682 994 et
1707 972 1850 1008 propter
1867 979 1918 999 res
1944 969 2034 1012 ipsas
2061 984 2140 1014 gra-

1152 1011 1221 1037 tam
1247 1005 1320 1038 fore
1345 1008 1566 1042 auditoribus
1590 1011 1768 1053 existimo,
1796 1018 1887 1048 etad
1915 1018 2034 1053 laudes
2052 1020 2139 1054 Am-

1151 1055 1259 1088 brosii
1278 1057 1451 1099 pertinere
1469 1059 1596 1097 iudico,
1620 1058 1701 1095 hinc
1716 1064 1809 1097 enim
1828 1065 2029 1110 intelligetis
2047 1074 2139 1105 mul-

1150 1105 1261 1149 tiplici
1279 1107 1498 1149 eruditione,
1525 1116 1556 1142 et
1572 1112 1790 1157 antiquitatis
1814 1117 2014 1158 cognitione
2038 1133 2137 1164 prae-

1149 1156 1240 1189 clare
1268 1156 1476 1191 instructum
1505 1159 1620 1193 fuisse.
1674 1161 1719 1196 Et
1746 1166 1912 1200 studiosis
1941 1173 2137 1215 exemplum

1149 1207 1309 1251 prodest,
1335 1214 1373 1241 ut
1400 1210 1599 1244 eruditione
1618 1224 1655 1245 ac
1680 1213 1789 1248 literis
1814 1216 1850 1248 in
1871 1215 2023 1254 Ecclesia
2049 1235 2136 1267 opus

1149 1268 1221 1290 esse
1243 1257 1408 1300 cogitent.

1265 1307 1421 1353 Utraque
1456 1322 1563 1344 manu
1599 1310 1802 1358 hypothesis
1833 1319 2034 1364 accipienda
2069 1332 2136 1365 est,

1149 1358 1260 1390 solam
1297 1370 1370 1391 eam
1404 1360 1608 1403 religionem
1637 1377 1753 1398 veram
1781 1379 1870 1408 esse,
1904 1383 1992 1415 quae
2023 1375 2134 1417 prima

1147 1415 1208 1443 est.
1264 1407 1346 1441 ldeo
1371 1410 1463 1442 enim
1488 1413 1645 1447 condidit
1669 1413 1762 1449 Deus
1792 1415 1984 1454 humanum
2016 1434 2134 1466 genus,

1146 1465 1184 1491 ut
1202 1466 1287 1491 esset
1306 1459 1421 1504 aliqua
1440 1458 1613 1503 Ecclesia,
1641 1464 1675 1497 in
1695 1479 1761 1510 qua
1783 1480 1861 1501 vera
1878 1470 1987 1514 ipsius
2003 1475 2132 1508 noticia

1145 1508 1296 1548 luceret,
1330 1521 1441 1554 eoque
1467 1522 1502 1543 se
1527 1514 1687 1555 patefecit
1712 1529 1782 1549 non
1805 1530 1877 1552 uno
1904 1523 2028 1563 modo,
2065 1525 2132 1557 im-

1145 1559 1268 1602 pressit
1285 1560 1443 1592 omnium
1463 1563 1640 1596 mentibus
1660 1574 1837 1600 nascentes
1860 1571 2041 1606 nobiscum
2067 1587 2133 1608 no-

1143 1608 1257 1648 ticias,
1285 1609 1328 1641 de
1346 1616 1484 1643 aeterna
1504 1619 1622 1646 mente
1650 1616 1773 1659 opifice
1797 1630 1914 1652 rerum
1944 1629 1974 1655 et
2002 1624 2131 1666 gnber-

1142 1658 1275 1691 natrice
1292 1656 1436 1692 humani
1455 1663 1601 1704 generis,
1625 1664 1667 1697 de
1684 1666 1886 1702 discrimine
1903 1668 2129 1708 honestorum

1142 1715 1175 1741 et
1193 1709 1349 1752 turpium
1363 1737 1371 1750 ,
1398 1717 1430 1743 et
1455 1712 1539 1746 alias
1565 1714 1701 1748 multas.
1754 1717 1901 1753 Addidit
1919 1729 1951 1755 et
1972 1735 2052 1757 voce
2069 1737 2131 1759 sua

1142 1759 1357 1799 doctrinam,
1385 1773 1452 1804 qua
1476 1764 1627 1796 ostendit
1653 1769 1831 1809 quomodo
1855 1769 2011 1805 invocari
2034 1776 2130 1811 velit.

1140 1805 1239 1840 Nihil
1260 1809 1365 1852 igitur
1381 1811 1529 1845 dubium
1555 1820 1623 1856 est,
1654 1815 1734 1848 inde
1752 1829 1860 1862 usque
1885 1822 1928 1853 ab
1950 1822 2050 1857 initio
2070 1837 2129 1868 ge-

1141 1859 1233 1891 neris
1252 1856 1408 1911 ¹humani,
1437 1873 1534 1894 veras
1549 1863 1681 1908 aliquas
1699 1867 1884 1910 religiones
1902 1872 2016 1908 fnisse.
2053 1874 2128 1909 Hoc

1140 1915 1319 1942 teneamus
1338 1909 1374 1942 in
1391 1922 1489 1944 causa
1507 1919 1671 1958 tanquam
1687 1917 1891 1954 καθολικὸν
1911 1922 2100 1968 θεώρημα.

1245 1958 1313 1992 Sed
1340 1960 1426 1992 illud
1448 1965 1686 2006 quaerendum
1712 1975 1779 2006 est,
1805 1982 1893 2013 quae
1919 1960 2066 2015 fuerinl,
2094 1983 2126 2009 et

1138 2021 1182 2041 an
1201 2011 1292 2053 apud
1311 2022 1430 2043 omnes
1448 2013 1671 2058 incorruptae
1687 2020 1904 2053 manserint?
1935 2022 2124 2064 Quomodo

1138 2071 1218 2091 vera
1246 2067 1279 2093 et
1304 2061 1460 2094 coelestis
1485 2064 1643 2097 doctrina
1681 2077 1885 2112 propagata,
1921 2083 2123 2109 conservata

1137 2116 1167 2142 et
1186 2110 1342 2143 restituta
1360 2111 1428 2144 sit'?
1458 2111 1536 2147 Erit
1553 2114 1658 2156 igitur
1677 2114 1741 2150 hoc
1766 2117 1996 2164 κρινόμενον,
2028 2123 2124 2170 Apo-

1136 2159 1277 2193 stolicae
1292 2173 1354 2201 ne,
1378 2174 1422 2194 an
1440 2161 1640 2205 Romanae,
1663 2178 1804 2209 graecae
1822 2178 1880 2204 aut
1897 2173 2027 2207 similes
2047 2177 2124 2220 opi-

1137 2210 1260 2243 niones
1282 2212 1324 2243 dc
1347 2212 1414 2244 ‹liis
1433 2214 1639 2248 vetustiores
1655 2218 1750 2251 sint?
1799 2219 1871 2254 Nec
1897 2223 2049 2258 difficilis
2074 2233 2123 2260 est

1136 2261 1356 2296 diiudicatio.

1244 2310 1402 2344 Primum
1438 2322 1632 2349 monstrosa
1670 2318 1867 2354 absurditas
1902 2336 1989 2367 quae
2024 2326 2122 2370 fingit

1135 2362 1263 2394 multos
1289 2363 1388 2402 deos,
1430 2370 1574 2398 testatur
1605 2364 1692 2399 hanc
1717 2370 1920 2412 opinionem
1946 2387 2016 2408 nou
2049 2388 2121 2410 esse

1135 2412 1299 2455 primam,
1328 2421 1457 2456 pugnat
1477 2415 1569 2447 enim
1588 2429 1666 2450 cum
1684 2418 1740 2451 illa
1761 2420 1831 2463 ipsa
1851 2426 2000 2458 naturali
2026 2428 2119 2460 noti—

1134 2463 1184 2494 cia
1198 2489 1206 2502 ,
1229 2475 1317 2506 quie
1332 2461 1566 2504 hauddubie,
1593 2479 1670 2500 cuin
1688 2470 1869 2504 uobiscum
1886 2482 1964 2508 nata
1982 2477 2038 2517 sit,
2065 2478 2119 2510 di-

1135 2513 1264 2545 vinitus
1294 2513 1328 2545 in
1348 2525 1412 2546 nos
1431 2517 1618 2556 transfusa,
1648 2526 1738 2552 certa
1757 2528 1787 2554 ct
1814 2522 2042 2559 immutabilis
2060 2534 2119 2561 est.

1136 2562 1279 2596 Etiamsi
1299 2575 1332 2595 se
1350 2573 1515 2607 rumpant
1537 2569 1675 2610 patroni
1694 2573 1980 2613 superstitionum
2002 2574 2118 2609 ethni-

1108 2643 1111 2661 Ι
1135 2626 1263 2650 carum,
1288 2620 1402 2646 tamen
1421 2613 1523 2648 huius
1541 2621 1733 2660 argumenti
1753 2628 1844 2655 tainta
1861 2632 1907 2656 cst
1928 2627 2117 2669 perspicui-

1108 2694 1111 2705 ,
1135 2672 1203 2703 tas,
1227 2671 1321 2696 utne
1337 2665 1462 2697 mutire
1481 2667 1619 2710 quidem
1637 2678 1754 2703 contra
1772 2674 1912 2715 possint.

1437 2715 1483 2747 37
