2338 2958
162 133 259 168 1033

157 218 239 253 Scio
268 217 388 252 multis
419 215 526 249 laxari
560 217 696 250 animos
728 223 762 250 et
791 228 910 249 curam
937 216 1146 257 studiorum,

158 269 260 314 queri
275 267 440 302 sodalicia
454 273 488 300 et
503 267 699 311 voluptates
715 267 774 300 tali
792 273 968 311 tempore,
995 274 1027 300 et
1043 267 1144 299 doleo

159 331 224 353 nec
255 318 412 363 publica,
444 329 508 351 nec
537 318 726 352 domestica
756 317 943 362 disciplina
967 315 1143 351 coherceri

159 370 264 403 talem
280 368 523 413 petulantiam.

261 435 328 470 Sed
361 435 474 468 nostri
503 441 553 469 est
585 435 710 479 officii,
737 434 971 468 moderatiora
1004 434 1142 478 ingenia

158 499 321 527 monere,
349 493 388 519 ut
411 497 492 519 suos
513 497 627 518 mores
651 493 682 519 et
701 497 762 519 sua
782 486 894 519 studia
915 492 1144 528 attemperent

160 539 201 571 ad
221 537 438 579 Angelorum
457 543 490 569 et
506 548 608 569 verae
619 535 794 569 Ecclesiae
812 547 943 576 mores,
971 547 1009 568 ac
1029 535 1142 568 studia

159 588 197 621 in
214 585 270 620 his
288 587 393 620 seriis.
436 586 563 629 Angeti
579 598 749 619 memores
766 587 818 620 sui
836 585 1022 630 praeconii,
1049 597 1143 618 nnnc

158 636 300 672 Christo
323 637 450 680 gratias
471 645 595 680 agunt,
623 643 654 669 et
677 637 802 681 passim
823 648 885 680 pro
901 634 1068 669 Ecclesiis
1086 648 1144 668 ex-

159 689 308 729 cubant,
335 695 368 722 et
392 693 615 731 propugnant
640 699 710 727 eas,
735 694 773 720 ut
799 698 922 719 sonare
946 684 1037 719 hanc
1059 699 1143 719 con—

159 739 297 773 cionem
314 739 356 771 de
374 738 445 771 filio
462 738 527 772 Dei
544 744 626 769 nato
643 737 788 780 possint.
842 734 1056 780 Prophetae,
1082 737 1141 782 qui

158 801 229 823 una
252 795 436 822 versantur
456 788 547 832 apud
568 785 747 821 Christum
773 788 809 819 in
828 788 884 819 illa
903 795 1040 820 aeterna
1059 800 1139 820 con-

158 840 363 880 suetudine,
390 839 458 871 iam
476 840 519 871 de
535 838 606 871 suis
623 839 798 871 vaticiniis
817 850 894 870 cnm
911 836 1052 872 Christo
1070 838 1141 870 col-

157 891 372 935 loquuntur,
399 901 549 935 eumque
569 896 689 928 orant,
715 901 757 922 ne
775 887 966 922 Ecclesiam
988 890 1024 921 in
1042 889 1142 921 terris

158 941 316 983 extingui
332 940 433 975 sinat.

258 1006 314 1040 Pii
345 1014 418 1042 toto
447 1008 532 1041 orbe
563 1014 735 1041 terrarum
761 1014 934 1049 gementes
958 1007 1142 1050 deplorant

157 1058 369 1092 calamitates
394 1057 539 1093 humani
565 1058 720 1101 generis,
748 1069 851 1103 seque
876 1055 940 1090 hac
963 1070 1032 1090 una
1056 1070 1141 1090 con-

158 1109 330 1142 solatione
353 1116 548 1142 sustentant
571 1115 604 1141 et
628 1108 784 1150 erigunt,
820 1109 914 1152 quod
940 1108 1053 1141 sciunt
1078 1120 1142 1140 nos

158 1171 259 1192 curae
282 1171 354 1192 esse
379 1159 474 1200 Deo,
509 1159 589 1203 qnia
616 1158 707 1190 filius
733 1158 802 1190 Dei
825 1170 898 1191 non
922 1159 1049 1191 frustra
1075 1158 1142 1191 tale

157 1210 280 1242 foedus
307 1222 385 1242 cum
415 1216 537 1243 natura
564 1205 716 1241 hnmana
741 1209 878 1247 fecerit,
914 1215 951 1242 ut
974 1209 1016 1241 sit
1042 1220 1079 1241 os
1102 1221 1141 1241 ex

156 1260 293 1293 ossibus
316 1259 455 1294 nostris.
507 1257 538 1292 E
560 1265 681 1292 contra
705 1259 837 1292 diaboli
858 1260 1031 1299 furentes,
1058 1259 1140 1292 odio

155 1307 288 1344 Christi
318 1310 521 1343 discurrunt
550 1309 724 1354 undique,
756 1316 795 1342 ut
823 1310 943 1342 orbem
969 1318 1139 1343 terrarum

155 1360 366 1393 tumultibus
385 1366 417 1394 et
433 1359 606 1392 scandalis
623 1360 839 1400 concutiant,
867 1372 910 1393 ne
926 1373 990 1393 vox
1007 1358 1138 1394 Christi

157 1411 338 1453 audiatur,
366 1423 409 1444 ne
425 1409 519 1444 Deus
536 1411 736 1450 invocetur,
763 1417 796 1444 et
813 1418 903 1445 recte
921 1411 1065 1448 colatur.

256 1485 302 1521 Et
324 1485 455 1521 habent
470 1499 530 1521 sua
549 1500 696 1531 organa,
724 1488 860 1532 agmina
877 1489 1064 1532 impiorum
1084 1488 1140 1522 in-

156 1538 290 1581 gentia,
322 1540 382 1583 qui
411 1539 585 1584 cyclopica
615 1539 758 1572 andacia
783 1540 943 1573 derident
968 1540 1080 1573 Deum
1107 1547 1140 1573 et

154 1600 276 1621 omnes
308 1589 414 1631 leges,
447 1596 480 1622 et
508 1590 625 1623 laxant
646 1590 784 1622 frenum
809 1591 974 1623 omnibus
998 1591 1139 1623 furiosis

155 1639 419 1682 cupiditatibuS.
486 1639 559 1672 Iam
586 1640 733 1682 cogitate
757 1641 870 1673 utrius
895 1641 1000 1684 partis
1024 1641 1138 1674 studia

153 1690 256 1722 nobis
271 1690 439 1723 imitanda
457 1690 536 1724 siut.

152 1740 255 1783 gelis,
283 1738 469 1783 Prophetis
491 1747 523 1774 et
547 1740 612 1784 piis
638 1742 790 1775 modeste
817 1742 990 1775 celebrare
1011 1741 1139 1782 Deum,

152 1802 197 1822 an
215 1802 297 1822 vero
313 1790 458 1832 grassari
476 1802 553 1823 cum
569 1791 732 1824 diabolis.

253 1856 347 1890 Haec
370 1856 575 1890 deliberatio
591 1857 713 1890 subeat
729 1856 898 1893 animum.
950 1857 1037 1891 Nam
1056 1871 1138 1902 pro—

151 1909 240 1942 fecto
262 1907 370 1941 seriae
396 1919 450 1940 res
472 1913 637 1950 aguntur.
690 1906 785 1940 Deus
804 1919 930 1951 poenas
950 1906 1137 1942 horribiles

153 1966 187 1993 et
203 1965 361 1992 aeternas
379 1958 561 2003 proposuit
579 1959 886 1991 contemnentibus
904 1957 997 1992 hunc
1014 1960 1137 1995 filium.

152 2007 201 2043 Et
221 2021 239 2043 e
256 2015 375 2043 contra
394 2009 579 2052 pollicetur
596 2008 717 2049 nobis,
745 2009 827 2042 etin
846 2007 910 2042 hac
930 2010 1000 2044 vita
1015 2011 1136 2044 desen-

151 2060 307 2099 sionem,
335 2066 368 2093 et
391 2066 508 2103 postea
527 2070 692 2101 magnum
709 2065 741 2092 et
760 2066 939 2093 aeternum
957 2061 1081 2099 decus,
1107 2061 1135 2094 si

150 2108 248 2144 hunc
270 2111 381 2144 filium
405 2116 604 2143 reverenter
627 2110 888 2153 amplectemur.
941 2109 1035 2144 Haec
1054 2111 1134 2156 quia

153 2161 190 2194 in
215 2161 393 2194 versiculis
411 2160 539 2193 Psalmi
565 2160 706 2192 secundi
731 2160 930 2193 dulcissime
954 2169 987 2194 et
1005 2162 1136 2203 gravis-

152 2212 239 2244 sime
262 2218 527 2255 proponuntur,
555 2207 618 2243 hos
643 2211 862 2253 potissimum
886 2208 942 2245 liic
962 2212 1061 2244 vobis
1079 2213 1136 2244 in-

152 2262 334 2305 terpretari
351 2261 458 2302 volui,
484 2268 522 2294 ut
539 2258 594 2293 his
609 2261 731 2293 diebus
748 2273 806 2294 eos
823 2261 858 2295 in
875 2262 1000 2294 animis
1014 2263 1137 2295 vestris

151 2312 421 2350 circumferatis,
446 2324 575 2355 vosque
599 2324 718 2344 eornm
739 2311 948 2354 cogitatione
966 2313 1006 2344 ad
1027 2313 1135 2356 pieta—

152 2370 218 2396 tem
251 2362 424 2402 excitetis,
456 2369 488 2396 et
518 2359 581 2395 hac
614 2362 855 2395 recordatione
889 2363 1014 2396 festum
1042 2363 1134 2395 diem

151 2413 251 2446 vobis
281 2414 455 2456 agendum
484 2423 555 2445 esse
583 2412 728 2447 ducatis,
795 2413 853 2445 Sic
875 2413 970 2445 enim
993 2420 1029 2445 ut
1052 2414 1136 2454 dixi,

149 2461 246 2498 hunc
274 2463 388 2507 ipsum
414 2463 506 2496 diem
533 2463 708 2496 celebrant
732 2461 859 2505 Angeli
883 2471 912 2496 et
939 2461 1135 2507 Prophetae

150 2514 187 2547 in
203 2514 326 2554 coelis,
353 2520 386 2547 et
402 2513 532 2558 ubique
549 2519 718 2546 terrarum
739 2525 859 2546 omnes
876 2514 938 2558 pii.

251 2589 309 2624 Sic
346 2589 461 2635 inquit
500 2587 593 2622 Deus
634 2588 670 2620 in
703 2587 862 2622 Psalmo:
911 2586 1134 2623 Osculamini

150 2641 275 2679 filium,
302 2653 345 2674 ne
362 2641 531 2673 irascatur
545 2647 576 2671 et
594 2638 740 2681 pereatis
753 2640 795 2671 de
812 2641 876 2671 via.
919 2638 1022 2672 Brevi
1039 2641 1131 2673 enim

150 2692 346 2725 exardescet
361 2691 412 2724 ira
429 2691 515 2726 eius.
564 2688 664 2723 Beati
679 2701 798 2722 omnes
817 2690 877 2735 qui
896 2691 1076 2724 confidunt
1095 2692 1130 2724 in

682 128 842 166 DECL.
882 128 956 166 DE
990 127 1364 166 NATIVITATE
1397 130 1653 168 CHRISTI.

590 1689 714 1723 Velitis
731 1703 774 1722 ne
791 1703 869 1724 cum
881 1689 1034 1728 Christo.
1063 1691 1138 1724 An-
1162 1703 1163 1707 ¹

2085 139 2180 173 1034

1197 229 1248 252 e0.
1275 214 1437 250 Audistis
1449 217 1589 250 brevem
1602 218 1806 252 concionem
1820 227 2001 254 sonantem
2011 222 2059 255 de
2071 224 2178 263 coelo,

1196 268 1254 300 sed
1271 278 1325 300 res
1341 268 1507 301 maximas
1525 269 1824 312 complectentem,
1853 283 1957 315 quam
1976 272 2178 317 priusquam

1196 330 1341 358 enarro,
1367 330 1429 351 vos
1445 319 1680 352 adolescentes
1696 321 1739 353 de
1754 332 1808 361 re,
1834 328 1871 355 ut
1890 321 2048 360 videtur,
2074 335 2179 366 parva

1196 368 1525 409 commonefaciam,
1555 382 1660 414 qnam
1684 377 1799 403 tamen
1822 369 1999 405 Ecclesiae
2024 385 2178 405 necessa-

1196 418 1283 451 riam
1309 429 1381 450 esse
1406 430 1461 451 res
1489 419 1560 462 ipsa
1585 421 1746 453 ostendit.
1812 419 1905 454 Mihi
1932 423 2059 466 legenti
2085 421 2178 456 hunc

1194 467 1373 501 Psalmum
1398 476 1430 501 et
1453 469 1519 502 alia
1540 470 1630 503 dicta
1648 471 1683 502 in
1702 470 1957 515 Prophetarum
1976 481 2009 507 et
2026 472 2178 517 Aposto-

1195 519 1309 551 lorum
1342 519 1496 561 scriptis,
1531 520 1573 552 de
1608 518 1672 553 hoc
1695 522 1780 554 sesto
1804 523 1986 565 cogitanti,
2025 525 2176 557 venitin

1194 575 1345 601 mentem
1363 569 1463 601 valde
1481 571 1670 602 necessaria
1688 583 1759 604 esse
1775 570 1950 606 Ecclesiae
1967 575 2081 607 studia
2101 575 2178 608 lite-

1193 631 1323 654 rarum.
1377 618 1469 652 Huic
1487 619 1624 652 Psalmo
1641 629 1810 664 qnantum
1831 624 1917 655 lucis
1931 625 2074 665 accedit,
2099 638 2177 658 cnm

1193 671 1306 703 fontes
1321 670 1547 705 consulimus.
1584 669 1679 703 Idem
1697 672 1731 704 lit
1748 672 1783 704 in
1800 673 1892 706 dicto
1903 672 2026 707 Esaiae
2036 673 2176 718 Cap.9.:

1193 719 1364 753 Parvnlus
1390 726 1491 753 natus
1510 727 1559 753 est
1577 721 1700 762 nobis,
1728 722 1821 755 Dens
1839 731 1937 767 pater
1952 726 2176 760 aeternitati&

1194 769 1290 803 Idem
1317 770 1353 804 fit
1380 771 1416 802 in
1442 771 1533 804 dicto
1552 769 1726 805 MIcheae:
1761 772 1930 815 Egressus
1956 775 2029 808 eius
2047 778 2089 809 ab
2109 777 2176 808 ini-

1193 821 1241 854 tio
1274 828 1354 854 ante
1383 822 1457 854 dies
1487 822 1622 857 mnndi.
1674 821 1720 856 Et
1752 825 1842 868 apud
1871 824 2037 859 Ioannem
2069 839 2106 860 ac
2141 828 2175 860 in

1192 870 1350 914 Epistola
1380 873 1423 904 ad
1449 871 1628 905 Hebraeos
1659 874 1749 906 dicta
1784 876 1826 907 de
1859 875 1930 909 filio
1957 877 2068 910 multo
2096 885 2175 911 sunt

1193 922 1402 963 illustriora,
1435 930 1594 956 naturam
1618 925 1730 966 graeci
1753 927 1922 959 sermonis
1948 928 2176 971 intelligenti-

1193 973 1268 1007 bus.
1323 972 1489 1006 Amemus
1516 974 1622 1016 igitnr
1645 981 1677 1007 et
1701 975 1855 1009 colamus
1875 975 1956 1010 haec
1974 979 2086 1011 studia
2107 979 2176 1011 lin-

1192 1035 1358 1065 guarum,
1387 1023 1422 1055 in
1449 1024 1575 1068 quibus
1592 1023 1686 1057 Deus
1709 1037 1769 1059 sua
1793 1028 1929 1060 oracula
1950 1029 2050 1061 nobis
2067 1031 2175 1062 tradi-

1192 1074 1261 1112 dit,
1292 1080 1514 1117 et-perpetuo
1541 1077 1740 1108 conservat:
1768 1077 1839 1110 imo
1865 1090 1952 1122 quae
1975 1087 2054 1112 sunt
2082 1081 2174 1114 velut

1190 1124 1371 1162 fasciolae,
1401 1124 1528 1169 quibus
1552 1123 1713 1159 Christus
1737 1127 1915 1161 involutus
1938 1136 1999 1163 est.
2062 1129 2174 1163 Venio

1191 1175 1297 1217 igitur
1320 1175 1363 1207 ad
1390 1175 1668 1216 enarrationem,
1696 1177 1733 1209 in
1758 1190 1824 1222 qua
1850 1180 1999 1222 primum
2027 1192 2173 1224 persona

1191 1226 1444 1258 consideranda
1474 1233 1534 1260 est.
1602 1226 1732 1260 Filium
1762 1229 1863 1261 nobis
1889 1237 2049 1263 aeternus
2078 1240 2175 1275 pater

1190 1277 1411 1309 commendat
1441 1282 1472 1309 et
1503 1276 1621 1311 mittit.
1689 1276 1827 1311 Deinde
1857 1292 1956 1313 causa
1990 1282 2173 1325 cogitanda

1191 1327 1273 1366 erit,
1301 1334 1333 1360 et
1356 1326 1556 1359 excitandae
1580 1334 1727 1370 mentes,
1754 1336 1792 1362 ut
1815 1327 1881 1364 hoc
1905 1338 2041 1366 tantum
2067 1333 2171 1366 bene—

1190 1378 1307 1412 ficium
1326 1378 1593 1423 amplectantur.

1291 1479 1461 1525 Magnum
1479 1482 1626 1515 omnino
1643 1481 1881 1517 testimonium
1894 1491 1953 1524 est,
1978 1496 2048 1518 esse
2057 1483 2170 1518 Deum

1190 1538 1342 1564 mentem
1366 1539 1561 1572 aeternam,
1589 1533 1778 1566 immensae
1801 1535 2008 1578 sapientiae,
2034 1537 2171 1569 bonita-

1191 1583 1233 1614 tis
1255 1593 1293 1615 ac
1319 1583 1511 1626 potentiae,
1540 1581 1623 1616 haee
1644 1584 1716 1627 ipsa
1737 1586 1860 1618 mundi
1880 1585 2038 1619 machina
2058 1595 2090 1620 et
2106 1599 2172 1620 no-

1190 1639 1280 1665 strae
1305 1641 1447 1666 naturae
1464 1640 1574 1667 totum
1595 1634 1783 1677 opificium.
1833 1635 1942 1669 Nobis
1960 1637 2051 1670 enim
2072 1638 2172 1671 insita

1190 1689 1239 1716 est
1256 1682 1320 1716 Dei
1337 1684 1483 1724 noticia,
1511 1684 1612 1717 nobis
1628 1685 1771 1718 insitum
1790 1693 1838 1719 est
1855 1687 2042 1721 discrimen
2063 1686 2173 1721 hone—

1190 1741 1323 1767 storum
1350 1742 1383 1767 et
1406 1735 1581 1778 turpium,
1616 1744 1755 1769 aeterno
1781 1745 1813 1769 et
1838 1737 2050 1771 immutabili
2077 1748 2171 1783 septo

1189 1784 1374 1826 seiungens
1398 1785 1480 1818 falsa
1503 1797 1521 1818 a
1546 1786 1672 1828 pravis.
1727 1786 1762 1819 ld
1786 1793 1933 1821 testatur
1959 1787 2046 1822 hanc
2071 1797 2173 1823 natu-

1190 1846 1263 1867 ram
1286 1847 1357 1867 non
1384 1846 1455 1868 esse
1479 1847 1558 1868 casu
1581 1844 1706 1871 ortam.
1758 1838 1826 1871 Sed
1849 1839 1971 1881 ingens
1988 1839 2051 1873 Dei
2071 1841 2169 1873 boni-

1190 1891 1240 1918 tas
1263 1897 1335 1918 non
1357 1893 1491 1919 tantum
1517 1883 1606 1919 hanc
1629 1899 1850 1921 communem
1874 1890 1926 1922 sui
1949 1891 2173 1931 significatio—

1190 1947 1270 1968 nem
1291 1937 1469 1980 patefecit,
1498 1939 1556 1969 sed
1575 1938 1684 1970 multa
1702 1938 1897 1972 illustriora
1915 1942 2111 1974 testimonia
2130 1943 2171 1975 de

1189 1998 1262 2019 sese
1291 1993 1324 2020 et
1355 1988 1398 2019 de
1425 1999 1487 2020 sua
1520 1988 1708 2023 voluntate.
1761 1988 1994 2035 Colloquutus
2020 1999 2068 2025 est
2092 2005 2171 2025 cum

1190 2036 1311 2081 primis
1331 2038 1534 2080 parentibus
1551 2046 1737 2084 antequam
1754 2040 1976 2082 laberentur,
2003 2050 2033 2075 et
2055 2051 2171 2086 postea

1188 2099 1286 2120 suam
1308 2089 1504 2121 doctrinam
1522 2095 1554 2122 et
1575 2090 1842 2132 promissionem
1860 2093 2060 2126 certissimis
2077 2093 2173 2126 testi-

1190 2138 1319 2171 moniis
1348 2139 1494 2173 tradidit
1522 2140 1638 2182 generi
1667 2138 1834 2176 humano.
1903 2142 1941 2175 ld
1966 2144 2172 2176 beneficium

1190 2187 1297 2230 magis
1321 2189 1473 2223 declarat
1499 2201 1564 2222 nos
1588 2190 1661 2224 Deo
1684 2204 1787 2225 curae
1809 2204 1881 2225 esse
1904 2191 1987 2226 haec
2014 2194 2084 2238 ipsa
2111 2194 2171 2226 filii

1190 2238 1329 2279 missio,
1354 2247 1386 2272 et
1411 2237 1478 2273 hoc
1499 2240 1623 2273 foedus
1645 2253 1722 2274 cum
1740 2251 1862 2275 natura
1882 2241 2045 2277 humana.
2098 2244 2174 2277 Hoc

1190 2289 1331 2329 mirari,
1358 2287 1424 2323 hoc
1448 2290 1623 2323 celebrare
1646 2292 1806 2325 omnium
1830 2301 1963 2327 mentes
1985 2302 2017 2329 et
2034 2294 2175 2337 linguae

1189 2339 1367 2373 deberent.
1423 2339 1529 2382 Quod
1545 2340 1607 2373 etsi
1625 2341 1758 2374 diaboli
1775 2350 1998 2383 execrantur,
2024 2352 2057 2378 et
2076 2345 2172 2388 impii

1190 2386 1350 2423 homines
1365 2397 1595 2424 contemnunt
1607 2417 1615 2428 ,
1642 2403 1708 2424 nos
1723 2399 1839 2426 tamen
1857 2394 1891 2426 in
1908 2393 2061 2428 Ecclesia
2078 2402 2172 2437 grata

1190 2451 1275 2472 voce
1299 2440 1547 2484 praedicemus.
1607 2440 1745 2476 Scimus
1766 2445 1881 2477 statim
1907 2446 1950 2478 ab
1974 2446 2075 2478 initio
2100 2458 2172 2477 ma-

1189 2501 1291 2533 gnam
1317 2491 1581 2524 multitudinem
1604 2493 1739 2534 generis
1765 2491 1910 2527 immani
1934 2496 2086 2528 amisisse
2109 2496 2171 2528 do-

1191 2540 1339 2573 ctrinam
1355 2553 1372 2572 a
1385 2541 1462 2574 Deo
1478 2542 1653 2577 traditam.
1705 2542 1773 2577 Hic
1788 2552 1900 2577 tamen
1919 2546 2018 2578 multi
2035 2546 2172 2590 sapien-

1191 2597 1240 2623 tes
1265 2591 1406 2633 vestigia
1426 2590 1489 2624 Dei
1515 2592 1551 2625 in
1574 2600 1698 2626 natura
1722 2595 2008 2636 considerabant,
2034 2603 2066 2629 et
2086 2597 2172 2628 fate-

1189 2641 1319 2674 bantur
1344 2642 1416 2684 regi
1440 2639 1532 2675 hunc
1555 2645 1729 2678 mundum
1757 2646 1989 2689 proxidentia.
2049 2645 2172 2689 Agno-

1187 2693 1328 2726 scebant
1351 2704 1494 2736 magnos
1520 2693 1612 2726 viros
1638 2693 1792 2735 Heroas,
1826 2708 1975 2740 quorum
2002 2697 2171 2740 sapientia
