2338 2958
0 951 12 1040 *aa

91 126 164 162 665
655 124 687 160 D
696 125 727 162 E
737 125 764 161 C
775 127 813 161 L.

93 206 182 242 hanc
210 219 324 241 veram
352 205 571 239 divinitatem
598 218 688 247 esse,
726 214 904 241 aeternum
933 208 1068 242 Patrem

92 257 195 292 huius
217 257 299 290 Filii
321 256 444 290 stantis
476 256 512 289 in
538 256 705 297 lordane,
739 265 773 291 et
797 257 926 292 Filium
955 259 1067 302 ipsum

89 307 272 351 imaginem
293 307 445 350 genitam
462 307 671 350 cogitatione
689 307 820 348 Patris,
847 315 879 341 et
896 308 1066 351 Spiritum

87 364 244 390 sanctum
276 356 445 390 immenso
478 368 596 390 amore
624 358 846 401 copulantem
875 358 1011 392 Patrem
1036 364 1068 390 et

87 406 236 445 Filium,
265 408 334 439 imo
354 414 387 440 et
403 405 593 440 Ecclesiam
612 420 689 440 cum
711 408 800 442 Deo.

190 455 295 490 Hunc
320 458 427 500 igitur
450 455 563 490 Deum
590 459 795 501 patefactum
822 457 924 490 nobis
946 458 1066 500 cogita,

86 518 156 539 non
191 508 355 547 surdum,
391 519 462 539 nou
491 505 634 549 Epicuri
670 504 952 554 porciypcqusttor,
994 520 1063 540 uon

83 556 281 590 Stoicorum
297 564 449 590 mentem
466 557 639 600 alligatam
661 558 773 590 causis
796 558 973 590 secundis:
1004 559 1061 590 sed

82 607 305 650 aspicientem
329 607 468 647 omnia,
496 607 649 648 bonum,
686 607 834 647 iustum,
866 607 1062 639 misericor-

81 657 171 698 dem,
198 657 360 698 iudicem,
387 664 530 697 castum,
551 669 715 697 veracem,
744 657 960 690 liberrimum
981 670 1062 693 esse.

80 704 125 740 Et
147 707 227 752 quia
245 719 324 740 vere
349 707 496 751 peccatis
520 707 647 739 nostris
673 707 851 749 irascitur,
880 713 911 740 et
930 714 997 748 est,
1024 714 1061 741 ut

79 757 194 802 inquit
213 756 372 802 Moyses,
407 757 495 800 iguis
519 768 745 797 consumens,
774 770 851 789 mox
877 758 920 790 de
947 758 1059 801 placa-

80 807 176 841 tione
200 808 422 851 cogitandum
446 813 514 848 cst,
539 814 682 851 propter
700 819 802 853 quam
823 819 900 840 vere
919 814 950 840 et
967 815 1059 842 certo

79 857 203 902 recipit
222 869 297 891 nos.

179 907 232 941 Sit
253 908 359 951 igitur
377 905 442 941 hoc
466 910 657 942 secundum
686 914 917 952 praeceptum.
969 907 1057 941 Cum

77 968 175 990 mens
193 955 286 991 hunc
296 958 408 992 Deum
425 959 628 1004 alloquitur,
655 960 715 1004 qui
731 971 765 992 se
782 959 883 991 nobis
901 970 959 992 sua
976 971 1058 990 voce

75 1007 240 1047 ostendit,
268 1015 447 1052 praecepta
464 1009 615 1052 primum
635 1010 850 1051 consideres,
879 1009 914 1041 in
933 1009 1058 1054 quibus

76 1058 230 1090 invocari
248 1070 281 1091 se
298 1059 406 1094 iussit.
446 1058 541 1092 llaec
557 1060 647 1093 dicta
670 1060 734 1093 tibi
757 1059 962 1103 proponito:
998 1057 1056 1091 In—

74 1121 159 1141 voca
176 1120 230 1140 me
246 1109 282 1141 in
299 1109 355 1142 die
371 1109 619 1144 tribulationis,
655 1108 758 1142 Item:
786 1108 905 1149 Petite,
921 1116 952 1142 et
968 1109 1056 1141 acci-

73 1158 186 1202 pietis.
238 1159 290 1192 Ac
317 1161 458 1202 prodest
479 1160 605 1193 multas
635 1160 719 1192 tales
749 1159 938 1192 sententias
968 1159 1056 1192 bene

73 1208 256 1241 meditatas
271 1216 400 1248 tenere,
426 1221 513 1254 quae
529 1207 715 1243 hortentur
730 1216 769 1242 ut
784 1210 825 1241 ad
842 1208 954 1242 Deum
972 1221 1055 1242 con-

72 1259 255 1302 fugiamus.
290 1257 426 1292 Deinde
440 1266 472 1292 et
487 1259 734 1304 promissiones
749 1259 940 1302 adiungito.
974 1258 1055 1291 Non

72 1309 241 1353 praecipit
265 1316 401 1343 tautum
429 1310 499 1354 peti
521 1322 539 1342 a
563 1321 598 1342 se
621 1308 716 1342 Deus
739 1309 883 1342 salutem
910 1316 942 1341 et
965 1309 1055 1341 vitae

72 1359 256 1402 praesidia,
283 1360 339 1392 sed
358 1359 589 1402 amplissimas
607 1359 854 1403 promissiones
870 1359 991 1398 edidit,
1018 1359 1054 1391 iu

73 1409 200 1453 quibus
236 1410 387 1443 ostendit
421 1410 524 1442 uobis
551 1409 699 1449 Filium,
736 1422 838 1454 quem
875 1409 1053 1441 coustituit

71 1461 280 1503 placatorem
309 1457 370 1493 καὶ
391 1457 543 1504 μεσίτῃ-ν
564 1458 625 1492 καὶ
652 1458 772 1504 im‘rrp‘
794 1472 855 1502 pro
875 1460 995 1498 nobis,
1023 1466 1053 1491 et

70 1516 213 1553 propter
237 1506 331 1543 hunc
354 1510 502 1544 affirmat
527 1518 619 1544 certo
645 1522 708 1543 nos
738 1509 862 1553 recipi,
898 1509 1052 1541 exaudiri

70 1567 104 1594 et
121 1560 262 1593 servari.

173 1609 214 1642 ln
236 1607 290 1642 his
314 1608 605 1654 promissionibus
624 1608 857 1651 pervolvenda
876 1620 974 1641 mens
990 1615 1053 1649 est,

69 1672 158 1706 quae
181 1660 300 1693 multis
322 1658 529 1693 tristissimis
548 1657 830 1691 dubit-itionibus
849 1655 905 1691 hic
923 1671 1050 1691 concu-

68 1711 173 1748 titur,
200 1717 366 1755 tanquam
388 1710 524 1742 diversa
542 1709 691 1753 impulsa
711 1708 874 1742 fluctibus
896 1707 956 1742 καὶ
976 1720 1051 1752 χει-

67 1774 119 1805 μα
124 1759 189 1804 ζυμ
195 1759 221 1793 εἰ
227 1774 232 1780 ’
237 1773 268 1804 η.

170 1810 266 1843 Scias
295 1815 408 1841 autem
432 1807 608 1842 ethnicam
635 1809 869 1852 precationem
895 1818 985 1847 esse,
1019 1807 1047 1839 si

66 1861 212 1903 cogita5‚
250 1859 461 1892 recitandam
487 1859 627 1903 quidem
652 1870 724 1891 esse
753 1856 841 1890 lianc
872 1858 1050 1902 βαῑτυλο-

65 1909 172 1958 γιάν,
200 1911 259 1943 sed
282 1909 456 1952 ambigere
478 1909 655 1948 animum,
683 1920 726 1941 an
748 1906 841 1940 Deus
860 1915 956 1941 curet
975 1915 1049 1940 tuas

68 1972 204 2005 preces,
237 1967 296 1993 aut
331 1960 478 2002 gemitus
513 1966 610 2003 tuos,
650 1971 713 1991 nec
740 1959 848 2000 magis
871 1965 1076 2001 ‹·xpe‹·t.1re;

65 2024 84 2045 a
101 2011 175 2056 Deo
193 2010 383 2049 auxilinm,
411 2021 514 2054 quam
537 2009 563 2041 si
583 2009 707 2041 ludens
730 2008 808 2041 talis
825 2015 980 2052 expectes
995 2019 1049 2040 se-
1072 2027 1076 2050 5

66 2062 227 2100 niouem,
259 2068 318 2094 aut
343 2057 485 2092 hamum
517 2056 658 2092 trahens
689 2058 854 2098 silurum,
887 2065 946 2091 aut
971 2070 1047 2090 ara·
1072 2095 1074 2100 Ι

65 2118 135 2146 tam
158 2118 327 2155 expectes.
379 2109 471 2142 lluic
493 2109 706 2142 dubitationi
729 2108 889 2151 fugitanti
909 2116 941 2141 et
963 2120 1043 2141 cou-

65 2161 234 2196 temnenti
253 2159 365 2194 Deum
386 2157 526 2193 ethnico
546 2171 661 2199 more,
689 2170 907 2203 nequaquam
927 2159 1046 2191 indul-

65 2213 217 2255 gendum
238 2218 299 2247 est.
351 2210 419 2244 Sed
442 2210 604 2251 erigenda
624 2221 721 2242 mens
739 2209 947 2251 cogitatione
965 2220 1045 2253 pro-

64 2262 284 2300 missionum,
310 2273 347 2294 ac
363 2261 584 2293 statuendum
607 2272 684 2291 vere
703 2271 765 2291 nos
784 2266 815 2292 et
833 2267 949 2292 nostra
967 2266 1044 2292 vota

64 2318 208 2356 propter
230 2310 360 2344 Filium
386 2310 593 2353 placatorern
619 2310 736 2352 recipi.
796 2308 954 2354 Cumque
980 2306 1044 2342 lioc

64 2369 237 2396 certamen
256 2362 291 2394 in
309 2361 434 2393 animis
452 2373 521 2392 nou
541 2361 615 2393 leve
631 2361 686 2399 sit,
714 2357 778 2392 hoe
798 2360 931 2401 insigne
949 2360 1044 2392 testi-

63 2413 222 2446 mouium
246 2411 376 2455 pectori
402 2410 584 2453 infigatur,
617 2411 711 2455 quod
731 2417 820 2444 extat
849 2410 882 2441 iu
900 2411 1042 2453 epistola

64 2465 105 2495 ad
124 2459 312 2506 Ephesios:
340 2460 407 2494 Per
425 2473 526 2505 quem
547 2458 713 2494 habemus
731 2460 911 2497 fiduciam,
938 2467 969 2494 et
987 2473 1044 2493 ac-

64 2514 183 2546 cedere
207 2514 249 2545 ad
278 2512 390 2546 Deum
419 2512 589 2544 audemus
617 2511 759 2544 fidentes
788 2518 928 2554 propter
952 2523 1042 2546 eum.

65 2561 99 2595 O
121 2563 258 2596 dulcem
282 2562 487 2596 concionem
517 2561 703 2594 verborum
732 2562 885 2604 pondera
912 2561 1041 2594 intelli-

63 2613 169 2655 genti.
209 2612 392 2657 Vituperat
407 2611 541 2645 animos
557 2611 726 2653 fugientes
742 2609 876 2651 Deum,
903 2623 964 2645 nec
982 2623 1041 2655 pe-

62 2670 174 2697 tentes
198 2663 242 2696 ab
267 2675 306 2696 eo
326 2663 438 2702 bona,
466 2674 598 2706 nosque
622 2662 662 2693 ad
686 2660 798 2694 Deum
819 2658 982 2703 retrahit,
1006 2669 1040 2696 et

865 126 937 162 DE
980 127 1073 163 DEl
1112 127 1533 170 lNVOCATlONE.

2033 145 2104 179 666

1123 209 1219 242 iubet
1245 210 1502 256 παῤῥῃσιάζειν
1521 228 1590 248 non
1616 224 1732 250 nostra
1758 219 1900 258 fiducia,
1929 224 1985 255 scd
2009 223 2103 265 Filii,

1123 266 1152 292 et
1173 257 1260 293 lianc
1279 262 1308 293 ei
1326 262 1530 307 nagiffiqm'cw
1547 273 1683 307 gratum
1701 269 1854 302 officium
1873 283 1952 305 esse.
1999 274 2101 307 Certe

1121 310 1232 342 donec
1259 311 1396 353 languet
1425 314 1578 354 animus,
1612 323 1645 349 et
1675 330 1738 350 nos
1762 320 1888 363 negligi
1918 323 2101 363 existimat,

1121 366 1235 391 manet
1259 371 1404 392 arcanus
1429 369 1459 395 et
1484 364 1589 398 tristis
1614 367 1771 401 fremitus
1795 372 1958 404 adversus
1974 371 2099 406 Deum.

1122 407 1214 441 Haec
1239 409 1345 451 igitur
1366 411 1447 443 fides
1475 412 1508 443 iu
1534 416 1629 447 omni
1654 416 1870 451 invocatione
1895 423 2099 464 praeluceat,

1119 465 1157 492 ut
1176 470 1255 491 vere
1274 471 1338 492 nos
1353 461 1458 503 recipi
1474 470 1615 505 propter
1632 463 1758 498 Filium
1777 476 1975 505 statuamus.

1220 508 1313 541 Haec
1338 517 1386 543 est
1413 511 1470 543 illa
1493 513 1649 547 coelestis
1671 516 1847 556 doctrina,
1881 521 1922 551 «lc
1946 534 2011 565 qua¹
2031 521 2099 554 Za·-

1118 555 1253 591 charias
1281 559 1411 604 inquit:
1450 559 1642 596 Effundam
1674 576 1777 608 super
1808 569 1949 601 donnum
1982 570 2096 604 David

1117 607 1287 652 Spiritum
1310 611 1438 652 gratiae
1462 618 1494 644 et
1517 624 1668 655 precum.
1724 615 1899 650 Divinitus
1927 621 2095 663 promissa

1116 664 1164 691 est
1187 659 1444 701 reconciliatio,
1478 668 1509 693 et
1534 663 1636 696 datur
1660 664 1812 707 Spiritus
1842 675 2000 708 sauctus,
2036 672 2095 715 qui

1116 705 1205 742 hanc
1229 709 1338 742 lucem
1364 710 1399 742 in
1426 712 1600 745 mentibus
1626 716 1797 755 accendit,
1826 724 1862 749 ut
1887 729 1948 750 nos
1965 719 1999 750 in
2018 731 2094 761 gra-

1115 758 1197 792 tiam
1215 760 1322 803 recipi
1339 767 1540 797 statuamus.
1576 763 1678 805 Quod
1697 777 1773 797 cum
1792 766 1838 805 fit,
1865 774 1937 800 tum
1954 770 2094 802 demum

1114 809 1275 842 accedere
1305 810 1346 843 ad
1375 809 1488 845 Deum
1524 814 1710 856 audemus,
1752 823 1784 848 et
1820 824 1934 861 petere
1969 825 2001 851 et
2036 832 2092 852 ex-

1115 867 1249 903 pectare
1267 860 1369 894 bona.

1214 909 1308 942 Ilaec
1321 910 1452 953 agnitio
1471 913 1637 945 essentiae
1654 921 1685 947 et
1703 916 1890 949 voluntatis
1907 918 1991 959 Dei,
2021 920 2093 951 dis—

1113 971 1256 992 ceruens
1272 960 1527 994 invocationem
1547 961 1720 996 ethnicam
1739 977 1756 997 a
1774 978 1871 1004 vera,
1898 979 2031 1011 semper
2055 969 2090 1001 iu

1111 1016 1296 1053 conspectu
1313 1010 1370 1050 sit,
1397 1018 1427 1043 et
1445 1013 1602 1056 quotidie
1620 1014 1656 1046 in
1675 1014 1894 1048 invocatione
1911 1018 2091 1059 cogitetur.

1209 1058 1347 1093 Deinde
1363 1073 1441 1094 cum
1458 1059 1522 1094 hoc
1540 1065 1644 1096 modo
1663 1064 1877 1098 seiunximus
1899 1067 2090 1101 invocatio-

1111 1121 1189 1142 nem
1208 1116 1361 1142 nostram
1379 1111 1422 1143 ab
1447 1108 1602 1153 ethnica,
1629 1120 1662 1147 et
1680 1114 1746 1146 iam
1766 1116 1807 1147 ad
1828 1123 2005 1149 aeternum
2025 1117 2090 1150 Pa-

1111 1166 1197 1193 trem
1212 1161 1359 1193 ducente
1375 1160 1466 1195 Filio
1482 1162 1622 1197 adducti
1641 1175 1778 1205 sumus,
1805 1166 1848 1199 sit
1864 1163 1929 1200 hoc
1948 1168 2088 1200 tertium

1110 1217 1344 1253 praeceptum.

1209 1259 1312 1300 vult,
1339 1267 1377 1293 ut
1394 1267 1494 1294 antea
1514 1262 1712 1303 audivistis,
1740 1263 1869 1297 Paulus
1891 1266 2088 1311 παῤῥιῑσιά-

1109 1307 1193 1350 ζειν.
1244 1308 1357 1352 Ergo,
1390 1318 1428 1344 ut
1456 1313 1547 1355 apud
1575 1313 1746 1346 medicum
1777 1317 1889 1347 morbi
1916 1323 1948 1349 et
1971 1317 2087 1349 omnia

1108 1359 1364 1403 ovsttrtru'sstara
1382 1362 1554 1394 narranda
1573 1371 1671 1403 sunt,
1700 1364 1743 1397 ita
1762 1377 1825 1396 nos
1842 1366 1997 1398 miserias
2012 1366 2086 1399 Deo

1108 1422 1332 1452 exponamus,
1358 1422 1396 1443 ac
1415 1412 1571 1444 meditati
1589 1414 1630 1445 ad
1648 1411 1741 1446 lione
1759 1415 1929 1447 medicum
1947 1417 2087 1449 accedi-

1108 1470 1194 1491 mus.
1247 1459 1328 1492 Non
1351 1472 1494 1504 paucas,
1524 1474 1595 1494 non
1622 1463 1761 1503 exiguas
1785 1476 1967 1498 aerumnas
1992 1478 2086 1498 com-

1107 1520 1359 1549 memoremus,
1387 1523 1466 1543 vere
1493 1511 1814 1556 παῤῥησιοέζυντες,
1842 1516 1903 1547 ubi
1931 1516 1965 1547 in
1989 1527 2086 1548 mcu-

1107 1566 1174 1592 tem
1189 1559 1277 1592 illud
1289 1558 1431 1592 Tauleri
1450 1561 1581 1594 veniet:
1608 1562 1797 1606 Nunquam
1815 1562 2007 1597 humanum
2026 1578 2084 1605 pe-

1106 1616 1180 1642 ctus
1201 1615 1271 1642 tam
1296 1610 1438 1642 avidum
1459 1622 1530 1643 esse
1549 1612 1589 1643 ad
1611 1613 1850 1656 accipiendum
1864 1641 1872 1654 ‚
1900 1627 2003 1659 quam
2021 1614 2085 1647 Dei

1106 1659 1243 1692 bonitas
1266 1666 1315 1692 est
1331 1661 1372 1692 ad
1391 1661 1559 1695 dandum.

1205 1709 1242 1742 Si
1267 1709 1345 1753 quis
1370 1722 1441 1742 non
1464 1710 1613 1743 afficitur
1630 1709 1803 1745 Ecclesiae
1826 1713 2086 1755 dilaceratione,

1106 1764 1138 1791 et
1162 1758 1240 1791 aliis
1264 1759 1429 1797 miseriis,
1465 1761 1592 1793 deinde
1618 1761 1843 1804 imperiorum
1869 1764 2084 1797 confusioni-

1075 1821 1078 1865 ἑ
1104 1808 1186 1847 bus,
1214 1808 1264 1841 illi
1284 1821 1363 1841 vere
1384 1809 1492 1842 robur
1507 1817 1540 1842 et
1557 1822 1613 1843 aes
1630 1811 1753 1853 triplex
1777 1813 1866 1845 circa
1886 1821 2018 1856 pectus,
2046 1822 2084 1848 ut

1074 1870 1078 1905 1
1103 1857 1231 1891 Po'e'tae
1255 1859 1369 1891 verbis
1392 1866 1490 1899 utar,
1525 1868 1644 1894 natum
1671 1868 1730 1895 est.
1795 1862 1876 1895 Vult
1902 1875 1964 1896 nos
1988 1863 2082 1897 Deus

1073 1907 1077 1973 j
1103 1909 1222 1941 dolore
1246 1909 1466 1951 publicorum
1491 1910 1662 1944 malorum
1687 1912 1793 1952 affici,
1819 1919 1858 1945 ut
1879 1925 1896 1944 a
1913 1925 1948 1945 se
1962 1925 2081 1946 eorum

1102 1958 1354 2001 mitigationem
1374 1966 1541 2002 petamus.
1593 1960 1661 1994 Sed
1682 1973 1800 1993 verum
1821 1969 1868 1995 est
1891 1962 1976 1995 illud
1996 1963 2080 1996 Piu-

1073 2009 1075 2017 ⁴
1101 2009 1277 2047 daricum,
1310 2007 1350 2043 τὸ
1372 2010 1506 2043 οἰκεῖον
1529 2007 1654 2052 πιέζει,
1684 2009 1885 2054 ἀλλοτρίων
1909 2011 1952 2046 οὐ
1975 2012 2082 2056 μέλει.

1072 2059 1074 2062 ’
1100 2057 1317 2091 Domesticae
1343 2060 1552 2093 calamitates
1578 2061 1684 2104 magis
1709 2063 1906 2095 excruciant
1933 2063 2081 2102 animos,

1071 2107 1074 2139 ‘2
1099 2109 1210 2142 aliena
1230 2109 1340 2142 levius
1360 2121 1532 2143 curamus.

1071 2144 1074 2176 i
1201 2159 1268 2193 Sed
1286 2160 1387 2200 furit,
1413 2160 1473 2205 qui
1491 2160 1647 2203 publicas
1663 2159 1838 2194 Ecclesiae
1861 2169 1893 2195 et
1914 2162 2079 2206 imperio-

1070 2177 1074 2267 !
1099 2222 1177 2242 rum
1200 2209 1437 2253 quassationics
1458 2208 1549 2242 uiliil
1574 2211 1617 2243 ad
1641 2223 1676 2243 se
1700 2213 1872 2254 pertinere
1897 2213 2078 2246 existimat.

1070 2269 1073 2291 ε
1097 2257 1321 2303 Experientia
1340 2260 1445 2292 nimis
1460 2272 1578 2293 verum
1597 2272 1668 2293 esse
1683 2267 1826 2295 testatur
1842 2261 1983 2295 Solonis
2000 2275 2077 2295 ver-

1069 2295 1073 2362 ξ
1097 2322 1193 2348 sum,
1221 2309 1280 2354 qui
1297 2310 1361 2343 ait:
1389 2309 1525 2344 lntrant
1545 2311 1580 2343 in
1604 2308 1775 2344 thalamos
1791 2311 1928 2355 publica
1949 2313 2076 2345 (lamna

1068 2365 1072 2413 J
1097 2367 1188 2394 tuos.
1243 2360 1362 2404 ltaque
1384 2360 1540 2403 publicas
1561 2367 1594 2394 et
1616 2361 1767 2403 privatas
1792 2373 1974 2395 aerumnas
1993 2375 2075 2395 con-

1097 2411 1306 2450 sideremus,
1340 2421 1464 2455 easque
1486 2409 1558 2443 Deo
1583 2422 1837 2454 proponamus,
1870 2418 1901 2444 et
1926 2412 1985 2445 illa
2011 2413 2074 2446 Dei

1095 2460 1272 2504 agnitione
1297 2467 1330 2494 et
1349 2459 1414 2492 fide
1437 2472 1554 2493 earum
1581 2460 1831 2504 mitigationem
1850 2468 1883 2495 et
1904 2463 2073 2495 auxilium

1095 2518 1252 2555 petamus
1269 2517 1301 2543 et
1318 2517 1545 2554 expectemus.
1597 2509 1708 2545 lmmo
1724 2517 1761 2544 ut
1777 2512 1895 2546 ardeat
1910 2513 2072 2556 depreca-

1065 2577 1069 2624 Ι
1095 2562 1162 2602 tio,
1190 2559 1273 2593 haec
1289 2567 1461 2604 reputate.

1195 2610 1421 2644 Severissime
1444 2611 1611 2655 praecipit
1628 2610 1723 2645 Deus
1745 2611 1928 2645 universae
1950 2610 2071 2644 Eccle-

1063 2626 1068 2703 Ι
1093 2662 1162 2695 siae
1178 2670 1211 2696 et
1233 2661 1399 2705 singulis,
1426 2668 1464 2695 ut
1483 2668 1639 2706 petamus
1657 2662 1845 2702 auxilium,
1874 2662 1968 2695 addit
1990 2674 2072 2704 pro-
