2338 2958
71 133 142 167 381

72 217 232 251 libertate
246 213 396 248 aliorum
411 212 545 247 bellum
563 220 668 257 gerat,
693 215 821 260 detque
839 226 992 258 operam,
1017 225 1061 246 ne

74 268 168 313 quod
192 271 265 298 toto
291 264 376 297 orbe
402 271 576 298 terrarum
599 264 769 299 iniustum
797 266 983 310 imperium
1005 265 1062 305 sit,

74 325 109 352 et
125 317 254 360 ubique
277 316 344 355 fas,
372 315 446 354 lex,
474 316 716 360 potentissima
744 316 834 357 sint,
862 317 910 350 ita
928 316 1063 348 iudica-

72 364 155 402 runt
174 365 316 406 Graeci,
338 378 411 399 non
428 366 523 400 aliud
544 367 657 400 maius
673 367 881 400 beneficium
901 365 1062 400 homines

71 417 277 452 homiuibus
306 425 481 461 praestare
508 429 627 461 posse,
663 430 766 463 quam
791 419 886 463 quod
910 418 1062 461 accepis-

72 475 150 503 sent
172 480 191 502 a
214 466 399 502 Romanis.
461 468 559 510 Quid
586 468 680 502 enim
708 475 798 502 certa
825 481 907 512 pace
929 469 1061 511 gratius

74 527 140 560 est,
180 519 384 564 praesertim
412 519 440 551 si
476 520 663 552 coniuncta
700 519 743 553 sit
771 531 850 551 cum
879 519 1063 552 libertate?

72 569 154 604 Non
179 570 296 602 minus
322 570 429 613 igitur
455 570 570 603 laudis
600 570 638 602 in
662 568 854 603 Germania
883 577 1063 603 merentur

71 620 198 660 suevi,
225 620 285 666 qui
303 632 366 654 suo
388 621 560 665 praesidio
579 632 696 665 pacem
713 621 791 653 aliis
811 621 973 664 gentibus
987 621 1063 653 sine

71 672 204 706 iactura
220 672 391 706 libertatis
408 684 527 705 earum
545 671 730 712 muniunt,
755 684 859 717 quam
876 673 1063 705 mereban—

71 730 146 764 tur,
173 723 226 755 vel
245 720 499 763 Athenienses,
525 723 581 755 vel
598 722 748 766 populus
760 722 947 757 Romanus
969 723 1062 766 apud

71 773 226 808 Graecos
242 774 464 807 immunitate
481 774 646 807 donatos:
691 785 773 807 nam
791 781 844 807 ter
861 786 878 806 a
895 773 1064 807 Maximi—

70 825 158 858 liani
182 832 293 858 morte
313 823 542 858 Germaniam
565 823 727 857 maximis
751 825 915 868 periculis
938 837 1063 868 magna

71 876 260 910 foelicitate
283 876 535 909 liberaverunt.
597 874 705 909 Favet
731 876 825 909 enim
852 875 947 909 Deus
974 876 1062 909 iusta

72 927 163 961 bella
180 939 244 971 pro
262 926 401 971 publica
421 926 531 960 salute
554 926 768 969 gerentibus.
823 926 942 970 Quare
967 934 1063 970 grata

71 977 174 1012 nobis
196 978 362 1011 memoria
385 976 526 1011 Suevici
549 977 700 1010 foederis
722 989 793 1011 esse
818 979 933 1011 debet.
987 977 1064 1010 Hoc

73 1028 168 1063 enim
191 1028 327 1070 ocium,
368 1041 438 1073 quo
461 1028 532 1062 frui
559 1028 657 1061 vobis
682 1026 852 1062 hactenus
880 1029 998 1069 licuit,
1031 1035 1064 1062 et

72 1077 158 1113 haec
175 1080 307 1119 studia,
333 1091 421 1124 quae
445 1079 564 1113 omnia
588 1079 690 1112 nobis
705 1080 749 1112 de
773 1080 936 1113 manibus
961 1092 1064 1113 excu-

71 1131 230 1169 tiuntur,
265 1130 370 1163 simul
395 1137 499 1175 atque
524 1129 653 1174 aliquis
677 1137 793 1164 motus
816 1131 982 1164 bellicum
1008 1144 1063 1164 ca-

73 1193 157 1215 nere
172 1181 304 1226 coepit,
332 1181 481 1215 istorum
505 1181 612 1214 armis
629 1181 768 1214 defensa
789 1189 882 1215 sunt.
938 1182 1064 1225 Quan—

72 1240 148 1267 tum
173 1238 288 1266 autem
315 1232 471 1266 studium
499 1232 551 1265 rei
575 1232 739 1265 militaris
762 1233 806 1266 sit
828 1233 866 1265 in
890 1245 927 1265 ea
950 1240 1063 1277 gente,

72 1290 203 1330 quanta
220 1284 352 1324 virtus,
378 1289 509 1329 quanta
529 1282 672 1316 scientia
697 1284 841 1326 gerendi
860 1284 965 1324 belli,
992 1297 1064 1317 non

72 1334 261 1379 ignoratis3
290 1346 404 1379 neque
425 1334 519 1367 enim
535 1333 602 1367 alia
620 1334 715 1367 natio
733 1335 942 1368 celebriores
961 1336 1065 1368 duces

71 1384 188 1420 habet.
241 1385 353 1419 Porro
378 1397 457 1418 cum
482 1384 568 1418 foris
585 1383 693 1418 Suevi
719 1391 753 1418 et
777 1386 984 1419 fortitudine
1010 1386 1065 1418 in-

74 1436 256 1475 credibili,
293 1442 326 1470 et
351 1447 487 1469 summa
508 1435 645 1469 iusticia
671 1435 709 1468 in
729 1436 959 1470 defendendis
980 1437 1066 1470 vici-

73 1488 129 1521 nis
157 1493 322 1528 utantur,
364 1487 451 1532 quid
481 1486 684 1520 dubitemus
707 1487 827 1532 quales
850 1488 947 1520 domi
971 1488 1066 1521 sint?

73 1537 151 1573 Nisi
177 1538 272 1572 enim
289 1538 386 1571 domi
413 1537 568 1571 civitates
593 1534 763 1571 haberent
787 1539 875 1571 bene
902 1546 1066 1579 moratas,

73 1602 138 1624 nec
159 1596 337 1634 sumptus,
371 1600 436 1622 nec
462 1588 591 1622 milites
615 1595 855 1633 suppeterent:
893 1596 953 1623 aut
977 1602 1065 1634 quo—

73 1641 181 1674 modo
197 1640 327 1674 milites
343 1651 465 1685 parere
483 1639 610 1672 armati
627 1639 777 1681 scirent,
805 1640 866 1685 qui
884 1640 981 1673 domi
1004 1652 1065 1685 pa-

30 1692 39 1696 ”
73 1703 149 1726 rere
173 1691 309 1736 legibus
329 1703 402 1724 non
429 1690 659 1724 didicissent?
694 1697 754 1724 aut
775 1692 954 1736 quomodo
977 1692 1066 1725 tole-

72 1755 150 1776 rare
165 1742 310 1776 militiae
326 1741 577 1775 difficillimum
595 1741 765 1780 laborem,
794 1748 827 1775 et
844 1753 948 1785 grave
966 1742 1065 1776 Mar-

72 1794 116 1829 tis
135 1805 244 1839 opus,
265 1801 305 1828 ut
322 1793 470 1836 Vergilii
486 1792 602 1826 verbis
618 1800 707 1833 utar,
732 1793 761 1825 si
779 1793 970 1826 domestico
989 1793 1064 1826 ocio

74 1857 113 1879 ac
129 1845 214 1878 luxu
229 1844 442 1878 effoeminati
461 1843 598 1877 essent?
630 1842 773 1877 Habent
791 1843 898 1886 igitur
922 1851 955 1877 et
977 1845 1065 1877 civi-

74 1902 180 1935 tates,
206 1895 342 1939 legibus
358 1907 396 1928 ac
414 1894 554 1927 iudiciis
572 1894 760 1937 diligenter
781 1895 1006 1936 constitutas,
1031 1902 1065 1929 et

73 1946 342 1992 tranquillitatis
359 1946 516 1979 urbanae
532 1946 683 1978 tuendae
702 1957 784 1978 cura
800 1957 872 1978 non
889 1946 973 1979 alibi
991 1959 1065 1979 ma-

74 1999 129 2032 ior
151 2004 212 2032 est.
264 1997 337 2031 Lex
360 2003 411 2031 est
431 1995 525 2029 enim
547 1996 584 2028 in
600 1995 759 2030 Suevicis
783 1997 952 2036 urbibus,
978 2004 1017 2031 ut
1036 1998 1062 2031 si

73 2049 111 2083 in
127 2049 201 2082 rixa
218 2048 330 2093 aliqui
345 2048 481 2092 gladios
498 2047 723 2087 strinxerim,
749 2059 787 2080 ac
804 2047 858 2080 vel
875 2059 981 2092 puer,
1009 2049 1065 2081 vel

73 2099 299 2141 muliercula,
330 2099 452 2144 procul
478 2098 583 2131 etiam
608 2098 802 2131 inclamans
821 2110 938 2142 pacem
954 2099 1064 2143 impe-

73 2159 137 2193 ret,
163 2151 275 2195 capite
293 2150 474 2195 puniatur,
502 2149 563 2195 qui
578 2149 700 2183 audito
717 2149 860 2182 nomine
877 2150 983 2194 pacis,
1009 2150 1064 2183 in-

73 2213 177 2246 super
190 2201 295 2235 ferire
310 2202 427 2235 audet.
481 2200 572 2234 Cum
590 2200 689 2234 nulla
715 2207 785 2234 tam
810 2212 927 2234 severa
950 2201 1004 2234 lex
1026 2202 1063 2234 in

73 2254 209 2298 reliqua
238 2250 430 2286 Germania
459 2251 523 2291 sit,
561 2251 737 2286 aestimari
767 2258 898 2295 potest,
932 2260 1063 2298 quanta

73 2303 257 2348 diligentia
281 2303 408 2347 vulgus
431 2302 628 2337 Suevorum
657 2299 895 2338 coherceatur.
947 2303 996 2338 Et
1019 2305 1062 2337 ad

73 2354 367 2401 tranquillitatem
391 2354 534 2387 urbium
567 2351 633 2387 hoc
663 2365 804 2399 quoque
836 2354 937 2395 facit,
967 2356 1060 2400 quod

72 2407 210 2441 urbana
231 2405 422 2440 multitudo
445 2405 562 2438 minus
583 2404 764 2450 aliquanto
788 2405 856 2438 ocii
882 2403 1004 2446 habet,
1031 2413 1064 2439 et

71 2457 243 2501 frugalior
267 2463 337 2498 est,
370 2468 476 2501 quam
501 2455 540 2488 in
566 2455 690 2489 vicinis
715 2456 930 2491 nationibus.
983 2456 1065 2490 Ma-

73 2520 181 2552 gnum
218 2508 270 2543 ibi
304 2507 417 2542 scelus
455 2513 524 2547 est,
571 2513 605 2540 et
637 2506 864 2547 inusitatum,
909 2503 1062 2552 conspici

73 2559 222 2595 ebrium.
274 2560 316 2593 In
343 2558 548 2593 diversoriis
570 2568 696 2600 magna
721 2559 916 2592 mundicies
936 2565 1003 2597 est,
1031 2567 1064 2593 et

72 2611 158 2644 fides
174 2606 352 2654 hospitum
368 2621 517 2649 summa,
541 2621 605 2642 nec
623 2608 734 2652 magis
750 2609 846 2642 domi
866 2621 949 2642 suae
964 2621 1063 2654 pere-

72 2660 184 2706 grini,
221 2673 327 2706 quam
351 2662 442 2705 apud
472 2661 553 2694 illos
577 2659 645 2694 tuti
665 2666 760 2693 sunt.
823 2659 919 2703 Quid
945 2668 1060 2694 autem

72 2712 205 2756 gratius
228 2712 385 2746 accidere
410 2711 649 2757 peregrinanti
681 2718 812 2755 potest,
850 2724 954 2757 quam
982 2713 1060 2746 talis

640 126 801 164 DECL.
841 127 917 163 DE
951 125 1224 162 ENCOMIO
1259 127 1526 164 SUEVIAE.

2031 132 2104 167 352

1113 210 1259 257 hospes,
1290 215 1333 246 ad
1360 226 1463 258 quem
1489 222 1600 249 tutum
1627 215 1671 249 sit
1697 216 1843 258 diverti,
1883 219 1975 262 apud
2000 231 2102 264 quern

1114 275 1256 297 securus
1280 265 1491 308 acquiescat,
1526 267 1587 311 qui
1615 268 1797 308 comitate,
1834 269 1894 313 qui
1927 271 2105 303 mundicie

1114 315 1251 348 itineris
1268 315 1421 347 taedium
1441 316 1573 349 leniat?
1609 317 1706 350 Gens
1722 319 1793 361 ipsa
1813 320 1959 353 minime
1978 321 2104 353 idonea

1115 366 1157 398 ad
1174 366 1386 405 fallendum,
1409 366 1446 398 in
1463 367 1586 409 primis
1610 370 1735 411 gaudet
1759 370 1861 403 fidem
1884 383 1982 404 suam
2005 383 2105 415 pere-

1115 417 1226 459 grinis
1245 417 1399 460 probari.
1435 416 1492 450 Sic
1511 417 1602 450 inter
1615 430 1696 452 suos
1713 421 1815 453 etiam
1836 422 1980 462 vivunt,
2006 423 2104 455 nulla

1115 468 1282 500 diuturna
1309 468 1388 500 odia
1417 475 1516 507 sunt,
1547 469 1666 501 nullae
1694 471 1859 512 insidiae3
1902 485 2105 517 quanquam

1116 518 1209 551 enim
1234 519 1375 561 ingenia
1402 519 1472 551 sint
1497 519 1686 560 ferociora⁷
1715 529 1829 554 tamen
1847 524 1947 556 facile
1963 524 2106 567 placan—

1116 577 1184 607 tur,
1210 576 1244 602 et
1259 569 1340 614 quia
1360 567 1451 602 nibil
1470 570 1691 604 dissimulare
1708 572 1919 614 didicerunt,
1944 575 2106 608 insidiari

1117 633 1187 653 non
1205 627 1350 655 norunt.
1385 620 1570 653 Caeterum
1589 634 1661 654 non
1679 623 1795 655 deesse
1812 624 1859 656 eis
1884 625 2107 668 ingeniorum

1116 672 1363 711 acrimoniam,
1407 672 1489 704 iude
1525 673 1688 716 adparet,
1736 675 1830 718 quod
1863 676 2107 709 celeberrimos

1115 722 1336 767 maximeque
1361 730 1523 755 strenuos
1550 730 1760 757 mercatores
1788 723 1930 760 habent.
1986 726 2106 772 Neque

1117 774 1242 807 desunt
1265 773 1333 813 ibi,
1369 774 1430 818 qui
1451 781 1484 807 et
1509 781 1629 808 ament
1653 782 1686 808 et
1712 776 1830 809 colant
1853 777 1988 818 literas;
2023 776 2107 810 haec

1117 825 1210 857 enim
1234 825 1331 858 natio
1348 825 1535 858 Albertum
1563 827 1777 869 procreavit,
1813 840 1882 872 quo
1912 841 1950 861 ex
1977 829 2108 862 nostris

1117 873 1323 909 hominibus
1357 888 1461 908 nemo
1502 877 1703 909 uberiorem
1739 879 1952 912 naturalium
1990 891 2107 912 rerum

1117 927 1354 970 cognitionem
1372 924 1505 961 habuit.
1559 925 1734 960 Nonnihil
1752 942 1832 962 vero
1859 930 1971 963 laudis
1987 930 2109 963 intulit

1117 991 1157 1011 eo
1175 984 1207 1011 et
1219 977 1368 1020 Capnio‚
1386 984 1542 1011 versatus
1561 978 1598 1010 in
1617 977 1760 1012 Graecis
1779 987 1812 1013 et
1828 980 2011 1014 Hebraicis
2030 981 2108 1013 lite-

1117 1029 1165 1062 ris
1181 1028 1400 1061 difficillimis
1423 1029 1660 1073 temporibus,
1689 1037 1818 1064 etcum
1844 1032 2109 1074 peregrinarum

1118 1081 1319 1123 linguarum
1337 1080 1453 1113 studia
1471 1081 1632 1113 nondum
1651 1081 1688 1113 in
1705 1080 1805 1115 Italia
1821 1083 1903 1115 satis
1929 1083 2108 1116 florerent.

1119 1129 1248 1175 Accepi
1265 1131 1358 1163 enim
1374 1131 1421 1164 ita
1434 1129 1606 1164 Venetum
1625 1134 1801 1176 quendam
1821 1141 1995 1167 oratorem
2023 1134 2108 1166 olim

1118 1184 1160 1215 de
1179 1194 1218 1215 eo
1234 1181 1460 1225 praedicasse.
1504 1182 1594 1215 Nam
1616 1194 1694 1215 cum
1717 1185 1810 1227 apud
1828 1183 2012 1218 Caesarem
2030 1183 2110 1218 Fri-

1118 1233 1275 1267 dericum
1295 1232 1445 1275 Legatus
1463 1233 1518 1265 sui
1537 1233 1712 1278 Principis
1730 1242 1816 1268 esset
1833 1236 1988 1280 Capnio,
2012 1247 2109 1269 cum-

1118 1297 1185 1330 que
1203 1283 1357 1317 Venetae
1376 1284 1526 1317 civitatis
1550 1285 1768 1325 oratoribus,
1803 1287 1864 1331 qui
1883 1299 1944 1332 per
1968 1287 2002 1319 id
2022 1293 2110 1320 tem—

1119 1347 1182 1379 pus
1215 1347 1255 1367 eo
1282 1342 1469 1375 venerant,
1511 1335 1712 1380 frequenter
1746 1345 1852 1377 esset,
1890 1338 2016 1370 accidit
2045 1337 2110 1370 ali-

1119 1387 1279 1432 quando,
1314 1393 1353 1419 ut
1386 1384 1522 1428 Capnio
1559 1386 1648 1419 forte
1682 1385 1940 1430 pulcherrimae
1972 1389 2108 1422 Graece

1119 1437 1289 1481 scriptum
1308 1433 1546 1470 Encliiridion
1569 1437 1655 1472 novi
1671 1439 1871 1472 testamenti
1889 1439 1927 1472 in
1944 1439 2110 1472 manibus
2141 1437 2144 1440 ”

1120 1486 1272 1521 liaberet.
1318 1486 1426 1529 Quod
1443 1500 1522 1520 cum
1539 1488 1682 1521 vidisset
1701 1489 1874 1530 Venetus,
1901 1498 1934 1524 et
1949 1491 2111 1523 animad-

1119 1539 1295 1578 vertisset,
1324 1550 1397 1570 non
1423 1549 1495 1571 esse
1519 1539 1642 1571 rudem
1667 1538 1884 1574 Graecarum
1908 1542 2109 1585 linguarum

1118 1589 1360 1633 Capnionem,
1408 1600 1599 1622 conversus
1639 1591 1683 1622 ad
1724 1602 1805 1624 suos
1840 1592 2006 1636 collegas,
2048 1593 2110 1625 ait:

1122 1640 1244 1673 Videte
1266 1652 1393 1684 quaeso
1418 1640 1454 1672 in
1480 1639 1671 1673 Germania
1702 1639 1796 1675 hunc
1821 1643 1938 1676 virum
1967 1650 2111 1687 propter

1119 1691 1357 1734 cognitionem
1381 1691 1564 1724 literarum
1588 1692 1624 1724 in
1650 1693 1884 1727 admiratione
1907 1706 1997 1733 esse,
2025 1706 2111 1739 quas

1119 1742 1231 1776 nostri
1248 1749 1316 1775 tam
1335 1742 1561 1786 pertinaciter
1576 1750 1823 1778 contemnunt.
1876 1743 1923 1778 Et
1941 1744 2111 1778 nobilita-

1119 1793 1169 1827 vit
1194 1792 1339 1836 egregiis
1369 1794 1610 1826 monumentis
1633 1793 1797 1828 Sueviam
1821 1795 2007 1829 Stofflerus
2030 1795 2110 1828 Ma-

1119 1842 1346 1881 thematicus,
1382 1856 1460 1876 cum
1486 1844 1627 1888 primis,
1662 1851 1695 1878 et
1716 1846 1866 1889 diligens
1891 1854 1923 1880 et
1942 1847 2111 1886 eruditus,

1119 1896 1218 1929 cuius
1236 1895 1318 1940 quia
1335 1894 1504 1927 beneficio
1522 1896 1682 1940 quotidie
1696 1897 1840 1938 utimur,
1861 1898 1945 1931 (luxi
1962 1898 2035 1931 eius
2052 1895 2110 1930 hic

1119 1946 1335 1979 mentionem
1353 1957 1424 1978 esse
1440 1946 1652 1987 faciendam3
1681 1948 1787 1982 fastos
1805 1949 1899 1981 enim
1916 1949 2109 1982 multorum

1118 2008 1294 2031 annorum
1319 1996 1468 2030 confecit
1500 2004 1533 2031 et
1555 1998 1712 2041 digessit,
1744 1999 1781 2031 in
1806 2000 1936 2044 quibus
1966 2011 2111 2044 compo-

1119 2048 1244 2081 nendis
1262 2047 1330 2080 dici
1349 2059 1422 2080 non
1441 2055 1570 2092 potest,
1598 2057 1768 2093 quantum
1794 2050 1925 2084 laboris
1946 2051 2052 2084 fuerit
2078 2050 2109 2083 ei

1117 2097 1417 2139 exhauriendum3
1445 2106 1494 2132 est
1514 2099 1607 2131 enim
1631 2100 1794 2134 immensi
1812 2102 1966 2145 negocii,
1994 2108 2110 2135 motus

1118 2151 1284 2196 syderum
1303 2156 1419 2183 exacte
1441 2157 1641 2194 supputare.
1691 2150 1798 2185 Nulla
1815 2159 2012 2197 temporum
2036 2152 2109 2185 dis-

1118 2201 1284 2241 crimina,
1323 2200 1440 2233 nullas
1470 2201 1643 2234 mensium
1674 2202 1765 2236 vices
1798 2215 2000 2245 nossemus,
2041 2203 2108 2236 nisi

1118 2250 1212 2286 hunc
1227 2252 1384 2285 laborem
1402 2251 1456 2284 vir
1476 2251 1534 2285 ille
1554 2252 1707 2296 optimus
1730 2255 1943 2298 sumpsisset.
1996 2253 2108 2288 Porro

1117 2303 1231 2337 simile
1247 2302 1416 2347 quiddam
1435 2303 1608 2346 pecudum
1627 2304 1718 2337 vitae
1736 2305 1860 2346 fuerit,
1887 2317 1961 2339 non
1977 2302 2109 2338 habere

1118 2354 1332 2398 descriptum
1356 2365 1490 2386 annum
1524 2353 1559 2386 in
1583 2361 1675 2388 certa
1708 2356 1843 2400 spacia,
1876 2369 1948 2389 non
1973 2356 2109 2395 arandi,

1117 2405 1274 2445 serendi,
1301 2404 1505 2448 plantandi,
1528 2411 1587 2438 ant
1605 2406 1752 2439 aliarum
1771 2419 1889 2440 rerum
1911 2408 2002 2441 iusta
2019 2414 2107 2440 tem-

1116 2469 1199 2501 pora
1222 2467 1335 2490 nosse.
1390 2454 1531 2488 Habent
1557 2463 1589 2489 et
1617 2457 1764 2491 artifices
1792 2458 2107 2501 ingeniosissimos,

1117 2506 1151 2541 hi
1172 2507 1264 2541 enim
1291 2507 1458 2551 plasticen
1482 2507 1663 2551 sculpendi
1692 2515 1822 2547 artem,
1850 2522 1939 2554 quae
1963 2521 2106 2553 prorsus

1115 2559 1239 2593 amissa
1264 2559 1397 2598 suerat,
1442 2565 1669 2592 renovarunt.
1729 2559 1798 2593 Sed
1831 2561 1953 2593 desino
1985 2560 2103 2591 omnia

1115 2609 1295 2655 persequi,
1321 2620 1402 2641 nam
1424 2620 1487 2651 ego
1513 2621 1585 2641 non
1609 2621 1730 2642 omnes
1754 2611 1892 2649 laudes,
1922 2612 1978 2643 sed
2005 2622 2104 2653 prae—

1114 2662 1233 2706 cipuas
1249 2659 1417 2693 Snevicae
1442 2660 1554 2703 gentis
1570 2672 1751 2694 recensere
1775 2662 1881 2694 volui.
1936 2659 2102 2701 Magnam

1114 2710 1454 2747 commendationem
1472 2709 1576 2745 babet
1591 2712 1726 2755 generis
1751 2712 1917 2745 nobilitas
1939 2718 1968 2743 et
1991 2710 2104 2742 maio-
