2338 2958
174 157 243 193 451

174 244 297 280 civitas
321 244 496 275 evomeret
518 247 597 270 suas
621 231 781 272 delicias,
813 236 848 264 et
871 227 1077 272 sanguinem
1097 227 1165 260 bo-

174 306 320 334 norum,
343 302 429 337 quos
451 285 592 333 tyranni
607 283 736 317 iniuste
752 281 1030 320 trucidaverant3
1058 277 1164 335 paulo

175 353 255 392 post
273 342 406 378 Sibaris
424 339 534 372 deleta
552 343 612 370 est.
665 333 716 368 lta
735 338 899 366 evoment
917 330 1058 364 tandem
1076 327 1166 385 Epi-

177 397 293 440 scopi,
321 393 378 437 qui
404 401 497 422 nunc
522 385 757 421 Sibaritarum
780 395 879 416 more
902 382 1043 419 vivunt,
1071 391 1167 423 rapi-

178 459 240 480 nas
273 451 304 477 et
333 441 539 484 sanguinem
563 438 703 482 piorum
728 434 971 469 Sacerdotum.
1037 429 1167 464 Mona-

178 496 263 531 chus
281 493 423 539 quidam
444 491 480 523 in
497 488 666 522 concione
684 485 844 530 publica,
870 483 1034 516 audiente
1052 480 1168 537 Impe—

178 554 294 581 ratore
315 542 465 582 Carolo,
497 539 602 577 dixit,
628 537 743 571 Deum
765 547 838 568 non
862 535 1022 567 futurum
1045 543 1167 575 propl-

179 599 292 634 cium,
317 594 385 627 nisi
410 599 522 626 totum
549 589 706 623 cubitum
731 582 824 619 la⁸vet
847 585 884 617 in
908 583 1077 626 sanguine
1095 580 1170 614 Lu-

178 646 340 683 therano.
394 640 627 677 perhorresco
639 639 791 672 reserens
806 634 895 669 hanc
909 645 1029 667 vocem
1045 631 1168 665 auditu

180 697 368 733 crudelem.
423 694 523 736 Quae
537 691 631 724 enim
647 689 713 722 fuit
725 698 882 732 unquam
899 685 985 718 adeo
1000 684 1072 741 sera
1089 682 1170 739 bar-

180 749 313 785 baries,
342 747 378 778 in
403 756 470 790 qua
494 749 589 775 tanta
608 738 827 777 immanitas,
853 742 950 792 tanta
967 735 1040 767 sitis
1059 738 1171 790 extitit

181 800 296 834 civilis
328 794 528 839 sanguinis,
568 797 697 836 quanta
726 795 775 822 est
805 788 843 820 in
868 787 943 820 istis
965 783 1172 840 hypocritis,

181 851 280 884 nulla
297 849 338 881 de
356 857 475 884 causa,
502 843 571 876 nisi
588 841 681 886 quod
698 851 773 872 nou
788 836 1036 883 applaudimus
1054 846 1172 868 omni—

181 903 248 935 bus
271 910 391 933 corum
415 893 666 940 opinionibus,
706 901 854 935 quarum
878 887 1008 921 multas
1032 885 1099 930 ipsi
1121 885 1173 917 sa-

181 958 302 987 tentur
333 960 405 982 esse
441 945 566 989 impias
597 949 629 976 et
660 941 788 975 erroris
819 940 961 984 plenas,
995 943 1030 970 et
1051 935 1174 993 desen-

184 1005 274 1037 duut
297 1011 351 1033 eas
376 1006 491 1032 tamen
513 995 665 1040 quadam
690 991 904 1037 pervicacia,
940 988 1034 1034 quod
1058 987 1174 1020 existi-

184 1059 281 1086 mant
298 1047 497 1083 labefactari
512 1045 748 1085 autoritatem,
773 1042 800 1075 si
816 1041 899 1086 quid
919 1044 1066 1074 mutent.
1102 1037 1176 1070 Ta-

185 1105 231 1137 lia
257 1102 317 1148 qui
335 1102 475 1138 dicunt,
501 1103 620 1130 utrum
641 1093 816 1127 Ecclesiae
834 1092 1104 1135 gubernatores,
1131 1099 1175 1120 an

185 1154 296 1187 suriae
321 1159 353 1185 et
376 1150 539 1185 Ervnnes
565 1146 693 1180 rectius
719 1144 787 1177 dici
812 1141 963 1175 debent?
1015 1140 1083 1173 Sed
1101 1137 1175 1172 Deo

186 1205 321 1239 dabunt
345 1190 493 1246 poenas,
520 1198 579 1242 qui
597 1196 685 1229 solet
702 1193 901 1237 insignibus
920 1190 1086 1234 exemplis
1104 1201 1177 1221 ma-

186 1256 351 1289 nifestum
375 1249 556 1293 religionis
579 1252 819 1288 contemptum
843 1242 980 1287 punire.
1042 1240 1177 1273 Interea

186 1318 249 1339 vos
275 1302 533 1337 commilitones
561 1295 748 1336 adhortor,
796 1300 835 1327 ut
865 1291 988 1326 Lazari
1020 1290 1177 1334 exemplo

187 1356 271 1390 sorti
296 1354 415 1388 animo
440 1355 636 1396 praesentes
658 1356 843 1379 aerumnas
865 1343 994 1377 seratis.
1053 1339 1180 1374 Aderit

188 1407 292 1441 nobis
314 1403 432 1445 Deus,
466 1411 601 1445 nosque
625 1398 711 1438 alet,
736 1403 776 1430 ut
802 1395 970 1438 scriptum
994 1399 1059 1426 est:
1088 1391 1180 1424 lacta

192 1469 309 1492 curam
336 1462 432 1489 tuam
456 1453 494 1485 in
515 1451 647 1489 Deum,
682 1455 716 1481 et
739 1447 811 1491 ipse
836 1452 868 1478 te
893 1444 1057 1478 enutriet.
1109 1441 1181 1475 Nec

190 1506 359 1543 deterreri
383 1516 443 1538 vos
460 1515 476 1536 a
493 1501 595 1536 rectis
612 1499 755 1539 studiis,
775 1509 792 1530 a
806 1497 862 1541 pia
879 1494 1051 1528 sententia
1067 1493 1182 1532 sinite,

190 1560 244 1593 vel
261 1557 414 1601 inopiae,
440 1554 495 1586 vel
511 1552 657 1586 aliarum
677 1559 924 1583 aerumnarum
941 1552 1046 1579 metu.
1063 1595 1071 1601 ι
1089 1543 1182 1586 Qui-

191 1612 272 1644 dam
303 1604 587 1650 languidioribus
613 1600 740 1633 animis
764 1597 932 1642 praediti,
974 1595 1140 1628 deficiunt
1164 1605 1182 1625 a

192 1659 354 1698 Christo,
381 1663 413 1689 et
437 1654 634 1696 adiungunt
653 1663 687 1683 se
709 1647 871 1682 hostibus
888 1645 1094 1689 Evangelii,
1120 1655 1184 1701 nec

194 1712 336 1749 vident,
364 1719 469 1752 quam
481 1704 671 1742 miserum,
699 1712 802 1745 quam
820 1706 921 1742 turpe
938 1697 992 1737 sit,
1017 1701 1185 1753 assentari

195 1760 367 1796 tvranuis.
421 1755 566 1790 Hesiodi
603 1751 797 1785 versiculus
834 1755 945 1788 extat,
988 1759 1048 1792 qui
1085 1757 1186 1790 prae-

195 1801 333 1856 ceptum
355 1806 598 1852 gravissimum
625 1802 800 1841 continet,
827 1800 920 1845 quod
947 1809 1048 1841 saepe
1072 1796 1186 1830 incul-

195 1869 274 1896 cant
291 1867 323 1894 et
340 1855 555 1902 Prophetae:

278 1924 355 1963 μηδὲ
379 1924 481 1953 κακῶν
503 1920 611 1959 ἕταρον
632 1915 704 1956 μηδ’
726 1915 848 1946 ἐσθλῶν
871 1912 1061 1951 νεικεστῆρα.

201 1990 248 2023 Ne
273 1988 333 2020 fias
355 1985 468 2017 socius
494 1980 758 2024 improborum,
790 1988 852 2009 nec
879 1973 1095 2007 conviciator
1122 1969 1189 2004 ho-

198 2046 390 2073 nestorum.
442 2033 509 2066 llic
534 2029 725 2063 versiculus
752 2028 937 2060 admoueat
961 2036 1038 2063 vos,
1077 2035 1120 2055 nc
1146 2022 1189 2054 ad

200 2090 397 2124 societatem
415 2095 535 2117 eorum
556 2092 614 2114 vos
632 2078 841 2121 adiungatis,
869 2076 927 2121 qui
948 2088 1026 2107 cum
1044 2073 1190 2107 veritate

201 2140 471 2181 belligerantur,
505 2146 542 2166 ac
569 2144 612 2164 ne
636 2129 858 2174 adplaudatis
883 2126 1069 2165 conviciis,
1103 2135 1191 2169 quae

202 2191 368 2223 dit-untur
391 2187 556 2218 adu-rsus
580 2183 671 2226 piam
696 2179 906 2213 doctrinam.
969 2176 1063 2208 llaec
1089 2181 1191 2219 petu-

203 2241 309 2274 lantia
328 2237 432 2271 habet
451 2236 564 2268 tristes
581 2233 704 2267 exitus,
755 2229 869 2263 Deum
887 2235 1001 2261 autern
1020 2237 1193 2269 rogemus,

203 2300 239 2325 ut
259 2290 403 2323 honesta
421 2293 452 2319 et
469 2286 523 2330 pia
543 2284 657 2318 studia
674 2282 845 2325 gubernet
865 2292 902 2313 ac
920 2285 1068 2313 tueatur.

224 2475 287 2508 No.
306 2472 364 2507 56.

211 2521 381 2536 Μ

1030 2477 1078 2497 on.
1100 2465 1192 2495 1539.

421 2572 488 2613 De
522 2568 675 2624 officio
715 2567 990 2622 Principum.

277 2663 380 2689 t'rndnt
394 2660 551 2694 separatim.
577 2657 641 2687 „De-
657 2656 749 2694 nisu-in
765 2655 923 2694 Principum
935 2673 941 2682 ,
962 2652 1036 2688 quod
1052 2652 1101 2677 Dei

307 2701 386 2729 cupiat
409 2705 445 2718 ru
462 2694 555 2716 tullo-re
571 2695 666 2715 abu-u«
689 2690 831 2714 tnrctenar.
872 2688 1041 2714 V·io·t=.1539.
1062 2689 1087 2713 ⁸.

1138 2661 1196 2677 ''2‘-

1181 2686 1196 2695 a·

314 2732 382 2760 stud.
399 2728 515 2754 biuobrt.
539 2726 601 2751 butvl.
621 2725 686 2749 Mel.
705 2723 831 2755 Numa.)
863 2723 964 2748 Recuu
981 2727 1017 2748 ent
1035 2731 1107 2747 anno
1125 2687 1194 2747 liti—l.
1221 2719 1225 2752 Ι

723 142 880 181 DECL.
920 139 997 177 DE
1030 139 1277 176 OFFICIO
1311 137 1652 176 PRINCIPUM.

1220 2625 1223 2654 Ι
1249 2619 1327 2639 urin
1348 2609 1436 2641 vitae
1457 2615 1569 2643 ornet.

2129 138 2204 176 4³2

1315 223 1354 249 sic
1379 221 1525 255 inseriptaz
1556 220 1653 247 Oratio
1674 220 1762 247 habita
1780 230 1795 247 a
1812 221 1848 248 D.
1868 221 1956 248 Laur.
1970 222 2081 249 Zocln‘o.
2118 221 2206 252 Viteb.

1319 257 1396 282 1541.
1415 257 1441 281 8.
1461 258 1473 281 l
1491 257 1526 289 pt.
1542 269 1577 275 ——
1613 254 1649 280 Ex
1671 254 1813 287 exemplari
1833 256 1912 282 huius
1931 257 2091 290 posterioris
2106 256 2207 283 editio-

1319 292 1360 317 nis
1374 289 1462 316 bausit
1474 290 1626 315 orationem
1636 288 1779 315 Gerbelius
1792 290 1819 315 in
1828 290 2036 318 set.Dec1.T.t.
2048 301 2072 325 p.
2081 291 2208 325 6162qq.‚

1318 326 1344 350 in
1370 325 1487 351 Sei-vest.
1509 325 1542 350 T.
1559 324 1578 350 Ι.
1601 333 1626 358 p.
1642 324 1700 349 538.
1725 328 1750 348 et
1771 323 1841 357 apud
1861 324 1984 351 Richard.
2007 325 2039 352 T.
2055 326 2086 351 ll.
2107 334 2133 359 p.
2149 327 2211 352 421.

1319 359 1355 384 Ex
1368 358 1495 393 Epistoti:
1509 358 1669 391 intelligitur
1685 358 1890 383 Metanihonem
1906 358 2013 385 Zochio
2027 359 2095 386 lianc
2109 361 2210 386 oratio-

1318 403 1380 418 nem
1403 393 1541 424 scripsisse
1563 393 1591 417 in
1612 393 1707 418 itinere
1731 397 1756 417 et
1775 392 1887 419 misisse.
1924 393 1986 419 Vid.
2002 393 2071 429 Epp.
2088 393 2150 420 Vol.
2164 394 2210 420 ΙΙΙ.

1320 436 1346 460 p.
1361 428 1420 453 701.
1437 427 1496 453 773.
1508 427 1569 453 803.
1583 426 1643 452 824.
1659 431 1684 452 et
1697 427 1756 453 924.

1218 510 1278 544 De
1314 504 1441 554 officio
1476 508 1714 552 Principum,
1761 505 1857 552 quod
1889 505 2112 543 mandatum
2137 509 2213 543 Dei

1217 561 1431 605 praecipiat
1458 560 1514 592 eis
1548 559 1679 593 tollere
1708 556 1841 592 abusus
1868 559 2074 603 Ecclesiae3
2116 562 2214 595 reci-

1220 615 1304 644 tata
1330 621 1353 643 α
1379 610 1426 643 D.
1454 611 1710 644 Laurentio
1738 607 1883 653 Zoch,
1909 611 2072 644 Doctore
2099 612 2215 653 Iuris,

1347 662 1387 694 in
1418 663 1649 705 promotione
1680 661 1731 695 D.
1760 662 1932 705 Cas-paris
1959 662 2089 696 Ezelit‘.

1223 718 1342 772 Saepe
1361 727 1398 760 in
1416 725 1471 762 his
1494 728 1701 773 spectaculis
1718 729 1761 762 de
1784 729 1900 772 legum
1921 729 2112 773 dignitate,
2139 739 2218 772 gra-

1224 778 1386 812 vissimae
1404 780 1581 813 orationes
1600 777 1741 813 habitae
1761 786 1864 820 sunt,
1891 786 1927 814 ut
1945 780 2140 814 reverentia
2159 778 2218 813 lu-

1224 829 1292 870 ris,
1318 835 1352 862 et
1374 829 1581 874 disciplinae
1608 830 1783 864 inseratur
1799 830 1928 864 animis
1948 831 2157 871 iuventutis,
2185 836 2219 864 et

1226 880 1377 913 iniustae
1406 891 1444 913 ac
1474 881 1634 914 rabiosae
1662 881 1870 925 cupiditates
1905 882 2100 916 frenentur.
2152 880 2220 915 His

1225 928 1548 972 adhortationibus,
1566 931 1594 964 si
1609 931 1683 965 ullo
1695 943 1855 977 unquam
1869 939 2026 977 tempore
2040 944 2128 977 opus
2142 932 2221 973 suit,

1227 993 1322 1015 nunc
1343 982 1499 1025 profecto
1519 982 1557 1014 in
1581 979 1645 1015 hac
1673 990 1848 1027 postrema
1877 990 1910 1017 et
1942 983 2128 1029 plusquam
2150 984 2221 1017 fer-

1227 1045 1285 1066 rea
1306 1039 1435 1074 aetate,
1462 1045 1534 1066 non
1554 1034 1660 1066 modo
1680 1045 1765 1067 voce
1789 1040 1824 1067 et
1845 1035 2029 1068 sententiis
2045 1035 2222 1068 bonorum

1228 1090 1261 1117 et
1277 1083 1482 1124 doctorum,
1509 1084 1568 1116 sed
1598 1084 1711 1117 multo
1727 1085 1839 1129 magis
1855 1085 2051 1126 autoritate,
2075 1084 2222 1129 imperio

1229 1141 1263 1167 et
1279 1134 1386 1166 armis
1402 1133 1541 1177 Regum
1561 1140 1593 1167 et
1608 1133 1814 1179 Principum
1839 1136 1932 1178 leges
1948 1137 2100 1169 tuendae
2118 1143 2151 1169 et
2166 1147 2223 1169 re-

1229 1185 1394 1218 tinendae
1410 1191 1505 1218 sunt.
1560 1183 1730 1218 Videmus
1755 1186 1849 1219 enim
1875 1184 1965 1220 hanc
1988 1193 2134 1220 aetatem
2153 1186 2224 1219 ini-

1230 1235 1356 1268 micam
1374 1246 1446 1267 esse
1462 1236 1672 1274 modestiae,
1700 1236 1924 1281 disciplinae,
1948 1237 2094 1282 pudori,
2122 1236 2225 1271 iusti-

1231 1285 1322 1325 ciae,
1355 1285 1539 1329 religioni,
1573 1298 1723 1331 quarum
1749 1299 1867 1321 rerum
1893 1288 2109 1330 custodiam,
2143 1299 2225 1322 cum

1231 1335 1328 1369 Deus
1343 1336 1488 1370 summis
1505 1337 1800 1380 gubernatoribus
1822 1339 2140 1379 commendaverit,
2166 1350 2227 1372 ro-

1232 1387 1365 1430 gandus
1389 1393 1456 1428 est,
1484 1395 1524 1421 ut
1546 1389 1737 1433 aliquando
1761 1388 1884 1422 excitet
1901 1400 1958 1422 eos
1977 1390 2018 1422 ad
2037 1387 2228 1422 cohercen-

1233 1439 1295 1471 dos
1319 1437 1476 1477 suroreS,
1513 1447 1545 1473 et
1571 1439 1758 1472 frenandas
1781 1439 1950 1472 libidines
1968 1439 2228 1484 improborum,

1233 1490 1276 1522 ad
1293 1488 1544 1522 restituendam
1561 1497 1593 1523 et
1610 1489 1835 1523 sanciendam
1852 1490 2086 1534 disciplinam,
2111 1492 2153 1524 ad
2171 1502 2228 1524 re-

1235 1541 1397 1572 novanda
1414 1539 1555 1574 virtutis
1577 1540 1710 1581 studia,
1736 1541 1825 1575 sicut
1847 1548 1922 1576 orat
1941 1540 2055 1575 David
2074 1542 2109 1574 in
2128 1540 2228 1575 Psal-

1235 1602 1310 1625 mo:
1347 1588 1486 1634 Exurge
1512 1591 1605 1625 Deus
1624 1593 1666 1624 ad
1690 1593 1856 1625 tuendam
1879 1592 2012 1635 legem,
2037 1604 2141 1637 quam
2166 1593 2229 1625 de-

1236 1641 1330 1674 disti.
1358 1640 1461 1674 Nunc
1478 1642 1591 1675 iacent
1608 1642 1699 1684 leges
1715 1653 1900 1686 oppressae
1919 1643 2062 1675 audacia
2081 1650 2112 1676 et
2129 1649 2230 1687 petu-

1236 1692 1345 1726 lantia
1375 1692 1588 1733 multorum,
1620 1699 1660 1725 ut
1677 1692 1752 1725 siue
1769 1693 1890 1725 divina
1906 1705 1989 1736 ope,
2021 1700 2055 1727 ct
2073 1705 2230 1727 summo-

1237 1755 1315 1776 rum
1339 1741 1477 1786 Regum
1503 1743 1707 1783 autoritate,
1741 1751 1860 1777 nostra
1886 1756 1954 1776 vox
1985 1755 2109 1788 partun
2144 1756 2230 1789 pro-

1238 1795 1337 1827 ficere
1358 1794 1476 1837 possit.

1343 1843 1426 1877 Ideo
1442 1845 1510 1877 iam
1530 1846 1700 1890 quaedam
1719 1845 1762 1879 de
1778 1844 1915 1889 Regum
1938 1845 2053 1879 officio
2072 1845 2231 1890 disputa-

1239 1895 1374 1936 bimus,
1400 1895 1578 1929 videlicet:
1609 1895 1665 1929 An
1682 1896 1717 1928 in
1736 1903 1832 1930 tanta
1848 1896 2073 1939 religionum,
2101 1897 2233 1940 legum,

1240 1958 1396 1986 morum,
1432 1953 1464 1979 et
1498 1947 1704 1990 disciplinae
1737 1947 1983 1991 dissipatione,
2016 1947 2234 1981 cessantibus

1242 1997 1492 2037 Pontificibus,
1525 1996 1709 2031 Romanus
1730 1996 1924 2042 Imperator
1939 1997 2122 2042 Synodum
2138 1998 2233 2031 indi-

1241 2060 1327 2088 cere,
1351 2055 1383 2081 ct
1401 2048 1532 2081 iudices
1548 2049 1866 2082 controversiarum
1884 2049 2030 2081 idoncos
2049 2049 2172 2091 legere,
2199 2055 2235 2082 et

1242 2111 1299 2138 ea,
1332 2111 1420 2143 quac
1447 2106 1539 2133 recte
1564 2106 1595 2132 et
1621 2100 1674 2143 pie
1703 2100 1980 2138 constituentur,
2011 2099 2118 2132 armis
2141 2099 2234 2133 tueri

1242 2150 1375 2184 debeat.
1428 2148 1529 2182 Hauc
1547 2150 1785 2195 quaestionem
1813 2162 1874 2182 nec
1895 2150 2076 2193 indiguam
2103 2151 2234 2193 cogita-

1244 2201 1338 2233 tione
1376 2201 1613 2243 cruditorum,
1652 2201 1722 2234 imo
1760 2212 1978 2233 summorum
2017 2199 2235 2246 Principum,

1244 2263 1305 2284 uec
1330 2251 1480 2284 alit-nain
1507 2252 1552 2285 ab
1578 2249 1632 2285 his
1655 2251 1873 2296 temporibus
1892 2263 1964 2285 csse
1981 2251 2109 2285 iudico.
2162 2251 2235 2285 Nec

1244 2302 1400 2346 profecto
1422 2303 1518 2335 aliud
1542 2302 1654 2335 ullum
1687 2309 1737 2336 est
1762 2303 1874 2335 maius
1899 2303 1934 2336 iu
1962 2303 2064 2336 terris
2093 2313 2236 2343 munus,

1244 2365 1350 2398 quam
1366 2353 1546 2387 doctrinae
1560 2354 1769 2396 gubernatio
1785 2366 1822 2387 ac
1837 2354 2059 2394 diiudicatio,
2080 2361 2112 2388 et
2129 2353 2235 2387 disci-

1245 2404 1362 2447 plinae
1377 2404 1562 2438 restitutio.
1591 2403 1660 2437 Nec
1677 2405 1863 2450 quisquam
1879 2406 1921 2437 de
1938 2417 2061 2448 genere
2077 2402 2234 2438 humano

1245 2455 1370 2488 melius
1389 2462 1420 2489 et
1437 2455 1622 2498 gloriosius
1640 2456 1764 2488 mereri
1786 2463 1915 2500 potest,
1941 2468 2045 2501 quam
2064 2455 2091 2488 si
2111 2454 2235 2488 liberet

1246 2503 1437 2539 Ecclesiam
1455 2506 1645 2544 erroribus,
1660 2514 1755 2539 sanct
1772 2507 1986 2549 ambigentes
2004 2505 2150 2544 animos,
2169 2502 2236 2539 ho-

1247 2556 1352 2589 nestis
1376 2564 1408 2590 et
1432 2557 1561 2590 sanctis
1591 2557 1725 2599 legibus
1753 2570 1790 2590 ac
1826 2557 1982 2589 moribus
2007 2556 2235 2590 consuctudi-

1623 2607 1748 2641 Nullae
1774 2607 1939 2640 victoriae
1961 2607 2235 2640 clarissimorum

1248 2656 1405 2695 Ducum.
1435 2659 1522 2691 nulli
1548 2656 1717 2703 triumphi
1743 2658 1820 2702 plus
1838 2670 1938 2690 verat·
1957 2658 2071 2691 laudis
2096 2655 2236 2697 habent,

1248 2721 1352 2753 quam
1380 2708 1541 2743 salutaris
1568 2709 1765 2743 emendatio
1793 2710 1996 2753 dogmatum
2021 2721 2058 2743 ac
2084 2720 2236 2742 morum.
