2338 2958
172 127 244 162 711

179 212 280 253 dicit,
304 212 379 246 sore
398 217 437 245 ut
453 209 590 244 etiamsi
607 206 862 252 aliquantisper
877 205 1032 252 quiescat
1048 218 1169 251 pecca-

182 270 277 302 tum,
300 263 336 297 id
353 269 424 302 est,
450 267 487 293 ut
504 270 635 304 poenae
652 257 882 296 differamur,
915 263 956 291 ut
982 257 1085 291 multi
1106 257 1170 290 diu

184 314 289 348 stulta
312 312 478 346 servitute
497 310 615 343 laxant
637 309 777 342 frenum
804 308 972 341 omnibus
995 308 1169 353 cupidita-

185 365 298 404 tibus,
323 370 439 396 tamen
458 366 550 394 certo
566 371 696 404 poenas
710 365 888 393 secuturas
913 370 995 392 esse.
1046 358 1170 393 Restat

184 415 291 457 igitur
314 411 483 445 iudicium
510 417 587 455 post
610 407 700 443 hanc
723 409 841 443 vitam.
901 407 1007 454 Apud
1027 408 1169 443 Esaiam

186 464 297 508 capite
311 463 371 498 26.
389 461 532 505 legitur:
561 460 672 495 Vetus
687 472 786 494 error
802 460 900 496 abiit.
953 459 1048 493 Haec
1063 461 1169 494 verba

185 525 327 559 prorsus
340 520 423 547 sunt
439 511 683 557 suppositicia‚
706 523 784 544 cum
803 511 839 544 in
859 523 899 544 eo
923 511 1000 544 loco
1024 510 1171 545 illustris

186 564 344 598 definitio
360 563 440 597 fidei
455 563 691 597 contineatur:
721 560 864 606 Aperite
888 568 1024 606 portas,
1053 568 1089 595 ut
1114 561 1172 595 in-

185 615 364 659 grediatur
380 626 464 658 gens
479 614 588 654 iusta,
622 613 822 646 custodiens
848 612 970 652 fidem,
1006 623 1095 656 quae
1121 617 1172 644 est

185 666 348 709 cogitatio
373 665 491 705 firma,
519 671 551 698 te
567 676 687 709 pacem
704 669 924 697 servaturum
941 674 1013 696 esse
1028 673 1173 705 speran-

185 717 279 750 tibus
302 716 339 749 in
356 723 399 750 te.
453 715 570 758 Quam
586 713 701 748 dulcis
717 713 912 748 consolatio
933 719 1005 754 est,
1041 719 1074 746 et
1094 725 1172 757 per-

186 768 304 812 spicua
331 767 412 800 fidei
440 765 629 809 descriptio
655 771 802 797 testatur
828 764 932 797 fidem
967 774 1059 803 esse,
1099 775 1172 797 non

184 825 321 852 tantum
340 824 379 851 ut
399 817 586 850 daemones
605 815 774 856 credunt,
810 826 940 859 poenas
964 813 1066 847 malis
1091 826 1172 859 pro-

184 869 314 914 positas
332 878 420 901 esse:
454 867 513 900 sed
532 866 634 899 illum
651 877 851 906 assensum,
889 877 958 910 quo
981 864 1172 909 acquiesci-

182 931 261 953 mus
276 919 313 952 in
333 917 643 963 promissionibus,
678 922 713 950 et
729 915 916 950 statuimus
931 927 996 949 nos
1011 915 1120 960 recipi
1139 921 1173 949 et

184 969 355 1004 exaudiri.
407 967 527 1002 Lectio
543 967 650 1011 igitur
670 966 706 999 in
729 966 888 1000 sontibus
913 966 1086 1000 illustrior
1110 973 1172 1001 est.

183 1021 251 1056 Sed
271 1020 395 1054 omitto
414 1016 505 1052 hanc
527 1018 769 1062 exemplorum
794 1017 1058 1057 recitationem,
1094 1029 1172 1051 cum

182 1071 315 1106 Psalmi
356 1070 457 1103 vobis
496 1069 533 1102 in
572 1068 779 1114 quotidiana
820 1068 1022 1112 precatione
1062 1068 1172 1101 multa

185 1122 341 1166 exempla
358 1121 528 1161 offerant,
557 1131 646 1165 quae
663 1120 853 1153 ostendunt
871 1118 1065 1163 plurimum
1085 1118 1173 1152 lucis

184 1173 363 1213 accedere,
407 1183 484 1205 cum
506 1169 659 1203 Ebraica
685 1169 788 1203 lectio
816 1169 1019 1213 inspicitur:
1061 1175 1101 1203 ut
1136 1169 1174 1201 in

185 1223 343 1257 Psalmo:
372 1220 529 1264 Exurgat
546 1227 630 1261 etc.,
663 1220 746 1253 item
765 1220 802 1252 in
817 1218 976 1252 Psalmo:
1001 1219 1081 1253 Nisi
1099 1218 1173 1253 Do-

183 1274 302 1308 minus
326 1271 562 1306 aedificaverit
587 1271 732 1304 domum
758 1276 840 1311 etc„
880 1270 944 1303 uhi
969 1270 1055 1315 quid
1081 1270 1175 1304 dicat.

183 1325 373 1368 interpres,
420 1322 484 1355 filii
501 1319 530 1367 ⁸)
562 1332 807 1362 excussorum,
866 1332 973 1354 nemo
1005 1320 1174 1366 suspicari

184 1382 298 1420 potest
313 1374 388 1407 sine
409 1371 560 1406 Ebraica
574 1371 736 1406 lectione.
788 1370 935 1406 Constat
950 1372 1076 1415 igitur,
1111 1384 1173 1405 ne-

183 1425 327 1460 cessaria
345 1435 418 1458 esse
432 1424 573 1468 linguae
587 1421 760 1456 Ebraicae
773 1422 908 1464 studia,
934 1429 973 1456 ut
987 1423 1102 1457 sontes
1117 1424 1175 1457 in-

183 1477 269 1522 spici
286 1475 436 1521 possint:
459 1475 554 1520 quod
571 1486 672 1520 saepe
688 1473 726 1507 in
741 1473 839 1508 omni
858 1474 1081 1508 enarratione
1099 1473 1174 1508 fieri

183 1539 321 1562 necesse
342 1534 403 1562 est.

282 1602 364 1638 Dixi
390 1605 433 1638 de
454 1604 582 1639 literis:
618 1615 714 1637 nunc
737 1602 853 1636 dicam
879 1603 1114 1636 communiter
1130 1602 1173 1635 de

184 1655 344 1689 oratione
365 1654 563 1697 Ecclesiae,
593 1666 682 1699 quae
705 1653 741 1686 in
766 1653 878 1687 literis
899 1651 1115 1697 propheticis
1141 1659 1173 1685 et

182 1706 384 1749 apostolicis
407 1713 510 1742 extat.
568 1703 646 1739 Etsi
671 1710 901 1737 monumenta
918 1703 1172 1747 Apostolorum

184 1757 318 1791 Graece
337 1757 463 1801 scripta
481 1763 584 1796 sunt,
611 1762 727 1788 tamen
755 1766 834 1787 cum
857 1766 996 1799 semper
1021 1755 1173 1788 adscitae

183 1809 323 1851 linguae
354 1808 506 1841 reserant
537 1807 691 1851 aliquem
726 1804 825 1850 quasi
853 1816 995 1839 succum
1024 1805 1175 1845 nativae,

184 1858 337 1891 sermoni
367 1857 504 1891 Graeco
532 1857 663 1891 multae
689 1862 772 1889 sunt
799 1852 943 1899 phrases
975 1863 1008 1890 et
1043 1855 1174 1899 figurae

181 1908 352 1943 Ebraicae
368 1909 560 1942 admixtae:
590 1919 678 1953 quae
693 1913 733 1940 ut
749 1913 839 1940 recte
854 1913 887 1940 et
904 1907 1025 1941 dextre
1041 1906 1172 1940 intelli-

182 1967 327 2003 gantur,
368 1960 481 1993 studia
518 1959 657 2002 linguae
680 1955 852 1990 Ebraicae
877 1957 914 1990 in
938 1956 1095 1991 Ecclesia
1114 1969 1172 1990 co-

183 2012 286 2043 lenda
311 2018 401 2045 sunt.
456 2009 579 2044 'l'oties
603 2008 688 2042 dicit
707 2007 853 2041 Paulus:
889 2007 1028 2042 lusticia
1047 2007 1111 2042 Dei
1136 2007 1173 2040 in

182 2060 377 2104 Evangelio
397 2061 562 2105 patefacta
586 2067 647 2094 est.
702 2057 778 2092 Iloc
799 2059 931 2093 dictum
957 2071 1058 2093 aures
1075 2059 1173 2093 Lati-

184 2125 246 2145 nae
266 2113 311 2146 ita
330 2113 523 2156 accipiunt,
551 2119 589 2145 ut
606 2111 632 2144 si
649 2110 840 2144 diceretur:
871 2109 1173 2144 lusticiaAlexan-

184 2163 236 2195 ‹lri
257 2162 462 2196 Macedonis
485 2162 622 2205 cognita
647 2170 697 2195 est
723 2161 758 2193 in
785 2160 965 2204 puniendo
990 2161 1173 2204 proditore

184 2213 294 2247 Darii.
348 2214 406 2247 Sic
434 2214 540 2256 igitur
565 2212 812 2246 intellexerunt
840 2212 964 2253 multi,
999 2212 1171 2246 iusticiam

184 2264 246 2298 Dei
267 2265 468 2307 patefactam
489 2277 580 2304 esse,
606 2276 673 2308 qua
692 2261 788 2296 Deus
804 2269 854 2297 est
874 2263 984 2298 iustus
1010 2264 1112 2297 iudex
1141 2270 1173 2297 et

185 2316 327 2347 xinnlex:
357 2328 436 2348 cum
464 2316 565 2358 longe
591 2315 686 2347 aliud
707 2312 852 2347 Ebraica
879 2312 1015 2358 phrasis
1038 2314 1172 2357 signifi-

183 2374 254 2405 cet,
283 2366 463 2404 videlicet.
491 2366 665 2400 iusticiam
685 2363 750 2398 Dei
779 2366 983 2409 patefactam
1011 2377 1100 2405 esse,
1138 2365 1170 2399 id

184 2425 251 2456 est,
286 2418 594 2459 approln‘ttionem,
630 2429 697 2461 qua
724 2415 818 2449 Dens
842 2429 905 2450 nos
928 2417 1071 2458 recipit,
1111 2429 1170 2451 seu

183 2468 290 2500 iustos
310 2469 528 2511 pronunciat.
568 2467 611 2501 Et
629 2479 726 2500 error
743 2468 936 2501 foecundus
954 2475 1022 2507 est,
1050 2480 1088 2501 ex
1108 2465 1171 2501 hac

184 2519 255 2561 ipsa
273 2516 547 2551 t·.=ttnc·'n.·tion.·
563 2519 693 2552 multae
712 2518 817 2551 salsae
832 2519 1018 2562 opiniones
1043 2532 1171 2564 sequu-

183 2578 234 2601 tae
248 2577 341 2605 sunt.
380 2569 537 2602 l‘roseeto
554 2570 790 2613 deplor.·nnlae
808 2577 888 2603 sunt
905 2571 1099 2605 multorum
1117 2582 1170 2604 se-

213 2708 239 2734 ³)
262 2706 329 2733 (iu-d.
352 2705 462 2732 manse.
479 2704 518 2730 88.
532 2706 610 2737 filiis.

746 118 908 156 DECL.
955 118 1030 155 DE
1062 118 1286 156 LINGUA
1319 104 1632 157 nessssAtcA.

2135 122 2211 159 712

1222 206 1382 239 culorum
1424 205 1607 246 tenebrae,
1652 216 1740 250 quae
1774 202 1900 240 harum
1934 206 2214 252 appellationum

1222 255 1512 299 significationem
1530 256 1798 299 ignoraverunt:
1815 257 1899 301 quid
1917 258 1957 291 sit
1976 257 2097 302 gratia,
2119 258 2216 300 fides,

1224 306 1446 348 iustificatio‚
1480 307 1566 352 quid
1591 306 1729 339 intersit
1753 305 1845 339 inter
1867 307 1976 350 legem
2003 316 2035 342 et
2053 307 2214 352 Evange-

1223 358 1331 398 linm,
1358 358 1451 391 inter
1466 364 1648 402 praecepta
1668 363 1701 390 et
1718 356 1980 400 promissiones.
2024 358 2096 392 Has
2114 370 2216 392 voces

1223 408 1289 452 legi
1308 409 1399 452 apud
1417 407 1566 442 Paulum
1584 407 1698 446 scitis,
1726 407 1826 440 cuius
1843 413 1915 441 tota
1933 409 2044 442 oratio
2054 409 2213 455 Sibyllae

1224 459 1320 492 soliis
1336 459 1461 492 similis
1478 465 1547 498 est,
1574 458 1642 491 nisi
1661 458 1773 491 lector
1797 458 1841 490 ad
1866 455 2011 502 phrasin
2028 457 2215 493 Ebraicam

1224 510 1436 543 assuefactus
1453 509 1508 543 sit.
1562 507 1610 543 Et
1621 508 1760 552 cognita
1778 505 1916 552 phrasi,
1949 509 2061 542 facilis
2084 517 2136 544 est
2160 511 2216 543 di-

1225 561 1393 594 iudicatio
1411 561 1603 594 multarum
1626 559 1860 592 maximarum
1884 560 2217 597 controversiarum.

1225 610 1316 645 Cum
1336 611 1444 655 igitur
1460 622 1596 644 necesse
1611 610 1657 644 sit
1672 610 1709 642 in
1726 607 1884 642 Ecclesia
1898 621 2096 643 sermonem
2121 611 2214 644 divi-

1226 673 1330 700 nnm,
1359 662 1488 705 figuras
1506 669 1539 695 et
1555 659 1700 706 phrasin
1717 660 1930 704 intelligere,
1965 661 2122 695 studium
2147 661 2218 694 lin—

1226 723 1313 756 guae
1325 711 1498 746 Ebraicae
1513 711 1746 746 necessarium
1764 717 1826 744 est.

1327 762 1399 796 Nec
1418 763 1557 797 iudiciis
1577 759 1770 807 prophanis
1787 761 1830 794 ab
1847 758 1912 795 hac
1927 761 2101 796 sententia
2116 773 2218 795 men-

1226 820 1277 846 tes
1306 813 1381 857 pias
1412 814 1540 847 abduci
1563 814 1682 846 velim.
1739 811 1777 846 Si
1801 824 1874 846 non
1898 824 2018 846 sumus
2039 811 2220 856 Epicurei,

1227 865 1286 897 sed
1321 876 1402 898 vere
1425 864 1610 898 statuimus
1637 869 1814 897 aeternam
1838 870 1990 897 mentem
2012 861 2218 898 architecta—

1227 915 1348 948 tricem
1369 928 1501 957 rerum,
1529 921 1563 948 et
1579 912 1670 947 hanc
1686 913 1724 946 in
1735 911 1891 947 Ecclesia
1910 915 2115 959 patefactam
2133 925 2219 955 esse,

1227 965 1265 998 in
1301 966 1487 1000 eductione
1524 965 1647 1010 populi
1676 962 1859 998 Israelitici
1894 976 1934 998 ex
1963 964 2144 1010 Aegypto,
2185 972 2220 999 et

1227 1017 1356 1050 deinde
1373 1017 1522 1052 mortuis
1537 1017 1575 1050 in
1593 1016 1702 1049 vitam
1718 1014 1907 1048 revocatis:
1943 1023 1977 1049 et
2000 1016 2218 1050 voluntatem

1228 1067 1325 1102 illius
1351 1075 1512 1102 aeternae
1539 1066 1668 1101 mentis
1694 1066 1930 1111 quaerendam
1964 1077 2037 1099 esse
2070 1078 2145 1100 non
2181 1065 2220 1098 in

1226 1116 1457 1163 Philosophia
1474 1125 1534 1152 aut
1550 1116 1716 1151 humanis
1728 1116 1877 1155 iudiciis,
1895 1117 1954 1150 sed
1971 1116 2008 1149 in
2024 1117 2094 1150 illis
2108 1124 2220 1150 aeter-

1227 1169 1283 1202 nis
1301 1170 1468 1211 decretis,
1494 1181 1581 1214 quae
1606 1174 1657 1203 tot
1679 1167 1781 1201 editis
1804 1167 2013 1201 testimoniis
2039 1167 2219 1212 proposita

1228 1227 1328 1261 sunt,
1350 1227 1383 1254 et
1400 1232 1490 1266 quae
1506 1219 1600 1252 filius
1616 1217 1872 1252 resurrectione
1895 1229 1957 1251 sua
1983 1218 2219 1252 confirmavit:

1228 1283 1366 1304 necesse
1391 1278 1458 1311 est,
1498 1282 1563 1303 nos
1587 1270 1725 1302 decreta
1749 1268 1872 1301 divina
1894 1280 1934 1301 ex
1956 1280 2117 1302 sermone
2139 1269 2220 1309 Dei,

1229 1335 1332 1367 quem
1361 1319 1557 1365 Prophetae
1587 1327 1619 1353 et
1647 1318 1809 1363 Apostoli
1847 1318 1958 1351 literis
1992 1320 2220 1359 mandarunt,

1228 1373 1372 1407 discere.
1438 1372 1511 1406 Nec
1540 1371 1619 1404 licet
1642 1380 1753 1403 novas
1773 1369 1816 1402 de
1841 1367 1917 1402 Deo
1943 1369 2146 1412 opiniones,
2187 1376 2221 1403 et

1228 1437 1319 1457 nova
1349 1423 1497 1457 numina
1528 1423 1676 1465 fingere,
1717 1427 1755 1454 ut
1787 1420 1965 1453 finxerunt
1988 1417 2133 1453 Ethnici
2158 1431 2220 1455 seu

1229 1472 1398 1519 Orpheus
1418 1481 1451 1508 et
1467 1473 1664 1507 Hesiodus:
1691 1472 1752 1504 sed
1776 1483 1814 1504 ex
1842 1470 1951 1515 ipsius
1965 1468 2032 1504 Dei
2057 1482 2220 1504 sermone

1229 1526 1436 1559 discendum
1454 1533 1523 1565 est,
1552 1522 1666 1569 qualis
1680 1522 1734 1562 sit,
1763 1522 1943 1567 quomodo
1961 1521 2112 1564 agnosci,
2138 1522 2220 1567 qui-

1228 1577 1293 1610 bus
1319 1576 1443 1610 officiis
1468 1575 1536 1609 coli
1562 1574 1658 1609 velit.
1730 1571 1821 1605 Vere
1855 1572 1962 1616 igitur
1985 1571 2143 1606 Ecclesia
2170 1579 2221 1607 est

1227 1627 1453 1669 grammatica
1471 1626 1644 1668 interpres
1660 1622 1773 1656 divini
1790 1623 1982 1664 sermonis,
2017 1624 2112 1668 quod
2139 1635 2218 1657 cum

1228 1678 1275 1711 ita
1299 1677 1362 1717 sit,
1404 1676 1628 1721 perspicuum
1652 1681 1701 1707 est
1724 1673 1953 1706 necessariam
1980 1685 2052 1707 esse
2079 1674 2220 1717 linguae

1228 1725 1452 1772 propheticae
1470 1726 1727 1769 cognitionem,
1753 1723 1796 1757 iis
1812 1724 2034 1767 praesertim,
2067 1725 2147 1769 qui,
2179 1731 2220 1758 ut

1228 1779 1323 1819 dixi,
1363 1779 1523 1812 custodes
1551 1783 1632 1809 sunt
1655 1775 1837 1807 doctrinae
1859 1775 2037 1814 coelestis,
2074 1782 2107 1809 et
2130 1787 2219 1821 quos

1228 1829 1288 1863 alii
1307 1828 1524 1862 indoctiores
1540 1828 1583 1860 de
1602 1825 1689 1859 locis
1706 1825 1865 1858 obscuris
1884 1825 2088 1859 consulunt.

1329 1877 1486 1923 Exposui
1501 1888 1600 1911 veras
1616 1883 1649 1911 et
1668 1875 1880 1909 necessarias
1897 1887 2016 1909 causas
2031 1875 2220 1910 discendae

1228 1931 1367 1974 linguae
1384 1929 1574 1969 Ebraicae,
1601 1938 1689 1973 quas
1706 1927 1822 1959 valere
1837 1927 1930 1970 apud
1956 1924 2117 1960 homines
2141 1927 2220 1961 lite-

1228 1989 1340 2022 ratos,
1377 1981 1436 2026 qui
1460 1979 1658 2014 doctrinam
1683 1975 1862 2011 Ecclesiae
1885 1984 2022 2018 amant,
2051 1989 2126 2011 non
2151 1979 2219 2012 du·

1227 2033 1317 2065 bito:
1361 2030 1427 2065 Dei
1463 2031 1568 2065 etiam
1599 2027 1801 2063 testimonio
1837 2028 1970 2061 moveri
2006 2039 2065 2061 eos
2100 2028 2218 2065 velim.

1227 2083 1374 2127 Semper
1393 2082 1531 2116 addidit
1553 2081 1648 2116 Deus
1672 2079 1873 2123 linguarum
1897 2079 2052 2120 donum,
2085 2085 2119 2113 et
2144 2087 2219 2114 stn-

1227 2135 1282 2167 dia
1301 2146 1402 2179 saepe
1427 2132 1590 2167 restituit.
1645 2129 1731 2164 vult
1758 2129 1864 2173 igitur
1888 2129 2045 2173 lingnam
2071 2130 2215 2165 servari.

1228 2185 1363 2219 Deinde
1379 2184 1546 2228 exemplis
1561 2180 1785 2216 moveamini.
1843 2179 1930 2213 Vult
1946 2179 2039 2214 Deus
2056 2180 2092 2213 in
2110 2181 2219 2214 mini-

1227 2237 1332 2270 sterio
1349 2235 1550 2278 evangelico
1568 2234 1702 2267 donum
1723 2243 1796 2264 esse
1813 2231 2125 2275 interpretationis.
2158 2231 2217 2266 Fi-

1226 2286 1396 2320 delissimi
1441 2293 1557 2319 autem
1599 2285 1804 2326 interpretes
1841 2282 1997 2325 lingnam
2029 2281 2215 2317 Ebraicam

1227 2338 1330 2371 etiam
1344 2350 1443 2371 senes
1462 2337 1684 2372 didicerunt,
1712 2333 1792 2378 quia
1810 2333 2011 2367 iudicabant
2031 2333 2216 2368 lectionem

1227 2387 1414 2423 Ehraicam
1432 2387 1683 2421 consulendam
1701 2395 1791 2422 esse.
1817 2383 2116 2429 utllieronynnus.
2145 2383 2216 2429 Ly-

1227 2452 1351 2479 ranus,
1385 2438 1591 2481 Burgi-usis:
1631 2443 1663 2469 et
1693 2442 1814 2468 nostro
1839 2442 1994 2479 tempore
2015 2434 2216 2473 Galatinua,

1225 2489 1509 2534 Complutensis,
1557 2486 1765 2523 NVesselus.
1814 2485 1958 2530 Capito,
2000 2482 2215 2529 liudolphus

1226 2540 1401 2582 Agricola,
1430 2548 1460 2574 et
1482 2539 1581 2572 inulti
1600 2538 1669 2571 alii.
1709 2536 1840 2570 Verum
1856 2537 1915 2569 alii
1935 2535 2047 2579 ignari
2064 2536 2215 2577 linguae,

1224 2591 1388 2635 utllugo,
1414 2598 1447 2625 ct
1463 2590 1593 2624 similes
1610 2587 1724 2626 multi.
1751 2587 1870 2633 quales
1885 2595 1965 2620 sunt
1985 2586 2215 2631 interpretes?

1224 2643 1357 2684 lignum
1379 2643 1518 2675 findunt
1534 2642 1650 2680 clave,
1677 2646 1820 2673 etseras
1839 2637 2001 2682 aperiunt
2021 2638 2213 2675 securibus.

1221 2702 1258 2729 ut
1286 2694 1319 2726 in
1346 2693 1534 2739 proverbio
1559 2691 1700 2726 dicitur.
1755 2688 1826 2723 Noc
1852 2700 1914 2731 ego
1939 2689 1983 2721 de
2006 2688 2212 2735 cuiusquam
