2338 2958
204 128 279 163 979

208 227 286 249 cum
316 224 370 247 res
401 211 549 245 maiores
580 214 612 241 et
641 204 807 250 Europae
840 205 1001 239 utiliores
1030 205 1197 239 adversus

210 264 346 299 Turcas
363 262 478 307 gessit.

313 314 385 348 Nec
411 310 521 344 defuit
544 315 660 342 tantae
686 306 806 340 virtuti
832 314 865 341 et
890 306 1023 350 gloriae
1052 306 1198 345 invidia,

214 366 295 411 quia
313 364 404 397 enim
421 362 458 394 in
477 357 541 393 hac
557 366 704 392 naturae
721 355 898 391 humanae
916 358 1119 391 infirmitate
1134 358 1199 390 ob-

214 414 346 450 scurari
367 424 403 445 se
427 411 534 445 unius
551 408 699 442 alicuius
718 409 930 452 praestantia
948 407 1052 442 multi
1068 408 1201 447 dolent,

214 463 452 499 excellentiam
471 461 620 494 alienam
643 471 801 504 premere
824 466 1009 494 conantur.
1060 458 1202 502 Singuli

216 516 310 549 enim
335 525 409 548 sese
429 518 567 551 amant,
594 522 666 543 sese
690 521 834 552 magnos
859 521 932 543 esse
959 509 1115 552 conspici
1140 521 1203 541 vo-

216 568 306 600 lunt.
360 563 480 608 ltaque
498 561 599 595 multi
619 567 653 594 et
668 560 831 604 dignitati
853 567 885 594 et
909 560 998 594 vitae
1017 559 1204 593 Huniadae

216 615 375 651 insidiati
398 621 492 648 sunt.
547 612 616 646 Sed
638 610 734 644 Deus
749 623 827 644 eum
845 611 929 645 texit
945 623 1017 644 non
1036 610 1150 643 solum
1167 610 1205 642 in

217 669 309 708 acie,
336 667 394 699 sed
414 665 518 698 etiam
535 664 702 697 adversus
718 674 902 706 procerum
920 669 953 695 et
971 660 1206 695 calumniato-

218 731 297 753 rum
322 716 484 755 insidias,
519 721 553 748 et
578 713 644 756 ipsi
665 719 742 756 post
760 712 940 756 repulsum
959 710 1206 745 Mahometum

218 783 237 803 a
273 767 446 810 Belgrado
483 763 662 798 continuis
697 762 839 807 praeliis
875 764 1027 796 duorum
1058 761 1208 802 dierum,

218 819 344 853 victori
361 816 549 858 defatigato
568 812 808 857 magnitudine
826 813 1001 852 laborum,
1029 824 1208 846 commen-

220 869 318 904 danti
334 880 406 902 sese
423 874 458 900 et
475 865 622 910 patriam
640 863 707 908 piis
722 864 813 898 votis
822 863 977 897 Domino
997 870 1118 896 nostro
1133 862 1209 896 lesu

221 918 380 959 Christo,
407 924 441 951 et
456 914 659 949 adhortanti
680 914 771 948 filios
787 915 848 960 qui
864 915 1012 948 aderant
1025 914 1211 955 morituro,

221 972 265 1005 ad
283 970 467 1008 virtutem,
493 966 591 1000 dedit
607 965 737 999 exitum
754 965 931 1009 placidum
951 972 983 999 et
1005 965 1211 1008 gloriosum,

222 1020 328 1056 Anno
349 1019 456 1055 1456.
484 1017 621 1060 Quarto
642 1014 725 1049 Idus
741 1015 970 1060 Septembris.

326 1070 366 1104 ln
383 1081 423 1103 eo
439 1068 571 1113 praelio
588 1064 814 1100 Mahotnetus
831 1073 970 1110 accepto
987 1065 1134 1099 vulnere
1158 1077 1212 1098 se-

224 1121 402 1158 mianimis
427 1132 465 1153 ex
490 1118 563 1152 acie
587 1129 606 1150 a
631 1116 704 1150 suis
727 1123 898 1159 gestatus,
934 1128 1014 1149 cum
1041 1115 1214 1149 amisisset

224 1173 364 1208 circiter
389 1167 621 1215 quadraginta
645 1166 757 1200 millia
781 1166 934 1200 militum
963 1173 997 1199 et
1021 1164 1213 1206 machinas,

224 1224 363 1268 fugiens
379 1221 486 1254 vitam
507 1216 666 1251 retinuit.
718 1215 790 1250 Nec
808 1223 924 1250 tamen
941 1216 1106 1249 odiorum
1132 1228 1213 1249 cru-

225 1275 349 1309 delitas
375 1272 412 1304 in
436 1268 582 1304 aemulis
610 1267 745 1311 placata
767 1273 836 1307 est,
862 1267 918 1300 vel
940 1266 1046 1300 tantis
1070 1266 1216 1307 meritis,

225 1326 280 1359 vel
298 1322 443 1356 interitu
461 1319 659 1353 Huniadae.
712 1316 782 1352 Sed
799 1317 915 1362 erupit
935 1317 1118 1363 aliquanto
1139 1324 1216 1362 post

227 1378 263 1410 in
279 1375 381 1409 filios.

327 1423 454 1458 Comes
471 1418 582 1454 Ciliae
598 1425 638 1453 ut
654 1419 745 1464 patri
762 1417 952 1452 Huniadae
968 1425 1141 1452 struxerat
1161 1418 1218 1451 in-

227 1476 354 1515 sidias,
381 1473 428 1506 ita
443 1471 533 1504 filios
551 1470 655 1504 etiam
673 1468 878 1503 Ladislaum
902 1476 937 1503 et
951 1466 1142 1503 Matthiam
1161 1481 1219 1502 ca-

228 1526 374 1562 lumniis
405 1532 590 1567 oppressos
622 1520 746 1554 tollere
776 1527 933 1555 conatur.
999 1518 1218 1553 Criminatur

227 1577 448 1614 Ladislaum,
475 1573 570 1618 quod
587 1583 665 1605 cum
691 1582 807 1614 regem
833 1578 866 1604 et
890 1577 1022 1614 partem
1048 1571 1218 1604 exercitus

228 1630 265 1662 in
291 1638 405 1661 arcem
432 1622 542 1657 Albae
567 1621 783 1661 admisisset,
821 1627 975 1654 caeteros
1005 1621 1218 1664 exclusisset,

229 1679 416 1725 pollicetur
442 1673 654 1719 quibusdam
679 1683 741 1715 per
772 1671 891 1705 literas
924 1670 1033 1716 capita
1066 1672 1216 1704 duorum

228 1730 382 1764 filiorum
400 1724 598 1759 Huniadae.
650 1721 716 1755 His
737 1721 848 1755 literis
870 1721 1016 1766 prolatis
1034 1721 1219 1755 Ladislaus

229 1779 361 1815 accedit
384 1775 585 1814 Cilianum,
626 1780 664 1805 ut
687 1784 806 1806 coram
840 1784 920 1805 cum
946 1785 986 1805 eo
1013 1773 1218 1816 expostulet.

228 1830 341 1866 Aiunt
359 1826 539 1861 Cilianum
562 1823 716 1867 priorem
735 1823 891 1866 rapuisse
909 1822 1065 1865 gladium
1088 1835 1127 1855 ex
1144 1835 1217 1855 ma-

230 1882 336 1915 nibus
358 1876 504 1912 astantis
525 1873 703 1913 satellitis,
729 1885 768 1906 ac
793 1872 862 1905 iam
884 1872 1086 1912 ferientem,
1111 1883 1128 1905 a
1150 1871 1219 1905 La·

231 1933 362 1968 dislao,
402 1928 464 1973 qui
489 1936 609 1962 causa,
651 1922 894 1967 magnitudine
918 1922 1048 1963 animi,
1083 1923 1219 1963 robore,

230 1995 296 2018 usu
313 1979 461 2015 militiae
477 1977 580 2019 longe
595 1974 836 2014 antecellebat,
856 1974 1037 2018 repulsum
1052 1981 1085 2008 et
1101 1981 1218 2016 postea

230 2033 430 2068 confossum
448 2039 531 2062 esse.
586 2025 670 2058 Mox
689 2026 731 2058 ad
749 2037 862 2068 regem
881 2024 1013 2058 accedit
1037 2024 1219 2058 Ladislaus

228 2097 306 2119 cum
324 2081 402 2116 aliis
419 2078 539 2113 multis
554 2076 767 2121 proceribus,
786 2082 819 2109 et
834 2075 914 2108 sacti
929 2086 1050 2108 causas
1064 2075 1218 2119 exponit.

228 2131 434 2169 Dissimulat
463 2141 520 2163 rex
547 2128 707 2161 dolorem
731 2134 763 2160 et
779 2125 884 2166 iram,
911 2126 999 2159 etin
1024 2126 1217 2170 praesentia

229 2184 358 2230 petenti
378 2179 551 2226 promittit
569 2179 670 2211 fidem
690 2177 880 2221 publicam.
921 2175 1044 2210 Postea
1060 2183 1092 2209 et
1110 2184 1219 2210 mater

228 2237 266 2270 fit
303 2234 373 2277 regi
413 2231 578 2276 supplex,
622 2230 714 2272 apud
750 2240 854 2273 quam
884 2227 1047 2261 adfirmat
1081 2227 1152 2259 filio
1183 2239 1218 2260 se

226 2289 415 2331 ignoscere,
440 2289 474 2316 et
488 2279 704 2314 oblivionem
725 2278 805 2312 sacti
821 2285 855 2312 et
871 2276 1082 2323 ἀμνηστίαν
1096 2279 1219 2318 sancit,

224 2340 332 2372 donat
343 2335 446 2369 etiam
460 2331 619 2366 Ladislao
637 2341 850 2374 purpuream
862 2336 1003 2368 vestem,
1018 2329 1074 2362 cui
1092 2341 1216 2362 aurum

224 2395 297 2423 erat
329 2387 512 2420 intextum.
574 2380 641 2415 Sed
669 2381 759 2413 male
787 2387 878 2413 sarta
905 2380 1016 2423 gratia
1043 2393 1115 2412 nou
1151 2380 1216 2414 fuit

223 2441 410 2475 diuturna,
450 2441 481 2467 et
507 2433 609 2467 novis
633 2431 819 2465 calumniis
846 2437 961 2464 vetera
990 2431 1134 2463 vulnera
1162 2443 1215 2463 re—

222 2489 487 2524 scindebantur.
555 2484 637 2517 ldeo
661 2483 843 2527 aliquanto
869 2490 944 2525 post
974 2481 1158 2515 Ladislaus
1182 2490 1213 2515 et

222 2539 390 2575 Matthias
421 2549 499 2570 cum
533 2534 653 2567 amicis
687 2534 822 2578 aliquot
853 2533 1088 2567 familiaribus
1119 2533 1211 2577 capti

218 2600 310 2632 sunt,
329 2598 359 2624 et
373 2591 415 2623 de
427 2587 588 2621 Ladislao
604 2585 792 2617 crudeliter
803 2584 1014 2627 supplicium
1032 2591 1210 2628 sumptum

216 2652 284 2683 ρει,
332 2643 366 2675 in
403 2651 472 2685 quo
507 2635 731 2669 innocentiae
768 2635 1010 2669 testimonium
1047 2635 1209 2668 mirando

216 2694 374 2738 exemplo
394 2690 488 2724 Deus
505 2688 642 2722 tribuit.

681 119 838 157 DECL.
871 118 949 154 DE
983 118 1260 156 ΜΑΤΤΗῘΑ
1293 118 1458 156 REGE
1490 119 1754 158 HUNGAR.

2159 123 2238 159 980

1353 204 1552 239 Productus
1574 213 1624 240 est
1647 205 1832 241 Ladislaus
1860 207 1899 241 in
1928 215 2021 242 veste
2053 219 2242 252 purpurea,

1251 255 1307 289 cui
1323 255 1495 290 intextum
1511 262 1586 290 erat
1600 268 1745 298 aurum,
1774 257 1904 291 donata
1929 270 1948 292 a
1973 270 2070 302 rege,
2102 265 2136 293 et
2154 259 2243 302 liga—

1252 313 1306 340 tae
1323 312 1406 339 sunt
1423 306 1461 339 in
1476 313 1612 349 tergum
1632 318 1776 348 manus,
1802 315 1836 341 et
1859 307 1951 342 inter
1969 317 2047 342 vota
2064 310 2106 342 ad
2125 308 2243 342 Deum

1253 356 1490 401 procumbens
1514 357 1553 389 in
1576 368 1708 400 genua,
1735 358 1818 392 sorti
1835 358 1954 392 animo
1976 367 2087 393 erecta
2108 359 2243 392 cervice

1254 413 1409 451 expectat
1431 413 1593 442 mortem.
1646 407 1699 441 lbi
1725 419 1804 441 cum
1826 415 1880 441 ter
1902 420 1920 442 a
1944 409 2068 443 lictore
2094 410 2183 444 ictus
2211 416 2243 442 et

1254 458 1460 491 vulneratus
1480 464 1585 498 esset,
1611 465 1646 492 et
1659 470 1793 502 pronus
1810 458 1848 491 in
1865 465 1994 492 terram
2012 460 2129 504 lapsus
2146 466 2245 500 esset,

1255 519 1377 542 rursus
1393 514 1511 541 tamen
1531 519 1604 541 sese
1625 521 1827 554 quanquam
1845 509 1972 553 ligatus
1991 517 2023 544 et
2042 510 2245 544 vulneratus

1256 559 1382 598 erexit,
1410 565 1443 592 et
1457 559 1548 591 clara
1567 571 1650 592 voce
1666 558 1780 593 Deum
1797 558 1956 602 invocat,
1980 567 2013 594 et
2030 572 2110 594 eum
2124 567 2246 594 testem

1258 620 1338 642 suae
1355 609 1579 643 innocentiae
1594 620 1666 642 esse
1688 610 1816 654 inquit.
1863 609 2000 653 Quarto
2016 612 2158 644 tandem
2175 611 2248 643 ictu

1258 666 1361 703 caput
1379 659 1411 692 ei
1428 660 1653 703 praeciditur.
1704 659 1821 694 Multa
1843 668 1925 694 sunt
1948 661 1985 694 in
2004 659 2069 694 hoc
2089 656 2248 704 exemplo

1260 710 1366 752 digna
1386 717 1420 743 et
1441 710 1722 744 consideratione
1746 718 1779 744 et
1798 712 2060 756 deploratione,
2089 712 2250 744 videmus

1261 758 1319 793 hic
1337 760 1487 793 deletam
1513 772 1585 794 esse
1609 761 1815 794 memoriam
1840 762 2091 795 beneficiorum
2111 761 2251 794 Hunia-

1262 811 1327 843 dae
1343 811 1470 855 patris,
1497 823 1577 844 cum
1601 818 1696 845 tanta
1719 812 1905 846 crudelitas
1923 813 1959 845 in
1980 813 2090 846 filium
2106 815 2253 857 {exerce-

1263 868 1332 895 tur.
1396 860 1568 895 Fortassis
1592 868 1626 895 et
1647 862 1848 896 adolescens
1871 870 2013 907 propter
2038 863 2144 907 patris
2175 862 2252 906 glo-

1263 912 1352 945 riam
1368 911 1436 945 suit
1453 912 1674 945 insolentior.
1726 911 1847 957 ltaque
1865 914 2086 958 propositum
2108 919 2159 947 est
2176 923 2254 945 cae-

1264 962 1347 996 teris
1378 963 1591 1007 exemplum,
1628 969 1666 996 ut
1691 963 1853 997 fortunae
1879 964 2152 998 inconstantiam
2178 973 2254 995 me-

1265 1020 1401 1046 tuentes
1417 1013 1527 1046 simus
1544 1013 1786 1049 modestiores,

1366 1061 1491 1097 Postea
1506 1076 1586 1097 cum
1602 1075 1662 1097 rex
1673 1063 1819 1108 Pragam
1837 1065 2126 1109 proficisceretur,
2149 1062 2255 1097 simul

1266 1125 1307 1146 eo
1326 1110 1516 1146 Matthiam
1534 1114 1697 1155 abducit,
1724 1126 1768 1147 nc
1785 1114 1965 1148 Pannonii
1986 1115 2060 1148 eius
2078 1112 2255 1148 liberandi

1267 1174 1369 1196 causa
1381 1189 1390 1203 ,
1416 1163 1444 1196 si
1460 1164 1554 1207 apud
1574 1164 1668 1207 ipsos
1684 1165 1964 1209 relinqueretur,
1991 1166 2162 1199 turnultus
2178 1176 2258 1198 mo-

1267 1219 1402 1248 verent.
1439 1212 1511 1246 [arn
1529 1225 1651 1247 rursus
1666 1215 1829 1248 fortunae
1847 1215 1938 1249 vices
1952 1216 2147 1251 considera.
2179 1213 2257 1249 Rex

1268 1263 1530 1305 nobilissimus,
1570 1264 1670 1298 cuius
1698 1271 1732 1298 et
1757 1265 1894 1299 indoles
1920 1267 1963 1299 ad
1987 1266 2155 1299 virtutem
2184 1271 2258 1298 erat

1269 1314 1459 1354 excellens,
1493 1320 1525 1347 et
1546 1326 1661 1348 mores
1684 1312 1840 1356 bonesti,
1875 1328 2048 1362 quemque
2071 1316 2259 1360 sperabant

1269 1365 1400 1398 multae
1415 1371 1536 1408 gentes
1552 1366 1726 1409 praesidio
1745 1367 1820 1400 fore
1836 1367 1901 1400 toti
1918 1365 2101 1411 Europae,
2126 1367 2164 1399 in
2182 1367 2258 1410 ipso

1270 1417 1357 1449 flore
1374 1415 1628 1450 adolescentiae
1645 1417 1681 1450 in
1698 1418 1787 1450 urbe
1798 1416 1906 1461 Praga
1922 1418 2094 1452 extinctus
2108 1423 2171 1453 est.
2205 1416 2260 1450 lbi

1271 1478 1350 1500 cum
1370 1463 1520 1499 Bohemi
1544 1478 1626 1500 suae
1649 1468 1762 1509 gentis
1783 1469 1897 1501 virum
1917 1468 2110 1512 Georgium
2136 1468 2260 1511 elegis-

1271 1524 1349 1551 sent
1380 1529 1517 1560 regem,
1554 1515 1743 1552 Matthiam
1771 1519 1798 1552 is
1823 1519 1949 1553 retinet
1971 1526 2137 1564 tanquam
2164 1518 2261 1551 obsi-

1271 1570 1370 1608 dem,
1398 1574 1435 1601 nt
1451 1574 1590 1601 ostensa
1609 1581 1669 1613 spe
1683 1569 1858 1603 liberandi
1875 1570 2108 1603 adolescentis
2121 1594 2129 1607 ,
2156 1568 2261 1602 Hun-

1271 1630 1436 1661 garorum
1477 1618 1544 1651 sibi
1586 1620 1787 1654 voluntates
1828 1621 2046 1664 adiungeret.
2108 1619 2259 1653 ‹lutei-ea

1271 1669 1468 1702 avunculus
1496 1667 1669 1703 Matthiae
1705 1670 1741 1702 in
1779 1670 1992 1704 Pannonicis
2027 1670 2262 1704 conventibus

1272 1731 1346 1752 non
1377 1717 1443 1752 hoc
1476 1719 1588 1752 solum
1622 1720 1712 1763 agit,
1752 1728 1791 1754 ut
1825 1729 2027 1765 reposcatur
2058 1721 2263 1754 adulescens

1272 1770 1450 1814 captivus,
1491 1770 1550 1802 sed
1581 1771 1685 1803 etiam
1722 1779 1758 1806 ut
1791 1784 1848 1805 rex
1873 1771 2077 1815 Ilungariae
2103 1772 2262 1813 eligatur.

1273 1819 1394 1865 ltaque
1420 1820 1591 1854 divinitus
1616 1833 1743 1864 magno
1765 1834 1938 1855 consensu
1963 1833 2148 1865 procerum
2166 1821 2263 1858 Mat-

1273 1868 1363 1902 tliias
1389 1881 1447 1902 rex
1466 1870 1669 1911 Hungariae
1690 1872 1820 1904 electus
1845 1878 1913 1912 est,
1949 1879 1982 1906 et
2000 1872 2096 1905 missi
2112 1880 2193 1907 sunt
2211 1873 2262 1905 le-

1272 1919 1342 1963 gati
1361 1920 1403 1953 ad
1423 1931 1537 1962 regem
1556 1918 1788 1954 Bobemicum
1801 1922 1996 1966 Georgium
2009 1949 2018 1963 ,
2050 1923 2109 1967 qui
2129 1924 2262 1957 dimitti

1273 1983 1353 2003 cum
1372 1977 1544 2015 peterent.
1598 1970 1790 2005 Laudanda
1811 1980 1859 2006 est
1877 1974 2024 2007 ‹nr-inno
2042 1973 2187 2018 Georgii
2208 1976 2263 2008 iu-

1273 2021 1370 2055 sticia
1398 2028 1430 2054 et
1456 2020 1664 2065 prudentia,
1702 2030 1735 2056 et
1763 2025 1857 2068 quod
1879 2024 2134 2058 adolescentem
2158 2038 2262 2071 quem

1274 2072 1412 2105 xidebat
1436 2073 1477 2104 ad
1506 2083 1650 2115 regnum
1676 2075 1811 2114 vocari,
1838 2075 1932 2120 quod
1956 2075 2165 2119 adpetebant
2188 2076 2263 2117 alii,

1275 2135 1344 2155 non
1369 2123 1528 2163 sustulit,
1555 2130 1587 2156 et
1603 2124 1697 2168 quod
1716 2125 1870 2159 suturam
1886 2125 1962 2158 eius
1980 2127 2262 2169 magnitudinem

1274 2173 1508 2218 prospiciens,
1548 2174 1593 2207 ita
1617 2187 1697 2207 eum
1721 2175 1872 2216 dimisit,
1908 2183 1945 2210 ut
1971 2176 2094 2210 foedus
2117 2189 2196 2211 curn
2221 2189 2261 2211 eo

1273 2231 1481 2268 perpetuum
1499 2224 1646 2265 faceret,
1673 2233 1706 2260 et
1724 2226 1830 2259 filiam
1849 2227 1879 2259 ei
1899 2239 2042 2260 uxorem
2058 2229 2168 2264 daret.
2211 2226 2262 2262 lta

1272 2288 1312 2308 ex
1336 2287 1473 2308 carcere
1500 2276 1542 2307 ad
1565 2287 1712 2319 regnum
1732 2275 1902 2311 Matthias
1925 2279 2071 2313 eductus
2090 2287 2159 2317 est,
2187 2291 2261 2313 non

1272 2339 1332 2370 per
1355 2326 1565 2359 seditionem
1590 2334 1621 2360 et
1641 2327 1778 2361 civilem
1799 2340 1981 2368 cruorem,
2008 2330 2067 2362 sed
2091 2329 2262 2373 singulari

1270 2377 1419 2411 consilio
1436 2375 1522 2415 Dei,
1550 2389 1676 2421 magno
1695 2379 1857 2413 omnium
1881 2379 2081 2425 principum
2107 2387 2140 2414 et
2163 2380 2261 2414 ordi-

1270 2441 1354 2461 1111111
1374 2439 1556 2461 (0115011811.

1372 2476 1553 2512 Exercitus
1569 2490 1647 2511 eum
1663 2478 1887 2521 llungaricus
1902 2481 2093 2515 adductum
2113 2480 2260 2525 Georgii

1267 2530 1434 2562 comitatu
1462 2531 1504 2562 ad
1530 2536 1719 2562 extremam
1746 2531 1843 2573 regui
1864 2529 2044 2565 Bolwmici
2068 2545 2187 2573 oram,
2216 2536 2259 2568 ad

1266 2581 1397 2613 ssuaa-u
1420 2580 1602 2613 Moravam
1628 2581 1779 2625 excepit.
1807 2590 1840 2615 et
1864 2582 1998 2615 Budam
2025 2583 2115 2616 inter
2140 2592 2261 2627 gratn-

1266 2632 1414 2665 lationes
1439 2631 1571 2676 ubique
1596 2633 1856 2666 occursantium
1883 2631 2068 2665 hominum
2089 2642 2119 2667 et
2147 2636 2260 2670 fausta

1264 2683 1462 2727 optantium
1482 2683 1581 2716 dixit.
1637 2681 1688 2716 lbi
1710 2683 1745 2716 in
1771 2684 1902 2728 templo
1931 2685 2069 2728 publice
2088 2683 2162 2719 Deo
2180 2699 2259 2730 gra—
