2338 2958
120 112 194 147 849

119 196 330 231 tumultibus
347 201 380 228 et
395 195 664 229 confusionibus
681 196 888 239 gubernatio
906 197 1108 241 impeditur,

118 246 271 280 servabit
288 253 404 279 tamen
429 246 619 279 clementer
639 244 764 280 barum
783 247 966 290 regionum
985 245 1107 280 Eccle-

117 297 204 337 sias,
231 302 264 329 et
281 296 486 330 ardentibus
507 297 597 330 votis
613 309 692 330 eum
709 309 870 337 oramus,
897 304 936 331 ut
954 298 1027 330 filio
1042 309 1104 331 suo

64 377 67 385 ,
115 344 271 380 1)οωίῃο
288 353 408 380 nostro
426 345 504 381 lesu
523 345 665 380 Christo
685 344 935 381 haereditatem
952 348 1106 381 celebra-

115 403 230 430 turam
259 396 374 440 ipsum
407 397 445 429 in
476 397 574 430 omni
605 397 827 438 aeternitate,
870 405 1037 442 perpetuo
1066 399 1104 430 in

114 443 170 479 his
195 447 399 489 regionibus
423 447 573 491 colligat.
635 446 682 481 Et
706 445 788 481 huic
812 448 890 492 piae
911 449 1105 492 precationi

114 497 346 540 adiungamus
363 498 559 533 orationem
576 497 811 532 Dominicam.

214 555 305 590 Cum
336 562 452 590 autem
483 557 521 590 in
552 555 607 590 his
633 556 877 600 congressibus
902 556 1014 600 prosit
1037 556 1102 589 ali-

113 618 218 651 quam
260 608 634 641 commonefactionem
675 607 798 640 utilem
842 607 1011 651 proponi,
1070 614 1103 640 et

113 668 209 690 nunc
235 655 410 691 Ecclesiae
443 665 582 692 nostrae
612 664 643 690 et
667 669 732 690 nos
757 668 879 690 omnes
905 657 943 689 in
968 657 1102 701 magnis

112 707 297 741 doloribus
326 709 456 749 simus,
499 714 642 752 propter
674 714 862 741 venenatas
895 708 1101 746 calumnias,

113 770 202 803 quae
226 766 346 792 contra
368 771 431 792 nos
452 765 682 803 sparguntur,
709 770 846 791 necesse
872 765 922 791 est
946 759 1100 792 remedia

112 808 239 842 idonea
259 807 313 842 his
329 809 456 842 nostris
474 809 659 842 doloribus
674 807 852 842 adhibere.
902 807 1021 843 Audia
1067 814 1070 817 ’
1106 836 1110 847 2

111 859 229 904 itaque
251 851 413 904 Apostoli
438 860 543 893 verba
571 861 614 893 ad
641 858 801 893 Galatas:
836 859 967 893 Probet
989 816 1109 895 ww

111 909 259 954 quisque
275 922 377 943 suum
393 923 498 954 opus,
525 917 557 944 et
579 910 628 943 sic
651 910 744 954 apud
770 921 841 943 sese
863 910 1009 953 gloriam
1036 908 1097 943 ba-

110 960 208 993 bebit
222 987 231 1000 ,
254 972 327 994 non
345 961 388 994 ab
408 961 497 994 aliis.

213 1018 500 1053 Consolationem
520 1019 628 1063 igitur
647 1019 802 1060 institui,
836 1031 880 1053 ne
901 1017 956 1053 his
980 1020 1099 1053 crimi-

110 1069 315 1103 nationibus
340 1070 460 1111 fracti,
487 1070 689 1103 existimetis
713 1081 774 1102 vos
790 1068 966 1103 Ecclesiae
989 1071 1099 1103 socie-

109 1126 213 1153 tatem
233 1121 406 1162 amisisse,
433 1133 496 1153 nec
515 1121 628 1153 excuti
645 1120 744 1152 vobis
769 1120 873 1152 fidem
896 1127 930 1154 et
953 1121 1098 1154 invoca-

109 1171 241 1204 tionem
259 1171 399 1211 sinatis,
429 1170 510 1204 Non
536 1171 688 1211 ferrum,
716 1182 788 1203 non
810 1171 878 1203 tela
902 1171 995 1212 ulla,
1022 1184 1096 1205 ma-

109 1221 183 1254 iora
207 1221 353 1255 vulnera
379 1222 415 1254 in
444 1222 548 1254 corde
574 1221 727 1259 faciunt,
762 1233 867 1266 quam
893 1221 974 1254 illae
1001 1222 1098 1255 dirae

108 1284 226 1312 voces,
253 1272 387 1306 etiamsi
404 1272 510 1305 falsae
533 1278 634 1312 sunt,
662 1271 698 1303 in
718 1272 847 1316 quibus
865 1272 1019 1306 clamant
1034 1284 1098 1306 nos

109 1323 285 1356 adversari
303 1323 460 1363 veritati,
485 1330 517 1356 et
537 1322 663 1366 impios
682 1322 796 1355 cultus
811 1322 1006 1359 restituere.

209 1388 288 1424 Etsi
316 1390 409 1423 enim
446 1389 659 1422 conscientia
693 1396 804 1423 rectae
838 1390 1031 1424 voluntatis
1065 1397 1097 1423 et

106 1441 246 1485 piorum
263 1440 492 1474 consiliorum
509 1440 596 1473 lenit
609 1440 713 1473 nobis
729 1440 956 1482 moesticiam,
979 1448 1094 1474 tamen

107 1498 252 1536 propter
269 1490 446 1525 Ecclesiae
469 1490 734 1524 dilacerationes
758 1491 859 1524 valde
885 1492 1094 1525 cruciamur.

108 1542 326 1585 Quaeramus
344 1542 451 1585 igitur
470 1541 715 1575 convenientia
731 1542 895 1576 remedia.
949 1541 1001 1575 Ac
1020 1542 1094 1585 pri-

107 1605 204 1626 mum
230 1593 361 1637 populo
385 1599 418 1625 et
446 1594 611 1632 caeteris,
648 1593 706 1636 qui
734 1603 752 1624 a
779 1593 1094 1626 deliberationibus

106 1643 258 1688 publicis
274 1644 421 1683 absunt,
449 1640 533 1675 haec
554 1642 746 1675 consolatio
769 1643 851 1675 satis
876 1643 1007 1676 mederi
1031 1655 1095 1687 po-

106 1701 188 1734 test,
216 1706 296 1727 suos
314 1694 462 1739 quisque
479 1693 617 1733 oculos,
645 1704 723 1725 suas
742 1705 842 1726 aures
857 1700 957 1726 testes
979 1694 1094 1727 faciat.

105 1743 195 1778 Cum
219 1742 334 1777 adhuc
358 1756 477 1777 vocem
494 1742 677 1786 Evangelii
699 1743 939 1786 incorruptam
965 1744 1095 1784 audiat,

106 1803 139 1829 et
161 1796 277 1828 videat
298 1795 336 1826 in
361 1806 468 1827 coena
493 1792 640 1826 Domini
667 1793 801 1826 nnllam
826 1794 902 1825 fieri
927 1795 1093 1827 mutatio-

107 1857 186 1878 nem
200 1872 209 1884 ,
235 1857 299 1877 nec
316 1845 407 1878 ullos
426 1844 552 1887 impios
569 1844 684 1876 cultus
708 1844 885 1876 restitutos
909 1855 996 1884 esse,
1023 1851 1092 1877 sta—

108 1902 182 1930 tuat
207 1907 279 1928 sese
295 1893 471 1928 Ecclesiae
497 1894 608 1926 civem
636 1905 725 1933 esse,
761 1901 793 1927 et
818 1906 897 1926 vere
920 1906 956 1927 se
981 1907 998 1926 a
1017 1893 1091 1928 Deo

107 1946 285 1986 exaudiri,
312 1953 344 1979 et
370 1952 459 1978 recte
483 1956 518 1977 se
543 1941 668 1977 harum
686 1942 922 1977 Ecclesiarum
947 1945 1093 1978 societa-

107 2005 176 2032 tem
193 1997 299 2030 tueri:
323 1996 404 2040 quia
422 2002 553 2028 certum
574 2001 634 2034 est,
661 1994 711 2027 ibi
731 2005 803 2026 esse
812 1994 1092 2037 DeiEcclesiam,

108 2048 169 2081 ubi
194 2054 295 2081 sonat
321 2047 524 2089 incorrupta
550 2057 615 2077 vox
633 2043 837 2087 Evangelii,
874 2052 905 2078 et
926 2057 1009 2079 usus
1027 2046 1092 2079 Sa-

108 2104 370 2132 cramentorum
390 2096 566 2139 legitimus
589 2095 779 2133 retinetur,
815 2102 847 2128 et
872 2108 944 2128 non
969 2097 1090 2129 defen-

109 2151 243 2183 duntur
277 2148 503 2192 pertinaciter
539 2147 652 2183 idola,
703 2147 791 2179 sicut
823 2147 990 2190 scriptum
1026 2154 1090 2180 est:

109 2199 319 2243 Ubicunque
335 2199 404 2231 duo
422 2205 481 2231 aut
499 2205 566 2230 tres
585 2197 782 2239 congregati
799 2205 880 2231 sunt
898 2197 932 2229 in
949 2198 1092 2230 nomine

108 2262 204 2290 meo,
230 2250 266 2282 in
287 2249 403 2282 medio
419 2260 539 2281 eorum
559 2259 646 2281 snm.
700 2247 831 2280 Lucere
856 2254 971 2281 antem
991 2249 1090 2292 agni—

108 2301 239 2334 tionem
262 2300 327 2332 filii
343 2299 408 2333 Dei
433 2300 469 2331 in
495 2297 550 2331 his
569 2297 752 2335 Ecclesiis‚
782 2311 861 2330 cnm
882 2299 1092 2332 fundamen-

107 2359 180 2385 tum
199 2358 288 2383 recte
308 2357 484 2389 teneatur,
512 2361 583 2382 non
600 2349 747 2382 dubium
766 2355 827 2382 est.

208 2411 310 2444 Hanc
327 2410 603 2444 consolationem
621 2411 771 2453 populns
788 2417 929 2450 teneat,
965 2418 998 2445 et
1019 2424 1090 2444 non

108 2469 300 2506 aucupetur
322 2462 467 2495 fabellas
491 2467 522 2493 et
547 2461 757 2499 calumnias,
785 2473 872 2504 qnae
891 2468 1009 2495 contra
1030 2459 1092 2495 bas

107 2511 278 2546 Ecclesias
295 2519 524 2557 sparguntur,
551 2518 587 2544 ut
606 2518 688 2544 sunt
707 2512 807 2545 inulti
826 2512 936 2552 leves,
964 2513 1091 2557 quibus

110 2564 282 2608 voluptati
298 2570 365 2603 est,
393 2563 549 2595 comicia
574 2563 683 2603 legere
699 2569 730 2595 et
748 2563 881 2595 andire.

213 2622 358 2666 Semper
368 2621 520 2655 Ecclesia
540 2621 646 2653 variis
665 2621 778 2653 modis
795 2629 1031 2664 oppugnatur,
1060 2631 1091 2655 et

111 2673 273 2706 diabolus
308 2674 516 2706 labefactare
553 2673 655 2704 tidem
692 2679 724 2705 et
761 2672 1018 2706 invocationem
1055 2674 1089 2705 in

162 2722 345 2757 Mamm.
374 2726 477 2756 Oeta.
506 2725 587 2755 VoL.
619 2724 675 2754 xl.

471 90 629 144 nect.
667 110 738 145 DE
770 110 966 146 chO:
1001 111 1238 149 PROBET
1272 115 1685 163 UNUSQUtSQUE
1714 132 1794 158 mc.

1117 2543 1119 2553 1
1146 2520 1311 2553 stisssima
1329 2527 1388 2554 est.

2071 133 2143 167 850

1161 200 1326 235 omnibus
1344 203 1450 236 variis
1468 206 1641 239 scandalis
1658 209 1783 249 studet,
1811 218 1848 244 ut
1864 223 1941 245 cum
1958 214 1994 248 in
2013 219 2142 261 populo

1161 249 1268 285 Israel
1291 253 1392 286 multi
1417 254 1577 290 viderent
1602 257 1754 292 filiorum
1776 260 1924 296 Davidis
1946 267 2143 310 parricidia,

1160 302 1367 336 seditionem
1392 306 1660 350 praecipuorum
1688 310 1854 345 ordinum
1876 320 1909 347 et
1925 313 2143 361 Principum,

1159 357 1192 384 et
1207 352 1354 387 incestas
1370 354 1549 397 libidines,
1566 359 1777 394 dubitabant
1791 370 1883 396 certe
1899 377 1943 398 an
1959 363 2043 400 haec
2060 380 2143 411 gens

1157 399 1312 436 Ecclesia
1335 402 1400 436 Dei
1423 413 1526 443 esset,
1570 421 1636 452 qua
1664 410 1699 442 in
1733 415 1996 454 perturbatione
2025 425 2141 452 tamen

1158 452 1233 495 pios
1252 453 1371 486 videre
1387 467 1524 489 necesse
1540 458 1618 497 suit,
1646 461 1705 492 ubi
1723 474 1787 495 vox
1805 464 1924 499 divina
1940 478 2020 500 vere
2038 481 2142 503 sona-

1157 510 1218 536 ret.
1276 502 1327 537 Ita
1343 516 1438 538 nunc
1463 508 1613 550 populus
1639 511 1682 541 ad
1705 508 1794 545 hanc
1817 526 1930 549 arcem
1953 519 2141 563 confugiat,

1157 553 1242 587 sciat
1258 554 1306 587 ibi
1322 567 1402 588 vere
1419 567 1490 589 esse
1499 555 1564 590 Dei
1574 557 1784 602 Ecclesiam,
1805 565 1864 597 ubi
1882 579 1947 599 vox
1958 567 2141 613 Evangelii

1156 611 1256 637 sonat
1274 606 1495 649 incorrupta,
1522 615 1560 642 ut
1578 610 1707 642 dictum
1730 619 1795 645 est:
1830 614 1868 648 Si
1891 618 1975 662 quid
1999 621 2042 652 ab
2063 622 2142 655 aliis

1156 655 1193 687 in
1225 656 1543 691 deliberationibus
1577 660 1726 703 publicis
1757 669 1871 698 actum
1901 674 1949 700 cst
1962 695 1970 708 ,
2003 671 2045 703 de
2070 685 2139 716 quo

1155 706 1308 747 dubitas,
1338 707 1371 740 id
1390 710 1431 739 ad
1449 715 1482 741 te
1500 708 1589 743 nihil
1608 712 1770 755 pertinet,
1799 727 1876 748 cum
1895 730 1957 751 nec
1974 720 2020 752 sis
2038 729 2140 756 autor

1156 769 1219 789 nec
1236 759 1459 801 approbator,
1487 767 1519 793 et
1539 773 1615 793 cum
1635 774 1688 794 res
1707 775 1777 796 non
1795 767 1876 800 satis
1894 776 1975 802 nota
1993 778 2057 811 est,
2085 785 2140 806 re-

1154 808 1270 849 gulam
1286 810 1458 854 sequaris:
1480 809 1598 845 Nolite
1616 813 1782 855 iudicare,
1805 828 1869 851 nec
1885 818 2140 859 iudicabimini.

1156 857 1260 891 Item:
1287 858 1366 892 Non
1384 861 1428 892 sis
1446 872 1588 895 susurro
1606 864 1642 895 in
1659 865 1802 908 populo.

1254 926 1358 960 Nunc
1375 929 1418 961 (le
1435 929 1536 963 nobis
1554 932 1657 965 etiam
1673 933 1806 975 dicam,
1833 936 1893 980 qui
1912 938 2137 975 deliberatio—

1153 976 1258 1010 nibus
1279 978 1515 1013 interfuimus.

1255 1044 1414 1079 Primum
1452 1048 1494 1079 de
1529 1048 1688 1081 doctrina
1720 1057 1752 1084 et
1785 1052 1888 1085 rebus
1924 1058 2137 1096 necessariis,

1152 1106 1225 1127 non
1249 1096 1363 1128 solum
1385 1098 1597 1131 conscientia
1621 1106 1733 1133 rectae
1758 1102 1967 1146 voluntatis,
2004 1113 2036 1139 et
2060 1108 2138 1151 pio-

1151 1157 1229 1178 rum
1263 1147 1511 1189 consiliornm‚
1552 1161 1615 1181 nos
1645 1152 1865 1195 consolatur,
1902 1157 1961 1188 sed
1994 1165 2137 1192 eventus

1152 1196 1267 1229 etiam.
1320 1196 1408 1230 Nam
1435 1211 1490 1231 res
1511 1200 1680 1241 ostendit,
1708 1214 1771 1235 nec
1798 1205 1995 1239 doctrinam
2022 1216 2137 1243 muta-

1151 1253 1221 1279 tam
1238 1259 1327 1288 esse,
1354 1261 1417 1282 nec
1434 1261 1535 1282 usum
1553 1249 1871 1290 sacramentorum.

1253 1313 1320 1347 Hic
1336 1327 1414 1347 cum
1433 1316 1594 1359 publicae
1612 1319 1798 1353 conciones
1824 1329 1855 1355 et
1878 1323 1983 1365 ritus,
2015 1327 2074 1370 qui
2097 1328 2134 1360 in

1150 1364 1271 1397 oculos
1295 1365 1500 1407 incurrunt,
1539 1367 1778 1402 testimonium
1805 1373 1847 1404 de
1873 1374 1976 1407 nobis
2004 1377 2134 1418 dicant,

1150 1415 1371 1448 manifestum
1389 1424 1458 1457 est,
1486 1418 1570 1450 salso
1588 1426 1621 1451 et
1637 1431 1700 1452 nos
1719 1427 1750 1453 et
1768 1419 1830 1455 bas
1846 1421 2017 1459 Ecclesias
2033 1439 2135 1461 accu-

1150 1465 1236 1506 sari,
1263 1478 1302 1498 ac
1325 1467 1354 1499 si
1378 1468 1456 1512 quis
1480 1468 1672 1502 delectatur
1694 1471 1765 1504 illis
1784 1476 1997 1516 mendaciis,
2036 1490 2132 1511 suam

1150 1516 1325 1549 levitatem
1352 1524 1384 1550 et
1408 1519 1691 1553 malevolentiam
1722 1523 1884 1558 declarat.
1951 1525 2133 1570 Diabolus,

1149 1573 1188 1599 ut
1201 1579 1330 1599 nomen
1345 1568 1494 1607 indicat,
1524 1570 1673 1613 impellit
1692 1573 1884 1608 multorum
1909 1578 2062 1617 animos,
2095 1588 2134 1614 ut

1149 1623 1181 1649 et
1197 1624 1329 1658 serant,
1358 1625 1390 1651 et
1408 1620 1508 1652 avide
1526 1622 1673 1654 audiant
1690 1624 1896 1659 calumnias,
1951 1627 2032 1661 Ideo
2060 1642 2132 1663 non

1149 1668 1353 1701 inusitatum
1372 1676 1437 1709 est,
1462 1670 1565 1703 etiam
1592 1673 1774 1707 manifesta
1797 1678 1977 1710 mendacia
2005 1677 2131 1714 babere

1148 1718 1389 1775 applausoreS‚
1431 1733 1519 1765 quae
1547 1729 1663 1765 postea
1697 1736 1841 1767 magnos
1869 1730 2041 1763 tumultus
2075 1744 2132 1764 ex—

1148 1775 1267 1801 citant.

1250 1827 1460 1873 Quanquam
1479 1829 1586 1872 igitur
1602 1832 1752 1867 iniuriae
1772 1836 1930 1869 dolorem
1956 1839 2058 1872 nobis
2079 1842 2130 1873 as·-

1146 1877 1281 1918 serunt,
1310 1886 1424 1911 tamen
1437 1878 1509 1913 Deo
1528 1881 1635 1915 iudici
1651 1891 1818 1930 utrosque
1833 1891 2130 1932 commendemus,

1147 1934 1179 1960 et
1196 1928 1345 1962 sciamus
1366 1941 1428 1962 nos
1448 1939 1589 1975 propter
1610 1931 1735 1967 horum
1757 1937 1905 1975 iudicia,
1932 1952 1993 1973 nec
2019 1943 2129 1974 socie-

1146 1985 1250 2010 tatem
1267 1977 1440 2012 Ecclesiae
1456 1983 1627 2024 amisisse,
1656 1997 1717 2018 nec
1741 1997 1758 2018 a
1775 1985 1850 2020 Deo
1869 1989 2020 2023 abiectos
2045 2004 2126 2026 esse.

1147 2028 1233 2061 Nam
1259 2028 1373 2063 adhuc
1396 2044 1461 2064 vox
1487 2033 1667 2068 doctrinae
1691 2038 1810 2070 eadem
1837 2045 1905 2079 est,
1945 2048 1977 2074 et
2003 2054 2128 2086 magno

1147 2079 1265 2112 laborc-
1283 2083 1418 2124 magnis
1435 2083 1598 2125 periculis
1618 2098 1634 2117 a
1654 2087 1754 2120 nobis
1773 2098 2025 2133 propugnatur.

1247 2146 1294 2181 At
1309 2149 1580 2185 inconstantiam
1600 2154 1702 2187 nobis
1719 2156 1880 2191 tribuunt
1895 2159 2014 2204 aliqui,
2034 2165 2127 2205 qnod

1146 2200 1188 2230 ‹le
1206 2199 1333 2231 vestitu
1351 2207 1382 2232 et
1400 2201 1443 2233 (le
1467 2202 1544 2235 aliis
1568 2204 1777 2247 quibusdam
1805 2208 1979 2242 similibus
2003 2212 2127 2245 ritibus

1148 2262 1217 2281 uon
1234 2250 1448 2283 tumultuose
1466 2264 1679 2295 pugnamus,
1708 2268 1779 2289 non
1800 2259 2006 2294 minitamur
2023 2261 2126 2294 Prin—

1146 2299 1281 2343 cipibus
1306 2301 1512 2343 seditiones,
1540 2316 1609 2336 non
1637 2305 1796 2340 iubemus
1818 2310 1929 2342 deseri
1946 2309 2130 2353 Ecclesias,

1146 2351 1265 2383 dicunt
1286 2348 1339 2383 bis
1356 2351 1466 2385 initiis
1483 2354 1657 2388 servitutis
1669 2384 1676 2395 ‚
1699 2359 1785 2390 strui
1802 2359 1946 2394 insidias
1963 2364 2104 2406 populo.

1251 2417 1289 2450 ln
1307 2415 1370 2451 hac
1388 2419 1634 2455 criminatione
1652 2424 1793 2466 plausus
1811 2434 1843 2460 et
1858 2429 1973 2462 studia
1999 2428 2125 2463 liabent

1147 2469 1394 2503 multitudinis.
1437 2470 1505 2504 Sed
1524 2480 1640 2506 nostra
1656 2475 1812 2509 defensio
1832 2478 1867 2510 in
1886 2477 1949 2512 liae
1967 2493 2002 2513 re
2019 2479 2127 2513 lione—

1441 2520 1516 2555 Etsi
1536 2531 1627 2557 tanta
1648 2532 1697 2558 est
1715 2528 1845 2561 malitia
1865 2530 1958 2571 vulgi
1972 2555 1979 2566 ‚
2009 2538 2042 2563 ut
2071 2533 2124 2563 ni-

1147 2569 1194 2602 bil
1221 2571 1348 2602 mirum
1370 2571 1413 2604 sit
1435 2574 1685 2614 gubernatores
1709 2578 1752 2609 de
1779 2590 1815 2611 ea
1840 2580 2006 2612 frenanda
2031 2583 2125 2622 cogi-

1145 2629 1234 2658 tare,
1269 2628 1302 2654 et
1327 2629 1439 2655 vetera
1461 2625 1666 2667 disciplinae
1692 2628 1829 2661 vincula
1855 2631 2047 2673 requirere,
2075 2639 2124 2663 ta-

1144 2685 1221 2705 men
1242 2684 1303 2704 nos
1323 2672 1357 2704 in
1374 2671 1436 2706 hac
1453 2675 2019 2722 deliberationeoptaremusnnnc
2032 2695 2125 2715 inoe-

1430 2723 1477 2758 54
