2338 2958
138 114 210 153 325

139 201 214 235 odit
236 197 486 241 Evangelium3
523 198 651 232 deinde
681 199 936 239 ministerium,
969 196 1036 232 boc
1063 206 1124 239 est,

140 260 268 284 munus
292 248 442 281 docendi
468 248 598 283 iudicat
626 261 697 283 esse
721 250 828 284 facem
850 250 1063 283 seditionum
1091 255 1125 282 et

139 299 378 343 dissipationis
413 299 520 333 totius
554 301 690 343 generis
722 298 888 341 humani,
923 307 956 334 et
980 300 1122 346 quidem

134 349 267 384 Paulus
293 349 365 393 ipse
388 350 610 384 acerbitatem
632 351 704 384 odii
722 351 759 384 in
777 348 980 385 hominibus
999 352 1124 384 adver-

136 412 194 435 sus
209 401 369 434 doctores
385 398 567 444 Evangelii
585 402 781 435 illustribus
798 402 912 435 verbis
930 402 1122 446 descripsit,

135 463 213 485 cum
230 451 289 491 ait,
311 449 499 495 Apostolos
519 449 642 485 haberi
663 464 726 496 pro
744 448 965 485 catharmatis
981 459 1013 486 et
1028 452 1120 496 peri-
1146 426 1150 491 i

134 501 318 546 psematis,
350 499 416 535 hoc
440 509 508 542 est,
539 514 602 546 pro
628 503 774 546 piaculis
793 503 1013 543 execrandis,
1039 503 1117 548 qui·
1145 493 1149 525 ¹⁴

133 552 200 586 bus
223 551 320 585 Deus
344 552 829 596 implacabiliterirascatur,
855 565 873 586 a
897 554 1025 597 quibus
1050 560 1118 587 tota

134 615 250 636 rerum
286 609 411 636 natura
445 601 650 642 abhorreat,
695 615 845 648 quornm
873 604 998 636 umbra
1024 604 1120 637 velut

133 653 294 697 contagio
313 660 438 687 noceat
450 654 634 687 universae
647 654 803 687 societati
820 651 1017 690 hominum.

236 731 297 761 lam
315 734 360 762 sol
375 733 556 772 stupefactus
571 734 687 762 sceleris
704 732 908 772 magnitudine

234 782 372 820 Resistit,
401 791 429 812 et
451 794 551 812 currus
570 785 682 822 pallens
706 784 821 813 inhibet
836 794 914 821 suos,

233 832 412 874 Lumenque
430 837 512 863 terris
524 857 531 870 ,
560 841 634 863 terra
649 836 748 874 fruges
764 835 899 874 denegat,

232 883 271 913 Et
288 887 318 913 in
333 892 417 914 vetus
432 891 536 914 natura
554 884 652 915 Chaos
670 886 873 915 confunditur.

129 955 251 1001 Neque
269 956 362 989 enim
384 956 456 990 fieri
477 964 608 1001 potest,
635 958 722 1003 quin
741 955 922 991 horribilis
947 959 1115 991 acerbitas

128 1007 202 1040 odii
218 1007 255 1039 iu
281 1007 355 1040 istis
372 1008 511 1048 existat,
537 1009 598 1053 qui
622 1009 778 1042 iudicant
795 1007 1028 1052 Evangelium
1045 1021 1116 1042 esse

127 1064 188 1091 aut
204 1055 469 1100 blasphemiam,
494 1065 554 1092 aut
569 1060 842 1093 commentitiam
859 1060 1027 1100 fabulam,
1044 1060 1116 1093 dis-

128 1108 300 1152 sipantem
321 1109 485 1153 imperia,
512 1109 621 1152 leges,
648 1110 854 1144 constitutas
874 1109 1114 1154 Respublicas,

128 1159 389 1199 ordinationes,
442 1160 734 1204 tranquillitatem
777 1161 914 1203 generis
955 1158 1112 1195 immani.

126 1208 216 1243 Cum
235 1207 288 1242 his
312 1210 458 1243 summis
481 1211 687 1244 criminibus
714 1211 864 1244 maxima
890 1223 969 1255 pars
990 1212 1112 1245 mundi

126 1267 247 1293 oneret
262 1258 516 1303 Evangelium,
543 1268 658 1294 tamen
685 1261 814 1295 Paulus
838 1262 969 1305 ingenti
995 1263 1112 1295 animo

127 1312 293 1344 adversus
323 1309 406 1344 haec
437 1312 521 1344 falsa
547 1312 676 1345 iudicia
702 1312 872 1345 clamitat:
907 1312 986 1346 Non
1007 1314 1113 1356 pudet

126 1372 182 1394 me
197 1359 400 1403 Evangelii,
422 1373 554 1406 suaque
571 1375 652 1395 voce
676 1374 739 1395 nos
756 1363 957 1401 confirmat,
984 1369 1023 1396 ut
1045 1370 1112 1396 sta-

126 1419 265 1446 tuamus
280 1419 373 1445 certo
392 1409 624 1455 Evangelinm
640 1424 760 1446 verum
778 1421 810 1446 et
827 1413 945 1445 efficax
964 1425 1052 1451 esse,
1081 1420 1111 1446 et

126 1468 302 1495 aeternam
319 1461 384 1495 Dei
404 1463 619 1496 voluntatem
638 1475 730 1504 esse,
758 1475 795 1496 ac
813 1475 943 1496 munus
962 1464 1110 1496 docendi

125 1510 310 1555 Evangelii
340 1513 596 1547 sanctissimum
626 1513 690 1547 Dei
721 1514 853 1547 cultum
884 1525 973 1552 esse,
1008 1526 1110 1558 quem

125 1563 310 1606 praecipue
327 1564 474 1608 requirit
487 1565 530 1596 ab
548 1561 764 1599 hominihus.
801 1563 931 1597 Verum
950 1571 1043 1597 tanta
1063 1572 1111 1597 est

125 1613 308 1646 infirmitas
326 1614 429 1647 etiam
449 1616 485 1647 in
502 1612 567 1653 his,
594 1615 652 1659 qui
672 1627 744 1647 non
760 1621 841 1648 sunt
857 1621 973 1658 aperte
991 1613 1112 1655 ἄθεοι,

123 1671 183 1697 aut
215 1664 414 1697 defensores
455 1665 644 1708 impiorum
683 1666 858 1703 cultuum,
901 1672 940 1698 ut
975 1671 1109 1698 tantum

123 1716 247 1747 mundi
274 1715 412 1748 iudiciis
435 1723 659 1753 moveantur,
688 1729 757 1761 quo
782 1716 899 1748 minus
920 1714 1111 1748 honorifice

124 1766 166 1798 de
192 1766 387 1799 ministerio
413 1767 530 1806 verbi,
567 1767 601 1799 id
628 1773 697 1806 est,
729 1768 769 1799 de
794 1766 936 1810 publico
960 1767 1108 1799 docendi

123 1828 268 1849 inuuere
287 1817 450 1850 sentiant.
508 1816 585 1850 Huc
603 1818 754 1857 accedit,
782 1818 874 1861 quod
895 1829 973 1849 cum
989 1818 1108 1849 docto-

124 1878 178 1899 res
202 1865 384 1909 Evangelii
408 1868 479 1901 sint
504 1868 629 1910 spreti,
656 1867 780 1906 invisi,
808 1875 839 1900 et
864 1874 1047 1900 versentur
1074 1867 1107 1899 in

123 1917 271 1950 assiduis
294 1918 475 1961 periculis,
504 1918 605 1950 multi
625 1918 728 1950 etiam
753 1918 843 1950 same
863 1925 1022 1961 pereant,
1050 1919 1107 1950 de-

123 1974 300 2001 terrentur
325 1966 484 2001 homines
508 1976 602 2001 metu
632 1967 867 2011 periculorum
899 1975 932 2001 et
958 1969 1069 2001 crucis
1092 1981 1108 2000 a

123 2019 317 2052 ministerio
336 2017 536 2062 Evangelii,
563 2026 595 2052 et
619 2019 786 2063 qnoniam
808 2016 960 2052 honores
987 2025 1111 2052 etam-

123 2069 178 2112 pla
200 2070 352 2112 praemia
370 2071 548 2114 proposita
570 2077 651 2102 sunt
670 2069 754 2101 alias
774 2076 998 2114 quaestuosas
1021 2076 1110 2103 artes

123 2120 380 2161 exercentibus,
407 2121 486 2154 ideo
513 2120 710 2165 paucissimi
740 2131 774 2152 se
799 2120 840 2152 ad
866 2117 931 2153 hoc
955 2120 1108 2153 studium

123 2181 298 2203 sacrarum
328 2172 528 2210 literarum,
565 2179 623 2204 ant
654 2170 888 2203 ministerium
913 2171 1108 2204 conferunt.

124 2219 231 2253 Multi
259 2221 362 2254 etiam
391 2229 514 2265 putant
539 2219 604 2255 boc
628 2233 736 2265 genus
756 2221 935 2254 doctrinae
953 2222 1027 2255 sine
1046 2222 1109 2254 do-

124 2270 279 2303 ctoribus
309 2273 438 2316 percipi
469 2284 576 2316 posse.
632 2271 723 2306 Iacet
755 2271 861 2314 igitur
892 2279 1110 2315 contemptus

124 2321 187 2354 iste
214 2322 301 2354 ordo
327 2322 582 2357 ministrorum.
643 2322 856 2367 Quanquam
882 2330 996 2355 antem
1027 2320 1110 2356 llaec
1136 2350 1138 2358 ι

124 2372 229 2414 vulgo
255 2373 300 2405 ita
327 2373 429 2414 fiant,
462 2380 578 2406 tamen
606 2373 653 2417 pii
676 2374 911 2406 adolescentes
937 2373 1111 2406 inculcare

124 2422 192 2455 sibi
225 2419 315 2456 hanc
348 2436 468 2456 vocem
496 2423 596 2456 Pauli
627 2425 772 2457 debent:
816 2423 896 2456 Non
922 2424 1029 2467 pudet
1056 2436 1111 2457 me

123 2470 330 2517 Evangelii,
357 2483 389 2509 et
406 2474 602 2517 intelligere
619 2482 746 2519 quanta
764 2474 914 2517 dignitas
939 2474 983 2507 sit
1007 2471 1111 2507 huius

124 2523 328 2565 ministerii,
354 2537 457 2571 seque
474 2525 515 2557 ad
534 2525 566 2557 id
588 2537 810 2569 praeparare,
837 2531 874 2557 ut
895 2525 1027 2568 possint
1045 2523 1111 2558 Ec-

127 2573 249 2607 clesiae
277 2588 354 2608 cnm
379 2588 466 2620 opus
486 2576 528 2608 sit
554 2576 693 2610 servire.
746 2574 814 2608 llic
832 2576 926 2608 enim
952 2582 1002 2608 est
1018 2587 1112 2608 sum-
1138 2599 1139 2620 ἦ

126 2636 204 2657 mus
221 2623 284 2657 Dei
306 2627 437 2665 cultus,
465 2627 552 2659 sicut
573 2623 734 2659 (hristus
752 2626 863 2664 docet,
887 2637 964 2659 cum
981 2626 1045 2660 ait:
1072 2626 1110 2659 ln
1137 2621 1139 2628 ¹

127 2671 193 2707 hoc
222 2675 434 2719 glorificatur
457 2684 554 2721 pater
577 2688 690 2716 incus,
724 2683 762 2710 ut
786 2677 937 2710 fructum
963 2677 1110 2711 multum
1136 2659 1139 2708 l

595 111 756 150 DECL.
789 111 861 148 DE
894 110 1230 149 DIGNITATE
1265 112 1465 149 STUDII
1498 114 1708 151 THEOL.

2099 121 2172 157 326

1179 198 1320 239 feratis,
1347 206 1379 232 et
1397 200 1486 233 fiatis
1506 201 1573 234 mei
1592 201 1768 246 discipuli.
1821 200 1889 236 Hic
1915 203 2005 237 clare
2024 211 2168 241 testatur

1178 248 1225 282 ita
1249 249 1437 292 glorificari
1462 259 1615 301 patrem,
1643 253 1671 285 si
1696 253 1783 285 alios
1805 254 1945 286 docean
1942 266 1991 287 us
2010 257 2166 296 xerbum,

1177 311 1265 344 quos
1283 300 1418 345 abipso
1436 299 1602 347 tanquam
1618 303 1781 359 discipuli
1795 305 2003 349 accepimus,
2031 313 2062 339 et
2078 305 2166 341 Pro-

1177 347 1280 394 pheta
1307 351 1373 394 ait‚
1411 363 1514 396 quam
1541 353 1686 395 speciosi
1713 355 1814 397 pedes
1836 352 2164 399 Evangelizantium

1176 412 1306 444 pacem.
1359 401 1539 445 Significat
1565 403 1659 436 enim
1684 411 1715 437 et
1741 404 1816 438 Deo
1845 412 1878 439 et
1900 404 2076 440 Ecclesiae
2099 405 2162 442 hos

1175 451 1324 484 nuncios
1343 452 1493 495 placere,
1519 452 1653 485 etiamsi
1678 456 1830 488 mundus
1849 468 1906 489 eos
1923 458 2008 496 odit,
2036 465 2069 492 et
2086 459 2160 492 vel-

1175 502 1223 534 uti
1242 509 1402 546 portenta
1417 509 1608 538 execratur.
1645 503 1720 537 Hoc
1737 505 1850 548 ipsum
1863 508 2011 540 docendi
2031 521 2159 542 munus

1175 559 1272 585 vocat
1296 552 1424 586 Paulus
1449 554 1675 594 sacrificium,
1705 555 1796 588 sicut
1821 563 1852 588 et
1877 558 1960 590 alibi
1986 559 2158 602 scriptura

1172 614 1272 646 saepe
1295 603 1341 636 ita
1365 604 1523 647 appellat.
1586 604 1705 647 Quare
1727 606 1875 639 sciamus
1905 605 1997 641 hunc
2024 610 2158 643 cultum

1173 654 1356 697 praecipue
1377 655 1511 699 requiri
1530 666 1548 687 a
1566 656 1687 698 nobis,
1715 662 1747 688 et
1763 656 1911 689 sciamus
1935 658 2008 691 Deo
2033 660 2158 702 gratis-

1171 704 1298 737 simum
1317 717 1446 738 munus
1465 717 1546 738 esse.
1583 705 1658 739 Hac
1675 707 1915 740 consolatione
1934 709 2017 742 boni
2045 717 2078 743 et
2097 711 2158 754 pii,

1171 754 1231 799 qui
1256 763 1420 799 praesunt
1445 754 1628 797 Ecclesiis‚
1661 764 1856 791 sustentent
1887 770 1959 791 sese
1990 760 2155 795 adversus

1171 805 1291 850 iniqua
1308 806 1447 847 iudicia,
1471 813 1503 840 et
1520 807 1629 840 sciant
1646 820 1680 840 se
1694 807 1769 841 Deo
1786 809 2011 852 praecipuum
2028 817 2061 844 et
2077 822 2157 844 san-

1171 856 1363 890 ctissimum
1385 858 1518 890 cultum
1542 858 1657 891 officio
1683 859 1832 891 docendi
1858 864 2042 902 praestare.
2098 860 2156 894 ln-

1171 907 1281 941 vitent
1303 907 1406 940 etiam
1430 905 1515 940 haec
1531 909 1715 951 praeconia
1736 910 1875 953 plures,
1902 917 1940 943 ut
1960 922 1993 943 se
2012 912 2052 944 ad
2072 909 2156 944 haec

1171 958 1352 999 praeconia
1372 966 1590 1002 praeparent,
1613 972 1650 992 ac
1667 959 1775 992 sciant
1792 972 1827 992 se
1841 972 1980 1005 quoque
1992 961 2156 995 discenda

1170 1005 1233 1040 hac
1247 1008 1420 1048 doctrina,
1448 1009 1654 1043 sacrificium
1675 1009 1748 1042 Deo
1766 1010 1999 1052 gratissimum
2019 1012 2156 1047 offerre.

1169 1057 1236 1092 Sed
1256 1059 1348 1092 dicat
1370 1059 1517 1104 aliquis,
1544 1060 1629 1105 quid
1655 1058 1739 1093 haec
1757 1059 1883 1094 Oratio
1899 1062 1940 1093 de
1959 1061 2154 1095 ministerio

1169 1110 1209 1141 ad
1238 1107 1392 1150 scholas,
1425 1117 1457 1143 et
1483 1111 1525 1143 ad
1552 1110 1617 1144 hos
1642 1113 1769 1154 gradus
1796 1111 1832 1143 in
1857 1109 1986 1145 scholis
2010 1112 2157 1146 attinet?

1168 1158 1242 1203 Ego
1261 1172 1343 1193 vero
1360 1161 1439 1193 idco
1458 1162 1500 1193 de
1522 1161 1716 1195 ministerio
1735 1162 1818 1202 dixi,
1845 1169 1894 1202 ut,
1922 1175 1991 1207 quo
2009 1164 2156 1197 consilio

1168 1212 1352 1244 tradantur
1369 1223 1483 1244 sacrae
1504 1212 1644 1252 literae,
1673 1214 1713 1245 ad
1734 1225 1834 1257 quem
1853 1212 1956 1245 finem
1976 1210 2012 1245 bi
2029 1215 2156 1257 gradus

1167 1262 1347 1295 constituti
1367 1263 1455 1302 sint,
1483 1263 1723 1296 consideretis.
1776 1262 1865 1295 Nam
1886 1260 1969 1296 haec
1986 1264 2099 1297 studia
2118 1265 2154 1297 in

1166 1309 1295 1344 scholis
1318 1313 1359 1345 ad
1383 1313 1685 1346 conservationem
1714 1313 1901 1346 ministerii
1933 1315 2154 1348 ecclesiastici

1167 1363 1307 1406 proprie
1326 1363 1512 1406 pertinent.
1567 1362 1643 1396 Hoc
1664 1364 1811 1396 consilio
1838 1370 1869 1396 et
1889 1364 1973 1396 olim
1999 1363 2153 1398 Alexan-

1167 1413 1281 1452 driae,
1316 1420 1348 1446 et
1375 1414 1411 1445 in
1439 1413 1602 1457 plurimis
1625 1414 1780 1457 collegiis
1804 1411 1944 1447 scholae
1972 1415 2153 1449 institutae

1166 1463 1325 1503 fuerunt,
1352 1470 1390 1496 ut
1412 1464 1495 1495 inde
1514 1471 1737 1498 sumerentur
1753 1465 1914 1498 doctores
1942 1472 1974 1498 et
1998 1473 2152 1510 pastores

1165 1510 1416 1546 Ecclesiarum.
1469 1511 1631 1547 Christus
1649 1515 1741 1547 enim
1761 1516 1820 1548 dat
1838 1513 2013 1549 Ecclesiae
2037 1524 2153 1560 pasto-

1166 1574 1236 1603 res,
1264 1561 1452 1607 prophetas
1478 1571 1511 1597 et
1529 1565 1705 1605 doctores,
1729 1565 1874 1609 vultque
1897 1566 1940 1598 ab
1957 1563 2011 1599 his
2029 1565 2152 1600 Eccle-

1164 1613 1250 1645 siam
1276 1614 1411 1647 institui
1435 1626 1473 1647 ac
1500 1615 1638 1655 doceri,
1672 1616 1816 1660 vultque
1842 1617 2040 1660 praeparari
2073 1617 2152 1651 illos

1165 1663 1225 1708 qui
1253 1665 1475 1707 praeficiendi
1504 1673 1586 1699 sunt
1608 1664 1792 1706 Ecclesiis,
1828 1678 1890 1698 nec
1914 1667 1987 1699 vult
2011 1668 2151 1710 praefici

1165 1715 1212 1747 eis
1228 1727 1371 1759 prorsus
1389 1715 1568 1756 indoctos,
1596 1723 1654 1750 aut
1678 1714 1840 1749 homines
1866 1717 2064 1760 imperitOS,
2091 1718 2152 1762 qui

1164 1765 1230 1797 sibi
1250 1766 1414 1798 videntur
1432 1764 1712 1807 αὐτοδίδακτοι,
1742 1774 1773 1800 et
1799 1767 1873 1799 sine
1895 1767 1968 1800 ullo
1992 1780 2057 1801 usu
2081 1769 2152 1812 spi-

1164 1816 1283 1848 rituali
1301 1829 1340 1849 ex
1358 1827 1430 1849 sese
1450 1817 1586 1859 fingunt
1610 1818 1806 1860 opiniones
1862 1816 2021 1851 Fuerunt
2045 1818 2152 1861 igitur

1164 1866 1266 1899 initio
1292 1867 1326 1899 in
1353 1865 1518 1900 Ecclesiis
1542 1865 1707 1908 Scliolae,
1738 1880 1825 1913 quae
1847 1868 1980 1900 utinam
2009 1881 2150 1902 conser-

1164 1924 1299 1950 vassent
1329 1918 1525 1951 doctrinam
1553 1931 1675 1962 puram
1703 1920 1746 1951 ab
1768 1918 1947 1963 Apostolis
1977 1919 2152 1953 traditam.

1164 1966 1231 2000 Sed
1267 1966 1349 2000 haec
1383 1975 1566 2013 postquam
1598 1969 1730 2012 ingenti
1763 1976 1794 2003 et
1818 1969 2018 2002 admirabili
2042 1970 2151 2003 bene-

1164 2018 1241 2051 ficio
1258 2017 1321 2051 Dei
1341 2025 1506 2052 renovata
1521 2026 1588 2059 est,
1615 2027 1647 2053 et
1663 2019 1754 2052 Deus
1773 2017 1827 2052 his
1855 2020 2037 2063 postremis
2063 2028 2151 2054 tern-

1165 2069 1308 2111 poribus
1332 2070 1458 2102 iterum
1479 2070 1574 2103 dedit
1589 2068 1820 2114 Prophetam,
1850 2077 1887 2103 nt
1903 2070 1962 2102 alii
1986 2071 2148 2104 crudian-

1165 2127 1236 2158 tur,
1274 2121 1426 2163 profecto
1454 2132 1573 2153 rursus
1599 2132 1720 2153 curare
1741 2121 1867 2153 debent
1893 2119 2086 2162 Ecclesiae,
2113 2128 2151 2154 ut

1166 2170 1250 2203 illud
1279 2171 1486 2204 beneficium
1514 2171 1595 2211 Dei,
1624 2171 1785 2204 videlicet
1810 2171 2003 2204 doctrinam
2031 2170 2150 2204 Evan—

1164 2221 1243 2262 gelii
1261 2233 1380 2264 puram
1395 2248 1404 2261 ,
1433 2233 1568 2254 summo
1587 2222 1703 2255 studio
1722 2228 1946 2261 conservent,
1975 2228 2008 2255 et
2025 2223 2067 2255 ad
2089 2234 2151 2265 po-

1164 2279 1272 2304 steros
1289 2272 1540 2304 transmittant.
1592 2271 1789 2305 Plurimum
1816 2273 1932 2316 itaque
1956 2273 2062 2306 refert
2087 2273 2152 2306 ite-

1165 2334 1263 2362 rum,
1296 2334 1383 2367 qnos
1409 2319 1599 2355 habeamus
1622 2330 1877 2366 praeceptores,
1913 2335 2062 2368 quorum
2090 2335 2152 2356 au-

1165 2373 1302 2405 diamus
1327 2372 1455 2405 iudicia
1481 2374 1523 2405 de
1550 2373 1654 2406 rebus
1676 2374 1836 2406 maximis
1861 2379 1892 2406 et
1916 2373 1958 2405 de
1979 2373 2154 2416 dogmati-

1165 2424 1238 2456 bus.
1293 2423 1390 2457 Sicut
1425 2423 1533 2456 sancti
1567 2422 1686 2457 Patres
1714 2436 1814 2467 saepe
1849 2423 1997 2466 allegant
2027 2424 2153 2468 partim

1165 2472 1373 2518 Apostolos,
1409 2474 1535 2517 partim
1563 2476 1739 2517 proximos
1765 2474 2016 2519 Apostolorum
2042 2473 2155 2507 aetati.

1167 2524 1330 2557 irenaeus
1349 2524 1441 2556 enim
1467 2525 1548 2557 citat
1567 2524 1800 2570 Polycarpum
1813 2552 1821 2565 ‚
1847 2525 1906 2569 qui
1926 2525 2036 2557 suerat
2054 2523 2155 2557 audi-

1166 2583 1220 2609 tor
1238 2574 1398 2619 Apostoli
1420 2574 1572 2615 loannis,
1600 2583 1632 2609 et
1651 2574 1796 2609 Florino
1818 2575 2027 2608 Valentinus
2045 2585 2157 2617 oppo-

1165 2626 1219 2658 nit
1242 2627 1467 2659 autoritatem
1487 2624 1683 2671 Polycarpi.
1736 2625 1887 2659 Basilius
1910 2624 2043 2657 audivit
2063 2623 2157 2656 Neo-

1166 2676 1435 2718 caesariensem,
1463 2676 1562 2710 cuius
1579 2677 1764 2720 praecipua
1783 2676 1850 2710 suit
1868 2677 2051 2714 autoritas,
2078 2685 2159 2707 cum

1553 2728 1628 2761 21*
