2338 2958
106 120 182 157 33⁷

106 215 400 245 commemorare,
428 204 465 237 in
491 204 621 250 quibus
645 210 806 249 apparet,
833 203 1005 238 divinitus
1034 200 1097 236 has

106 256 275 300 imagines
296 256 494 300 propositas
512 266 604 296 esse,
630 263 670 290 ut
685 257 728 289 de
748 255 869 289 multis
887 253 1022 299 magnis
1041 265 1097 287 re-

105 308 174 342 bus
196 306 232 339 in
251 306 322 340 vita
345 317 410 339 nos
432 307 658 342 admoneant.
710 306 762 340 Ac
780 306 964 351 praecipue
983 317 1024 338 eo
1041 317 1096 337 me

105 357 254 392 delectat
288 357 433 391 istarum
472 369 589 391 rerum
621 357 803 401 cogitatio,
851 358 947 402 quod
973 355 1096 390 videor

104 404 195 442 mihi
209 407 329 441 videre
349 408 547 442 testimonia
564 408 735 442 divinitus
753 407 920 451 impressa
939 413 1095 444 naturae,

104 470 195 504 quae
208 459 399 492 ostendunt
420 460 593 493 mundum
609 471 682 493 non
705 459 857 492 extitisse
880 470 980 498 casu,
1006 469 1095 502 quae

103 509 247 555 quidem
265 510 313 544 ita
338 517 420 544 sunt
436 510 607 551 illustria,
633 516 672 543 ut
695 516 827 543 veteres
851 509 953 542 etiam
970 506 1094 541 Philo-

103 557 235 604 sophos
266 561 453 595 moverint.
529 560 610 595 Ideo
641 560 735 593 enim
769 560 943 604 praeclare
976 558 1094 603 inquit

107 609 322 653 Aristoteles,
340 612 377 646 in
396 613 509 656 primo
526 613 568 645 de
585 611 742 656 partibus
758 611 984 644 animalium:
1003 608 1092 644 Cum

104 661 143 695 in
170 663 336 696 omnibus
364 663 522 707 partibus
557 669 702 695 naturae
731 662 813 695 insit
846 661 1092 694 admirandum

103 713 294 758 quiddam,
326 714 409 748 satis
433 724 620 758 apparere,
652 720 814 746 naturam
843 724 914 745 non
944 712 1093 745 extitisse

102 775 194 797 casu.
230 763 338 799 Stoici
359 764 461 799 etiam
483 762 547 797 boc
566 763 713 797 consilio
731 770 892 797 naturam
907 763 1092 800 definiunt,

104 814 176 847 vim
199 822 272 849 arte
293 816 573 860 progredientem
599 815 641 847 ad
668 816 925 858 generandum3
954 821 986 847 et
1009 825 1091 857 pro-

104 864 248 899 fitentur
270 878 305 899 se
329 867 366 899 in
387 866 591 899 definitione
614 866 742 899 addere
766 873 896 906 artem,
923 872 961 902 ut
983 864 1092 907 signi—

103 915 207 958 fiqent
239 925 399 951 naturam
435 924 549 950 mente
575 918 727 962 quadam
756 917 826 960 regi
864 917 899 949 in
928 915 1094 949 omnibus

102 967 320 1009 actionibus,
347 980 436 1013 quae
452 968 548 1002 velut
566 968 687 1001 artifex
705 975 754 1001 est
774 967 932 1001 omnium
949 978 1093 1010 genera—

101 1017 298 1053 tionum-et
315 1026 474 1053 motuum
499 1019 535 1052 in
555 1025 691 1054 natura.
742 1018 912 1052 Libenter
931 1017 1038 1060 igitur
1054 1029 1093 1050 ex

102 1065 306 1102 huiusmodi
325 1071 480 1104 materiis
499 1071 630 1115 sumpsi
648 1068 714 1103 hoc
738 1070 813 1103 loco
834 1076 1093 1113 argumentum,

103 1127 143 1153 ut
166 1120 311 1154 iuvenes
334 1122 526 1162 admoniti,
553 1129 585 1154 et
609 1121 672 1165 ipsi
700 1119 783 1155 baec
802 1122 944 1165 vestigia
968 1120 1031 1154 Dei
1056 1120 1092 1152 in

102 1177 229 1204 natura
263 1173 498 1207 considerent.

102 1221 244 1265 longius
258 1231 440 1267 evagatum
457 1235 528 1257 esse
545 1236 647 1269 quam
666 1224 839 1264 volebam,
860 1226 921 1258 etsi
940 1223 1094 1256 arbitror

102 1273 204 1306 vobis
228 1273 392 1318 quidem,
428 1275 488 1320 qui
514 1282 544 1308 et
569 1272 819 1318 Philosophiae
851 1282 882 1308 et
911 1274 1094 1318 religionis

102 1324 335 1357 amantissimi
353 1325 454 1366 estis,
482 1338 554 1358 non
571 1326 676 1358 fuisse
700 1326 870 1369 ingratam
889 1323 978 1358 hanc
999 1337 1094 1358 com-

102 1375 404 1408 memorationem.
465 1375 567 1409 Nunc
609 1376 712 1408 venio
753 1377 794 1409 ad
837 1382 1094 1419 argumentum,

104 1425 199 1469 quod
223 1423 292 1458 huc
316 1426 440 1459 afferre
463 1427 649 1470 praecipue
674 1427 852 1461 constitui.
906 1425 958 1460 De
977 1427 1094 1469 ingra-

104 1476 276 1514 titudine,
315 1476 511 1521 impietate,
551 1485 582 1511 et
613 1478 739 1510 scelere
774 1477 900 1511 Cuculi
935 1477 1094 1510 dicturus

104 1537 198 1567 sum;
243 1527 303 1572 qui
339 1528 443 1572 quale
480 1526 665 1561 hominum
701 1539 809 1571 genus
844 1534 1092 1572 repraesentet,

103 1584 221 1621 postea
238 1578 430 1622 explicabo,
449 1579 542 1622 prius
561 1579 655 1611 enim
673 1579 850 1612 narranda
867 1586 917 1612 est
936 1576 1093 1612 historia.

104 1627 310 1663 Aristoteles
339 1629 375 1661 in
405 1642 500 1662 nono
530 1630 620 1663 libro
655 1630 698 1662 de
731 1637 857 1663 natura
887 1629 1092 1662 animalium

102 1679 236 1720 scribit,
251 1680 414 1713 cuculum
427 1687 570 1725 propter
588 1680 822 1721 timiditatem,
841 1693 946 1726 quam
962 1680 997 1712 in
1018 1680 1093 1723 ipso

103 1730 276 1774 insignem
293 1742 364 1764 esse
381 1738 597 1776 compertum
615 1738 675 1771 est,
690 1744 761 1764 non
779 1732 892 1765 facere
909 1731 1091 1776 proprium

104 1781 252 1818 nidum,
279 1793 343 1815 nec
367 1794 448 1815 suos
472 1783 587 1827 pullos
610 1783 811 1823 excludere,
839 1783 897 1815 sed
920 1783 1094 1825 deponere

104 1844 210 1866 ovum
230 1833 265 1865 in
281 1833 395 1866 alieno
414 1834 510 1874 nido,
531 1845 568 1866 ac
585 1834 780 1878 plerunque
799 1844 975 1865 currucae.
1000 1831 1094 1865 Haec

105 1895 184 1916 cum
203 1883 334 1927 reperit
351 1885 567 1917 ovumiinter
585 1896 663 1923 sua,
689 1885 792 1916 simul
811 1881 892 1916 huic
911 1883 1012 1916 etiam
1040 1883 1093 1915 in-

106 1934 222 1968 cubat.
276 1933 412 1967 Deinde
440 1935 544 1977 pullis
565 1935 729 1973 exclusis,
756 1935 835 1978 quia
859 1934 1002 1967 cuculus
1019 1946 1093 1966 ma-

107 1984 293 2029 gnitudine
320 1993 352 2018 et
383 1985 516 2018 viribus
545 1993 684 2028 superat
713 1985 884 2029 reliquos,
919 1985 1091 2030 quidquid

105 2035 227 2069 sedula
243 2043 354 2070 mater
368 2036 436 2069 cibi
455 2036 564 2069 adfert
577 2063 584 2075 ,
611 2035 859 2080 suppositicius
878 2036 940 2069 iste
963 2036 1092 2080 praeri-

106 2087 173 2131 pit.
227 2085 276 2120 lta
294 2087 347 2128 fit,
373 2093 410 2120 ut
428 2087 552 2120 caeteri
573 2087 659 2131 pulli
681 2088 770 2120 fame
786 2087 998 2125 moriantur,
1026 2099 1094 2132 pu-

107 2144 184 2172 tant
205 2137 309 2172 etiam
334 2145 479 2171 matrem
510 2150 548 2170 eo
579 2138 711 2170 maiore
736 2150 817 2170 cura
842 2135 937 2170 hunc
968 2137 1094 2177 fovere,

108 2188 191 2233 quia
209 2189 318 2232 magis
337 2201 414 2221 eum
438 2190 585 2221 miratur
603 2196 634 2222 et
653 2196 744 2222 ainat
762 2196 903 2232 propter
919 2189 1091 2231 magnitu-

109 2238 229 2272 dinem
245 2240 412 2283 corporis.
462 2239 640 2273 luterdum
658 2240 731 2283 ipse
750 2240 893 2272 cuculus
909 2240 1018 2273 sactus
1036 2252 1095 2272 ro-

109 2289 266 2331 bustior,
292 2297 445 2323 caeteros
462 2291 576 2334 pullos
594 2293 754 2330 devorat,
782 2290 958 2323 interdum
978 2291 1095 2323 senior

109 2340 254 2374 cuculus
276 2341 418 2374 exorbet
442 2353 506 2374 ova
530 2354 714 2381 currucae3
743 2342 827 2374 adeo
845 2341 1027 2385 multiplex
1046 2348 1094 2374 est

109 2391 147 2425 in
165 2388 232 2425 hoc
255 2403 380 2435 genere
403 2393 601 2427 crudelitas.
654 2391 836 2425 Postremo
856 2392 916 2424 ubi
943 2392 1096 2425 adolevit

109 2443 296 2477 sceleratus
314 2450 346 2476 et
361 2442 490 2486 impius
506 2443 634 2486 pullus,
649 2443 747 2477 addit
765 2443 932 2475 nefariam
950 2450 982 2476 et
999 2443 1095 2487 plus-

109 2505 214 2539 quam
231 2493 395 2537 tragicam
414 2491 673 2538 catastrophen;
702 2507 781 2526 nam
801 2506 981 2527 cursuram
994 2521 1002 2532 ,
1027 2506 1093 2539 qua
1122 2527 1123 2534 ,

111 2544 300 2578 incubante
318 2551 420 2578 natus
437 2551 502 2583 est,
530 2557 547 2577 a
567 2557 634 2590 qua
654 2557 776 2588 magna
803 2546 1004 2577 assiduitate
1028 2557 1095 2578 nu-

111 2595 214 2630 tritus
231 2603 291 2636 est,
316 2595 506 2629 crudeliter
523 2596 705 2629 laceratam
726 2597 880 2630 devorat.
918 2594 1018 2629 Hanc
1033 2608 1095 2639 pro

110 2646 277 2680 maternis
291 2647 481 2687 beneficiis,
508 2654 540 2680 et
558 2659 621 2691 pro
639 2646 874 2680 nutricatione
889 2646 1010 2687 vicem,
1034 2647 1096 2680 iste

112 2696 294 2744 ἄστοργος
319 2698 499 2741 rependit,
541 2698 669 2741 dignus
691 2697 750 2743 qui
786 2703 951 2741 perpetua
982 2698 1096 2733 scabie

160 2750 337 2782 Mamm
365 2750 467 2784 Oeta.
496 2745 577 2782 Vm„
610 2750 671 2781 xl.

601 116 761 153 DECL.
800 116 876 154 DE
910 114 1395 153 INGRATITUDINE
1428 116 1654 154 CUCULI.

553 1172 621 1205 Sed
655 1173 756 1204 video
786 1185 841 1205 me
876 1174 911 1205 in
949 1172 1092 1205 exordio
1120 1192 1122 1210 ξ

2066 123 2141 158 358

1151 209 1292 236 notatus
1314 203 1378 242 sit,
1414 211 1446 237 et
1468 216 1573 249 quem
1595 204 1735 238 oderint
1757 217 1793 238 ac
1822 204 1958 248 fugiant
1982 207 2137 252 reliquae

1149 265 1228 287 aves
1245 265 1307 287 ceu
1325 254 1442 286 dirum
1461 263 1673 298 portentum.
1728 255 1778 289 Ita
1804 257 1897 289 euim
1922 263 2045 290 natura
2068 259 2138 291 fer-

1149 311 1207 337 tur
1225 304 1326 338 illum
1346 305 1528 338 damnasse
1552 306 1758 349 impietatis,
1785 313 1824 340 ut
1839 319 1920 340 vere
1942 315 2031 341 erret
2048 309 2137 343 sicut

1150 355 1294 399 polluti,
1336 355 1411 388 sine
1446 355 1530 388 nido
1565 363 1597 389 et
1627 357 1702 390 sine
1736 357 1806 390 ulla
1833 358 2012 398 societate,
2047 359 2137 394 sicut

1149 407 1241 450 apud
1264 405 1459 439 Homerum
1485 407 1528 439 de
1551 418 1662 450 poena
1689 408 1878 452 impiorum
1902 408 2031 442 dicitur
2054 408 2138 444 ἀνέ-

1148 468 1246 495 στιος
1268 454 1329 491 καὶ
1354 453 1543 502 ἀφρήτωρ.
1597 456 1702 490 Solus
1718 459 1810 491 enim
1836 459 1910 492 sine
1936 459 2007 493 ulla
2026 461 2136 494 socie-

1149 515 1216 541 tate
1232 508 1286 541 sui
1304 509 1442 549 generis
1460 515 1518 541 aut
1533 507 1680 540 aliarum
1708 509 1824 542 avium
1844 517 2002 556 vagatur.
2054 510 2135 545 Non

1148 558 1255 601 igitur
1272 559 1420 591 obscura
1438 566 1486 592 est
1502 558 1725 602 significatio:
1754 559 1868 602 imago
1893 562 2069 605 proposita
2086 570 2137 597 est

1150 610 1184 642 in
1207 617 1293 643 tetra
1319 610 1477 649 volucre,
1504 616 1542 643 ut
1567 609 1765 650 videamus,
1793 612 2011 655 turpissimae
2033 620 2136 646 natu-

1148 673 1204 693 rae
1222 660 1491 694 similitudinem
1517 658 1644 693 babere
1668 660 1832 703 ingratos.
1884 662 1980 696 Sicut
1999 664 2034 695 in
2059 664 2137 697 aliis

1147 712 1258 744 foedis
1293 711 1506 744 animalibus
1547 711 1698 744 aliorum
1735 711 1902 744 vitiorum
1939 713 2135 747 similitudo

1148 762 1324 806 proposita
1341 769 1407 802 est,
1431 769 1470 796 ut
1488 761 1626 806 cognita
1651 762 1872 805 turpitudine
1894 764 2042 804 bestiae,
2070 763 2136 799 lio-

1148 814 1260 846 mines
1280 813 1389 856 magis
1411 811 1627 846 abhorreant
1647 825 1665 845 a
1693 813 1868 846 similibus
1896 815 2006 855 vitiis;
2035 823 2070 848 ut
2099 816 2135 849 in

1149 865 1230 908 lupo
1250 865 1338 897 inest
1359 864 1530 907 rapacitas
1546 871 1578 897 et
1601 864 1805 904 crudelitas,
1832 865 1868 897 in
1888 866 2017 910 polypo
2041 873 2136 899 tanta

1148 915 1272 956 libido,
1296 922 1334 948 ut
1350 915 1575 959 extinguatur
1591 915 1627 947 in
1645 916 1846 950 concubitu.
1881 915 2013 949 Noctua
2034 918 2137 960 piscis

1147 973 1216 1000 tam
1238 978 1344 999 vorax
1358 973 1419 1004 est,
1446 973 1485 999 ut
1501 978 1573 999 non
1593 966 1728 999 desinat
1743 978 1778 999 se
1796 978 1942 999 onerare
1959 967 2046 1008 cibo,
2070 970 2135 1002 do·

1148 1030 1210 1051 nec
1230 1022 1427 1060 rumpatur.

1248 1067 1315 1103 Sed
1336 1068 1479 1112 longum
1497 1075 1584 1102 esset
1607 1070 1760 1113 exempla
1778 1069 1950 1114 persequi.
2004 1068 2059 1103 Ad
2081 1071 2136 1103 iu-

1148 1120 1307 1154 stitutum
1341 1126 1586 1163 argumentum
1620 1122 1737 1155 redeo.
1801 1120 1961 1154 Adfectat
1992 1122 2136 1155 cuculus

1148 1173 1251 1205 etiam
1278 1171 1434 1204 Musicae
1461 1171 1620 1213 laudem,
1649 1183 1757 1216 quare
1780 1172 1840 1204 ubi
1867 1172 2050 1205 lusciniam
2074 1185 2136 1206 au-

1148 1223 1247 1263 divit,
1276 1235 1315 1256 eo
1334 1223 1488 1259 advolat,
1517 1229 1549 1255 et
1567 1225 1733 1255 excitatus
1749 1229 1851 1256 cantu
1869 1222 1974 1263 illius,
2001 1236 2078 1256 cum
2099 1235 2136 1256 ea

1148 1281 1279 1308 certare
1295 1274 1422 1308 studet.
1456 1272 1549 1305 Hinc
1566 1273 1715 1317 intelligi
1733 1274 1840 1315 magis
1860 1281 1983 1317 potest,
2012 1275 2048 1306 in
2065 1287 2135 1319 quo

1148 1337 1273 1369 genere
1288 1322 1487 1365 hominum,
1516 1324 1670 1366 ingratos
1685 1324 1873 1367 significet,
1901 1337 2025 1368 nempe
2044 1325 2135 1358 inter

1149 1388 1217 1416 θος,
1245 1375 1305 1421 qui
1326 1376 1536 1418 obstrepunt
1551 1374 1757 1408 melioribus
1776 1375 1812 1407 in
1831 1375 1977 1408 dicenda
1994 1383 2137 1410 senten·

1148 1427 1215 1467 tia,
1243 1427 1280 1458 in
1305 1426 1430 1459 studiis
1454 1424 1711 1466 ecclesiasticis,
1739 1433 1797 1458 aut
1813 1426 1910 1467 aliis,
1938 1438 2028 1470 quae
2047 1427 2135 1460 vitae

1148 1478 1360 1511 conducunt.
1403 1476 1471 1509 Hic
1486 1483 1616 1520 quanta
1633 1476 1838 1509 cuculorum
1856 1477 1993 1519 agmina
2013 1489 2137 1511 nume·

1147 1529 1218 1561 rari
1244 1533 1408 1572 possunt,
1434 1538 1508 1559 non
1532 1527 1637 1559 modo
1655 1527 1683 1559 si
1703 1534 1832 1560 veteres
1854 1525 2017 1561 historias
2036 1541 2136 1572 repe-

1149 1586 1282 1619 tamus,
1308 1579 1367 1610 sed
1385 1577 1487 1611 etiam
1514 1577 1541 1609 si
1561 1578 1752 1620 praesentia
1778 1579 1919 1619 negocia
1939 1580 2137 1613 considere-

1148 1629 1250 1663 mus?
1288 1628 1445 1661 Homero
1469 1628 1685 1662 obtrectabat
1707 1628 1845 1666 Zoilus,
1881 1641 1942 1662 ceu
1968 1630 2138 1663 lusciniae

1148 1680 1291 1714 cuculus
1301 1678 1634 1718 CiceroniClodius‚
1653 1686 1685 1712 et
1703 1679 1763 1711 alii
1782 1680 1896 1714 multi.
1925 1679 2138 1715 Habuerunt

1149 1743 1228 1765 suos
1251 1731 1392 1765 cuculos
1417 1736 1448 1763 et
1472 1727 1604 1763 heroici
1623 1730 1706 1762 viri:
1742 1729 1903 1774 Scipioni
1921 1731 2139 1766 obtrectabat

1147 1782 1280 1822 Carbo',
1314 1781 1492 1814 Alcibiadi
1518 1779 1753 1825 Hyperbolus.
1806 1779 2018 1826 Quanquam
2051 1783 2135 1828 quid

1148 1845 1235 1877 opus
1252 1839 1302 1866 est
1319 1832 1473 1875 exempla
1494 1831 1682 1873 colligere?
1710 1832 1811 1875 plena
1830 1839 1883 1871 est,
1902 1830 2028 1865 horum
2048 1846 2137 1878 quo-

1149 1885 1280 1918 tidiana
1301 1883 1368 1915 vita
1384 1911 1391 1922 ,
1420 1883 1476 1915 sed
1502 1883 1652 1915 maxime
1675 1883 1711 1914 in
1728 1881 1901 1922 Ecclesia3
1928 1891 1957 1917 et
1982 1886 2023 1916 ad
2049 1882 2138 1918 banc

1149 1944 1258 1969 totum
1278 1932 1344 1967 hoc
1359 1933 1557 1979 symbolum
1581 1933 1730 1966 maxime
1748 1934 1926 1967 convenit.
1979 1934 2137 1969 Curruca

1149 1986 1293 2020 Graecis
1322 1992 1371 2018 est
1400 1983 1589 2030 HypolaiS,
1628 1997 1715 2028 quae
1751 1997 1881 2017 nomen
1910 1985 1992 2018 iude
2021 1984 2137 2025 habet,

1149 2038 1241 2082 quod
1262 2033 1361 2069 humi
1384 2036 1426 2068 ad
1447 2047 1525 2067 saxa
1548 2035 1721 2070 nidificet,
1750 2035 1828 2068 talis
1848 2043 1897 2069 est
1918 2049 1997 2069 vera
2015 2034 2137 2070 Eccle—

1148 2089 1209 2128 sia,
1233 2094 1346 2131 spreta
1365 2093 1397 2119 et
1415 2086 1546 2119 abiecta
1565 2086 1601 2118 in
1619 2079 1764 2119 mundo.
1801 2084 1896 2119 Haec
1911 2088 1994 2120 dum
2014 2099 2136 2121 omnes

1147 2140 1264 2172 fovere
1291 2145 1322 2171 et
1348 2138 1468 2170 iuvare
1489 2143 1656 2177 conatur,
1681 2136 1784 2169 etiam
1801 2139 2046 2181 suppositicios
2063 2139 2137 2172 foe-

1148 2198 1202 2224 tus
1219 2189 1349 2229 nutrit⁷
1370 2188 1430 2233 qui
1451 2200 1529 2221 cum
1548 2194 1692 2231 propter
1708 2185 1910 2232 hypocrisin
1930 2189 2072 2222 veniant
2099 2190 2135 2223 in

1149 2240 1436 2278 admirationem,
1470 2239 1569 2271 facile
1591 2238 1757 2271 beneficio
1780 2237 1974 2277 Ecclesiae,
2003 2241 2135 2273 autori-

1150 2299 1252 2326 tatem
1277 2298 1309 2324 et
1333 2289 1524 2334 potentiam
1547 2297 1823 2334 consequuntur.
1883 2289 1984 2323 Hanc
2006 2291 2135 2334 adepti,

1149 2343 1276 2376 deinde
1293 2347 1494 2384 grassantur
1509 2340 1545 2372 in
1564 2340 1672 2384 ipsam
1688 2347 1853 2380 matrem,
1881 2353 2026 2386 eamque
2044 2343 2135 2375 dila-

1149 2400 1281 2431 cerant,
1308 2399 1339 2425 et
1363 2391 1497 2424 crudeli
1521 2390 1706 2435 tyrannide
1727 2391 1944 2434 opprimunt.
1996 2391 2134 2426 Deinde

1149 2446 1248 2478 illum
1273 2443 1415 2476 feralem
1444 2449 1474 2474 et
1502 2441 1693 2475 infaustum
1726 2453 1852 2475 sonum
1876 2445 1984 2477 edunt
2006 2444 2042 2476 in
2065 2442 2134 2477 Ec-

1150 2496 1262 2533 clesia,
1286 2500 1410 2526 sonant
1426 2492 1532 2536 impia
1550 2499 1581 2525 et
1597 2492 1793 2536 perniciosa
1808 2494 1981 2536 dogmata.
2006 2493 2132 2528 Arium

1149 2546 1261 2580 evexit
1286 2545 1327 2577 ad
1348 2542 1500 2576 bonores
1516 2541 1670 2576 Ecclesia
1686 2541 1943 2584 Alexandrina,
1970 2545 2029 2589 qui
2053 2556 2131 2578 cum

1150 2603 1234 2630 esset
1260 2594 1505 2639 suppositicius
1529 2595 1658 2631 foetus,
1687 2601 1803 2637 postea
1821 2594 2013 2628 Ecclesiam
2037 2595 2132 2627 orbis

1149 2656 1320 2682 terrarum
1346 2643 1567 2679 horribiliter
1582 2645 1777 2689 dissipavit.
1831 2646 1925 2688 Quid
1950 2646 1985 2677 in
2004 2643 2132 2678 scholis

1149 2699 1284 2738 accidit,
1312 2709 1399 2742 quae
1417 2708 1495 2730 cum
1512 2703 1594 2729 sunt
1611 2697 1699 2729 bene
1715 2696 1932 2735 constitutae,
1959 2707 2035 2739 pars
2051 2703 2132 2729 sunt

1478 2747 1527 2780 22
