2338 2958
592 15 607 30 Ψ

80 132 154 169 805

82 214 261 261 inquiens:
297 212 434 249 Omnes
461 214 579 259 capilli
610 216 732 260 capitis
759 217 865 251 vestri
895 217 1068 250 numerati

80 273 171 301 sunt.
207 264 339 311 Estque
355 266 447 299 inter
464 277 544 298 vera
561 266 698 310 pietatis
713 268 838 309 officia,
858 265 924 302 hoc
940 268 1069 312 ipsum,

79 324 195 361 petere
214 323 246 350 et
266 323 445 360 expectare
461 327 480 349 a
498 314 590 358 Deo,
617 317 771 351 familiae
789 326 822 352 et
845 316 987 363 hospitii
1015 319 1066 352 tui

79 366 376 409 incolumitatem,
403 374 436 401 et
453 366 586 400 interea
612 368 763 402 retinere
782 371 1013 404 constantiam
1031 368 1067 400 in

78 417 310 460 explicatione
326 429 407 452 vera
430 423 464 451 et
486 419 642 452 modesta
664 419 864 460 doctrinae,
890 432 929 453 ac
949 419 1066 454 animo

76 474 236 511 paratum
261 480 334 502 esse
355 470 397 502 ad
425 467 622 502 tolerandas
649 469 796 503 iniurias
815 477 958 514 propter
973 469 1067 503 veri·

75 519 158 552 tatis
181 519 481 563 propagationem.
536 518 635 552 Talis
656 520 685 553 si
710 521 776 554 erit
796 521 886 558 vita,
920 527 1066 554 eventus

76 568 151 613 ipse
180 570 383 610 testabitur,
415 569 529 604 Deum
555 571 734 604 custodem
768 581 840 604 esse
863 577 1064 605 nostrarum

75 620 304 656 santiliarum.

179 671 284 705 Scitis
301 678 334 705 et
351 671 617 715 promissiones,
643 672 679 704 in
697 671 826 716 quibus
841 671 935 705 Deus
959 672 1066 715 polli-

76 729 174 755 cetur
193 723 295 755 nobis
315 722 554 755 defensionem
568 749 577 762 ,
603 729 638 756 et
658 723 841 762 mandata,
866 729 905 756 ut
926 722 1066 755 incolu-

74 773 231 807 mitatem
257 772 427 806 divinitus
451 779 609 816 petamus
639 780 672 807 et
694 779 931 817 expectemus,
964 785 1065 817 saepe

75 825 197 868 repeti,
215 830 255 857 ut
270 824 306 856 in
324 820 378 855 his
393 823 509 856 dictis:
535 822 624 858 lacta
642 836 760 858 curam
778 831 874 858 tuam
890 825 927 857 in
938 823 1066 865 Deum,

74 882 108 908 et
123 875 196 918 ipse
211 881 244 909 te
258 873 480 909 sustentabit.
526 872 628 907 Item:
665 874 741 917 Ego
760 886 821 907 vos
837 874 942 909 etiam
964 886 1064 908 sene-

74 932 208 959 scentes
225 925 378 968 gestabo.
428 923 524 958 Haec
542 926 682 959 oracula
701 925 823 959 divina
848 937 921 959 non
946 926 1065 959 existi-

73 987 210 1009 memus
235 976 357 1008 inanes
379 987 485 1008 sonos
510 987 602 1016 esse,
628 977 687 1009 sed
713 974 778 1009 hac
803 977 877 1020 ipsa
902 977 1064 1009 consola-

74 1027 170 1061 tione
187 1027 290 1059 fidem
308 1027 344 1059 in
362 1026 465 1059 nobis
488 1028 736 1065 accendamus,
763 1033 797 1060 et
820 1038 880 1071 spe
906 1027 1064 1061 coelestis

73 1078 195 1111 auxilii
221 1078 455 1111 constantiam
478 1077 512 1109 in
532 1078 714 1111 doctrinae
738 1078 956 1122 professione
978 1078 1063 1110 reti-

71 1139 230 1162 neamus.

175 1177 232 1212 Ad
256 1176 323 1212 hoc
339 1189 427 1222 opus
445 1178 632 1223 praecipue
648 1178 788 1211 condita
805 1184 855 1211 est
876 1175 1061 1211 bominum

71 1236 217 1271 natura,
241 1237 280 1264 ut
302 1230 339 1262 in
358 1230 460 1262 nobis
483 1229 597 1262 luceat
614 1240 692 1261 vera
709 1227 774 1261 Dei
795 1229 945 1269 noticia,
973 1235 1006 1262 et
1023 1235 1061 1263 ut

71 1278 164 1314 hanc
195 1291 445 1325 propagemus,
475 1292 514 1313 ac
544 1285 662 1312 nostra
691 1279 891 1312 obedientia
918 1286 1061 1313 testetur

71 1343 136 1365 nos
160 1331 235 1364 sine
258 1330 483 1364 simulatione
507 1331 550 1363 de
574 1329 639 1363 Dei
667 1330 850 1364 voluntate
873 1337 906 1364 et
928 1330 1060 1364 iudicio

71 1381 221 1424 sentire,
246 1393 328 1414 vera
346 1392 419 1414 esse
436 1392 524 1426 quae
543 1381 718 1414 docemus.

170 1431 276 1465 Hunc
293 1432 397 1465 finem
419 1431 578 1465 omnium
598 1431 688 1464 vitae
706 1431 915 1469 officiorum,
942 1438 973 1465 et
992 1428 1059 1464 lioc

69 1494 247 1517 summum
273 1494 362 1527 opus
386 1494 457 1516 uon
482 1482 716 1524 negligamus,
746 1482 783 1515 in
805 1494 897 1527 quo,
924 1489 961 1515 ut
984 1483 1060 1525 glo-

69 1535 157 1568 riam
174 1532 241 1567 Dei
257 1533 484 1573 illustremus,
511 1540 543 1566 et
560 1532 625 1566 toti
641 1530 818 1565 Ecclesiae
836 1533 971 1566 utiliter
986 1544 1060 1565 ser-

70 1585 229 1626 viamus,
252 1584 413 1618 adiuvari
430 1594 495 1617 nos
511 1595 530 1617 a
549 1583 703 1617 Domino
721 1590 841 1617 nostro
859 1582 937 1618 Iesu
952 1580 1059 1617 Chri-

70 1646 143 1676 ⁵10,
164 1642 238 1669 toto
258 1642 396 1680 pectore
413 1646 491 1669 oro.

169 1684 272 1720 Hanc
299 1686 443 1719 brevem
471 1683 844 1718 commonefactionem
874 1694 976 1727 saepe
999 1695 1059 1717 vos

69 1740 106 1773 in
131 1736 258 1770 animis
281 1736 406 1770 vestris
431 1735 595 1779 repetite,
623 1746 755 1779 vosque
781 1734 874 1778 ipsos
896 1736 940 1767 ad
958 1747 1058 1768 amo—

69 1802 143 1824 rem
165 1787 354 1821 ministerii
377 1785 567 1828 evangelici
586 1786 747 1825 excitate,
774 1792 807 1818 et
830 1785 866 1817 in
890 1782 945 1817 his
962 1797 1058 1817 com-

69 1838 237 1873 munibus
253 1836 431 1870 aerumnis
449 1835 682 1869 consolamini
707 1835 916 1877 cogitatione
934 1835 1056 1869 talium

69 1891 256 1929 dictorum,
273 1888 376 1933 quale
395 1885 461 1920 hoc
479 1893 527 1919 est
544 1888 635 1930 apud
653 1884 810 1918 Esaiam:
838 1884 937 1918 Pono
952 1886 1058 1919 verba

68 1953 146 1976 mea
172 1940 208 1972 in
233 1951 294 1972 ore
317 1945 398 1978 tuo,
424 1944 457 1970 et
479 1937 603 1970 umbra
623 1947 747 1969 manus
761 1948 857 1969 meae
879 1943 1058 1981 protegam

68 2002 118 2033 te,
144 1998 183 2026 ut
199 1990 334 2034 plantes
351 1988 477 2022 coelos.

171 2040 220 2076 Ut
240 2047 356 2074 autem
376 2038 535 2084 quotidie
560 2034 614 2069 llis
631 2037 902 2080 cogitationibus
920 2037 1057 2071 misceri

69 2093 262 2139 gratiarum
279 2091 451 2124 actionem
471 2095 504 2122 et
523 2100 639 2132 preces
656 2099 792 2120 necesse
809 2094 868 2128 est,
896 2088 942 2122 ita
962 2101 1058 2122 nunc

69 2154 210 2191 quoque
227 2143 396 2175 addamus
414 2138 496 2173 huic
515 2138 843 2172 commonefactioni
866 2140 1056 2183 gratiarum

68 2196 242 2231 actionem
261 2199 295 2226 et
311 2191 557 2236 precationem.

171 2243 257 2277 Tibi
281 2243 388 2286 igitur
409 2241 632 2285 omnipotens
654 2238 766 2277 Deus,
800 2246 939 2273 aeterne
960 2247 1058 2285 pater

69 2295 215 2330 Domini
235 2293 347 2327 nostri
366 2291 441 2326 lesu
458 2289 610 2331 Clu-isti,
638 2290 803 2323 conditor
819 2290 904 2323 coeli
929 2298 962 2324 et
987 2300 1057 2325 ter-

70 2359 149 2384 rae,
183 2353 217 2378 et
250 2341 458 2383 hominum,
492 2349 526 2375 et
549 2341 723 2375 Ecclesiae
752 2347 849 2380 tuae,
883 2354 950 2375 una
977 2355 1056 2376 cum

68 2398 143 2431 filio
164 2402 226 2430 tuo
243 2394 399 2429 Domino
422 2400 542 2426 nostro
570 2392 647 2425 lesu
672 2389 831 2431 Christo,
865 2399 897 2426 et
921 2392 1056 2437 Spiritu

69 2454 189 2483 sancto
207 2453 280 2487 tuo,
306 2445 434 2489 gratias
447 2444 594 2486 agimus,
622 2454 700 2475 cum
719 2454 781 2486 pro
799 2443 963 2476 omnibus
980 2445 1058 2478 aliis

68 2497 267 2535 beneficiis,
299 2504 374 2530 tum
406 2507 487 2528 vero
520 2505 582 2538 pro
609 2493 778 2526 immensa
807 2493 1058 2537 misericordia,

69 2561 138 2595 qua
155 2560 221 2582 nos
234 2547 450 2581 miserrimos
476 2542 638 2577 homines
664 2550 809 2587 propter
831 2544 939 2577 filium
959 2552 1056 2580 tuum

69 2599 214 2644 recipis,
247 2606 281 2632 et
305 2609 388 2631 voce
416 2595 601 2639 Evangelii
633 2595 685 2628 tui
721 2592 812 2627 hane
842 2595 1057 2631 voluntatem

71 2659 168 2685 tuam
184 2649 365 2694 patefacis,
393 2655 425 2681 et
440 2647 543 2680 nobis
565 2646 710 2679 salutem
729 2645 866 2686 reddis,
895 2653 929 2680 et
946 2647 982 2680 in
1003 2645 1058 2681 his

70 2701 155 2746 ipsis
172 2699 376 2744 regionibus
391 2697 582 2733 Ecclesiam
600 2703 776 2730 aeternam
795 2696 860 2729 tibi
884 2696 976 2731 inter
994 2711 1058 2733 nos

510 131 670 169 DECL.
722 133 796 170 DE
831 135 1166 172 DIGNITATE
1202 136 1378 175 ARTIS
1412 137 1690 177 MEDICAE.

2039 151 2111 186 806

1124 218 1278 262 colligis,
1311 226 1415 267 teque
1446 223 1620 267 supplices
1648 237 1809 268 oramus,
1845 234 1983 262 aeterne
2013 238 2110 275 pater

1123 267 1269 303 Domini
1287 273 1398 305 nostri
1417 272 1492 307 lesu
1508 272 1661 315 Christi,
1688 279 1850 311 conditor
1872 280 1958 312 coeli
1984 289 2015 314 et
2041 290 2110 314 ter—

1122 331 1200 360 rae,
1233 328 1266 355 et
1298 319 1502 364 hominum,
1537 331 1569 358 et
1595 324 1770 360 Ecclesiae
1799 335 1895 369 tuae,
1931 343 1999 364 una
2030 344 2107 364 cnm

1122 369 1195 402 filio
1223 377 1282 404 tuo
1303 371 1458 406 Domino
1483 382 1602 408 nostro
1629 376 1704 411 lesu
1729 377 1889 420 Christo,
1917 387 1948 414 ct
1973 381 2108 424 Spiritu

1121 428 1242 454 sancto
1267 428 1345 462 tuo,
1380 430 1418 456 ut
1444 424 1640 459 miserearis
1665 430 1795 469 nostri,
1830 438 1974 474 propter
1997 433 2106 465 filium

1120 475 1221 504 tuum
1237 469 1431 506 Dominum
1457 482 1616 508 nostrum
1644 477 1753 512 lesum
1778 478 1976 521 Christum,
2004 496 2106 528 quem

1121 521 1264 556 voluisti
1290 535 1353 567 pro
1375 524 1479 557 nobis
1501 536 1574 558 esse
1589 526 1786 567 victimam,
1813 538 1846 564 et
1861 533 2052 567 sanctifices
2070 546 2107 566 ac

1120 583 1217 615 regas
1243 585 1307 606 nos
1331 573 1468 618 Spiritu
1493 583 1613 609 sancto
1632 585 1711 620 tuo,
1743 587 1776 612 et
1800 582 1964 626 deinceps
1990 585 2025 616 iu
2053 582 2106 617 his

1120 623 1324 665 regionibus
1352 632 1529 659 aeternam
1554 627 1617 661 tibi
1650 627 1842 664 Ecclesiam
1876 634 2037 675 colligas,
2068 647 2106 667 ac

1120 671 1265 709 honesta
1291 687 1330 708 ac
1355 677 1545 722 tranquilla
1572 675 1722 722 hospitia
1740 678 1904 714 Ecclesiis
1923 691 1953 715 et
1977 686 2107 718 doctri-

1120 735 1185 757 nae
1206 725 1331 758 studiis
1354 730 1542 769 concedas,
1568 736 1606 762 ut
1633 731 1732 763 multi
1758 731 1793 763 in
1824 730 1887 765 hac
1912 734 1999 774 vita,
2026 747 2105 768 vera

1119 775 1343 810 invocatione
1373 784 1406 811 et
1435 791 1514 812 vera
1549 780 1748 815 obedientia
1781 789 1814 815 te
1845 784 2039 823 celebrent,
2074 795 2106 819 et

1118 833 1236 870 postea
1252 827 1409 861 fruentes
1425 835 1485 862 tua
1503 831 1672 873 sapientia
1690 838 1723 865 et
1741 832 1897 875 iusticia,
1923 835 1958 867 in
1976 836 2105 869 dulcis—

1118 877 1204 910 sima
1230 879 1485 913 cousuetudine
1510 887 1590 922 tua,
1620 882 1686 915 tibi
1717 883 1752 915 in
1779 885 1876 917 omni
1903 887 2106 921 aeternitate

1117 928 1244 971 gratias
1262 936 1374 973 agant.
1427 929 1522 964 Dixi.

1115 1106 1181 1142 No,
1203 1107 1286 1143 101.
1929 1131 1974 1149 an.
2001 1121 2092 1152 1548.

1927 1165 2097 1178 Μ

1248 1208 1322 1249 De
1350 1208 1583 1263 dignitate
1608 1215 1724 1253 artis
1749 1215 1968 1258 medicae.

1184 1295 1213 1321 ln
1230 1294 1319 1321 select.
1333 1294 1412 1321 Decl.
1426 1294 1458 1320 Τ.
1474 1295 1520 1322 IV.
1540 1305 1566 1330 p.
1577 1296 1705 1358 244sq13„
1727 1299 1853 1327 Richard.
1865 1302 1896 1328 ll.
1913 1312 1937 1337 p.
1951 1304 2018 1337 111„
2038 1305 2104 1331 Ser-

1217 1335 1281 1357 vest.
1303 1329 1335 1355 T.
1351 1328 1398 1356 lV.
1418 1338 1445 1365 p.
1461 1330 1521 1357 222.
1540 1336 1564 1356 et
1585 1341 1613 1357 in
1632 1331 1664 1357 T·
1692 1333 1725 1359 ll.
1743 1334 1854 1361 Ersord.
1875 1336 1913 1364 lit.
1929 1338 1958 1368 d,
1978 1338 2003 1364 5.

1114 1409 1242 1441 Oratio
1272 1405 1318 1441 de
1347 1406 1533 1455 dignitate
1551 1413 1588 1444 et
1613 1411 1782 1445 utilitate
1804 1417 1898 1448 artis
1918 1415 2102 1459 medicae,

1113 1457 1244 1492 habita
1273 1469 1295 1492 α
1324 1460 1372 1494 D.
1399 1459 1564 1494 Melch.
1601 1461 1798 1506 Fendio,
1841 1477 1924 1499 cum
1957 1467 2103 1513 gradus

1113 1511 1288 1544 Doctoris
1331 1508 1602 1546 decerneretur
1645 1515 1757 1547 Petro
1798 1514 1960 1551 Sihilcno
2013 1521 2103 1553 Tor-

1378 1564 1506 1608 yensi,
1542 1560 1579 1598 7.
1607 1564 1699 1610 Aug.
1726 1563 1834 1602 1548.

1111 1629 1300 1678 Principio
1327 1634 1454 1677 gratias
1477 1646 1540 1679 ago
1565 1633 1642 1669 Deo
1670 1643 1811 1672 aeterno
1838 1640 1927 1682 patri
1955 1640 2100 1675 Domini

1112 1686 1222 1719 nostri
1243 1684 1320 1718 lesu
1337 1683 1481 1725 Christi,
1505 1687 1681 1720 conditori
1698 1690 1833 1730 generis
1850 1688 2008 1733 hnmani,
2030 1706 2101 1727 una

1113 1748 1191 1769 cum
1207 1735 1279 1768 filio
1297 1747 1359 1769 suo
1375 1735 1530 1770 Domino
1556 1744 1675 1771 nostro
1691 1737 1767 1772 lesu
1783 1738 1943 1780 Christo,
1971 1750 2003 1777 et
2019 1744 2102 1788 Spi-

1113 1787 1182 1820 ritu
1202 1792 1320 1818 sancto
1331 1797 1418 1826 suo,
1444 1788 1536 1831 quod
1554 1794 1593 1820 ut
1610 1786 1801 1822 Ecclesiam
1819 1803 1916 1825 suam
1938 1793 1973 1825 iu
1991 1796 2101 1827 saevis

1112 1837 1376 1880 tempestatibus
1401 1843 1534 1878 servat,
1561 1837 1606 1871 ita
1628 1846 1660 1871 et
1677 1840 1813 1874 tabulas
1838 1843 2009 1886 naufragii
2036 1857 2101 1878 no-

1112 1888 1174 1921 stri
1203 1887 1365 1920 miranda
1390 1887 1548 1922 bonitate
1572 1889 1725 1932 colligit,
1760 1898 1798 1925 ut
1825 1905 1889 1926 vox
1914 1892 2099 1939 Evangelii

1112 1939 1314 1982 incorrupta
1341 1935 1456 1971 adhuc
1481 1946 1582 1973 sonet
1607 1940 1642 1972 in
1668 1941 1816 1984 publicis
1843 1947 2098 1987 congressibus,

1112 1995 1145 2022 et
1163 1989 1198 2021 iu
1214 1986 1377 2021 thalamis
1398 1988 1436 2021 iu
1455 1989 1678 2024 invocatione
1700 1993 1839 2035 piorum
1859 1996 2035 2037 omnium,
2065 2005 2099 2031 et

1111 2040 1148 2073 in
1168 2039 1390 2073 institutione
1407 2039 1539 2083 primae
1554 2041 1687 2080 aetatis,
1715 2050 1745 2076 et
1763 2044 1876 2078 studia
1896 2059 1996 2080 verae
2011 2046 2097 2080 Phi-

1112 2087 1293 2133 losophiae
1317 2101 1388 2122 uon
1412 2090 1526 2123 solum
1551 2092 1718 2125 mediocri
1743 2094 1938 2140 frequentia
1960 2106 1991 2132 et
2015 2100 2098 2131 dili-

1112 2141 1246 2185 genna,
1273 2141 1330 2173 sed
1350 2140 1453 2173 etiam
1470 2141 1545 2174 sine
1566 2144 1771 2177 monstrosis
1787 2146 2017 2190 opinionibus
2041 2162 2099 2183 co-

1113 2193 1240 2225 lantur.
1292 2190 1344 2224 Ac
1362 2203 1425 2224 oro
1445 2190 1560 2225 Deum
1578 2193 1710 2227 sontem
1728 2196 1935 2239 sapientiae,
1963 2207 2002 2233 ut
2017 2200 2098 2233 diu-

1111 2243 1179 2276 tius
1196 2254 1257 2275 vos
1271 2248 1400 2281 servet,
1426 2249 1458 2276 et
1480 2243 1660 2277 doctrinae
1678 2246 1802 2279 studiis
1822 2260 1938 2291 pacem
1959 2251 2099 2284 diutur-

1111 2305 1191 2326 nam
1209 2294 1387 2326 concedat.

1211 2342 1301 2377 Cum
1319 2350 1434 2376 autem
1453 2340 1557 2376 hodie
1575 2345 1755 2378 doctrinae
1771 2347 2009 2382 testimonium
2033 2351 2097 2384 tri-

1110 2395 1290 2428 buendum
1315 2394 1359 2427 sit
1384 2393 1460 2425 viro
1479 2395 1581 2427 docto
1608 2395 1644 2428 in
1671 2403 1743 2429 arte
1758 2397 1911 2439 Medica,
1939 2409 1970 2433 et
1989 2401 2096 2434 usita-

1110 2454 1184 2480 tum
1211 2445 1274 2483 sit,
1300 2446 1342 2477 de
1370 2444 1443 2487 ipsa
1462 2451 1535 2477 arte
1560 2446 1596 2478 in
1620 2447 1748 2480 talibus
1771 2451 2013 2492 congressibus
2030 2452 2095 2484 ali-

1110 2497 1195 2542 quid
1213 2495 1300 2533 dici,
1329 2495 1391 2528 etsi
1410 2495 1543 2528 nullius
1560 2496 1758 2542 eloquentia
1779 2512 1841 2543 par
1864 2509 1911 2535 est
1931 2503 2095 2545 amplitu-

1110 2547 1184 2581 dini
1204 2544 1309 2579 buius
1324 2545 1418 2586 artis,
1445 2552 1559 2579 tamen
1575 2548 1811 2595 qualicunque
1827 2552 1984 2584 oratione
2000 2564 2095 2584 com-

1109 2596 1289 2631 monefieri
1310 2596 1465 2629 iuniores
1489 2608 1625 2631 necesse
1649 2607 1709 2634 est.
1762 2599 1841 2633 Non
1868 2601 1972 2643 igitur
1995 2602 2095 2635 insti-

1111 2657 1204 2682 tuam
1232 2647 1488 2688 laudationem,
1521 2660 1600 2681 cum
1623 2649 1756 2683 utilitas
1781 2654 1816 2683 in
1842 2658 2027 2694 conspectu
2051 2653 2093 2686 sit

1112 2699 1295 2740 omnibus,
1335 2705 1367 2732 et
1393 2698 1545 2741 dignitas
1578 2700 1614 2732 in
1644 2701 1922 2734 consideratione
1950 2708 2094 2737 naturae

1399 2746 1484 2782 51*
