2338 2958
137 140 212 175 977

134 274 328 307 lamitatum
341 299 349 312 ,
390 281 422 307 et
453 280 547 306 metu
577 286 769 317 poenarum
801 280 832 307 et
858 274 981 307 iudicii
1006 273 1119 306 divini

135 324 271 357 flectere
287 324 422 357 animos
441 324 484 357 ad
501 324 724 364 modestiam,
753 332 785 357 et
801 325 842 356 ad
859 324 1118 358 invocationem

132 372 211 407 Dei.
247 373 348 407 Hanc
367 374 553 408 utilit.‹.tem
571 380 604 407 et
620 386 686 407 vox
703 374 822 406 divina
839 374 934 407 iubet
951 387 991 407 ex
1009 372 1118 406 histo-

132 424 194 457 riis
211 425 293 468 peti.

131 475 256 515 storia,
282 482 355 508 tum
374 486 454 507 vero
473 474 581 518 ipsius
596 472 768 508 Matthiae
791 475 931 508 fortuna
956 481 989 507 et
1008 473 1117 507 actio-

131 536 192 557 nes
209 536 369 568 magnam
389 525 572 558 continent
589 525 825 568 exemplorum
845 525 1058 558 varietatem.

233 574 434 608 Dulendum
453 582 502 608 est
524 581 657 612 autem,
684 576 775 619 quod
802 587 880 607 cum
902 574 1036 618 aliquot
1060 585 1114 606 se-
1142 604 1143 607 ,

130 626 218 658 culis
239 625 358 659 nullus
378 637 497 668 regum
522 624 784 658 munificentior
802 624 906 657 fuerit
931 635 1009 667 erga
1038 624 1114 657 lite-

129 672 201 716 ras,
236 687 341 719 quam
359 673 547 714 'Matthiaffi
580 681 695 707 tamen
720 674 855 707 nullam
881 680 994 707 extare
1024 675 1114 708 inte—
1140 701 1142 721 :

127 737 225 768 gram
246 724 427 759 historiam
443 737 559 759 rerum
586 725 629 757 ab
650 724 725 768 ipso
749 730 940 767 gestarum,
966 737 1044 758 cum
1061 731 1114 758 ta-

129 788 210 809 men
226 777 398 821 quaedam
414 776 488 809 eius
506 775 672 808 victoriae
700 775 869 808 salutares
892 775 1023 809 suerint
1049 775 1112 809 toti

126 824 302 870 Europae.
354 825 509 860 Tantum
527 825 627 859 initia
648 825 747 867 regni
765 825 936 868 descripta
951 832 1031 858 sunt
1043 852 1053 866 ,
1079 833 1112 859 et

128 884 244 919 postea
263 877 320 910 vix
337 877 459 910 breves
477 876 590 913 tituli,
614 882 653 909 ut
670 875 754 908 olim
775 876 811 908 in
833 873 1009 920 trophaeis
1025 877 1110 909 scri-

126 927 320 967 bebantur,
343 926 501 960 annotati
517 932 609 961 sunt.
662 923 715 958 Ex
736 923 789 958 his
805 932 921 959 tamen
938 938 1032 959 nunc
1052 933 1110 960 ut-

124 989 264 1022 cunque
292 977 530 1011 narrationem
559 983 800 1015 contexemus,
842 976 878 1009 in
906 989 974 1022 qua
1001 977 1109 1011 multa

125 1027 248 1061 iudicii
278 1028 391 1060 divini
428 1027 644 1067 testimonia,
688 1027 797 1059 multa
829 1025 898 1060 Dei
931 1027 1108 1067 beneficia,

125 1078 235 1111 multa
251 1078 423 1111 virtutum
443 1077 616 1121 exempla,
641 1077 795 1119 conspici
812 1083 988 1121 poterunt.

226 1128 330 1162 Prius
345 1135 460 1162 autem
478 1139 584 1172 pauca
601 1128 644 1159 de
659 1125 863 1159 Pannoniae
885 1127 1048 1169 nomine,
1077 1133 1109 1159 et

123 1179 236 1222 gentis
260 1179 368 1222 stirpe
388 1179 552 1211 dicemus.

121 1279 265 1323 putabo.
320 1277 555 1312 Vetustissimi
584 1276 739 1310 Paeones
767 1277 934 1320 paulatim
966 1290 984 1310 a
1007 1276 1107 1322 Stry-

121 1341 227 1362 mone
251 1329 423 1372 progressi
449 1328 602 1361 vicinam
626 1327 804 1370 regionem
830 1327 922 1360 inter
951 1326 1106 1372 illyriam

121 1387 155 1414 et
172 1379 374 1422 longissima
388 1379 467 1422 iuga
484 1375 651 1422 Carpathi
676 1376 806 1410 montis
830 1378 873 1410 ad
895 1376 1020 1411 Istrum
1049 1389 1107 1411 oc-

120 1437 304 1474 cuparunt.
353 1428 508 1463 Nomino
541 1428 648 1471 igitur
677 1426 899 1461 Pannoniam
927 1428 1107 1471 regionem

120 1492 210 1525 quae
226 1479 319 1515 inter
333 1477 397 1513 hos
413 1479 541 1513 limites
556 1478 725 1524 aSyrmio
745 1490 856 1523 usque
871 1479 911 1512 ad
923 1478 1105 1513 Sabariam

119 1531 337 1571 extenditur,
363 1531 462 1564 cuius
477 1530 582 1563 situm
607 1535 640 1562 et
660 1528 877 1562 fertilitatem
899 1537 932 1562 et
955 1529 1106 1563 salubri-

118 1588 224 1615 tatem
240 1581 365 1615 nostis:
394 1587 428 1614 et
444 1580 602 1614 scribunt
619 1578 746 1613 Graeci
763 1591 891 1612 nomen
901 1579 1106 1613 Pannoniae

118 1632 248 1665 factum
273 1643 345 1665 esse
369 1643 408 1664 ex
431 1630 601 1671 Paeonia,
630 1631 725 1675 quod
746 1630 896 1662 maxime
921 1637 1105 1664 consenta-

119 1693 224 1714 neum
245 1688 305 1716 est.
357 1681 537 1715 Paeonum
563 1687 678 1714 autern
701 1680 834 1713 mentio
857 1680 895 1714 fit
917 1681 1011 1724 apud
1030 1680 1105 1713 110-

118 1744 273 1773 merum,
302 1729 534 1776 Aeschylum,
559 1729 787 1774 Euripidem,
817 1737 849 1764 et
869 1730 957 1763 alios
974 1731 1105 1764 multos
1130 1755 1131 1759 ,

117 1784 315 1825 scriptores.

219 1830 266 1865 Et
285 1831 429 1876 quidem
446 1829 635 1874 Euripides
651 1838 762 1863 terrae
775 1829 947 1864 Paeoniae
964 1831 1102 1873 globam

117 1882 234 1926 inquit
251 1892 324 1914 esse
342 1887 543 1923 argenteam
563 1887 596 1912 et
619 1892 782 1920 auream,
808 1880 1007 1922 significans
1026 1881 1103 1924 opi-

116 1944 184 1966 nor
200 1932 249 1966 ibi
266 1930 554 1975 locupletissimas
571 1929 675 1963 fuisse
694 1940 799 1962 venas
817 1930 894 1962 auri
910 1936 942 1963 et
959 1931 1103 1973 argenti.

117 1983 187 2016 Nec
211 1982 367 2016 Paeones
402 1980 623 2014 barbaricum
654 1990 763 2022 genus
796 1980 955 2014 suerunt:
995 1983 1053 2013 sed
1085 1995 1103 2014 a

116 2033 255 2066 Paeone
271 2031 434 2066 Herculis
452 2031 590 2070 comite,
617 2029 862 2063 multitudo'ex
883 2030 1029 2064 Graecia
1047 2032 1103 2064 111-

117 2084 236 2118 stituta
255 2081 401 2117 honesta
417 2081 602 2125 disciplina
615 2107 623 2120 ,
651 2080 785 2124 legibus
804 2087 835 2113 et
858 2082 989 2115 artibus
1016 2083 1101 2115 civi-

118 2135 212 2167 libus
234 2133 272 2166 in
288 2134 347 2167 illa
367 2134 442 2166 loca
460 2133 563 2165 ducta
581 2138 650 2169 est,
677 2143 766 2175 quae
791 2131 932 2175 quidem
961 2140 1103 2176 propter

116 2184 306 2224 iustitiam,
341 2183 625 2218 beneficentiam,
660 2181 902 2214 fortitudinem
932 2190 965 2216 et
996 2182 1102 2217 indu-

116 2236 237 2269 striam
259 2235 326 2267 late
351 2245 495 2277 regnare
519 2234 560 2265 ad
589 2232 814 2277 Strymonem
846 2240 878 2265 et
903 2233 946 2265 ad
976 2233 1101 2267 istrum

117 2286 241 2330 coepit.
295 2284 398 2329 Apud
419 2281 482 2316 hos
499 2283 654 2326 regnaxit
668 2280 817 2322 Rhesus,
846 2283 904 2326 qui
926 2296 997 2316 non
1015 2292 1101 2318 esset

116 2337 230 2370 dictus
256 2335 348 2368 filius
365 2334 491 2368 Musae
509 2331 780 2377 Terpsichores,
808 2333 875 2365 nisi
896 2333 992 2367 in'iis
1018 2334 1102 2368 locis

116 2387 277 2420 doctrina
308 2385 498 2424 virtutum,
537 2384 723 2427 disciplina
756 2381 902 2416 honesta
929 2391 961 2417 et
985 2385 1101 2429 aliqua

116 2438 245 2471 artium
263 2435 416 2479 cognitio
431 2434 564 2468 suisset.
621 2433 789 2466 Videmus
811 2441 843 2466 et
861 2433 1100 2469 Alexandrum

116 2490 160 2521 de
183 2487 360 2532 equitibus
377 2485 540 2519 Paeoniis
566 2485 743 2528 praeclare
766 2485 928 2525 sensisse,
955 2498 1033 2518 cuni
1058 2487 1101 2519 ad

115 2538 328 2583 periculosas
344 2547 477 2581 pugnas
494 2547 570 2568 eam
587 2535 744 2579 equitnm
766 2541 916 2567 turmam
934 2536 1101 2570 delectam

116 2588 287 2632 singulari
303 2587 452 2621 consilio
471 2597 572 2629 saepe
596 2585 718 2618 mittit.
772 2584 871 2618 Talis
890 2598 1011 2619 eorum
1030 2588 1103 2619 vir-

116 2647 172 2674 tus
195 2650 267 2672 esse
293 2650 365 2671 non
387 2636 521 2681 potuit,
552 2635 620 2668 nisi
645 2642 678 2669 et
700 2636 889 2669 domestica
917 2637 1102 2682 disciplina

116 2688 293 2735 probabili
308 2687 498 2722 adsuefacti
517 2693 643 2720 essent.

168 2739 352 2774 Memmi.
381 2740 485 2772 Orza.
513 2739 596 2771 Von.
626 2738 686 2769 XI.

619 140 778 177 DECL.
830 141 904 178 DE
939 141 1215 179 MATTHIA
1249 142 1404 180 REGE
1440 144 1692 182 HUNGAR.

135 224 407 257 inconstantiam
433 234 552 256 rerum
577 219 832 265 humanarum,
866 230 899 257 et
921 234 1040 257 causas
1065 235 1117 256 ca-
1146 231 1150 259 'i

345 423 390 458 Et
409 424 551 470 quidem
568 436 647 457 cum
662 424 824 457 universa
842 423 1046 457 Pannoniae
1061 421 1117 456 hi-
1143 456 1145 469 Α,

613 1176 684 1209 Nec
706 1183 745 1209 ut
769 1176 806 1208 111
831 1176 961 1209 iudicio
984 1177 1108 1209 finium
1134 1185 1136 1211 ξ

121 1229 361 1272 regundorum
385 1227 561 1262 subtiliter
583 1228 626 1260 de
650 1226 802 1268 regionis
832 1226 1003 1260 limitibus
1035 1227 1109 1259 dis-
1133 1239 1135 1258 2

2083 156 2156 190 978

1147 262 1149 270 y
1275 224 1398 258 Postea
1421 225 1568 271 Syrmus
1596 229 1690 262 unde
1714 227 1846 274 Syrmii
1875 232 2062 276 adpellatio
2089 243 2151 278 est,

1146 273 1420 319 {Lysimachum
1452 277 1607 310 vicinum
1639 291 1752 322 regem
1786 281 1896 326 cepit,
1937 295 2015 326 erga
2048 298 2150 330 quem

1146 333 1147 336 ’
1173 325 1327 358 iusticiae
1344 333 1376 359 et
1392 328 1582 361 modestiae
1599 331 1774 373 specimen
1793 332 1968 375 egregium
1986 337 2150 370 ostendit.

1172 373 1258 407 Nam
1276 377 1428 420 pepercit
1445 384 1543 420 capto
1556 402 1564 416 ‚
1593 391 1656 412 nec
1674 381 1768 413 aliud
1795 383 1838 415 ab
1857 395 1897 415 eo
1914 384 2056 427 petivit,
2083 386 2152 419 nisi

1171 433 1208 457 111
1224 427 1342 470 aequis
1360 426 1493 469 legibus
1512 429 1634 461 foedus
1652 441 1765 463 secum
1789 432 1931 472 faceret,
1959 441 1997 468 ut
2024 436 2152 469 vicinia

1142 482 1145 525 j
1171 480 1241 507 tota
1261 477 1450 520 tranquilla
1468 484 1566 517 esset,
1588 486 1620 512 et
1638 481 1780 513 remisso
1797 482 1834 514 in
1853 495 2016 526 regnum,
2042 486 2150 519 filiam

1141 544 1144 580 ἲ
1170 525 1267 558 dedit
1295 538 1448 558 uxorem.
1516 526 1611 561 Haec
1639 531 1832 564 moderatio
1860 533 1895 565 in
1918 534 2061 568 victoria
2090 548 2152 569 ne-

1170 587 1342 620 quaquam
1376 577 1556 610 barbarica
1588 579 1745 612 ducenda
1778 588 1836 616 est.
1904 583 1973 616 Nec
2003 587 2151 620 obscura

1141 650 1142 668 ἢ
1167 633 1250 659 511111
1280 626 1410 659 indicia
1440 628 1579 661 virtutis
1602 629 1638 661 in
1669 636 1769 672 gente
1794 630 2014 675 Pannonica,
2035 638 2151 681 ·quod

1167 673 1351 719 Evangelii
1378 689 1497 710 vocem
1522 679 1637 712 statim
1656 678 1907 723 Apostolorum
1933 691 2089 729 tempore
2108 688 2150 719 li-

1167 727 1288 759 benter
1305 728 1462 771 amplexa
1481 736 1542 768 est,
1568 731 1733 774 quodque
1749 744 1821 764 non
1836 733 1903 766 alia
1921 735 2015 777 regio
2033 736 2151 780 plures

1166 776 1392 821 imperatores
1420 777 1601 812 Romanos
1633 781 1776 824 peperit.
1844 781 2025 819 Postremo
2058 799 2151 821 nunc

1167 839 1306 872 quoque
1331 834 1365 861 et
1381 827 1556 862 Ecclesias
1577 828 1642 863 Dei
1667 832 1834 865 beneficio
1860 841 1950 868 recte
1975 836 2150 871 institutas

1166 875 1270 910 habet
1289 878 1476 921 plurimas,
1503 880 1539 912 in
1556 881 1684 925 quibus
1703 888 1734 915 et
1761 890 1860 917 sonat
1888 897 1951 918 vox
1965 884 2151 930 Evangelii

1164 928 1388 972 incorrupta,
1416 937 1449 963 et
1470 930 1536 962 viri
1556 931 1749 964 doctissimi
1776 945 1847 967 non
1872 934 1939 969 iam
1967 948 2047 970 suos
2072 945 2151 971 tan-

1163 986 1237 1011 tum
1254 986 1371 1012 coetus
1388 980 1567 1021 erudiunt,
1594 983 1653 1014 sed
1671 981 1775 1016 etiam
1793 984 1943 1018 vicinam
1955 986 2150 1030 Graeciam,

1163 1029 1264 1062 editis
1280 1028 1424 1063 Graecis
1441 1031 1578 1074 scriptis
1596 1032 1734 1066 docent.

1264 1094 1316 1127 De
1335 1093 1388 1128 his
1405 1098 1621 1130 ornamentis
1638 1105 1774 1132 tantum
1799 1100 1877 1134 ideo
1898 1106 2091 1138 verecunde
2117 1114 2150 1140 et

1162 1144 1315 1178 breviter
1340 1146 1455 1178 dicere
1480 1147 1596 1186 volui,
1631 1155 1669 1181 ut
1694 1149 1865 1193 imperitis
1893 1165 2045 1187 errorem
2076 1157 2150 1189 exi-

1162 1206 1271 1235 mam,
1297 1208 1366 1240 qno
1388 1196 1502 1229 nescio
1526 1199 1619 1230 unde
1637 1210 1655 1230 a
1672 1197 1844 1240 Caucaso,
1872 1204 2026 1238 educunt
2045 1204 2149 1239 Hun-

1161 1257 1270 1287 garos.
1324 1244 1400 1280 Etsi
1423 1247 1517 1279 enim
1534 1248 1725 1292 aliquando
1750 1257 1783 1283 et
1805 1254 2007 1295 peregrinae
2030 1264 2147 1298 gentes

1134 1310 1135 1313 ¹
1160 1295 1406 1339 appetiverunt
1430 1296 1665 1340 Hungmiam,
1700 1307 1738 1333 ut
1770 1300 1907 1347 lazyges
1934 1303 2059 1339 Ionum
2089 1320 2148 1340 co-

1161 1346 1274 1386 lonia,
1302 1347 1412 1380 nostri
1426 1345 1571 1388 Gotthi,
1599 1355 1630 1381 et
1653 1356 1768 1392 postea
1781 1350 1924 1394 Hunni,
1950 1363 1987 1388 ut
2005 1358 2147 1390 caeteris

1133 1430 1134 1435 ¹
1160 1397 1322 1439 gentibus
1347 1398 1449 1430 etiam
1478 1399 1679 1442 peregrinae
1703 1401 1876 1436 admixtae
1900 1405 2060 1449 suerunt,
2096 1415 2148 1441 ta-

1131 1436 1135 1487 1
1160 1459 1241 1479 men
1258 1455 1390 1481 veteres
1407 1447 1551 1482 Paeonii
1572 1456 1737 1494 tanquam
1765 1452 1949 1496 indigenae
1971 1463 2003 1490 et
2023 1470 2148 1492 verna-

1132 1519 1133 1532 1
1161 1498 1236 1530 cula
1262 1498 1452 1532 multitudo
1477 1499 1514 1531 in
1539 1511 1599 1532 sua
1624 1501 1703 1534 sede
1727 1513 1942 1539 manserunt.
2000 1507 2057 1540 Ad
2084 1507 2146 1542 lios

1161 1548 1276 1589 potius
1292 1549 1462 1582 reseratur
1477 1550 1575 1592 origo
1587 1577 1595 1588 ,
1624 1563 1702 1583 cum
1718 1553 1760 1585 de
1777 1554 1901 1599 stirpe,
1928 1557 1970 1589 de
1997 1557 2146 1601 ingeniis

1160 1605 1192 1630 et
1211 1599 1252 1631 ‹le
1270 1599 1455 1643 disciplina
1474 1601 1548 1633 eius
1566 1602 1678 1643 gentis
1697 1602 1837 1639 dicitur.

1704 1669 1791 1703 Nam
1809 1669 1931 1707 παίων
1948 1681 1996 1708 est
2018 1676 2146 1711 seriens

1159 1717 1252 1759 quod
1270 1723 1301 1749 et
1317 1714 1478 1761 Apollini
1501 1719 1534 1750 in
1559 1721 1664 1752 sacris
1683 1717 1823 1764 hymnis
1850 1725 2058 1758 attributum
2086 1734 2146 1768 est,

1158 1772 1190 1798 et
1204 1773 1320 1809 postea
1338 1767 1374 1800 in
1389 1767 1664 1812 triumphalibus
1692 1772 1909 1806 carminibus
1939 1785 2145 1820 usurpatum

1159 1824 1225 1853 est,
1252 1824 1290 1850 ut
1309 1817 1402 1850 scitis
1419 1817 1555 1851 Paeana
1576 1820 1645 1852 diri
1665 1820 1878 1865 triumphale
1897 1836 2048 1859 carmen.
2093 1827 2144 1862 lta

1159 1866 1341 1909 paeoniam
1354 1874 1446 1900 recte
1459 1868 1771 1912 interpretabimur
1782 1872 1957 1907 victricem
1973 1883 2005 1909 et
2020 1877 2145 1912 trium-

1158 1913 1308 1960 phalem.
1360 1915 1412 1950 Ac
1431 1918 1534 1951 talem
1555 1920 1613 1952 diu
1635 1920 1739 1953 fuisse
1754 1934 1807 1955 res
1822 1926 1986 1961 ostendit.

1130 1684 1133 1703 1
1261 1664 1425 1700 Delector
1441 1674 1473 1700 et
1497 1668 1649 1701 nomine.

1129 1879 1131 1900 1

1128 1903 1131 1923 i

1128 1971 1132 2026 1
1258 1983 1347 2016 Nam
1363 1991 1401 2018 ut
1418 1986 1461 2017 ad
1486 1987 1649 2029 propiora
1669 1988 1824 2029 veniam,
1854 2003 1956 2036 quem
1978 1992 2064 2027 milii
2081 1996 2143 2029 da—

1128 2032 1130 2048 *
1158 2033 1239 2066 bitis
1255 2046 1369 2076 regem
1389 2042 1448 2068 aut
1467 2038 1589 2068 ducem
1608 2037 1726 2071 multis
1749 2040 1873 2073 seculis
1890 2043 2142 2080 conserendum

1156 2085 1197 2116 ad
1214 2082 1406 2118 Iluniaden
1419 2084 1592 2120 Matthiae
1611 2095 1743 2130 patrem
1762 2091 1924 2124 comitem
1936 2091 2143 2129 Bistricien-

1156 2146 1241 2169 sem.
1293 2134 1353 2168 Bis
1374 2136 1410 2168 in
1428 2136 1628 2179 interregno
1651 2140 1817 2173 adversus
1840 2143 1930 2175 duos
1953 2146 2143 2180 audacissi—

1157 2196 1231 2218 mos
1253 2191 1286 2217 et
1315 2186 1558 2220 foelicissimos
1584 2187 1754 2223 Turcicos
1786 2198 1955 2236 tyrannos
1990 2193 2141 2231 Amura-

1128 2246 1129 2260 ¹
1156 2232 1239 2267 then
1268 2242 1300 2268 et
1317 2234 1560 2270 Mainometum
1586 2239 1738 2281 primum
1767 2242 1886 2276 divina
1909 2256 1994 2288 ope,
2023 2254 2141 2289 postea

1156 2284 1343 2319 lluniadae
1362 2287 1460 2320 ducis
1499 2289 1698 2328 laboribus,
1741 2297 1773 2323 et
1802 2292 1932 2327 virtute
1956 2294 2140 2332 Pannonia

1156 2336 1297 2368 defensa
1323 2344 1390 2377 est,
1423 2337 1558 2382 fuitque
1580 2335 1637 2372 hic
1662 2339 1732 2380 vir,
1768 2353 1841 2374 non
1869 2346 1990 2384 modu,
2034 2355 2074 2381 ut
2096 2350 2140 2381 de

1157 2384 1297 2419 Achille
1319 2385 1494 2421 Homerus
1520 2388 1651 2433 inquit,
1679 2388 1918 2436 Achivorum,
1950 2397 2009 2429 sed
2033 2399 2139 2431 totius

1157 2436 1312 2481 reliquae
1336 2436 1501 2481 Europae
1527 2452 1668 2480 murus,
1704 2453 1767 2474 nec
1790 2444 1899 2477 animi
1925 2448 2138 2489 magnitudo,

1156 2499 1219 2519 nec
1235 2487 1342 2527 vires,
1365 2500 1409 2521 ne
1427 2489 1623 2523 occasiones
1639 2491 1780 2536 quidem
1797 2494 1940 2529 deerant
1962 2497 2013 2528 vel
2026 2496 2138 2532 Amu-

1156 2535 1267 2576 rathi,
1303 2538 1357 2570 vel
1383 2536 1585 2574 Mahometo
1613 2543 1655 2574 ad
1682 2546 1920 2587 occupandam
1948 2545 2080 2580 ltaliam
2105 2556 2138 2583 et

1157 2588 1406 2628 Germaniam,
1434 2590 1502 2623 nisi
1521 2587 1626 2624 huius
1644 2592 1749 2626 11111115
1774 2594 1840 2627 viri
1857 2594 2043 2630 lluniadae
2066 2599 2139 2631 vir-

1156 2646 1210 2671 tus
1228 2645 1261 2672 et
1276 2639 1446 2673 t‘oeticiias
1464 2641 1558 2675 velut
1575 2643 1710 2676 obiecta
1729 2644 1853 2683 moles,
1880 2646 2010 2679 flumen
2030 2660 2138 2682 exun-

1156 2690 1243 2722 dans
1267 2691 1495 2734 repressisset.
1551 2692 1620 2726 Nec
1637 2694 1820 2738 qnisquam
1847 2707 1965 2739 regum
1985 2705 2045 2732 aut
2071 2699 2138 2733 du-

1438 2741 1486 2775 62
