2338 2958
97 128 171 164 449

96 212 134 245 in
155 208 333 245 Ciceronis
364 206 596 241 Hortensium
622 206 766 249 incidit,
799 220 878 242 cum
904 218 924 241 a
958 213 1081 240 natura

94 263 243 306 impetus
264 260 307 292 ad
334 258 501 292 virtutem
525 265 559 292 et
581 259 705 298 decus,
739 259 901 292 ardentes
929 255 1083 297 haberet,

94 316 287 346 commotus
304 308 484 343 Ciceronis
503 309 654 353 scripto,
686 315 825 342 revocat
842 309 916 352 ipse
931 320 1024 349 sese,
1048 314 1082 340 et

93 361 224 395 maiore
249 360 433 393 severitate
458 371 576 403 regere
600 371 715 393 mores
735 359 877 403 incipit,
904 359 1080 393 licentiam

91 410 246 456 priorem
271 408 453 449 cohercet,
487 422 592 455 seque
618 411 661 444 ad
686 409 956 450 continentiam,
983 421 1021 442 ac
1038 409 1081 441 ad

91 461 230 506 pietatis
245 461 399 494 studium
418 461 584 494 exuscitat
599 467 631 494 et
650 461 840 504 componit.
893 459 1004 493 Prava
1023 459 1080 491 in-

91 511 210 555 genia,
237 511 439 554 praesertim
457 511 485 543 si
497 511 586 544 absit
602 517 715 544 metus
728 537 736 550 ,
761 522 833 543 non
844 510 945 543 facile
962 521 1081 542 emen-

90 562 221 595 dantur
236 561 346 595 literis
362 568 394 595 et
411 561 589 595 doctrina:
630 572 738 605 quare
764 572 843 593 cum
869 560 965 593 illius
980 558 1080 593 Cice-

90 611 229 645 roniani
253 612 373 656 scripti
397 612 547 645 lectione
572 611 725 655 potuerit
750 610 787 642 in
808 610 902 643 viam
921 610 1079 643 revocari

89 661 329 704 Augustinus,
364 663 446 695 satis
469 668 612 706 apparet
636 661 791 693 indolem
815 662 943 694 bonam
963 660 1078 701 fuisse,

88 723 153 745 nec
175 712 325 745 defuisse
350 713 380 745 ei
406 712 466 745 illa
486 711 657 745 virtutum
683 711 816 744 semina
840 718 943 756 atque
965 711 1079 752 initia,

89 773 179 806 quae
203 769 304 796 vocat
325 761 530 796 Aristoteles
548 759 709 807 φυσικὰς
724 759 866 807 ἀρετὰς.
919 760 996 795 Etsi
1014 773 1077 794 au-

89 818 158 845 tem
184 810 366 846 Ciceronis
379 811 598 855 ‘Hortensius
620 824 692 845 non
710 819 820 852 extat,
846 819 962 846 tamen
983 813 1078 856 quod

88 863 195 895 suerit
221 869 464 905 argumentum
484 862 583 903 libri,
616 861 739 896 Cicero
772 863 901 895 alicubi
925 874 1078 895 comme-

88 919 218 946 morat:
258 911 424 946 Defensio
456 919 507 946 est
531 911 781 957 Philosophiae
812 914 978 946 adversus
1007 924 1076 951 eos,

87 962 168 1006 qui,
198 968 239 995 ut
268 974 363 996 nunc
393 969 474 996 sunt
498 963 629 997 iudicia
653 963 784 1004 aulica,
817 964 1077 997 contendebant

87 1009 180 1044 nihil
196 1023 284 1055 opus
303 1024 375 1046 esse
392 1013 451 1047 illa
470 1014 591 1047 subtili
609 1014 818 1049 eruditione.
870 1013 939 1046 Hic
953 1012 1075 1046 Cicero

87 1063 260 1103 ostendit,
294 1075 383 1108 quae
412 1065 458 1097 sit
481 1075 562 1097 vera
585 1062 834 1107 Philosophia,
867 1075 906 1097 ac
931 1065 973 1096 ad
1001 1075 1075 1096 eam

87 1112 270 1145 colendam
302 1114 393 1146 bona
423 1114 562 1156 ingenia
593 1111 773 1154 hortatur,
811 1114 962 1147 declarat
992 1125 1077 1158 quas

85 1162 255 1196 utilitates
282 1164 324 1196 ad
349 1163 458 1196 vitam
482 1164 635 1204 adferat,
667 1164 706 1196 in
732 1162 795 1197 hac
821 1175 892 1197 esse
911 1165 1025 1207 legum
1044 1170 1077 1196 et

86 1213 246 1245 omnium
263 1210 491 1248 honestorum
507 1214 703 1247 officiorum
719 1215 853 1254 fontes,
878 1212 942 1247 hac
957 1214 1076 1246 vocari

86 1269 120 1296 et
134 1262 276 1296 invitari
301 1261 462 1297 homines
484 1265 528 1297 ad
544 1264 759 1307 agnitionem
775 1263 862 1304 Dei,
889 1276 928 1297 ac
943 1264 1076 1297 aeterni

86 1319 219 1346 metum
252 1315 427 1348 numinis:
463 1326 504 1347 ex
529 1311 594 1347 hac
619 1315 781 1348 doctrina
804 1315 1074 1358 descriptionem

87 1363 171 1395 anni
194 1370 321 1396 certam
346 1371 519 1408 sumptam
542 1375 632 1405 esse,
659 1377 728 1409 qua
747 1372 900 1405 remota,
926 1371 1076 1409 quantae

88 1419 203 1446 essent
224 1413 261 1445 in
281 1414 350 1447 vita
368 1415 556 1447 tenebrae?
607 1415 768 1459 Denique
787 1415 969 1458 complecti
989 1412 1075 1447 Phi-

85 1461 283 1506 losophiam
300 1465 437 1503 [multas
455 1471 547 1497 artes
571 1465 663 1498 vitae
681 1466 796 1500 utiles,
849 1464 950 1498 Hanc
968 1465 1075 1498 fuisse

85 1525 258 1546 summam
275 1513 372 1547 illius
387 1515 507 1559 scripti
518 1513 741 1548 Ciceroniaui
753 1542 762 1555 ‚
789 1523 822 1549 et
839 1527 879 1548 ex
896 1515 974 1548 aliis
989 1515 1075 1548 locis

84 1562 284 1604 Ciceronis,
311 1572 343 1598 et
368 1577 406 1598 ex
428 1565 611 1598 Lactantio
627 1573 792 1609 apparet,
820 1566 879 1610 qui
897 1566 979 1597 inde
995 1576 1075 1597 sen-

83 1613 211 1647 tentias
235 1616 402 1658 quasdam
420 1616 597 1659 excerpsit.

83 1675 163 1696 rum
186 1664 463 1707 disputationum
479 1665 628 1699 lectione
646 1666 692 1699 ita
709 1673 825 1699 motus
843 1666 982 1699 videtur
998 1663 1075 1699 Au-

85 1714 263 1756 gustinus,
290 1722 330 1749 ut
353 1716 412 1760 qui
431 1723 554 1749 natura
572 1715 710 1749 Musica
731 1723 830 1755 sunt,
858 1716 993 1750 etiamsi
1011 1716 1074 1748 ad-

84 1761 154 1797 huc
170 1766 274 1797 rudes
290 1773 371 1798 sunt
389 1766 490 1805 artis,
516 1773 549 1799 et
573 1767 668 1799 aliud
684 1774 811 1809 agunt,
837 1772 955 1801 tamen
977 1765 1073 1798 dulci

85 1821 190 1847 cantu
212 1816 424 1849 mirabiliter
445 1817 488 1849 ad
510 1815 664 1849 Musices
683 1829 836 1849 amorem
863 1828 900 1849 ac
916 1815 1072 1849 studium

83 1864 348 1900 extimulantur.
400 1865 569 1899 Nondum
587 1873 702 1899 autem
720 1867 849 1909 legerat
866 1877 979 1898 sacras
995 1866 1075 1899 lite-

84 1925 159 1955 ras,
199 1925 281 1953 nec,
322 1924 360 1950 ut
392 1916 549 1956 videtur,
591 1917 778 1949 conciones
811 1916 1074 1959 magnisecerat‚

83 1975 148 1997 nec
173 1965 215 1997 de
234 1966 392 1999 doctrina
411 1967 468 2010 pia
484 1966 635 2000 multum
654 1967 893 2010 disputaverat
912 1978 990 1999 cum
1006 1967 1074 2010 piis

84 2020 118 2048 et
151 2015 315 2057 eruditis,
350 2024 388 2050 ut
413 2017 568 2050 iudicare
602 2023 734 2061 posset,
771 2017 857 2062 quid
889 2017 1073 2061 praecipue

84 2065 306 2109 profiteretur
322 2065 555 2110 Evangelium
567 2093 576 2107 ,
598 2074 629 2100 et
648 2079 736 2112 quae
762 2074 849 2101 esset
865 2079 950 2110 pura
969 2074 1002 2100 et
1017 2068 1073 2100 in-

85 2123 248 2159 corrupta
270 2118 442 2152 doctrina.
501 2117 644 2151 Fatetur
667 2118 770 2151 etiam
797 2118 863 2151 sibi
888 2118 1072 2151 lectionem

86 2176 260 2199 sacrarum
289 2168 471 2201 literarum
496 2167 676 2201 insuavem
701 2168 828 2208 fuisse,
856 2175 997 2212 propter
1014 2179 1073 2211 ge-

85 2226 153 2248 nus
185 2218 374 2259 sermonis,
414 2218 569 2252 alienum
603 2231 622 2252 a
650 2218 774 2253 Latina
803 2219 1073 2259 consuetudine;

86 2263 266 2300 habebant
297 2268 391 2301 enim
424 2269 602 2302 versiones
635 2270 827 2303 admodum
869 2269 1074 2304 ineruditas,

85 2315 220 2349 Verum
237 2323 277 2351 ut
299 2316 388 2351 mihi
404 2319 561 2360 videtur,
587 2331 709 2354 omnes
725 2319 785 2365 qui
805 2331 824 2352 a
842 2319 947 2353 sacris
964 2319 1075 2353 literis

86 2363 299 2409 abhorrent,
325 2369 423 2402 nulla
440 2369 534 2402 enim
550 2377 642 2404 aetas
657 2369 734 2404 non'
751 2368 855 2403 habet
873 2368 1074 2414 prophanos

85 2415 267 2459 homines,
302 2419 534 2454 offenduntur
553 2432 626 2454 non
648 2428 718 2455 tam
743 2432 869 2465 genere
893 2421 1074 2461 sermonis,

87 2479 194 2513 quam
217 2469 354 2503 inscitia
383 2481 515 2504 rerum.
573 2470 654 2504 Non
677 2472 799 2505 vident
815 2482 923 2514 genus
944 2471 1075 2505 doctri-

87 2529 155 2551 nae
178 2519 347 2553 dissimile
372 2532 444 2553 esse
474 2518 741 2565 Philosophiae,
774 2534 848 2555 non
874 2521 1075 2565 intelligunt

89 2568 367 2611 disputationum
393 2571 538 2604 consilia
564 2579 597 2605 et
623 2573 761 2606 seriem.
819 2571 915 2605 Haec
936 2572 1074 2605 inscitia

88 2618 206 2652 reddit
232 2620 410 2654 insuavem
436 2621 639 2662 lectionem,
671 2629 711 2656 ut
735 2623 804 2656 dici
826 2623 927 2656 solet:
960 2621 1074 2665 Ignoti

88 2667 189 2701 nulla
206 2671 344 2713 cupido.
395 2670 486 2705 Cum
503 2672 610 2716 igitur
626 2673 767 2716 ignarus
779 2673 957 2707 doctrinae
970 2670 1074 2707 Chri-

139 2721 315 2755 Munna.
335 2724 435 2755 Οιιιι.
464 2725 546 2755 Voi..
564 2725 627 2758 XI.

685 123 844 161 DECL.
895 122 968 160 DE
1002 120 1145 158 VITA
1180 121 1524 161 AUGUSTINI.

650 1615 787 1649 Harum
803 1615 1074 1649 iucundissima·
1088 1641 1091 1643 ,

2048 130 2122 167 450

1134 204 1266 238 stianae
1292 217 1365 238 non
1389 214 1502 249 posset
1526 206 1656 240 iudicio
1681 207 1806 251 eligere
1830 207 2015 251 Doctores,
2040 212 2119 248 secit

1134 257 1228 299 quod
1245 255 1333 288 solet
1349 256 1472 299 vulgus
1489 258 1616 291 facere:
1650 257 1696 292 Ut
1713 266 1860 300 statuas,
1888 260 1934 293 ita
1951 259 2121 296 Doctores

1133 305 1316 339 aestimant
1352 317 1392 338 ex
1426 308 1571 348 vestitu,
1614 310 1777 342 torvitate.
1813 311 1960 351 frontis,
2000 306 2120 346 barba.

1130 353 1218 389 Erat
1261 356 1354 388 enim
1384 354 1504 390 Africa
1545 359 1647 401 plena
1691 358 1980 395 Manichaeorum
1998 387 2007 401 ,
2058 364 2118 408 qui

1130 417 1292 448 magnam
1312 407 1402 440 vitae
1415 408 1604 451 puritatem
1620 410 1842 447 simulabant.
1884 410 2120 448 Abstinebaut

1130 468 1148 489 a
1180 456 1360 497 carnibus,
1405 457 1653 501 improbabant
1688 461 1868 503 coniugia,
1904 463 2118 498 damnabant

1130 507 1275 550 imperia
1304 514 1337 540 et
1360 507 1446 540 alios
1476 520 1590 541 mores
1606 509 1784 552 politicos,
1812 518 1851 545 ut
1866 513 1909 546 ab
1925 514 2118 547 ambitione

1129 557 1332 600 longissime
1348 559 1465 591 abesse
1483 558 1697 594 viderentur.
1733 559 1985 597 praedicabant
2001 575 2037 597 se
2054 562 2116 597 ha-

1129 608 1211 640 bere
1233 608 1382 641 adflatus
1402 609 1542 642 divinos
1570 616 1603 643 et
1626 607 1893 646 enthusiasmos.
1932 612 2007 647 Hae
2018 627 2120 658 prae-

1128 658 1247 699 stigiae
1273 658 1405 692 offusae
1433 659 1543 693 oculis
1568 657 1772 702 hominum,
1806 662 1950 696 mirifice
1976 666 2118 708 capiunt

1128 709 1280 742 animos:
1318 709 1527 753 suscipimus
1551 710 1645 743 enim
1668 722 1745 752 eos,
1781 712 1841 756 qui
1860 725 1938 746 cum
1956 713 2031 748 Deo
2050 727 2117 759 pu-

1128 765 1248 792 tantur
1273 756 1401 793 habere
1427 761 1652 801 commercia,
1679 768 1718 795 ut
1735 759 1941 806 Orpheum,
1966 771 2025 798 aut
2041 765 2119 799 Nu-

1127 821 1219 842 mam
1238 807 1397 844 homines
1415 811 1578 844 admirati
1595 818 1695 852 sunt3
1738 813 1890 858 denique
1908 816 2118 849 naturaliter

1127 857 1288 892 homines
1303 863 1346 893 ad
1366 862 1648 904 superstitionem
1670 864 1834 906 propensi
1853 871 1944 899 sunt.
1998 865 2117 909 Signi-

1129 911 1205 943 ficat
1230 911 1334 944 etiam
1365 911 1583 954 Augustinus
1612 923 1647 945 se
1672 914 1905 947 admiratione
1927 927 1966 948 ac
2000 917 2116 950 studio

1128 961 1407 1004 prodigiosarum
1431 962 1708 1005 disputationum
1728 963 1913 997 invitatum
1938 977 2025 1007 esse,
2053 979 2116 1010 po-

1127 1011 1299 1044 tissimum
1325 1017 1364 1045 ut
1386 1009 1607 1045 Manichaeis
1632 1024 1667 1045 se
1685 1013 1900 1057 adiungeret.
1951 1015 2040 1049 Nam
2059 1029 2116 1050 ar-

1127 1061 1244 1094 dentia
1272 1061 1410 1104 ingenia
1433 1063 1534 1095 facile
1556 1063 1745 1106 capiuntur
1766 1065 1867 1098 novis
1889 1073 1921 1099 et
1945 1065 2114 1100 involutis

1127 1112 1436 1155 disputationibus,
1498 1112 1638 1146 Talium
1662 1114 1764 1157 plena
1791 1122 1863 1148 erat
1881 1122 1971 1150 secta
1994 1117 2115 1151 Mani-

1128 1159 1230 1194 chaea
1242 1187 1250 1201 ‚
1283 1174 1370 1206 quae
1396 1170 1468 1196 erat
1484 1164 1654 1208 quaedam
1672 1165 1830 1198 confusio
1853 1178 1892 1198 ex
1909 1166 2034 1201 Stoicis
2051 1169 2113 1201 de-

1127 1212 1339 1252 liramentis,
1366 1219 1397 1246 et
1416 1225 1455 1245 ex
1471 1214 1646 1247 veteribus
1664 1211 1865 1249 haeresibus
1884 1229 1923 1250 ac
1947 1219 2114 1261 supersti-

1126 1262 1283 1295 tionibus
1300 1263 1461 1298 conflata,
1512 1262 1544 1296 A
1562 1263 1688 1297 Stoicis
1705 1267 1887 1300 sumebant
1907 1268 1995 1301 duos
2011 1269 2115 1310 Deos,

1126 1311 1256 1345 Lucem
1287 1319 1321 1346 et
1349 1312 1487 1358 Hylen:
1531 1314 1765 1349 defendebant
1796 1317 1905 1350 fatum
1943 1318 2114 1359 Stoicum,

1126 1362 1274 1406 ineptias
1301 1364 1343 1396 de
1365 1364 1466 1397 astris
1489 1371 1608 1397 contra
1631 1372 1739 1399 artem
1765 1367 1807 1399 de
1825 1368 1978 1402 motibus
2001 1371 2113 1403 coele-

1126 1412 1238 1445 stibus
1255 1413 1447 1454 docebant,
1474 1426 1616 1458 prorsus
1640 1416 1808 1450 tollebant
1833 1418 2027 1454 libertatem
2047 1418 2113 1454 hu-

1126 1474 1250 1495 manae
1271 1464 1472 1499 voluntatis.
1533 1464 1684 1510 Reliqua
1717 1478 1756 1499 ex
1788 1464 1990 1503 haeresibus
2015 1479 2114 1506 erant

1126 1513 1256 1548 addita.
1316 1513 1387 1547 Nec
1410 1515 1453 1547 de
1475 1512 1635 1556 Christo,
1668 1528 1732 1549 nec
1762 1518 1805 1550 de
1830 1517 1965 1563 Spiritu
1995 1529 2114 1556 sancto

1126 1570 1217 1596 recte
1228 1564 1444 1605 sentiebant,
1467 1565 1629 1599 scelerate
1645 1566 1839 1609 fingebant,
1859 1577 2014 1603 autorem
2033 1584 2114 1606 suae

1125 1620 1234 1646 sectae
1262 1612 1530 1655 Manichaeum,
1565 1616 1669 1649 fuisse
1692 1617 1793 1649 illum
1818 1618 1932 1661 ipsum
1956 1620 2116 1655 Paracle-

1124 1670 1217 1704 tum,
1244 1676 1348 1709 quem
1366 1663 1526 1698 Christus
1551 1667 1727 1709 promisit:
1761 1667 1964 1705 iactitabant
1987 1684 2023 1704 se
2044 1673 2115 1706 suis

1125 1714 1251 1748 ritibus
1277 1716 1444 1759 consequi
1470 1713 1737 1751 enthusiasmos.
1797 1717 1893 1754 Haec
1918 1723 2024 1764 pestis
2047 1724 2114 1757 late

1125 1772 1245 1806 vagata
1277 1772 1345 1805 est,
1394 1767 1594 1808 praesertim
1635 1768 1671 1800 in
1707 1767 1837 1802 Africa.
1908 1771 2022 1806 Tanta
2064 1781 2114 1807 est

1126 1815 1256 1847 diaboli
1281 1816 1454 1858 potentia,
1488 1824 1526 1850 ut
1551 1818 1716 1851 omnibus
1742 1820 1913 1854 aetatibus
1930 1819 2114 1856 horribili-

1125 1872 1177 1898 ter
1201 1865 1367 1899 dilaceret
1391 1864 1594 1899 Ecclesiam.
1652 1867 1742 1901 Cum
1769 1870 1876 1913 igitur
1895 1871 2114 1915 Augustinus

1125 1927 1242 1948 errore
1266 1916 1406 1956 aetatis,
1433 1923 1598 1962 tanquam
1621 1920 1736 1952 ventis
1761 1920 1797 1952 in
1825 1919 1886 1955 has
1907 1932 2014 1958 svrtes
2034 1925 2113 1958 Ma—

1124 1963 1352 1999 nichaeorum
1390 1967 1526 2001 delatus
1568 1975 1673 2010 esset,
1725 1963 1932 2014 paulatims
1967 1981 2005 2007 ut
2041 1984 2114 2010 erat

1124 2028 1245 2049 amans
1282 2016 1454 2056 veritatis,
1493 2019 1659 2052 attentius
1697 2021 1918 2055 considerare
1953 2025 2112 2068 dogmata

1125 2067 1248 2110 coepit.
1309 2065 1551 2110 Deprehendit
1580 2069 1686 2111 igitur
1719 2072 1906 2106 vanitatem
1935 2082 2046 2108 sectae
2076 2077 2112 2109 in

1123 2117 1278 2150 materiis
1302 2115 1576 2162 philosophicis,
1611 2127 1649 2153 ut
1674 2120 1746 2164 ipse
1772 2122 1906 2168 inquit,
1933 2125 2014 2169 quia
2035 2126 2114 2159 Ma-

1124 2165 1261 2200 nichaei
1288 2168 1362 2201 sine
1378 2166 1609 2203 Arithmetica
1629 2172 1814 2207 tradebant
1839 2181 1954 2208 motus
1976 2182 2008 2209 et
2029 2189 2114 2210 con-

1124 2229 1260 2261 gressus
1287 2219 1452 2263 syderum
1485 2222 1747 2255 commenticios
1783 2230 1816 2257 et
1842 2225 2036 2267 fabulosos,
2074 2240 2112 2262 ae

1124 2275 1318 2312 pugnantes
1349 2281 1428 2302 cum
1453 2282 1533 2303 vera
1559 2273 1830 2315 computatione.
1891 2274 2010 2318 Quare
2032 2289 2111 2311 cum

1125 2330 1236 2352 annos
1256 2330 1385 2352 novem
1409 2331 1446 2352 tn
1470 2332 1507 2353 ea
1529 2328 1619 2355 secta
1643 2330 1798 2356 versatus
1821 2332 1926 2367 esset,
1961 2333 1993 2360 et
2015 2339 2112 2361 exer-

1125 2370 1250 2403 cuisset
1264 2368 1450 2410 Doctores,
1479 2382 1517 2404 ac
1532 2372 1741 2406 nominatim
1760 2373 1949 2418 Faustum,
1978 2389 2111 2412 errores

1124 2420 1298 2461 refutans,
1320 2432 1393 2453 non
1417 2420 1477 2453 ille
1502 2422 1643 2466 quidem
1662 2430 1745 2456 tunc
1769 2425 1939 2460 eluctatus
1955 2435 2023 2469 est,
2049 2431 2106 2461 sed

1125 2478 1240 2504 tamen
1257 2471 1407 2514 probare
1424 2477 1455 2504 et
1473 2483 1589 2505 amare
1611 2480 1736 2507 sectam
1754 2476 1867 2510 desiit.
1922 2477 2036 2512 Mater
2054 2479 2109 2511 in-

1126 2529 1217 2555 terea
1239 2521 1388 2554 assiduis
1411 2519 1599 2567 lachrymis
1623 2535 1640 2557 a
1660 2523 1734 2558 Deo
1753 2527 1891 2570 petebat
1909 2527 1972 2561 filii
1990 2541 2109 2562 emen-

1126 2571 1314 2605 dationem.
1374 2569 1422 2605 Et
1444 2574 1598 2607 ostendit
1623 2572 1719 2608 Deus
1742 2588 1777 2610 se
1802 2577 1878 2621 pios
1906 2579 2052 2621 gemitus
2076 2586 2107 2611 et

1125 2634 1206 2656 vera
1231 2629 1311 2656 vota
1336 2623 1512 2657 exaudire.
1570 2624 1751 2660 Divinitus
1772 2628 1866 2660 enim
1895 2628 2037 2668 accidit,
2069 2635 2108 2661 ut

1126 2671 1346 2716 Augustinus
1377 2685 1455 2708 cum
1486 2673 1637 2710 Romam
1663 2677 1871 2719 traiecisset,
1913 2679 2110 2712 mitteretur

1426 2724 1475 2759 29
