2338 2958
203 159 276 194 307

205 243 380 279 studiosos
410 239 557 284 optarim
589 237 624 269 in
650 234 870 269 Germanicis
892 235 997 267 rebus
1023 233 1194 266 ornandis

207 295 405 332 elaborare,
432 290 512 335 quia
537 289 637 320 video
660 285 840 329 Principes
865 292 1002 318 nostros
1027 284 1195 317 laudatis-

208 345 306 379 simis
338 342 495 384 Regibus
523 345 626 382 atque
656 335 948 379 imperatoribus,
983 333 1128 367 Graecis
1161 340 1196 367 et

208 393 391 430 Romanis,
416 390 511 423 omni
531 389 700 422 virtutum
719 398 843 429 genere
863 398 960 429 pares
978 397 1060 419 esse.
1095 384 1195 427 Qua-

210 459 247 480 re
276 441 410 476 institui
445 440 640 473 orationem
673 438 715 470 de
748 437 932 470 Friderico
960 436 1195 475 Aenobarbo,

211 495 309 529 cuins
342 492 403 525 etsi
438 503 490 523 res
522 497 632 532 gestas
663 499 938 521 commemorare
973 497 1094 519 omnes
1125 497 1197 518 non

212 556 370 590 possum,
395 549 510 575 tamen
525 541 695 585 quaedam
715 538 892 579 eligemus,
920 549 959 570 ex
977 537 1106 582 quibus
1124 536 1198 568 eius

213 594 418 637 magnitudo
435 592 543 624 animi
562 598 665 635 atque
681 587 838 626 consilii,
866 588 966 627 fides,
992 586 1200 625 constantia,

212 647 322 691 pietas
349 642 538 677 existimari
569 645 752 685 poterunt,
778 645 817 671 ut
841 637 1045 680 intelligatis
1064 637 1199 669 nullam

212 697 243 730 ei
264 696 429 728 virtutem
453 693 595 736 dignam
620 691 696 723 viro
720 700 846 731 magno
866 696 899 722 et
920 689 1014 721 bono
1034 686 1198 730 Principe

213 746 374 781 defuisse.
426 743 511 777 Peto
540 749 654 775 autem
690 752 707 772 a
736 739 837 772 vobis
873 745 912 772 ut
936 750 1048 783 aequo
1083 738 1201 770 animo

214 795 305 831 lianc
321 808 432 829 meam
450 792 737 826 declamationem
756 789 918 829 audiatis,
946 802 1013 833 qua
1032 788 1069 820 in
1087 800 1123 821 re
1141 799 1202 820 xos

214 859 356 893 quoque
380 844 516 889 pietatis
542 844 681 875 laudem
708 839 892 880 auferetis,
926 839 955 872 si
983 851 1104 872 eorum
1127 844 1201 870 stu-

215 899 326 937 dium,
350 896 410 941 qui
425 901 569 927 sumunt
588 904 730 936 operam
749 892 783 923 in
805 890 914 935 patria
931 890 1103 929 ornanda,
1122 900 1204 932 pro-

214 950 300 982 bare
327 958 387 979 vos
413 944 666 988 significabitis.
727 940 803 974 Etsi
834 949 949 974 autem
979 940 1070 973 solet
1100 939 1202 972 initio

215 998 338 1033 multis
364 995 533 1030 encomiis
560 996 602 1027 de
627 992 764 1037 generis
789 991 975 1025 nobilitate
996 990 1087 1030 dici,
1121 989 1204 1035 quia

216 1049 349 1084 semina
374 1046 513 1080 virtutis
547 1043 732 1089 propagari
755 1055 773 1076 a
803 1042 906 1075 bonis
937 1041 1142 1086 parentibus
1168 1040 1204 1072 in

217 1107 373 1144 posteros
395 1097 657 1136 existimantur,
684 1101 798 1127 tamen
816 1105 877 1136 ego
897 1090 953 1125 liic
974 1091 1116 1125 brevior
1135 1103 1206 1128 ero,

217 1151 299 1196 quia
324 1161 394 1182 non
421 1155 531 1192 potest
555 1158 626 1179 esse
656 1145 801 1177 obscura
834 1143 1001 1176 nobilitas
1027 1142 1102 1175 eius
1130 1141 1208 1181 viri,

217 1201 279 1247 qni
309 1201 346 1233 in
376 1198 507 1232 familia
532 1195 759 1240 Imperatoria
793 1202 895 1227 natus
919 1201 985 1227 est:
1021 1192 1207 1227 Conradus

217 1251 311 1285 enim
338 1257 482 1294 patruus
496 1247 665 1281 Friderici
691 1246 757 1279 fuit
780 1245 985 1289 Imperator.
1038 1243 1102 1276 llla
1125 1255 1206 1275 vero

217 1302 330 1335 maior
354 1302 429 1334 laus
452 1306 519 1339 est,
546 1299 639 1343 quod
670 1309 741 1329 non
759 1296 873 1329 solum
893 1308 963 1328 non
983 1293 1207 1337 degeneravit

217 1366 236 1386 a
251 1352 456 1390 maioribus,
476 1350 534 1381 sed
553 1349 658 1381 etiam
674 1347 816 1388 ingenio
833 1353 866 1379 et
883 1346 1012 1378 virtute
1030 1356 1089 1377 eos
1105 1345 1207 1386 longe

218 1402 405 1447 superavit.
458 1398 523 1432 Est
541 1406 573 1432 et
591 1398 680 1431 illud
700 1396 868 1429 indicium
888 1396 1085 1440 praeclarae
1103 1401 1134 1427 et
1149 1407 1208 1437 ge-

218 1465 361 1487 nerosae
379 1450 521 1490 indolis,
549 1451 642 1494 quod
661 1460 741 1481 cum
756 1447 944 1491 imperium
964 1446 1066 1479 multi
1085 1452 1209 1489 poten-

218 1504 344 1539 tissimi
363 1502 544 1544 Principes
563 1499 758 1538 ambirent,
788 1505 902 1531 tamen
919 1494 1097 1530 Electores
1115 1493 1208 1528 bunc

218 1551 563 1595 iuvenemssmnibus
581 1550 834 1594 praetulerunt,
861 1547 956 1592 quod
975 1559 1046 1579 non
1062 1545 1207 1579 accidis-

218 1612 289 1646 set,
317 1605 384 1637 nisi
408 1601 572 1635 eluxisset
595 1601 631 1633 in
659 1613 698 1632 eo
726 1598 916 1641 singularis
940 1597 1092 1636 indoles,
1119 1607 1209 1640 quae

218 1668 313 1700 spem
333 1654 479 1687 faciebat
501 1652 659 1684 futurum
685 1662 802 1694 parem
830 1648 990 1681 maximis
1015 1649 1119 1680 rebus
1143 1659 1208 1689 gu-

219 1705 413 1740 bernandis
439 1711 470 1737 et
494 1703 667 1744 gerendis.
721 1699 843 1744 Neque
868 1711 950 1732 vero
972 1698 1094 1731 fefellit
1120 1695 1208 1729 banc

218 1769 313 1801 spem
334 1755 557 1790 Eiet-torum,
586 1752 700 1786 statim
727 1751 820 1783 enirn
848 1749 949 1782 initio
970 1748 1109 1792 lmprrii
1134 1761 1209 1779 ino-

218 1807 401 1841 ‹leratione
425 1817 462 1837 ac
482 1803 610 1836 virtute
635 1801 794 1846 perfecit,
821 1813 863 1833 ne
881 1812 1080 1844 quenquam
1104 1796 1209 1830 liuius

220 1857 340 1891 iudicii
360 1855 565 1899 poeniteret.
607 1852 696 1886 Nam
714 1865 792 1885 cuin
809 1851 992 1894 accepisset
1011 1849 1209 1893 imperium,

219 1906 309 1942 niliil
329 1908 425 1950 prius
444 1903 584 1943 habuit,
613 1917 716 1948 quam
739 1909 775 1935 ut
796 1903 890 1934 domi
915 1913 1033 1945 pacem
1051 1901 1126 1932 sine
1144 1912 1208 1943 pu-

220 1960 314 1992 blico
337 1965 432 1990 motu
457 1964 489 1989 ct
513 1955 662 1987 consilio
689 1954 804 1997 potius
827 1964 932 1997 qnam
953 1951 1060 1984 armis
1078 1950 1209 1983 consti-

220 2016 348 2043 tueret:
391 2006 643 2040 dissentiebant
674 2005 768 2036 euim
803 2003 895 2036 inter
925 2014 958 2034 se
990 2001 1145 2034 Bavarus
1176 2007 1208 2034 et

219 2060 441 2095 Austrinos,
480 2055 729 2099 potentissimi,
757 2061 793 2086 ut
814 2066 906 2086 nunc
926 2064 1086 2097 quoque.
1116 2051 1205 2084 Ger-

221 2111 357 2142 inaniae
374 2109 564 2151 Principe-s,
619 2105 705 2139 Erat
728 2113 841 2137 autem
865 2103 1043 2136 contentio
1061 2104 1103 2135 de
1129 2101 1207 2133 liui-

222 2162 298 2198 bus,
318 2168 350 2193 et
368 2161 497 2192 bellum
519 2158 658 2201 parabat
675 2164 832 2199 uterque.
861 2154 967 2195 Quod
988 2154 1013 2186 si
1033 2166 1102 2185 non
1121 2159 1207 2185 esset

219 2222 423 2254 oppressum
451 2208 632 2249 diligentia
659 2206 827 2240 Fridrrici
857 2204 1100 2248 {impet-anais,
1135 2205 1206 2235 cxi-

221 2263 300 2293 tiale
336 2261 453 2293 suisset
491 2259 671 2292 uuniversac·
697 2257 921 2290 Germaniae.
982 2253 1056 2287 Etsi
1089 2261 1205 2287 nutv-n

220 2312 418 2345 fridericus
441 2311 580 2354 utrique
598 2316 764 2351 cognatus
787 2314 879 2345 rrat„
908 2313 1023 2339 tamt-n
1044 2305 1206 2338 Austrin-

218 2375 297 2395 cnm
333 2361 494 2405 proprius
524 2361 725 2401 attingebat.
790 2357 909 2402 ltaque
941 2355 995 2389 liic
1028 2356 1204 2399 specimen

217 2414 391 2455 egregium
409 2411 659 2444 moderationis
676 2417 778 2454 atque·
794 2408 977 2452 aequitatis
998 2419 1078 2439 sua(-
1105 2419 1205 2450 prae-

217 2465 304 2496 buit.
343 2463 418 2495 Nun
439 2464 530 2495 euim
549 2459 642 2494 bunc
662 2460 824 2504 practulit
844 2458 989 2496 linaro„
1009 2471 1079 2490 nou
1098 2458 1204 2499 magis

215 2515 352 2555 cognati
372 2522 482 2556 parte-s
501 2514 646 2545 tut-udas
662 2512 726 2545 sibi
749 2510 901 2554 putavit,
929 2523 1032 2553 quam
1055 2510 1087 2541 in
1109 2521 1203 2539 rum-

215 2578 320 2597 munu·
339 2564 410 2607 pari
431 2564 696 2597 consulendum.
736 2562 807 2593 lum
822 2574 899 2592 rum
919 2567 1060 2603 propter
1076 2572 1202 2601 cogna-

216 2616 345 2649 tionem
373 2615 450 2658 plus
482 2615 608 2645 valeret
637 2613 728 2655 apud
758 2612 998 2649 Austri-irum,
1034 2610 1201 2655 persuasit

213 2667 262 2706 ei.
300 2673 333 2699 ut
364 2668 406 2697 de
434 2677 496 2697 suo
528 2665 601 2695 iure
635 2664 749 2706 potius
777 2664 966 2694 conca-‹tort-
992 2674 1029 2694 ac
1056 2661 1202 2702 regri-di,

212 2729 314 2762 ‘suain
335 2716 494 2760 progredi
514 2715 738 2751 vellendam-1
759 2711 822 2746 liuc
839 2714 998 2757 publicar
1018 2714 1089 2756 paci
1109 2712 1200 2744 (irr-

670 149 829 185 DECL.
882 146 954 183 DE
987 145 1326 182 FRIDERICO
1360 144 1772 185 BARBAROSSA.

2162 148 2239 184 308

1245 231 1401 271 maniae,
1435 231 1532 264 daret
1557 230 1722 273 auspiciis
1748 231 1804 265 sui
1825 231 1976 277 imperii.
2028 230 2075 267 Et
2093 238 2132 266 ut
2151 229 2244 268 hanc

1246 283 1415 316 iacturam
1451 281 1589 314 facilius
1617 281 1742 322 ferret,
1778 282 1875 317 auxit
1900 280 2036 316 honore
2068 283 2243 317 familiam

1246 332 1479 367 Austriacam.
1529 329 1619 365 Cum
1638 331 1733 364 enim
1748 337 1851 365 antea
1869 330 2100 367 Marchiones
2116 341 2246 376 essent,

1246 391 1330 417 tunc
1350 383 1393 416 ab
1413 381 1626 426 [inperatore
1643 382 1760 415 ducali
1786 382 1890 416 titulo
1909 383 2025 417 ornati
2041 391 2136 420 sunt.
2194 384 2244 419 lta

1248 441 1280 467 et
1304 433 1442 466 Bavaro
1464 432 1639 477 aequitate
1669 432 1894 476 Imperatoris
1926 434 2127 477 amplificati
2162 442 2245 469 sunt

1250 485 1334 517 fines
1349 491 1381 518 et
1397 496 1498 517 causa
1518 483 1670 526 ingentis
1690 483 1775 516 belli
1790 484 1926 517 sublata
1946 491 2009 517 est.
2060 484 2243 527 Quantum

1250 542 1366 568 autem
1384 534 1497 567 laudis
1513 531 1598 567 haec
1615 533 1811 567 moderatio
1834 533 1870 566 in
1886 533 2053 578 Principe
2072 543 2245 570 mereatur

1252 598 1322 619 non
1350 592 1399 618 est
1415 586 1616 620 obscurum.
1668 583 1775 617 'Nulla
1795 585 1890 618 enim
1905 585 2018 618 virtus
2041 585 2173 628 gratior
2195 593 2247 621 est

1252 637 1289 668 in
1309 635 1534 679 Principibus
1551 642 1582 669 et
1600 633 1754 679 Reipub.
1772 635 1882 678 magis
1904 635 2118 677 necessaria,
2140 648 2246 681 quam

1253 686 1397 731 privatis
1419 686 1600 719 affectibus
1623 692 1655 719 et
1679 686 1876 719 commodis
1902 685 2077 729 publicam
2098 687 2246 720 salutem

1252 749 1334 770 suae
1354 736 1488 780 patriae
1513 737 1697 769 anteferre.
1751 736 1858 770 Nulla
1877 744 1927 772 est
1945 736 2091 770 victoria
2114 737 2247 781 glorio-

1255 787 1343 826 sior,
1378 799 1482 831 quam
1508 782 1671 820 cohibere
1694 786 1854 821 animum
1880 793 1912 820 et
1936 788 1979 820 de
2004 787 2147 832 proprio
2172 788 2248 822 iure

1255 837 1386 882 aliquid
1414 844 1555 880 propter
1571 849 1794 870 communem
1815 838 2107 882 tranquillitatem
2125 839 2248 872 remit-

1256 896 1353 922 tere..
1395 889 1510 929 Quam
1530 888 1657 921 multas
1678 888 1824 931 legimus
1844 888 2002 922 civitates
2021 901 2156 922 eversas
2175 901 2248 923 esse

1257 937 1460 981 Principum
1481 938 1674 971 ambitione
1692 945 1723 970 et
1742 939 1943 982 pertinacia,
1968 939 2029 984 qui
2048 939 2250 974 maluerunt

1257 989 1375 1023 omnia
1403 988 1517 1031 potius
1534 989 1678 1022 miscere
1694 1001 1732 1021 ac
1755 988 1792 1021 in
1808 1000 1924 1023 casum
1942 991 2042 1029 dare,
2070 1002 2175 1034 quam
2195 990 2249 1023 vi-

1257 1040 1331 1073 deri
1348 1040 1401 1072 vel
1419 1039 1598 1072 tantillum
1616 1039 1693 1072 aliis
1711 1039 1846 1073 civibus
1863 1039 2014 1075 cessisse.
2065 1039 2161 1074 Haec
2176 1052 2249 1074 una

1258 1090 1323 1123 suit
1341 1091 1442 1123 can‘sa
1460 1090 1617 1123 civilium
1635 1090 1851 1135 tumultuum
1867 1089 2004 1125 Romae
2023 1089 2140 1132 Marii,
2167 1090 2249 1136 Syt-

1260 1142 1331 1179 lae,
1360 1140 1516 1184 Pompei.
1569 1140 1638 1173 Sed
1665 1139 1753 1173 nibil
1773 1152 1861 1184 opus
1887 1148 1937 1174 est
1954 1148 2069 1175 vetera
2087 1142 2249 1176 recitare:

1261 1199 1329 1225 tuta
1366 1191 1437 1223 vita
1471 1191 1716 1235 exemplorum.
1748 1189 1853 1225 liuius
1880 1192 2015 1235 generis
2050 1192 2152 1236 plena
2188 1199 2249 1226 est.

1263 1243 1341 1275 lure
1360 1241 1466 1284 igitur
1482 1241 1653 1274 Friderici
1671 1242 1858 1275 consilium
1877 1243 2093 1276 laudandum
2109 1249 2170 1284 est,
2188 1243 2250 1288 qui

1260 1305 1338 1326 cum
1364 1292 1435 1335 ipse
1455 1293 1696 1326 moderatione
1717 1305 1853 1326 summa
1876 1305 1958 1327 usus
1976 1301 2045 1334 est,
2073 1300 2146 1327 tum
2167 1305 2249 1327 vero

1260 1350 1408 1385 cognato
1442 1341 1598 1386 Principi
1635 1350 1738 1376 autor
1773 1343 1856 1384 suit,
1893 1351 1931 1377 ut
1966 1344 2059 1387 pacis
2088 1345 2249 1388 publicae

1260 1405 1362 1426 causa
1387 1390 1554 1425 nonnihil
1580 1394 1623 1426 de
1655 1394 1731 1426 inre
1759 1406 1821 1426 suo
1853 1395 2070 1429 concederet.
2128 1393 2251 1428 Exteri

1263 1442 1424 1476 homiues
1442 1455 1480 1475 ac
1499 1442 1650 1476 nimium
1669 1442 1841 1489 (simmei
1862 1452 1999 1478 nostros
2021 1443 2250 1489 lmperatores

1261 1494 1439 1538 appellant
1465 1493 1632 1527 barbaros
1658 1503 1690 1528 et
1715 1495 1848 1538 impetu
1878 1495 1986 1537 magis
2011 1495 2119 1528 animi
2144 1508 2250 1540 quain

1262 1545 1396 1577 ratione
1410 1544 1552 1587 gessisse
1567 1545 1685 1578 omnia
1706 1545 1871 1579 iudicant.
1926 1545 1993 1579 Sed
2012 1558 2090 1579 cum
2108 1547 2175 1580 alia
2194 1546 2250 1579 in-

1262 1595 1358 1628 finita
1376 1602 1576 1628 nostrorum
1593 1594 1797 1640 Principum
1813 1596 1988 1640 sapienter
2004 1598 2251 1642 moderateque

1261 1647 1366 1685 s..cta,
1393 1652 1564 1679 testantur
1581 1645 1630 1679 eis
1649 1646 1778 1679 iniuste
1803 1647 2000 1680 barbariem
2018 1648 2146 1689 obiici,
2173 1655 2249 1682 tum

1262 1709 1344 1729 vero
1364 1693 1446 1729 baec
1465 1695 1636 1730 Friderici
1656 1697 1846 1741 pacificatio
1867 1699 2018 1732 declarat
2037 1699 2067 1731 ei
2086 1711 2147 1732 nec
2165 1711 2250 1743 pru-

1261 1747 1415 1780 dentiam
1449 1747 1485 1779 in
1511 1748 1741 1780 conciliandis
1767 1749 2007 1782 xoluutatibus
2031 1748 2250 1794 Principum,

1263 1810 1324 1830 nec
1341 1797 1545 1840 gravitatem
1562 1799 1723 1837 defuisse,
1751 1800 1834 1831 dum
1853 1799 2027 1842 publicam
2048 1801 2250 1845 tranquilli·

1262 1855 1366 1881 tatem
1387 1848 1531 1892 privatis
1549 1849 1730 1882 allec-tibus
1750 1850 1924 1892 praetulit.
1980 1849 2073 1883 llaec
2096 1851 2250 1894 auspicia

1264 1899 1399 1942 imperii
1429 1899 1536 1942 ipsius
1562 1907 1593 1932 et
1620 1900 1682 1943 ipsi
1709 1901 1930 1934 autoritatem
1949 1901 2249 1934 benevolentiam-

1261 1962 1327 1993 que
1344 1950 1596 1990 conciliarunt,
1619 1957 1650 1983 et
1674 1963 1768 1994 spem
1790 1952 1956 1984 uninnibus
1976 1953 2139 1994 gentibus
2168 1951 2248 1985 iusti

1262 2008 1293 2032 rt
1311 2001 1479 2033 moderati
1501 2001 1637 2044 imperii
1657 2002 1906 2044 praebuerunt,
1934 2015 2004 2046 quo
2021 2014 2133 2047 neque
2148 2008 2249 2046 opta-

1263 2051 1367 2100 bilius
1384 2051 1577 2096 quidquam
1595 2052 1750 2084 accidi-re
1769 2053 2011 2095 prudentibus,
2040 2065 2151 2097 neque
2170 2053 2248 2096 pul-

1261 2099 1379 2134 cltrior
1414 2114 1466 2134 res
1500 2109 1532 2134 et
1567 2103 1811 2135 admirabilior
1838 2103 1981 2135 existi-re
2015 2104 2086 2136 ulla
2123 2111 2246 2147 potest.

1265 2151 1335 2185 Etsi
1361 2160 1476 2185 autem
1499 2153 1707 2196 aequitatem
1735 2153 1842 2185 animi
1870 2166 1911 2185 ne
1929 2161 2082 2186 armatus
2104 2154 2247 2198 quidem

1260 2203 1438 2246 deposuit,
1466 2211 1582 2236 tamen
1607 2204 1714 2245 inagis
1742 2204 1829 2236 lucet
1849 2204 1921 2236 eius
1941 2204 2051 2237 virtus
2069 2204 2104 2237 in
2123 2202 2176 2238 liis
2194 2217 2248 2238 re-

1261 2255 1324 2286 bus
1341 2266 1427 2298 (puts
1443 2254 1535 2287 bellu
1553 2255 1673 2295 gessit.
1701 2267 1803 2298 quam
1823 2255 1856 2286 iu
1876 2262 1962 2296 tuga.
2007 2254 2167 2300 Cumque
2186 2268 2247 2289 va-

1262 2305 1330 2337 riae
1349 2305 1417 2338 sint
1435 2305 1655 2346 iugi-morum
1678 2305 1711 2336 iu
1733 2303 2007 2348 {inperatoribus
2030 2307 2179 2350 species,
2209 2306 2245 2339 in

1259 2355 1335 2387 aliis
1362 2355 1538 2389 cunctatio
1565 2355 1745 2394 laudatur,
1779 2357 1814 2388 iu
1844 2355 2062 2395 ,tlt-mnam,
2091 2357 2126 2389 in
2154 2355 2244 2390 lulio

1258 2406 1435 2443 celi-ritas,
1478 2403 1533 2438 bic
1566 2414 1683 2438 noster
1711 2405 1920 2449 imper-tur,
1959 2407 2150 2440 Alexandri
2180 2407 2244 2440 ali-

1257 2464 1388 2500 quanto
1405 2457 1554 2489 similior
1580 2457 1641 2490 suit
1662 2457 1852 2489 dimicandi
1878 2458 2048 2501 cupidus,
2072 2470 2244 2502 nusquam

1256 2509 1458 2541 ‹lt-trrctaxit
1478 2520 1628 2550 pugnaui
1649 2508 1752 2540 etiam
1773 2509 1856 2541 lucis
1876 2509 2016 2552 iniquis.
2042 2509 2246 2542 obsidiones

1258 2572 1269 2590 x
1282 2561 1312 2591 ix
1331 2572 1484 2603 unquam
1503 2559 1571 2590 sols
1584 2561 1620 2596 it,
1649 2571 1760 2602 nequ«-
1778 2566 1891 2591 tamen
1909 2567 2041 2591 otiosus
2060 2560 2187 2593 assedit
2209 2560 2243 2593 in

1255 2612 1394 2648 rastris„
1422 2613 1479 2642 srd
1507 2611 1675 2642 continuo
1706 2622 1912 2652 oppugnans
1941 2610 2063 2647 urbes=
2093 2610 2243 2644 instabat

1256 2658 1432 2697 hostibus.
1459 2667 1493 2693 ut
1521 2674 1599 2692 cum
1624 2660 1804 2693 intervalla
1831 2661 1871 2692 ad
1895 2661 2145 2704 quit-scendum
2171 2674 2242 2694 nun

1254 2712 1336 2746 satis
1357 2714 1540 2745 commoda
1558 2709 1745 2749 baberent,
1775 2711 1922 2744 tolerare
1941 2712 2160 2745 obsidionem
2181 2713 2242 2745 diu
