2338 2958
87 111 136 147 65

86 197 188 232 facile
206 203 256 229 est
277 195 443 228 iudicare.
471 190 557 227 ¹Nec
573 193 667 227 videt
686 205 788 226 senex
806 193 866 226 ille
892 190 1076 238 syntlwsiu

87 261 159 282 esse
176 246 457 290 grammaticam,
485 257 563 278 cuni
589 245 793 277 uuiversum
812 255 930 276 sexum
947 243 1076 287 plurali

87 299 196 331 verbu
215 296 469 340 complectitur.
522 295 659 329 Similia
677 293 803 328 horum
827 295 981 337 exempla
1005 305 1075 325 nou

86 360 167 383 rara
200 347 437 391 suppeditabit
474 346 702 390 quotidianus
736 345 948 388 scriptorum
984 356 1077 378 usus.

86 398 270 433 Postremo
288 409 390 442 quam
409 396 513 429 aliam
541 397 586 429 ob
610 407 746 429 causam
764 393 948 438 sophista«-
973 395 1077 427 sacris

86 449 188 483 libris
218 448 402 490 ablegatis,
436 459 569 480 novum
596 444 812 488 Theologiae
842 458 950 489 genus
979 458 1078 487 repe-

86 512 176 538 rere,
198 511 301 544 quam
321 499 413 543 quod
434 498 576 530 illorum
594 508 804 536 sermonem,
833 503 866 529 et
883 496 1076 528 disserendi

87 551 259 584 rationem
276 561 347 581 non
363 547 667 593 adsequebantur?
690 547 851 590 Quorum
869 547 1076 590 exemplum,

88 601 117 634 si
134 613 236 646 quein
255 612 273 632 a
291 599 452 632 barbarie
469 611 539 631 non
555 599 724 638 deterret,
748 597 776 629 is
793 598 974 634 fustuario,
1004 609 1076 629 non

89 651 248 684 oratione
269 651 488 692 castigandus
507 655 573 681 est:
601 661 681 681 nam
700 649 726 681 si
746 648 935 692 perrexerit
953 649 1077 679 iuven-

87 709 144 736 tus
160 703 270 734 bonas
289 701 406 734 literas
421 706 654 739 contemnere,
682 697 774 732 haud
791 699 900 731 dubie
918 699 1076 731 futurum

89 759 157 795 est,
185 751 328 795 optimis
349 750 534 793 neglectis,
561 757 600 783 ut
619 761 738 782 rursus
757 762 872 783 sacrae
895 750 1078 793 bonaeque

89 815 144 836 res
168 813 289 835 omnes
313 813 448 845 pessum
476 807 567 835 eant,
620 799 772 833 Fallitur
802 799 896 833 enim
922 800 1079 844 quisquis

88 854 206 887 verbis
229 860 383 891 tantuin,
416 863 489 883 non
513 851 616 884 etiam
642 859 758 885 niente
786 852 954 884 barbaros
973 851 1077 882 tuisse

91 901 363 946 Theologastros
385 902 468 935 istos
485 909 612 937 censet.
666 901 736 934 lam
754 902 782 935 si
798 903 939 948 quando
955 900 1079 934 Eccle—

83 954 265 988 ·siasticnm
299 954 424 995 dogma
457 954 628 986 tuendum
663 953 788 991 fuerit,
831 953 914 998 quid
950 963 1078 996 quaeso

89 1004 281 1050 praestabit
303 1004 349 1043 is,
376 1003 537 1048 quiquid
557 1003 698 1043 sentiat,
725 1004 897 1048 explicare
916 1015 987 1035 non
1014 1015 1079 1046 po-

91 1056 182 1090 test?
219 1053 276 1087 An
296 1054 543 1087 confusaneam
560 1054 712 1098 aliquam
729 1066 767 1087 ac
783 1054 928 1086 stoicam
948 1053 1078 1086 oratio-

91 1118 173 1139 nem
202 1105 350 1145 adseret,
377 1105 413 1136 in
433 1116 500 1149 qua
518 1105 561 1136 de
584 1105 771 1137 verborum
792 1104 1079 1148 interpunctione

90 1155 247 1190 rixetur?
282 1154 339 1187 Ab
363 1152 428 1187 hoc
452 1155 592 1188 auditor
617 1167 695 1188 cum
726 1156 911 1199 cxpectarit
945 1154 1079 1199 perspi-

91 1219 192 1241 cuam
229 1205 315 1238 sacri
350 1205 523 1247 dogmatis
557 1206 819 1246 tractationem,
864 1206 1007 1249 perinde
1042 1218 1079 1238 ac

90 1255 196 1292 hians
212 1267 336 1289 corvus
353 1256 526 1296 discedet,
553 1256 613 1288 diu
633 1257 758 1290 frustm
778 1257 932 1290 molestis
953 1257 1079 1289 distin-

91 1307 268 1342 ctionibus
284 1306 458 1348 fatigatus.
499 1305 618 1351 ltaque
633 1319 720 1351 quos
739 1308 876 1351 pietatis
895 1314 989 1340 tenet
1005 1315 1079 1340 stu—

93 1359 212 1397 dium,
236 1357 260 1389 ii
281 1357 335 1389 vel
351 1354 510 1396 Christo,
537 1358 591 1389 vel
619 1358 777 1400 publicae
800 1358 995 1390 necessitati
1012 1356 1079 1389 Ec-

93 1408 216 1442 clesiae
232 1405 299 1440 hoc
314 1413 489 1450 praestent
502 1407 626 1447 officii,
654 1415 689 1440 ut
709 1414 799 1440 recte
817 1408 913 1452 loqui
934 1408 1081 1440 discant.

93 1459 203 1492 Vocat
219 1455 288 1490 huc
305 1457 408 1489 etiam
420 1456 560 1497 Paulus,
588 1469 665 1489 cum
687 1458 720 1489 in
732 1457 928 1490 Corinthiis
945 1458 1082 1498 lingua-

92 1522 171 1544 rum
190 1506 345 1542 studium
364 1508 510 1550 probat,
536 1507 634 1539 cuius
656 1508 823 1540 autoritas
846 1508 970 1540 merito
989 1508 1080 1551 apud

93 1572 156 1593 vos
180 1559 294 1591 valere
321 1559 444 1598 debet,
473 1557 602 1602 quibus
626 1557 663 1589 in
689 1570 748 1590 ore
772 1565 840 1591 tam
867 1558 998 1590 multus
1023 1565 1082 1590 est.

95 1608 254 1645 Indicavi
278 1608 396 1652 paucis
423 1608 506 1652 quid
540 1608 583 1640 ad
609 1608 789 1641 literarum
818 1606 1081 1652 propliauarum

94 1674 135 1696 ac
163 1670 338 1694 sacrarum
365 1658 604 1692 tractationem
630 1659 804 1692 conducat
827 1667 916 1692 recte
943 1660 1080 1692 dicendi

94 1711 251 1746 scientia.
304 1709 406 1742 Nune
423 1716 576 1742 vestrum
594 1715 643 1741 est
666 1721 743 1742 cum
769 1710 980 1752 elegantiore
1005 1711 1082 1743 lite-

95 1769 214 1797 ratura
231 1761 268 1792 in
285 1760 430 1803 gratiam
448 1759 581 1799 redire,
604 1771 750 1804 eamque
767 1760 892 1803 cupide
911 1761 1083 1802 amplecti.

98 1812 211 1846 Video
237 1811 422 1854 plerosque
447 1809 693 1852 intempestive
723 1823 910 1853 properare
935 1812 976 1842 ad
1007 1823 1084 1853 gra-

97 1863 231 1900 viores,
258 1867 297 1893 nt
319 1867 464 1899 vocant,
490 1860 712 1902 disciplinas,
741 1862 910 1904 quosdam
934 1863 976 1893 ad
1005 1861 1082 1894 lura

99 1912 285 1950 discenda,
312 1911 353 1942 ad
374 1908 589 1942 Medicinam
613 1922 689 1954 spes
708 1919 869 1954 quaestus
887 1911 996 1954 rapit,
1025 1913 1083 1944 alii

97 1964 141 1997 ad
158 1960 390 2003 Tbeologiam
406 1961 642 2000 contendunt,
669 1962 872 2006 priusquam
891 1962 1000 1995 robur
1021 1963 1086 1995 ali·

99 2014 193 2059 quod
211 2011 357 2045 fecerint
372 2011 408 2042 in
425 2010 540 2043 studio
556 2011 682 2043 artium
699 2011 850 2045 dicendi.
889 2012 958 2055 Qui
978 2013 1005 2045 si
1023 2026 1085 2046 sno

99 2075 257 2110 quaeque
273 2061 398 2107 ordine
416 2061 700 2104 adgrederentur,
724 2062 815 2095 bone
831 2061 936 2103 Deus,
953 2071 1085 2108 quanto

99 2127 173 2148 rem
199 2112 358 2146 foelicius
377 2112 562 2154 gererent?
600 2111 702 2145 Nunc
726 2113 814 2146 male
838 2120 968 2148 tentato
991 2127 1087 2148 com-

100 2165 230 2210 pendio
249 2163 313 2206 ipsi
332 2174 403 2195 sese
421 2169 616 2196 morantur.

203 2214 285 2247 Fuit
311 2214 402 2256 apud
430 2225 493 2246 nos
511 2212 630 2246 Morio
654 2214 844 2258 quispiam,
873 2215 933 2260 qui
958 2216 992 2248 in
1012 2214 1087 2249 lieri

101 2266 256 2299 culinam
281 2276 319 2296 ex
347 2275 442 2296 more
464 2263 557 2306 ligna
581 2265 729 2298 serebat:
777 2265 805 2297 is
830 2266 953 2299 solitus
976 2275 1024 2300 est
1048 2280 1085 2300 ex

103 2316 222 2350 infima
241 2321 344 2353 strue,
368 2326 404 2346 ea
420 2315 598 2353 revellere,
621 2327 709 2359 quae
724 2316 856 2348 moveri
874 2317 947 2349 sine
962 2330 1087 2360 magno

104 2366 249 2410 negocio
267 2376 337 2397 non
359 2370 528 2407 poterant.
577 2364 882 2411 Interrogatusque
899 2380 960 2401 cur
977 2369 1010 2401 id
1030 2371 1088 2402 fie-

105 2425 168 2458 ret,
196 2415 396 2459 respoudit,
423 2427 459 2448 se
477 2416 703 2449 difficilimam
721 2417 850 2450 laboris
867 2425 997 2460 partem
1019 2421 1088 2463 pri-

104 2480 200 2501 mum
229 2467 488 2505 confecturum,
520 2477 653 2499 summa
688 2467 746 2499 illa
777 2468 911 2501 facilius
938 2472 1088 2503 moseri:

105 2530 170 2551 nec
185 2518 274 2550 sidit
287 2524 455 2561 quantum
476 2517 637 2557 referret,
664 2518 798 2561 singula
815 2520 939 2551 ordine
956 2522 1089 2556 tollere,

106 2568 222 2602 Huius
238 2567 324 2600 milii
348 2567 540 2611 persimiles
561 2567 742 2609 videntur,
771 2570 829 2614 qui
850 2570 1012 2604 fastiditis
1037 2571 1090 2605 liis

107 2619 239 2652 artibus
263 2620 305 2650 ad
329 2618 492 2650 sublimia
519 2619 714 2661 provolant.
776 2620 864 2652 Nam
894 2627 925 2653 et
947 2631 1092 2664 augetur

108 2669 263 2703 discendi
281 2669 397 2709 labor,
423 2675 456 2701 et
472 2668 728 2702 incommodius
745 2671 864 2702 onmia
890 2678 1092 2713 tractantur,

160 2719 345 2753 Maiam-u.
373 2721 477 2752 Orza.
507 2721 589 2752 Vox..
618 2721 678 2752 XI.

578 106 738 143 DECL.
773 106 845 142 DE
880 104 1156 141 ENCOMIO
1190 105 1627 152 ELOQUENTIAE.

2070 114 2118 149 66

1130 205 1208 226 cum
1245 193 1403 225 nondum
1435 193 1505 227 sint
1540 195 1702 238 perpoliti
1739 196 1859 238 primis
1891 198 2114 234 rudimentis.

1129 241 1242 275 Deum
1259 243 1509 282 immortalem,
1537 258 1640 289 quam
1660 247 1870 281 infoeliciter
1886 250 1985 283 cessit
2004 251 2114 283 maio-

1130 294 1227 326 ribus
1247 294 1374 326 nostris
1400 291 1482 326 haec
1508 297 1782 340 praecipitantia.
1836 298 1981 332 Nullum
2006 312 2114 343 genus

1129 344 1256 377 artium
1281 344 1521 387 superioribus
1545 348 1669 379 seculis
1692 360 1763 381 non
1781 349 1881 382 foede
1905 362 2116 394 conspurca—

1129 401 1202 427 tum
1229 401 1279 428 est
1299 396 1342 427 ab
1369 392 1441 435 his,
1469 396 1528 439 qui
1551 409 1629 429 cum
1653 399 1880 441 elegantiores
1902 401 2018 433 literas
2043 415 2114 435 non

1129 445 1333 486 attigissent,
1351 446 1385 478 iu
1400 446 1550 489 optimas
1561 459 1714 492 quasque
1731 457 1760 482 et
1778 451 1998 490 gravissimas
2010 453 2115 485 disci-

1131 496 1243 539 pliuas
1264 503 1428 541 tauquam
1448 496 1483 528 in
1501 508 1594 529 rosas
1613 500 1705 540 porci
1725 500 1913 536 irruerunt.
1957 500 2115 537 Theolo-

1130 547 1183 589 gia
1206 546 1321 579 stultis
1345 555 1377 579 et
1400 547 1516 590 impiis
1541 550 1803 592 quaestionibus
1823 564 1963 594 prorsus
1988 555 2114 588 obruta

1130 604 1188 630 est.
1245 596 1316 639 Qui
1334 595 1599 640 Philosophiam
1624 600 1768 642 professi
1795 609 1894 641 sunt,
1924 616 1966 636 ne
1986 616 2114 638 nomen

1130 647 1272 692 quidem
1299 648 1382 681 artis
1407 649 1488 682 satis
1505 649 1760 683 intellexerunt.
1814 650 1865 684 De
1884 653 1977 693 iure,
2004 668 2115 700 aequo

1130 711 1168 730 ac
1188 699 1282 731 bono
1301 699 1373 731 fieri
1398 711 1469 732 non
1491 701 1621 742 potuit,
1649 708 1685 734 ut
1703 701 1894 746 quidquam
1919 705 1992 736 sani
2020 718 2117 739 com-

1131 749 1401 782 miniscerentur
1425 748 1480 790 hi,
1509 751 1567 794 qui
1587 752 1808 793 elegantioris
1835 753 2033 788 literaturae
2055 769 2117 789 ru-

1131 800 1191 831 des
1208 807 1322 833 erant:
1347 802 1440 844 qnod
1460 808 1490 834 et
1509 803 1621 844 ipsum
1639 803 1845 846 disciplinae
1863 816 1971 847 genus
1989 818 2027 838 ex
2044 819 2117 839 me-

1131 849 1199 882 diis
1217 849 1444 884 humanitatis
1461 853 1593 885 artibus
1611 853 1805 887 derivatum
1824 854 1882 895 sit,
1910 862 1944 889 et
1960 863 2116 890 veterum

1133 899 1465 934 Iurisconsutnwum
1494 903 1614 936 literae
1642 905 1763 947 plenae
1786 905 1855 938 sint
1879 907 2029 949 priscae,
2058 921 2117 941 ve-

1132 963 1258 996 raeque
1293 953 1515 986 eruditionis.
1571 953 1692 999 Neque
1726 967 1820 988 nunc
1855 968 1915 999 ego
1946 959 2116 992 sermonis

1131 1003 1336 1045 spurciciem
1354 1011 1488 1037 tantuin
1509 1005 1543 1036 in
1564 1006 1690 1038 artium
1712 1006 1966 1049 professoribus
1985 1020 2118 1049 accuso,

1130 1055 1189 1086 sed
1216 1053 1511 1097 imprudentiam,
1546 1068 1563 1088 a
1592 1068 1660 1100 quo
1685 1068 1719 1089 se
1745 1057 1828 1089 vitio
1855 1058 2012 1091 adserere
2043 1072 2116 1093 non

1133 1112 1290 1148 possunt,
1314 1117 1464 1149 quorum
1484 1106 1622 1149 ingenia
1640 1107 1779 1140 dicendi
1797 1108 1929 1141 artibus
1948 1122 2018 1142 non
2036 1118 2118 1144 sunt

1132 1155 1277 1190 exculta.
1331 1155 1450 1198 Quare
1468 1169 1540 1189 non
1565 1169 1658 1190 cesso
1677 1170 1737 1190 vos
1761 1156 1958 1198 adhortari,
1986 1162 2027 1193 ad
2047 1162 2117 1194 ele-

1131 1205 1268 1248 gantiae
1298 1219 1487 1251 earumque
1521 1208 1648 1241 artium
1680 1209 1854 1250 studium,
1889 1210 1963 1243 sine
1990 1213 2119 1256 quihus

1103 1288 1107 1309 t
1132 1257 1338 1301 disciplinae
1365 1258 1520 1303 reliquae
1546 1271 1616 1291 non
1651 1267 1796 1302 possunt
1822 1273 1891 1292 non
1926 1261 2117 1296 infoelicis-

1131 1308 1218 1340 sime
1234 1308 1392 1347 tractari,
1419 1310 1513 1353 quod
1532 1321 1549 1341 a
1570 1310 1668 1342 vobis
1687 1323 1748 1353 par
1767 1318 1825 1349 est,
1854 1318 1889 1343 ut
1909 1312 1961 1344 vel
1982 1314 2118 1355 publica

1132 1358 1315 1390 necessitas
1332 1359 1505 1402 impetret.
1540 1359 1628 1392 Nam
1645 1361 1705 1393 ubi
1722 1361 1924 1403 disciplinas
1941 1364 2118 1405 graviores

1133 1407 1265 1442 vitiarit
1289 1408 1486 1449 barbaries,
1520 1410 1707 1452 periclitari
1730 1412 1841 1445 solent
1869 1419 1902 1445 et
1934 1410 2118 1448 hominum

1133 1470 1260 1491 mores.
1318 1457 1381 1491 Est
1407 1459 1500 1491 enim
1530 1460 1640 1492 multo
1668 1461 1782 1494 verius
1811 1459 1892 1502 lioc,
1925 1467 2119 1508 comparari

1105 1528 1108 1554 Ι
1134 1520 1248 1541 mores
1271 1521 1310 1541 ex
1332 1509 1512 1549 doctrina,
1541 1522 1642 1554 quam
1661 1513 1753 1554 quod
1774 1511 1872 1546 Plato
1897 1515 2052 1558 scripsit,
2080 1529 2119 1550 ex

1134 1557 1356 1591 blusicoruni
1381 1560 1550 1592 cantibus.
1603 1560 1699 1593 Dixi.

1160 1746 1226 1782 No.
1244 1748 1278 1782 7.
1959 1769 2005 1787 an.
2031 1758 2121 1788 1525.

1486 1849 1562 1890 De
1593 1850 1776 1908 leqibuS.

1206 1936 1286 1997 Agud
1302 1936 1461 1996 ςτῗῐ.ΊζδῘΙγΙ.
1481 1937 1566 1996 ρίῂ1585
1580 1946 1636 1976 sqq.
1646 1938 1866 1998 h*inhDeiclalinah
1881 1940 1913 1965 Τ.
1927 1940 1947 1966 l.
1962 1950 1986 1975 p.
2000 1942 2076 1973 Ξοίη
2095 1944 2121 1969 in

1241 1980 1495 2041 '³⁸:¹L3n-m·ep··z·d
1508 1978 1755 2039 ἑέυῗῐιιὲέι-Ιηιῗνῗιῖ.
1765 1992 1784 2034 l.
1802 1975 1903 2041 1:t.¹7¹37p
1910 1976 2026 2036 §qesrlbil—
2037 1981 2123 2044 „11:¹32

1240 2045 1362 2074 tempore
1377 2041 1403 2065 in
1420 2041 1541 2066 manibus
1555 2040 1641 2066 habeo
1657 2042 1787 2075 μελέτην,
1807 2053 1858 2077 qua
1873 2043 1904 2068 de
1920 2044 2022 2078 legibus
2035 2046 2122 2072 dicam

1240 2085 1270 2100 ex
1297 2075 1404 2113 publico
1433 2075 1566 2101 instituio.
1603 2077 1674 2101 Nam
1700 2077 1784 2109 legem
1804 2078 1930 2109 tulimus,
1957 2085 1985 2105 ut
2011 2081 2123 2115 singulis

1240 2109 1377 2134 mensibus
1393 2109 1587 2135 declametur.”

1316 2191 1374 2223 De
1396 2189 1538 2236 legibus
1558 2193 1678 2224 oratio
1704 2189 1818 2225 Phil.
1847 2193 1944 2226 sslel.

1112 2285 1116 2341 ι
1139 2259 1357 2299 Desidet-ant
1381 2264 1416 2296 in
1444 2276 1498 2296 me
1516 2265 1711 2308 plusculum
1735 2267 1879 2299 sortasse
1900 2269 2044 2311 pudoris
2061 2269 2125 2302 ali-

1112 2348 1115 2357 ,
1140 2316 1218 2361 qui,
1242 2328 1320 2349 cnm
1347 2315 1494 2348 assiduis
1521 2316 1854 2357 declamationibus,
1882 2325 1914 2351 et
1939 2319 2124 2353 infantiam

1112 2359 1252 2410 lineam
1288 2367 1391 2408 vulgo
1428 2366 1591 2404 traduco,
1627 2373 1660 2400 et
1695 2364 1956 2402 humanissimis
1990 2371 2025 2403 in
2063 2368 2126 2404 liae

1141 2415 1277 2455 schola,
1306 2416 1638 2461 patientissimisque
1652 2418 1873 2451 auditoribus
1890 2420 1990 2453 toties
2006 2422 2126 2454 odiose

1141 2469 1315 2511 obstrepo.
1365 2465 1440 2509 Ego
1458 2480 1539 2500 vero
1565 2479 1713 2510 agnosco
1737 2481 1890 2502 mearum
1910 2471 2036 2504 virium
2060 2473 2126 2504 im-

1142 2519 1385 2558 becillitatem,
1413 2530 1560 2562 meoque
1581 2531 1634 2551 me
1657 2520 1743 2562 pede
1766 2521 1905 2553 metior:
1933 2528 2059 2554 etcum
2082 2524 2124 2554 de

1114 2583 1118 2608 ι,
1143 2570 1273 2612 meipso
1297 2581 1477 2601 censuram
1502 2581 1584 2612 ago,
1620 2570 1732 2602 sentio
1759 2583 1862 2615 quam
1889 2584 1958 2604 non
1992 2573 2125 2605 satissa-

1116 2610 1118 2623 ’
1143 2621 1231 2653 ciam
1270 2619 1486 2663 politissimis
1520 2621 1743 2664 quorundam
1781 2622 1935 2654 auribus.
1998 2622 2125 2655 Verum

1144 2683 1221 2704 cum
1241 2667 1486 2714 provehendae
1507 2671 1554 2703 rei
1580 2671 1753 2705 literariae
1772 2685 1890 2713 causa,
1919 2670 2002 2713 lioc,
2030 2674 2128 2718 quic-

1535 2719 1551 2729 μ

1529 2730 1552 2754 0
