2338 2958
171 127 243 164 139

168 213 270 247 Bona
287 209 384 253 vulgi
406 218 485 252 pars
508 206 599 239 ridet
622 201 828 236 sardonium
851 200 961 234 risum
980 199 1020 233 in
1043 199 1158 233 aliena

170 261 386 300 calamitate,
423 265 456 291 et
483 252 697 298 triumphat,
733 252 832 297 quasi
859 263 897 285 re
929 252 1019 285 bene
1054 256 1160 294 gesta,

169 327 189 349 a
214 323 363 358 quorum
387 308 554 354 opinione
582 303 783 346 longissime
807 314 869 336 vos
886 303 1005 336 abesse
1030 312 1160 334 conve-

170 365 235 399 nit.
288 362 408 406 Neque
436 358 529 392 enim
561 355 764 398 intelligunt
789 354 874 399 quid
905 353 956 386 illi
990 351 1072 385 urbi
1099 351 1161 384 de-

171 415 326 454 buerint,
351 417 409 444 aut
427 409 513 455 quid
527 405 731 441 detrimenti
748 416 788 438 ex
804 405 878 438 eius
892 403 1038 437 interitu
1049 402 1160 445 Resp.

171 464 350 509 acceperit.
403 459 542 494 Deinde
569 469 649 491 cum
668 456 705 489 in
728 453 795 489 hoc
812 456 940 488 misero
958 453 1056 487 urbis
1080 463 1161 486 casu

171 517 338 550 videntur
353 512 456 545 etiam
472 509 587 544 studia
601 508 782 542 literarum
799 506 836 538 in
850 505 1028 551 quoddam
1039 503 1163 537 discri-

171 578 252 600 men
272 564 427 601 venisse,
455 572 516 595 vos
535 560 629 605 quod
659 559 772 592 bonos
794 556 886 589 cives
909 557 1027 596 decet,
1053 554 1163 597 magis

172 619 211 651 in
235 614 319 649 haec
348 613 464 648 studia
491 609 704 648 incumbite,
737 619 825 652 quae
847 607 876 641 si
901 605 1162 640 conservaveri-

171 679 270 705 mus,
306 677 379 698 non
401 662 656 708 desperandum
680 665 747 697 est,
782 658 868 702 quin
890 658 975 691 urbs
992 657 1066 701 ipsa
1083 668 1165 689 rur-

173 730 232 752 sus
248 719 285 750 in
303 716 493 760 pristinum
509 720 636 747 statum
655 717 688 743 et
705 708 911 752 dignitatem
929 707 1065 742 restitui
1083 718 1164 750 pos-

175 771 229 804 sit.
282 767 378 802 Dixi.

189 954 255 988 NO-
277 951 334 987 17.
1007 945 1165 1002 atnffl.

525 1059 601 1100 De
642 1057 817 1098 vestitu.

247 1150 350 1176 Prndiit
366 1149 444 1174 simul
464 1157 526 1173 cum
544 1146 719 1173 antecedente
737 1144 803 1173 (rid.
823 1142 944 1175 N0.16.).
981 1141 1082 1166 Recusa
1097 1138 1167 1173 apud

282 1185 358 1210 Crat.
374 1183 441 1210 val.
462 1183 566 1215 p.513s
589 1192 625 1214 q..
644 1181 671 1205 in
689 1180 839 1206 Declamat,
853 1178 885 1203 Τ,
898 1178 916 1202 Ι.
933 1176 1043 1210 p.665.,
1062 1175 1088 1199 in
1104 1175 1168 1200 Ser-

280 1225 347 1244 vest.
365 1229 390 1252 p.
405 1213 464 1242 32³.
480 1222 504 1242 et
519 1192 586 1250 apuil
604 1215 778 1241 Richardium
794 1212 825 1239 T.
843 1213 874 1239 ΙΙ.
896 1221 922 1243 p,
937 1211 995 1235 257.
1018 1223 1046 1228 —-
1087 1209 1168 1233 Erra-

280 1254 315 1278 vit
334 1254 435 1286 Mylins
455 1253 480 1276 in
500 1250 676 1283 chronologia
693 1249 860 1281 scriptorum
878 1245 1076 1274 Melanthonis‚
1097 1242 1169 1276 quod

281 1289 350 1314 hanc
364 1286 515 1312 orationem
531 1285 563 1309 ad
577 1294 639 1310 ann.
658 1283 732 1309 1556.
747 1281 847 1308 retulit.
869 1281 983 1306 Videtur
997 1278 1076 1304 etiam
1094 1276 1170 1302 lenae

281 1323 368 1349 habita
385 1330 452 1347 esse-

182 1405 310 1438 Orcttio
347 1404 480 1435 contra
515 1394 798 1444 affectationem
834 1395 1015 1429 novitati-s·
1042 1394 1080 1426 in
1109 1401 1172 1424 ve-

621 1450 727 1482 stilti.

181 1523 344 1564 Tametsi
367 1536 440 1558 non
463 1523 612 1556 dubium
632 1528 681 1554 est
698 1517 806 1560 mihi,
834 1517 1024 1551 Auditores
1041 1515 1173 1549 Candi-

182 1578 339 1617 dissimi‚
366 1575 451 1620 quin
476 1573 577 1606 valde
601 1572 700 1605 vobis
725 1571 854 1603 mirum
874 1568 1051 1606 videatur,
1078 1566 1172 1611 quod

181 1630 273 1665 banc
292 1625 491 1661 cathedram
504 1623 786 1657 doctissimorum
803 1618 989 1653 hominum
1006 1628 1175 1650 conscen-

182 1684 284 1720 dere,
318 1684 520 1720 tantamque
551 1674 787 1718 provinciam,
822 1683 860 1704 ac
887 1682 977 1703 onus
1000 1668 1175 1712 suscipere

184 1743 288 1767 ausus
313 1741 409 1766 sum,
445 1734 579 1766 tamen,
615 1737 693 1758 cum
715 1721 855 1757 scholae
878 1728 1017 1754 nostrae
1040 1730 1174 1752 morem

184 1783 318 1821 sciatis,
352 1791 425 1812 non
455 1777 598 1814 dubito,
634 1776 720 1821 quin
751 1785 838 1819 quae
865 1779 977 1806 vestra
1008 1768 1175 1803 hactenus

186 1846 264 1877 erga
282 1842 414 1869 omnes,
432 1830 490 1873 qui
511 1829 546 1861 in
564 1825 658 1860 bunc
678 1827 792 1859 locum
810 1824 938 1857 dicturi
957 1822 1176 1867 prodierunt,

185 1886 251 1918 suit
276 1881 476 1916 humanitas
509 1891 546 1912 ac
579 1876 840 1915 benevolentia,
873 1887 927 1906 me
952 1885 1092 1918 quoque
1116 1873 1177 1905 be-

187 1937 292 1977 nigne
325 1932 530 1977 placideque
558 1929 715 1962 audituri
744 1927 829 1961 sitis.
889 1924 965 1968 Ego
991 1936 1072 1957 vero
1104 1935 1176 1956 non

187 1989 228 2020 de
246 1985 338 2019 bello
348 1982 518 2021 Troiano,
541 1988 598 2013 aut
616 1977 817 2012 huiusmodi
839 1977 1040 2021 pervulgata
1059 1974 1177 2007 fabula

190 2038 348 2071 (licturus
382 2033 518 2078 prodii,
561 2033 618 2065 sed
649 2042 726 2063 cum
764 2029 861 2061 nulla
891 2027 1003 2060 virtus
1033 2026 1179 2070 perinde

189 2088 426 2122 adolescentes
453 2085 589 2123 deceat,
625 2089 727 2126 atque
753 2078 940 2117 modestia,
970 2077 1044 2121 cepi
1063 2076 1179 2111 consi-

191 2140 277 2172 lium
296 2138 338 2169 de
363 2136 512 2180 quadam
539 2134 613 2167 eius
631 2131 769 2165 virtutis
792 2136 889 2175 parte
913 2129 1067 2163 dicendi.
1123 2126 1180 2160 ld-

191 2202 258 2235 que
281 2193 522 2229 argumentum
548 2198 586 2216 eo
610 2182 743 2226 suscepi
771 2181 956 2219 libentius,
992 2187 1031 2213 ut
1056 2179 1081 2212 si
1108 2190 1179 2211 non

192 2239 249 2274 hic
273 2245 415 2283 propter
436 2236 673 2281 eloquentiam
701 2235 838 2266 laudem
862 2242 1031 2269 mererer,
1065 2238 1180 2263 tamen

194 2288 281 2324 milii
304 2290 434 2322 interea
449 2299 619 2323 canerem,
646 2286 732 2317 ,sicut
755 2285 812 2316 ille
831 2281 1065 2329 cytharoedus
1082 2280 1181 2317 dixit,

196 2353 320 2385 meque
342 2339 475 2372 adeius
494 2338 633 2371 virtutis
651 2336 804 2369 studium
823 2335 1019 2366 excitarem.
1079 2331 1182 2365 lusti·

196 2393 245 2426 tui
264 2398 377 2424 autem
396 2390 591 2422 orationem
618 2394 736 2419 contra
757 2385 1022 2418 adfectationem
1045 2383 1183 2416 novita-

195 2445 238 2477 tis
267 2449 299 2475 et
320 2442 467 2474 aliarum
489 2439 699 2484 ineptiarum
720 2438 754 2469 in
775 2437 920 2473 vestitu,
947 2436 1041 2480 quod
1060 2434 1183 2467 vitium

196 2506 274 2528 cum
302 2493 342 2525 sit
363 2491 531 2535 opinionu-
556 2489 759 2527 nocentius,
794 2496 907 2521 tamen
931 2487 1016 2519 adeo
1043 2486 1184 2527 vulgare

198 2553 266 2583 est,
293 2545 378 2576 adeo
399 2542 484 2585 cepit
508 2541 701 2573 iuxentutis
718 2540 865 2576 animos=
893 2545 929 2571 ut
948 2537 1056 2569 nullis
1073 2547 1184 2581 neque

199 2596 334 2637 legibus
351 2606 470 2625 eorum
485 2594 543 2637 qui
567 2591 723 2634 tls-spnb.
740 2590 955 2630 {tuberimnt¹
983 2601 1044 2621 nec
1064 2589 1187 2621 ‹hieto-

200 2659 276 2680 rum
295 2644 515 2679 sermonibus
531 2643 654 2682 corrigi
677 2641 796 2685 possit.

203 2697 331 2731 nostris
357 2695 572 2739 temporibus
598 2696 640 2726 de
665 2691 726 2725 liae
752 2705 787 2725 re
811 2692 900 2733 leges
921 2691 1067 2735 scriptae
1084 2688 1189 2724 sunt'?

898 112 1060 150 DECL.
1092 110 1169 148 DE
1200 109 1468 148 VESTITU.

851 2640 1000 2681 Quoties
1019 2639 1114 2672 enim
1133 2636 1187 2671 bis
1212 2635 1214 2639 ’

2127 109 2202 148 140

1212 196 1328 240 Quam
1352 195 1454 229 multi
1479 205 1600 238 graves
1623 195 1692 229 viri
1715 197 1875 242 quotidie
1897 194 1964 231 hac
1989 198 2032 231 de
2056 209 2094 231 re
2113 209 2202 244 que-

1213 247 1364 282 runtur?
1402 246 1472 280 Sed
1497 253 1592 280 tanta
1621 247 1706 280 mali
1728 247 1782 281 vis
1810 254 1881 290 est,
1915 254 1955 281 ut
1974 249 2122 293 reprimi
2143 255 2204 283 aut

1213 298 1327 332 sanari
1343 309 1418 331 non
1434 296 1554 342 possit.
1600 297 1770 340 Quotidie
1784 310 1897 332 novae
1914 298 2048 333 formae
2065 299 2204 344 excogi-

1213 356 1348 383 tantur:
1384 359 1480 381 nunc
1500 347 1614 392 placet
1636 348 1781 391 gallicus
1801 349 1932 394 pileus,
1965 362 2061 383 nunc
2078 347 2206 396 'hispa-

1214 400 1315 433 nicus
1331 399 1500 432 cucullus.
1551 398 1626 432 Alii
1642 400 1834 434 sarmaticis
1852 397 2006 434 brachiis
2027 401 2207 435 delectan-

1214 458 1292 491 tur,
1318 456 1352 484 et
1372 447 1458 483 haec
1478 449 1552 494 ipsa
1570 461 1675 494 quam
1693 450 1787 484 varie
1808 451 2032 485 deformant?
2067 450 2209 496 Integra

1216 501 1320 535 vestis
1342 513 1466 545 parum
1491 500 1597 543 digna
1623 500 1700 533 viro
1727 511 1800 534 esse
1823 502 1998 541 creditur,
2032 503 2091 536 sed
2114 503 2208 536 lace-

1216 559 1290 586 rata
1318 559 1350 585 et
1370 551 1468 585 mille
1484 551 1616 585 variata
1632 551 1828 593 coloribus,
1853 553 1991 598 qualem
2007 553 2092 586 olim
2109 565 2209 588 scur-

1217 615 1335 637 rarum
1362 603 1468 636 suisse
1485 602 1649 635 vestitum
1676 603 1833 646 picturae
1850 610 1983 637 veteres
2007 605 2211 645 ostendunt,

1218 667 1256 687 ea
1281 655 1422 687 demum
1453 653 1646 697 plurimum
1681 650 1788 687 habet
1812 653 2074 696 admirationis,
2107 662 2213 700 atque

1220 703 1304 738 haec
1319 704 1451 747 singuli
1468 703 1627 748 quotidie
1644 711 1794 738 mutant.
1831 704 1960 738 Nullus
1976 704 2124 740 Proteus
2139 713 2212 740 tam

1220 756 1334 788 varias
1351 755 1469 788 induit
1484 755 1622 798 figuras,
1635 765 1739 799 quam
1758 755 1870 789 nostri
1886 755 2043 795 iuvenes,
2061 756 2213 790 subinde

1220 803 1381 839 habitum
1404 812 1597 846 mutantes,
1628 817 1702 838 non
1726 806 1828 840 aliter
1851 813 1955 852 atque
1986 806 2023 840 in
2047 819 2149 841 scena
2174 804 2212 840 bi

1220 856 1281 902 qui
1309 856 1427 900 plures
1446 868 1612 900 personas
1628 856 1815 892 sustinent.
1867 856 2081 903 Quanquam
2107 858 2215 902 igitur

1220 905 1287 940 hoc
1306 907 1430 940 vitium
1453 918 1563 951 usque
1589 907 1676 939 adeo
1695 914 1871 952 receptum
1894 908 1957 950 sit,
1984 915 2022 943 ut
2041 921 2114 943 non
2128 910 2215 943 ado-

1222 958 1385 991 lescentis
1414 958 1592 997 oratione,
1626 957 1663 989 in
1691 969 1759 1002 qua
1792 957 1882 991 nihil
1916 970 1988 992 esse
2015 959 2214 994 autoritatis

1223 1015 1354 1053 potest,
1379 1020 1452 1041 non
1479 1008 1596 1052 aliqua
1623 1008 1794 1042 mediocri
1812 1009 2012 1054 eloquentia
2037 1011 2112 1044 tolli
2134 1021 2216 1055 pos-

1221 1060 1284 1100 sit,
1311 1066 1427 1092 tamen
1458 1059 1565 1092 libuit
1594 1059 1632 1091 in
1659 1065 1866 1103 argumento
1900 1057 2049 1094 honesto
2081 1061 2217 1105 ingenii

1224 1110 1317 1143 vires
1340 1110 1501 1154 experiri.
1555 1108 1695 1152 Quaeso
1718 1117 1834 1144 autem
1852 1122 1932 1152 vos,
1959 1118 1998 1145 ut
2016 1124 2079 1156 pro
2098 1119 2214 1146 vestro

1225 1173 1323 1195 more
1359 1161 1510 1204 benigne
1543 1172 1599 1193 me
1628 1161 1868 1206 patienterque
1898 1162 1942 1194 de
1970 1159 2218 1197 honestissima

1224 1223 1325 1245 causa
1343 1211 1517 1245 dicentem
1535 1211 1695 1244 audiatis.
1748 1212 1788 1245 Id
1811 1212 1841 1245 si
1864 1212 1962 1246 nulla
1983 1213 2049 1246 alia
2067 1225 2139 1254 res,
2165 1219 2219 1248 ta-

1225 1275 1306 1296 men
1329 1269 1422 1296 aetas
1446 1274 1522 1295 mea
1553 1274 1571 1295 a
1596 1262 1697 1295 vobis
1722 1263 1910 1306 impetrare
1931 1264 2099 1305 debebat,
2126 1276 2217 1310 quae

1226 1320 1368 1357 propter
1386 1312 1663 1346 imbecillitatem
1675 1325 1747 1347 non
1765 1314 1895 1357 poterit
1911 1322 2110 1359 susceptum
2126 1327 2218 1349 onus

1226 1364 1396 1408 perferre,
1439 1363 1506 1395 nisi
1540 1364 1711 1406 singulari
1752 1364 1873 1398 favore
1909 1372 2025 1398 vestro
2059 1366 2218 1400 animum

1227 1426 1343 1447 meum
1362 1413 1666 1448 confirmaveritis.

1330 1488 1394 1523 Est
1417 1495 1534 1522 autem
1556 1501 1635 1522 cum
1658 1501 1721 1534 per
1742 1501 1814 1524 sese
1833 1491 2035 1535 turpissima
2052 1491 2220 1526 novitatis

1229 1541 1264 1573 in
1283 1540 1410 1573 vestitu
1425 1540 1628 1580 adfectatio,
1651 1547 1726 1574 tum
1747 1538 1813 1574 hoc
1831 1541 1934 1574 etiam
1949 1542 2094 1575 nomine
2111 1542 2221 1586 magis

1228 1591 1412 1635 fugienda,
1439 1590 1521 1635 quia
1545 1591 1675 1624 multas
1691 1602 1730 1624 ex
1748 1603 1784 1625 se
1800 1592 1886 1625 alias
1903 1599 2014 1637 pestes
2029 1593 2160 1636 gignit,
2188 1599 2221 1627 et

1229 1643 1394 1687 pleraque
1419 1641 1527 1675 animi
1553 1641 1635 1675 vitia
1655 1643 1773 1686 prodit
1797 1650 1900 1688 atque
1923 1644 1997 1679 alit.
2049 1643 2120 1679 Nec
2138 1655 2222 1689 pro-

1229 1694 1284 1727 cul
1310 1693 1414 1726 nobis
1444 1700 1649 1735 argumenta
1680 1694 1874 1727 sententiae
1902 1702 2041 1728 nostrae
2072 1696 2221 1740 petenda

1229 1751 1322 1779 sunt.
1381 1742 1523 1777 Etenim
1556 1755 1635 1776 cum
1675 1756 1788 1788 nuper
1816 1742 1872 1779 hic
1899 1746 1941 1778 de
1973 1746 2222 1779 conservandis

1231 1795 1408 1828 veteribus
1425 1794 1583 1827 moribus
1598 1794 1741 1839 quidam
1760 1808 1801 1829 ex
1825 1802 1946 1830 nostro
1963 1797 2126 1830 sodalitio
2143 1808 2220 1840 gra-

1232 1847 1371 1879 vissime
1389 1845 1535 1883 dixerit,
1561 1856 1662 1889 spero
1685 1858 1738 1878 me
1752 1846 1888 1880 facilius
1913 1845 2002 1881 hanc
2025 1859 2163 1881 eausam
2178 1849 2222 1881 de

1232 1898 1359 1930 usitato
1389 1896 1515 1929 vestitu
1545 1896 1733 1930 retinendo
1757 1897 1857 1930 vobis
1882 1899 2114 1943 probaturum
2139 1910 2221 1932 esse.

1232 1946 1373 1982 Etenim
1400 1954 1436 1980 ut
1470 1947 1506 1979 in
1538 1947 1615 1981 aliis
1648 1948 1797 1992 publicis
1831 1949 2001 1983 institutis
2026 1949 2146 1983 odiosa
2172 1957 2223 1983 est

1233 1999 1399 2032 uox-itatis
1428 1998 1632 2039 adfectatio,
1673 1999 1719 2032 ita
1745 2000 1850 2032 etiam
1877 1999 1913 2033 in
1939 2000 2066 2034 vestitu
2098 2000 2224 2034 merito

1234 2049 1426 2094 improbari
1444 2049 1557 2082 debet.

1335 2126 1482 2170 Semper
1505 2132 1620 2159 autem
1647 2125 1896 2169 sapientissimi
1925 2124 2086 2161 homines
2109 2139 2226 2162 seuse-

1235 2185 1317 2211 runt
1335 2184 1468 2210 veteres
1494 2188 1626 2216 mores,
1654 2184 1840 2222 veteraque
1866 2178 2023 2211 instituta
2042 2179 2224 2213 civitatum

1235 2241 1272 2262 ac
1289 2229 1500 2273 populorum
1519 2240 1652 2261 summa
1665 2240 1746 2261 cura
1764 2230 1963 2262 conservari
1976 2231 2114 2268 debere,
2129 2232 2224 2276 quod

1237 2281 1333 2312 nulla
1352 2292 1405 2312 res
1423 2279 1567 2323 perinde
1585 2279 1694 2312 laedat
1719 2280 1896 2323 publicam
1922 2281 2226 2326 tranquillitatem,

1237 2338 1339 2375 atque
1357 2331 1478 2363 erebra
1496 2331 1609 2372 legum
1627 2342 1838 2375 morumque
1855 2333 2013 2370 mutatio,
2037 2344 2108 2365 non
2125 2332 2227 2366 aliter

1238 2390 1340 2425 atque
1367 2381 1523 2425 corporis
1553 2378 1699 2414 liumani
1730 2382 1969 2415 valetudinem
2002 2383 2092 2416 ratio
2116 2383 2228 2417 victus

1239 2445 1338 2477 saepe
1366 2439 1496 2465 minata
1522 2432 1727 2465 labefactare
1752 2433 1851 2467 solet.
1904 2431 1990 2467 Eius
2012 2432 2093 2467 mati
2112 2440 2149 2467 ut
2167 2446 2226 2468 ve-

1240 2492 1311 2517 tera
1330 2484 1545 2526 (induamus,
1574 2491 1690 2516 nostra
1707 2491 1801 2517 aetas
1816 2484 2014 2518 miserabile
2029 2484 2226 2528 exemplunm

1241 2536 1340 2567 vidit.
1396 2534 1584 2579 Postquam
1609 2535 1701 2567 enim
1726 2535 1825 2579 pauci
1851 2542 1984 2569 tantum
2012 2535 2099 2569 ritus
2119 2535 2229 2569 eccle-

1240 2586 1380 2623 siastici,
1404 2585 1462 2630 qui
1481 2585 1546 2618 iant
1564 2586 1680 2618 nescio
1697 2587 1874 2631 quomodo
1891 2587 2116 2629 degenerasse
2132 2587 2227 2620 dice-

1241 2639 1388 2675 bantur,
1421 2637 1579 2678 abrogati
1598 2643 1697 2675 suut,
1731 2637 1950 2670 incredibilis
1972 2638 2087 2671 omnis
2114 2637 2228 2671 divini

1240 2696 1342 2734 atque
1370 2686 1515 2721 liumani
1542 2688 1627 2720 iuris
1653 2695 1874 2731 contemptus
1902 2696 2040 2723 secutus
2069 2695 2129 2723 est.
2183 2686 2227 2722 Et
