2338 2958
173 149 246 184 379

731 139 890 177 DECL.
923 139 998 176 DE
1031 137 1310 175 ENCOMIO
1348 137 1616 175 SUEVIAE.

2141 144 2214 179 380

175 235 256 269 illos
279 232 480 267 floruissent
495 255 503 269 ‚
532 228 681 262 minime
703 227 824 261 idonei
851 228 895 260 ad
919 228 1170 272 imperandum
1195 233 1197 246 ¹
1221 226 1288 260 sibi
1314 226 1350 258 in
1374 224 1462 258 alios
1486 224 1667 257 vindicare
1691 233 1850 269 possent,
1874 239 1956 261 nam
1981 226 2122 262 hocius
2147 229 2216 263 im-

174 286 243 319 visi
258 285 419 318 fuissent.
454 280 594 316 Etenim
613 286 652 312 ut
670 291 743 312 non
760 279 798 312 in
817 279 942 324 quovis
959 279 1034 312 solo
1053 279 1171 323 fruges
1195 270 1197 316 l
1222 276 1311 322 perii
1330 277 1368 309 in
1387 275 1491 309 terris
1515 287 1652 319 semper
1674 276 1909 322 fuit,coge1·e
1930 280 1972 313 ad
1999 281 2215 325 parcendum

175 343 388 374 nascuntur,
423 333 468 365 ita
493 343 566 364 non
590 330 723 375 ubique
749 331 834 363 boni
853 330 921 362 viri
946 330 1170 374 proveniunt.
1196 352 1199 374 5
1196 317 1303 361 illos
1333 338 1422 372 quos
1453 326 1522 360 tuis
1553 326 1738 360 laboribus
1763 334 1856 371 tegas
1883 337 1916 363 et
1938 342 2072 372 serves,
2108 331 2217 366 Suevi

176 389 245 424 Sed
271 387 321 419 ibi
345 390 482 418 tantum
503 382 566 418 uhi
590 382 694 415 bonis
725 382 861 425 legibus
884 393 922 414 ac
947 381 1107 415 moribus
1128 382 1171 414 ad
1197 392 1199 423 ᾗ

177 440 344 472 virtutem
369 447 408 468 ac
424 435 530 466 decus
554 433 746 473 invitatur,
774 439 807 466 et
825 433 973 466 adsuefit
997 433 1172 466 iuventus.

178 489 269 532 Quis
287 493 383 531 putet
401 487 495 517 enim
514 483 631 518 Mileti
648 491 708 518 aut
725 484 843 518 Sibari
860 484 897 516 in
915 495 1053 517 summo
1075 484 1172 522 luxu,

178 541 272 573 inter
287 536 489 582 turpissima
508 536 676 579 exempla,
694 535 732 568 in
752 535 903 568 maxima
922 535 1077 573 licentia,
1100 535 1173 567 sor—

179 598 248 625 tem
262 590 398 628 virum,
426 594 484 621 aut
501 593 777 631 temperantem,
801 593 860 619 aut
878 586 1010 620 iustum
1027 587 1174 619 evadere

178 639 366 700 potuisse?
394 638 494 682 Quae
518 645 588 671 tam
608 638 780 671 excellens
800 645 943 677 natura,
971 649 1059 682 quae
1077 643 1173 670 tanta

178 692 315 736 ingenii
332 690 385 724 vis
401 690 439 722 in
455 689 530 722 ullo
548 700 619 722 esse
636 688 763 733 potuit,
788 700 877 732 quae
893 688 986 721 inter
1002 694 1053 721 tot
1069 687 1176 721 vitio-

178 756 259 778 rum
275 742 456 775 illecebras
473 753 545 773 non
565 739 874 783 corrumperetur?
902 739 1020 781 Ouare
1037 750 1176 772 necesse

181 801 232 828 est
269 793 495 837 disciplinam
532 790 639 824 fuisse
673 791 711 824 in
740 790 939 824 Suevorum
975 790 1177 823 civitatibus

181 844 423 891 probabilem,
455 854 523 887 qua
555 849 723 887 tanquam
750 842 787 873 in
813 841 898 874 ludo
924 841 1108 886 Principes
1133 841 1174 874 ad

181 896 401 930 honestatem
425 893 580 926 instituti
608 900 708 933 sunt,
735 905 876 938 quaque
898 893 1040 925 adducti
1069 892 1177 925 exteri

182 948 387 981 iudicarunt
401 943 493 978 hanc
511 944 693 978 nationem
712 944 842 977 virtute
860 955 899 977 ac
918 943 1094 978 industria
1111 943 1179 976 im-

181 998 272 1044 perii
297 997 428 1031 molem
452 995 624 1029 sustinere
651 1007 761 1039 posse.
816 994 940 1040 Neque
957 995 1052 1028 enim
1074 995 1178 1038 igno-

183 1050 286 1090 ratis,
312 1049 398 1093 quid
417 1047 622 1091 imponatur
640 1047 757 1080 oneris
781 1058 861 1079 cum
880 1047 946 1080 isto
970 1046 1092 1086 titulo,
1120 1051 1180 1079 aut

184 1107 356 1147 quantum
374 1099 472 1139 fidei,
501 1105 673 1143 quantum
690 1097 850 1136 consilii,
879 1104 1051 1142 quantum
1069 1097 1179 1130 animi

184 1154 307 1190 robur,
335 1156 502 1196 quantam
521 1149 815 1188 moderationem,
843 1155 1010 1194 quantam
1028 1148 1180 1192 diligen-

184 1204 271 1238 tiam
288 1202 326 1235 in
342 1201 440 1234 omni
462 1212 589 1244 genere
609 1200 769 1244 flagitent
791 1197 952 1233 homines
976 1200 1020 1233 ab
1038 1211 1097 1240 eo,
1124 1199 1180 1233 cui

185 1256 383 1288 libertatem
401 1264 512 1291 suam,
538 1252 709 1291 fortunas,
736 1251 884 1284 salutem
901 1263 940 1284 ac
958 1251 1066 1284 vitam
1085 1262 1183 1283 com-

183 1305 343 1339 mittunt.
385 1303 455 1337 Sed
475 1315 554 1336 cum
572 1315 626 1336 res
643 1302 730 1336 soris
745 1308 870 1346 gestae,
895 1309 928 1336 et
944 1303 1034 1345 leges
1053 1301 1182 1347 quibus

185 1355 284 1390 domi
309 1366 375 1399 pax
400 1353 556 1388 stabilita
585 1361 654 1395 est,
683 1365 772 1399 quae
797 1353 940 1398 quidem
958 1351 1127 1386 hactenus
1145 1353 1182 1385 in

184 1407 338 1452 publicis
363 1405 480 1449 legum
505 1405 686 1438 codicibus
708 1411 846 1445 extant,
874 1404 1069 1439 multorum
1093 1403 1184 1437 alio-

185 1470 266 1494 rum
283 1457 394 1491 literis
408 1456 675 1501 praedicentur,
698 1456 799 1489 nolui
819 1453 885 1489 hoc
902 1456 939 1488 in
958 1456 1034 1489 loco
1049 1455 1184 1489 diutius

188 1508 412 1545 commorari.
467 1505 623 1552 Propero
657 1507 752 1540 enim
789 1508 832 1540 ad
864 1514 983 1540 nostra
1012 1514 1184 1551 tempora,

187 1573 278 1607 quae
311 1560 340 1593 si
364 1559 553 1602 diligenter
582 1558 870 1596 considerabitis,
906 1558 1073 1592 videbitis
1102 1569 1184 1602 pro-

185 1614 276 1647 fecto
305 1611 386 1644 illos
414 1622 488 1643 non
515 1610 628 1643 solum
657 1610 872 1654 respondere
905 1609 972 1642 iam
1009 1609 1184 1642 maiorum

188 1662 339 1707 gloriae,
373 1662 431 1694 sed
457 1661 561 1694 etiam
587 1661 811 1704 superiorum
837 1661 961 1694 decora
985 1660 1087 1703 longe
1105 1660 1184 1692 vin-

189 1726 277 1749 cere,
330 1711 432 1746 Esset
451 1720 567 1746 autem
592 1712 771 1745 infinitum
796 1719 904 1745 totam
923 1710 1100 1755 Rempub.
1124 1711 1185 1743 dc-

191 1766 353 1811 pingere,
381 1770 414 1797 et
439 1763 558 1796 omnia
578 1763 757 1802 instituta,
786 1763 946 1808 legesque.
968 1763 1130 1806 pietatem
1149 1761 1185 1794 iu

192 1815 352 1851 colendis
372 1814 624 1857 religionibus,
651 1814 872 1847 severitatem
902 1814 938 1846 in
956 1811 1186 1847 cohercendis

189 1867 346 1907 delictis,
382 1866 590 1899 bellicarum
618 1877 734 1898 rerum
767 1865 948 1909 peritiam,
984 1865 1185 1897 animorum

190 1918 490 1961 magnitudinem,
520 1917 650 1950 civium
669 1917 760 1949 inter
779 1917 870 1961 ipsos
888 1917 1187 1962 aequabilitatem,

191 1981 376 2014 exponere.
431 1969 531 2011 Quae
551 1980 630 2001 cum
657 1968 817 2011 angustia
838 1968 1006 2012 temporis
1032 1974 1186 2011 praeter-

191 2022 332 2055 mittere
349 2027 460 2064 cogat,
481 2032 660 2062 excerpam
679 2031 717 2051 ex
735 2019 880 2064 reliquis
898 2019 1063 2052 laudibus
1079 2030 1186 2052 uuam

191 2073 371 2119 quandam
397 2078 551 2115 partem,
582 2070 616 2103 in
638 2083 705 2115 qua
724 2070 843 2103 videre
869 2076 939 2110 est,
968 2083 1072 2115 quam
1098 2071 1187 2103 bene

193 2127 234 2157 de
259 2131 330 2157 tota
356 2121 550 2155 Germania
578 2122 705 2154 mereri
732 2123 908 2155 studeant.
971 2121 1060 2155 Cum
1086 2121 1188 2154 anuis

194 2176 261 2208 iam
279 2175 412 2218 aliquot
432 2175 569 2206 nullum
581 2173 664 2206 satis
679 2184 845 2215 maguum
861 2180 917 2205 aut
936 2174 1076 2206 firmum
1089 2184 1189 2216 prae-

194 2227 322 2259 sidium
350 2225 384 2257 in
411 2224 604 2257 Germania
636 2231 741 2263 esset,
774 2226 941 2257 adversus
971 2225 1106 2257 subitos
1132 2230 1189 2257 tn-

194 2278 338 2314 multus,
366 2283 398 2309 et
415 2276 622 2321 quotidiana
643 2275 846 2313 latrocinia,
881 2275 1038 2309 civitates
1055 2275 1188 2309 Suevo-

195 2341 272 2362 rum
291 2329 413 2360 soi-dus
431 2328 520 2361 inter
536 2340 571 2359 se
587 2327 652 2360 rite
671 2334 702 2359 et
717 2327 865 2359 Caesare
882 2334 1003 2360 autore
1022 2328 1190 2360 feceruut.

198 2379 234 2413 ld
256 2380 378 2411 soe-dus
396 2379 455 2411 diu
476 2379 543 2411 iam
563 2385 729 2423 tauquam
750 2378 783 2410 iu
803 2379 954 2411 statione
972 2385 1041 2419 ost,
1068 2378 1190 2411 ‹lescu-

195 2432 332 2464 ‹lt-udae
370 2431 528 2473 publicae
565 2429 833 2474 tranquillitatis
870 2430 991 2471 gratia.

197 2483 376 2525 improbos
402 2488 495 2513 metu
523 2481 700 2519 continet,
725 2482 895 2525 quosdam
922 2481 1027 2514 ctiam
1058 2480 1191 2513 tumul-

195 2541 250 2567 tus
276 2532 382 2565 armis
399 2539 429 2565 et
447 2532 539 2563 bello
556 2532 771 2575 compressit.

198 2592 268 2620 est,
295 2596 401 2616 unavu
428 2580 515 2614 lianc
537 2583 717 2615 nationvm
743 2584 903 2626 publicae.
931 2584 1024 2627 pacis
1047 2583 1190 2616 tutelam

196 2699 294 2720 suam
316 2687 421 2719 vitam
443 2685 676 2717 indiscriuwn
697 2687 894 2718 :uldin-ero?
918 2687 987 2718 Sed
1007 2683 1071 2719 hoc
1091 2685 1192 2730 plane

195 2738 360 2771 divinum
386 2743 454 2775 est,
489 2737 582 2781 quod
614 2749 691 2768 cum
720 2737 861 2780 publico
896 2737 971 2770 inre
1006 2737 1193 2781 imperium

1216 2357 1217 2368 γ
1245 2331 1306 2358 rel.

1055 2429 1191 2462 Multos
1216 2438 1217 2447 ¹

821 2533 963 2573 Quanta
981 2539 1097 2565 autom
1117 2532 1191 2564 laus
1216 2548 1217 2551 =

1220 2719 1221 2722 Ἴ
1246 2684 1459 2717 celebratum
1483 2691 1530 2717 cst
1543 2709 1551 2719 .

1224 379 1422 413 libertatem
1438 377 1606 411 omnibus
1628 378 1856 424 relinquunt,
1884 381 2095 425 quibusdam
2112 383 2216 416 etiam

1224 430 1317 463 bello
1338 429 1440 462 victis
1465 429 1626 462 amissam
1650 429 1898 464 restituerunt:
1933 437 1967 465 et
1987 443 2065 465 cum
2089 433 2218 467 faciant

1225 481 1382 514 infinitos
1413 486 1591 524 sumptuS,
1625 480 1834 526 laboresque
1861 482 2034 515 maximos
2060 484 2220 525 subeant,

1226 533 1324 566 nulla
1351 539 1467 565 tamen
1493 532 1676 565 commoda
1696 531 1850 565 vicissim
1876 533 1920 566 ab
1945 530 2021 574 his,
2047 546 2135 579 quos
2159 536 2220 568 de—

1226 585 1396 623 fendunt,
1423 582 1602 627 recipiunt
1616 582 1690 616 suis
1706 583 1860 617 fortunis
1879 584 2041 628 publicos
2060 592 2221 630 sumptus

1225 635 1394 672 tolerant,
1423 645 1466 666 ne
1487 633 1599 668 cuivis
1616 633 1814 668 libertatem
1836 635 2020 678 minuant,
2048 647 2110 669 suo
2127 637 2221 681 peri-

1227 686 1306 719 culo
1330 685 1492 718 omnium
1516 684 1664 718 salutem
1693 693 1928 730 propugnant.
1990 686 2089 730 Quid
2109 684 2222 721 houe-

1227 737 1331 777 stius,
1357 736 1443 781 quid
1461 736 1677 770 moderatius
1700 737 1845 780 cogitari
1863 743 1996 782 potest,
2023 750 2129 784 quam
2147 739 2222 771 sine

1227 787 1419 831 cupiditate
1441 798 1536 820 arma
1561 793 1699 829 tenere,
1726 795 1759 822 et
1776 788 1864 821 alios
1884 789 1932 822 ita
1948 790 2154 830 defendere,
2185 795 2224 823 nt

1229 840 1271 871 de
1295 838 1458 872 libertate
1487 849 1608 871 eorum
1641 836 1734 872 nihil
1761 837 1949 873 detrahas?
1987 839 2224 875 Athenienses

1230 889 1426 933 accepimus
1450 889 1662 934 aliquandiu
1686 890 1730 922 ad
1762 888 1857 924 hunc
1885 891 2031 925 modum
2055 890 2225 926 Graeciae

1230 941 1466 985 principatum
1494 940 1666 982 tenuisse,
1705 947 1744 974 ut
1768 954 1847 975 cum
1872 943 2117 987 permitterent
2148 943 2226 976 aliis

1230 992 1432 1026 civitatibus
1454 991 1671 1033 libertatern,
1704 992 1771 1036 ipsi
1795 999 1912 1027 tamen
1937 993 1976 1027 in
1994 994 2153 1028 excubiis
2173 1006 2226 1027 es-

1231 1050 1328 1086 sent,
1356 1055 1491 1088 suoque
1507 1042 1712 1076 discrimine
1730 1055 1853 1077 omnes
1870 1051 2066 1079 tuerentur.
2118 1043 2169 1079 Ea
2188 1045 2226 1078 in

1231 1107 1268 1128 re
1301 1095 1338 1127 in
1374 1094 1497 1137 primis
1520 1105 1687 1137 magnum
1718 1092 1966 1137 humanitatis,
2007 1096 2167 1130 iustitiae
2195 1102 2227 1129 et

1232 1145 1483 1190 temperantiae
1505 1145 1704 1189 exemplum
1731 1157 1813 1179 suae
1839 1147 2015 1191 specimen
2042 1147 2228 1193 sapientis-

1233 1197 1320 1230 sima
1346 1196 1468 1229 civitas
1500 1197 1681 1240 praebuit,
1717 1198 1811 1242 quod
1837 1197 1911 1231 sine
1936 1198 2144 1244 cuiusquam
2172 1199 2227 1232 in-

1233 1248 1427 1282 commodo.
1447 1247 1591 1291 publico
1615 1259 1734 1292 pacem
1758 1249 1935 1282 custodiit.
1993 1248 2084 1283 Cum
2110 1256 2227 1284 autem

1233 1310 1389 1333 summos
1406 1295 1562 1332 honores
1583 1295 1752 1340 Athenis,
1779 1300 1825 1333 ob
1841 1311 1916 1334 eam
1935 1312 2074 1334 causam
2091 1301 2228 1346 reliqua

1235 1350 1384 1384 Graecia
1402 1350 1612 1397 decreverit,
1638 1361 1740 1394 saepe
1765 1351 1859 1384 enim
1883 1351 2010 1385 missae
2024 1364 2063 1385 ex
2083 1352 2230 1386 servatis

1235 1401 1437 1435 civitatibus
1462 1413 1632 1442 coronae,
1668 1401 1802 1445 positae
1827 1408 1980 1443 statuae,
2013 1405 2094 1437 data
2117 1401 2232 1437 Athe-

1237 1453 1421 1486 niensibus
1438 1452 1581 1490 civitas,
1609 1464 1689 1497 pars
1707 1453 1800 1496 agri,
1827 1453 1973 1488 societas
1997 1465 2175 1488 sacrorum
2198 1462 2231 1488 et

1236 1503 1510 1544 connubiorum,
1527 1510 1559 1537 et
1575 1501 1642 1537 hoc
1658 1515 1767 1547 genus
1785 1512 1993 1538 ornamenta
2011 1505 2094 1539 alia:
2124 1506 2231 1539 debe-

1236 1567 1314 1590 mus
1330 1562 1363 1588 et
1380 1566 1462 1595 nos,
1486 1555 1515 1587 si
1537 1567 1610 1589 non
1631 1555 1758 1599 ingrati
1776 1567 1849 1589 esse
1865 1555 2041 1595 volumus,
2066 1553 2232 1601 pulcher-

1238 1607 1365 1640 rimnm
1395 1606 1604 1639 beneficium
1629 1606 1797 1640 Suevicae
1820 1607 1975 1641 nationis
2006 1607 2233 1653 amplissimis

1237 1657 1402 1691 laudibus
1429 1654 1567 1692 vehere.
1618 1656 1701 1690 Non
1724 1658 1808 1691 satis
1830 1657 2080 1702 intelligimus,
2118 1671 2233 1704 quan-

1238 1716 1311 1743 tum
1334 1708 1371 1741 in
1398 1721 1481 1752 pace
1499 1708 1583 1741 insit
1600 1708 1704 1749 boui,
1729 1709 1755 1741 si
1780 1709 1942 1753 publicae
1966 1710 2234 1756 tranquillitatis

1238 1760 1443 1794 custodibus
1480 1760 1615 1792 nullam
1654 1759 1799 1803 gratiam
1835 1757 2016 1795 habemns.
2083 1761 2234 1804 Quoties

1239 1811 1333 1844 enim
1365 1823 1490 1854 parvos
1520 1811 1652 1844 liberos
1679 1811 1847 1855 adspicis,
1882 1812 2019 1857 quoties
2046 1812 2232 1855 coniugem

1240 1863 1404 1902 intueris,
1432 1862 1534 1895 toties
1551 1862 1752 1895 meminisse
1770 1868 1801 1896 te
1818 1863 1986 1907 oportuit,
2012 1863 2155 1896 illorum
2177 1864 2234 1896 in-

1239 1914 1479 1947 columitatem
1511 1913 1629 1958 aliqua
1659 1926 1699 1946 ex
1731 1920 1829 1957 parte
1853 1920 1886 1947 te
1914 1911 1968 1947 his
1992 1915 2136 1953 debere,
2171 1915 2234 1960 qni

1240 1965 1356 1997 ocium
1376 1965 1478 1997 nobis
1495 1965 1639 2005 faciunt,
1666 1977 1745 1997 cuin
1763 1964 1912 1997 aliarum
1932 1963 2159 1999 honestarum
2179 1977 2234 1999 re-

1242 2029 1318 2049 rum
1344 2016 1596 2059 gerendarum,
1631 2023 1705 2050 tum
1732 2015 1879 2049 alendae
1895 2023 1926 2050 et
1950 2017 2154 2050 educandae
2178 2028 2233 2051 so—

1243 2068 1343 2102 bolis.
1410 2067 1567 2111 l‘opulus
1590 2066 1776 2101 Romanus
1804 2079 1876 2100 non
1896 2079 1997 2111 saepe
2023 2068 2124 2101 victis
2150 2079 2234 2111 gen-

1242 2119 1336 2152 tibus
1352 2119 1548 2151 libertatem
1566 2131 1626 2151 scu
1647 2117 1879 2162 αι’-ιονομίην
1896 2120 2078 2154 concessit.
2122 2118 2236 2152 Grae-

1242 2170 1289 2203 cis
1315 2169 1349 2203 id
1375 2168 1521 2203 lionoris
1545 2167 1688 2208 babuit,
1718 2177 1793 2213 post
1820 2170 1951 2202 bellum
1971 2183 2049 2203 cum
2067 2167 2236 2215 Philippo

1214 2252 1217 2260 ,
1245 2221 1440 2255 Macedone
1473 2227 1608 2263 gestum
1643 2221 1900 2254 immunitatem
1932 2225 2099 2262 donaret,
2134 2228 2167 2255 et
2197 2227 2237 2255 ut

1243 2273 1401 2314 singulae
1426 2273 1582 2305 civitates
1606 2272 1678 2305 suis
1698 2272 1831 2315 legibus
1852 2272 2028 2313 vix-erent,
2056 2273 2237 2317 permitte-

1345 2322 1397 2357 Ea
1413 2325 1455 2357 de
1474 2336 1529 2363 re,
1556 2335 1634 2356 curn
1653 2324 1832 2357 decretum
1848 2337 1865 2357 a
1885 2325 2017 2357 Senatu
2035 2324 2239 2369 populoque

1247 2375 1409 2409 l'iomano
1432 2376 1582 2413 sactum.
1620 2374 1662 2408 T.
1687 2374 1859 2417 Quintius
1887 2373 2082 2420 Imperator
2107 2375 2143 2407 in
2168 2374 2239 2409 Ne·

1246 2427 1351 2464 meis,
1377 2439 1447 2472 qno
1473 2439 1512 2459 ex
1538 2438 1635 2459 more
1661 2427 1703 2459 ad
1729 2427 1969 2470 spectaculum
1995 2433 2065 2460 tota
2088 2425 2237 2459 Graecia

1245 2485 1479 2518 convenerat,
1508 2490 1590 2511 voce
1611 2477 1792 2522 praeconis
1812 2477 1950 2511 recitari
1978 2477 2149 2517 iussisset,
2176 2489 2239 2511 an-

1245 2529 1448 2575 dissentque
1466 2529 1703 2573 gratissimum
1730 2528 1954 2573 praeconium
1974 2528 2150 2566 universi,
2179 2529 2238 2563 Dii

1217 2597 1219 2622 2
1246 2581 1479 2619 immortales,
1514 2581 1655 2625 quantis
1680 2578 1876 2614 honoribus
1902 2579 2058 2613 adfectus
2084 2578 2239 2624 impera-

196 2635 391 2678 susripiwe.
418 2642 446 2665 et
476 2634 597 2666 salutis
622 2634 782 2666 «ninnium
801 2647 902 2667 causa
923 2647 1002 2667 suas
1022 2635 1192 2668 fortunas.
1218 2641 1219 2652 ¹

1246 2639 1317 2671 tor,
1351 2645 1455 2677 quam
1487 2632 1595 2675 gratis
1627 2631 1849 2665 sermonibus
1871 2629 2078 2665 Romanum
2109 2642 2239 2665 nomen

1586 2695 1658 2717 esse
1683 2695 1790 2717 unam
1811 2694 1886 2715 eam
1911 2682 1947 2715 iu
1967 2683 2069 2716 terris
2092 2688 2241 2725 gentem,

1246 2748 1334 2779 qua«-
1363 2748 1423 2769 sua
1457 2736 1632 2780 impensa.
1673 2747 1735 2767 suo
1771 2733 1892 2767 labore
1921 2746 1958 2767 ar
1990 2733 2145 2779 periculo
2178 2745 2242 2778 pro
