2338 2958
241 119 315 158 255

242 205 354 241 causis
373 202 580 238 coelestibus
595 208 626 234 et
645 199 820 234 similibus
841 198 938 235 locis,
982 197 1128 234 Utinam
1145 210 1228 232 vero

242 256 445 300 diligentiae
466 259 729 299 praeceptorum
748 251 785 283 in
801 249 1100 295 disputationibus
1116 256 1228 283 vestra

241 307 409 342 sedulitas
423 304 659 348 responderet.
692 301 782 335 Nam
799 301 835 334 in
852 299 915 335 hac
930 310 1027 345 parte
1043 301 1229 344 praecipue.

242 361 359 393 deesse
393 355 493 389 vobis
526 353 765 386 adolescentes
798 352 866 396 ipsi
894 352 1085 392 videmini,
1122 363 1229 396 eaque

242 420 342 443 causa
360 413 430 444 est,
453 411 493 439 ut
517 411 550 438 et
566 410 828 448 praeceptorum
844 403 958 436 studia
983 403 1070 436 fiant
1092 402 1136 435 ad
1155 402 1225 434 dis-

240 458 438 505 putandum
472 455 705 498 languidiora.
765 453 897 497 Magna
924 453 1054 493 virtus,
1095 452 1228 496 egregia

241 508 401 543 doctrina
423 513 525 551 atque
551 503 752 538 humanitas
778 512 827 538 est
851 511 883 537 et
910 505 946 536 in
973 503 1120 536 aliarum
1146 515 1229 546 pro-

241 560 432 594 fessionum
457 556 691 596 Ductoribus,
727 554 978 588 Iureconsultis
1011 561 1043 587 rt
1071 553 1230 588 Medicis.

241 610 379 646 Deinde
395 620 468 641 non
485 607 598 641 solum
610 606 768 640 doctrina
787 612 1051 650 praeceptorum
1068 605 1231 644 fruimur,

243 663 300 696 sed
339 659 462 693 multis
497 659 599 692 etiam
638 657 715 689 aliis
755 656 879 689 officiis
921 655 1048 698 singuli
1087 655 1230 690 utimur.

242 712 392 755 Quare,‘
415 717 452 744 ut
477 709 668 754 aliquando
697 707 834 745 finiam,
869 704 1038 740 adhortor
1065 717 1147 747 vos,
1181 711 1232 746 ut,

243 764 337 809 quod
358 767 409 795 est
424 760 650 794 iustissimum
669 766 699 791 et
719 755 1025 797 humanissimum,
1043 757 1132 790 detis
1147 768 1231 800 ope—

240 826 328 854 ram,
346 819 385 846 ut
401 817 666 856 praeceptorum
686 819 763 850 erga
783 820 844 841 vos
862 808 1138 848 benevolentiae,
1158 819 1232 840 me-

241 865 335 905 ritis,
370 862 570 902 laboribus,
607 859 801 893 assiduitati
831 859 1008 902 gratitudo
1036 866 1149 892 vestra
1176 870 1228 890 re-

242 915 423 960 spondeat.
456 911 664 946 Aristoteles
680 910 814 951 scribit,
833 909 988 943 Graecos
1007 911 1133 954 templa
1153 921 1232 952 gra-

241 967 370 1001 tiarum
388 965 425 997 in
442 963 566 996 mediis
584 961 733 994 urbibus
751 962 901 994 condere
916 961 1037 994 solitos
1049 988 1057 1002 ‚
1082 966 1123 994 ut
1139 960 1231 992 cives

241 1023 384 1051 mutuae
407 1013 656 1048 beneficentiae
680 1019 782 1058 atque
807 1011 1033 1056 gratitudinis
1061 1012 1227 1045 admoue-

241 1073 375 1102 rentur.
426 1065 478 1099 Ita
495 1071 529 1098 et
543 1074 605 1096 vos
621 1063 659 1095 in
678 1063 803 1096 mediis
821 1060 950 1096 scholis
967 1063 1134 1096 collocata
1154 1073 1232 1105 gra-

242 1119 370 1153 tiarnm
388 1116 516 1160 templa
537 1113 752 1155 existimate,
778 1126 858 1148 cum
875 1114 919 1147 de
939 1113 1155 1157 gratitudine
1170 1125 1232 1146 au-

241 1169 324 1203 ditis
341 1167 589 1202 concionantes
606 1171 639 1198 et
658 1176 772 1198 sacros
791 1165 901 1197 libros
917 1170 950 1197 et
965 1170 1143 1202 auctores,
1170 1162 1230 1207 qui

242 1220 344 1253 vobis
362 1223 581 1252 enarrantur.
637 1212 784 1249 scholas
801 1214 894 1248 enim
912 1215 1011 1248 decet
1032 1225 1104 1247 esse
1121 1213 1228 1246 offici-

242 1283 323 1311 nas,
350 1277 387 1304 ut
407 1274 620 1302 caeterarum
637 1266 828 1304 virtutum,
854 1265 901 1298 ita
918 1265 1068 1298 maxime
1085 1264 1234 1308 gratitu-

243 1321 348 1355 dinis.
403 1319 549 1353 Nullum
582 1316 676 1350 enim
700 1316 826 1350 vitium
854 1315 964 1358 magis
989 1322 1123 1360 pugnat
1154 1326 1232 1348 cum

243 1379 369 1406 natura
386 1377 418 1404 et
434 1368 596 1402 socictate
617 1364 762 1399 humani
781 1366 930 1410 generis,
952 1378 1057 1411 quam
1082 1365 1234 1408 iugrati—

243 1423 343 1458 tudo.
396 1420 466 1454 Nec
485 1419 527 1453 de
546 1415 660 1450 nihilo
685 1423 753 1458 est,
780 1417 874 1462 quod
900 1417 1068 1450 dixerunt
1085 1422 1234 1449 veteres:

243 1473 387 1508 Dixeris
416 1470 600 1504 maledicta
627 1475 750 1501 cuncta
780 1480 860 1501 cum
889 1467 1065 1511 ingratum
1092 1466 1234 1500 dixeris.

245 1524 342 1567 Quid
361 1523 454 1568 quod
475 1521 578 1555 etiam
601 1518 866 1551 immanissimis
884 1518 997 1551 beluis
1019 1518 1130 1550 indita
1154 1523 1236 1550 suut

244 1573 468 1619 gratitudinis
497 1567 734 1604 simulachra?
787 1568 1004 1602 Meministis
1031 1569 1168 1601 leonem
1186 1569 1235 1599 in

245 1627 336 1659 circo
367 1622 561 1657 reddidisse
590 1620 737 1664 gratiam
767 1619 936 1663 fugitivo,
970 1630 989 1652 a
1010 1631 1079 1664 quo
1106 1619 1236 1652 vulnus

246 1677 356 1721 ipsius
387 1681 545 1708 curatum
585 1672 715 1711 suerat3
763 1670 1006 1715 turpissimum
1039 1676 1154 1703 autem
1187 1676 1237 1703 est

245 1728 352 1761 nobis
365 1725 457 1758 vinci
479 1723 610 1757 institia
629 1728 662 1755 et
679 1721 804 1765 pietate
821 1733 839 1755 a
858 1721 982 1756 beluis.
1029 1719 1238 1754 Laudantur

245 1785 279 1812 et
295 1777 450 1811 ciconiae
468 1775 503 1807 in
525 1773 653 1819 quibus
671 1772 761 1817 pulli
778 1772 926 1816 adultis,
955 1782 1044 1817 quae
1065 1783 1127 1815 per
1144 1777 1237 1804 aeta-

246 1836 316 1863 tem
349 1833 530 1872 nequennt
560 1823 767 1868 paludarum
799 1823 910 1864 exire,
945 1822 1042 1855 cibos
1073 1822 1237 1856 afferunt.

246 1881 298 1914 lta
317 1890 379 1911 vos
397 1888 538 1923 quoque
564 1874 795 1907 memineritis
816 1871 1148 1920 cizfrtrrelaoyme‘ov
1171 1869 1239 1905 hoc

247 1937 297 1965 est
328 1936 449 1963 mutua
479 1927 607 1971 pietate
635 1925 802 1958 colendos
832 1931 935 1969 atque
967 1924 1138 1957 fovendos
1166 1934 1238 1956 esse

247 1987 489 2026 praeceptores
514 1976 761 2010 benemeritos·
815 1975 997 2009 Postremo
1022 1974 1238 2017 gratitudine

248 2030 502 2076 impetrabitis,
528 2035 565 2061 ut
583 2026 678 2060 Deus
696 2026 804 2068 inagis
823 2027 933 2059 saw-at
957 2026 1081 2059 studiis
1103 2025 1239 2063 vestris,

249 2094 358 2127 eaque
377 2083 416 2114 ad
438 2081 583 2113 salutem
602 2084 750 2111 vestram
767 2085 799 2111 et
817 2077 922 2110 totius
939 2076 1090 2120 lieipub.
1111 2077 1239 2119 gutwr-

249 2141 397 2167 naturus
415 2132 469 2166 sit,
520 2128 564 2164 [It
581 2130 674 2161 enim
697 2129 852 2170 ingratos
870 2125 962 2160 baud
983 2128 1090 2160 dubie
1106 2127 1239 2171 puniet,

250 2185 296 2217 ita
323 2190 437 2225 gratus
463 2188 553 2213 amat
579 2192 616 2212 ac
638 2187 768 2213 tuetur.
831 2178 966 2211 Videtis
988 2191 1092 2223 quam
1118 2178 1240 2221 iugens

250 2234 445 2279 praemium
464 2231 634 2264 addiderit
649 2237 773 2275 quarto
793 2236 993 2275 praecepto:
1018 2229 1162 2262 Honora
1180 2241 1240 2272 pa-

251 2294 338 2319 trem
367 2292 396 2316 rt
416 2290 582 2321 matrem,
617 2289 650 2313 ut
680 2281 726 2314 sis
752 2281 942 2323 longaevus
966 2291 1071 2323 super
1093 2287 1238 2317 territum

252 2334 318 2369 boc
334 2342 402 2374 est,
429 2341 466 2366 ut
485 2333 591 2366 tutius
607 2332 697 2365 vitae
721 2343 842 2364 cursus
860 2332 993 2365 faustus
1010 2343 1048 2363 ac
1066 2331 1169 2363 foelix
1186 2330 1240 2363 sit.

254 2387 349 2420 ldem
375 2386 470 2417 locus
492 2382 722 2416 concionatur
741 2383 783 2414 de
799 2382 914 2415 officio
934 2394 1012 2425 erga
1037 2388 1239 2425 praeceptu-

253 2450 307 2471 res
320 2464 328 2475 ,
355 2436 413 2479 qui
435 2447 512 2466 rum
527 2436 711 2466 succedant
732 2433 766 2465 in
786 2439 969 2476 parentum
987 2444 1116 2465 munus
1132 2439 1165 2465 et
1180 2444 1241 2465 cu—

254 2500 331 2526 ras,
365 2487 440 2518 luco
473 2491 655 2528 parentum
683 2482 836 2516 babendi
870 2490 961 2517 sunt.
1016 2482 1062 2517 Et
1092 2483 1118 2516 si
1152 2490 1242 2515 recte

253 2537 494 2572 aestimamus,
522 2535 651 2567 maiora
676 2534 842 2567 beneficia
867 2546 886 2567 a
908 2534 1011 2567 bouis
1027 2533 1242 2571 doctoribus,

253 2601 358 2635 quam
375 2589 417 2620 ab
437 2586 518 2629 ipsis
536 2586 738 2628 parentibus
755 2585 952 2628 accipimus.
979 2585 1066 2618 Nam
1083 2585 1240 2617 doctrina

254 2638 435 2680 religionis
449 2644 477 2669 et
495 2636 642 2668 aliarum
661 2633 883 2669 honestarum
896 2648 1012 2669 rerum
1031 2636 1132 2677 lunge
1143 2647 1242 2679 prae-

255 2690 396 2723 fers-uda
412 2695 462 2721 cst
482 2687 543 2731 ipsi
563 2687 663 2721 xitae.
718 2686 826 2720 ltccie
843 2687 947 2729 igitur
967 2686 1156 2720 luvenalis:

889 110 1048 149 DECL.
1087 109 1162 148 DE
1194 108 1627 148 GRATITUDINE.

2195 115 2270 158 2⁵6

1328 199 1382 231 Dii
1396 202 1543 230 maiorum
1557 201 1670 231 umbris
1686 207 1808 232 tenuem
1825 209 1854 232 et
1869 203 1933 233 sine
1945 205 2068 243 pulvere
2087 210 2205 243 terram,

1331 251 1544 291 Spin-mitesque
1562 263 1664 281 crocos
1679 259 1708 282 et
1724 254 1756 281 in
1773 263 1846 282 urna
1863 261 2043 294 perpetuum
2058 266 2119 294 ver,

1330 301 1392 340 Qui
1411 309 1632 342 praeceptorem
1649 306 1742 333 sancti
1758 305 1878 333 voluere
1894 308 2023 344 parentis

1330 353 1401 383 lisso
1418 356 1483 383 loco
1499 361 1555 383 etc.

1281 401 1400 444 Quare
1423 413 1496 435 non
1520 401 1639 434 minus
1664 401 1822 435 crudeles
1845 408 1926 435 sunt
1952 401 2082 446 ingrati
2105 403 2270 438 adversus

1283 459 1541 497 praeceptores,
1576 464 1681 497 quain
1705 451 1767 497 qui
1800 453 2003 496 parentibus
2029 453 2154 497 ingrati
2176 461 2271 491 sunt.

1281 503 1376 536 llaec
1398 509 1514 537 autem
1539 503 1696 546 impietas
1724 503 1909 547 praecipue
1934 517 1951 536 a
1973 501 2185 538 Christianis
2207 505 2272 540 ab-

1283 566 1354 587 esse
1372 555 1493 595 debet,
1517 554 1554 586 iu
1572 553 1700 598 quibus
1717 553 1771 586 vel
1789 554 1938 587 maxime.
1953 555 2108 588 eminere
2125 555 2273 598 gratitu-

1283 605 1401 638 dinem
1419 611 1568 648 oportet,
1595 611 1634 638 ut
1650 604 1895 647 intelligantur
1909 605 2011 638 etiam
2025 603 2166 639 Christo
2182 604 2273 649 grati

1283 667 1355 688 esse
1373 667 1435 699 pro
1455 655 1497 688 iis
1514 655 1691 688 beneficiis
1703 682 1710 695 ,
1738 667 1826 700 quae
1841 656 1885 688 ab
1903 667 1943 689 eo
1961 656 2098 690 infinita
2114 655 2272 702 quotidie

1284 706 1487 750 accipimus.
1520 705 1616 739 Haec
1632 707 2072 751 saepemultumquevobis
2089 707 2272 750 cogitanda

1283 763 1366 790 suut
1381 757 1618 789 adolescentes
1629 781 1638 794 ,
1660 763 1699 790 ut
1714 757 1871 789 animum
1890 759 1931 790 ad
1948 757 2200 801 gratitudinem
2215 769 2274 791 ex-

1284 807 1415 848 citetis,
1441 808 1534 852 quod
1555 807 1582 840 si
1600 807 1767 849 feceritis,
1793 808 1899 841 simul
1923 808 2010 841 illud
2029 808 2275 853 assequemini,

1283 865 1322 891 ut
1348 858 1656 902 literaruiinatque
1681 859 1806 891 artium
1825 859 1894 890 vim
1922 859 2031 902 magis
2057 859 2273 901 intelligatis.

1283 908 1372 942 Cum
1393 908 1554 941 videlicet
1576 909 1772 952 expenditis
1791 909 2039 943 beneficiorum
2059 909 2289 953 maguitudi-·

1427 958 1566 992 Deinde
1589 959 1767 1002 gratitudo
1794 960 1907 993 flectet
1935 961 2073 993 animos
2103 961 2207 994 etiam
2230 960 2274 994 ad
2321 954 2323 957 ι

1285 972 1376 992 Heln.

1284 1018 1436 1044 caeteras
1451 1010 1616 1050 virtutes3
1649 1017 1699 1043 est
1717 1010 1809 1043 enim
1828 1011 1906 1043 sons
1922 1011 2091 1046 iusticiae.
2144 1010 2274 1045 Liben-

1285 1062 1354 1095 tius
1375 1061 1479 1094 etiam
1507 1072 1545 1094 ac
1567 1060 1706 1094 facilius
1731 1061 1897 1105 parebitis
1919 1061 2221 1106 praeceptoribus,
2246 1061 2276 1094 si

1285 1120 1315 1145 et
1328 1124 1388 1145 vos
1403 1112 1447 1145 ab
1466 1111 1550 1155 ipsis
1565 1111 1674 1144 amari
1694 1111 1896 1155 intelligetis
1911 1120 1943 1145 et
1955 1112 2106 1146 vicissim
2124 1123 2183 1145 eos
2193 1112 2276 1146 red-

1284 1162 1458 1195 amabitis.
1512 1161 1637 1194 Talem
1663 1169 1777 1195 autem
1796 1162 2022 1196 Academiam
2044 1163 2188 1208 ⁴qualem
2214 1173 2277 1197 vos

1285 1210 1438 1251 habetis,
1466 1211 1527 1245 ubi
1554 1218 1649 1245 tanta
1673 1212 1830 1245 discendi
1858 1213 2005 1247 facultas
2024 1220 2074 1246 est
2097 1213 2277 1255 studiosis,

1284 1263 1347 1297 ubi
1371 1274 1453 1296 vere
1475 1269 1558 1296 sunt
1585 1263 1698 1303 sores,
1724 1269 1762 1296 ut
1786 1263 1933 1302 dicitur,
1966 1263 2134 1310 ἄφθονοι
2157 1275 2276 1298 musa-

1283 1326 1363 1347 rum
1376 1340 1386 1354 ,
1420 1325 1493 1346 non
1510 1325 1646 1354 amare,
1673 1313 1783 1346 animi
1801 1320 1852 1346 est
1869 1321 1903 1347 et
1918 1326 1936 1347 a
1960 1315 2069 1348 literis
2085 1321 2118 1348 et
2139 1314 2184 1348 ab
2207 1312 2276 1349 hu-

1285 1364 1454 1398 manitate
1470 1361 1710 1397 abhorrentis:
1729 1363 1805 1397 Vos
1820 1371 1934 1398 autem
1952 1371 2137 1409 parentum
2154 1371 2278 1400 aucto-

1285 1415 1406 1456 ritate,
1433 1412 1501 1448 boc
1517 1421 1586 1456 est,
1611 1414 1734 1447 divina
1751 1414 1957 1449 anctoritate
1976 1413 2044 1449 buc
2067 1415 2162 1449 missi
2182 1415 2278 1458 estis,

1285 1473 1324 1500 ut
1341 1472 1374 1500 et
1398 1465 1516 1499 literas
1540 1465 1759 1510 percipiatis,
1785 1472 1818 1499 et
1845 1465 1982 1499 animos
1998 1467 2040 1499 ad
2060 1466 2225 1500 virtutem
2243 1474 2278 1502 et

1288 1514 1521 1550 humanitatis
1536 1516 1650 1550 officia
1666 1516 1912 1550 assuefaciatis.
1952 1515 2076 1562 anue
2094 1517 2131 1550 in
2149 1529 2186 1550 re
2203 1529 2277 1552 non

1287 1567 1399 1600 solum
1424 1573 1559 1600 vestrae
1581 1567 1687 1600 saluti
1710 1567 1920 1608 consuletis,
1946 1569 2007 1601 sed
2032 1567 2136 1601 etiam
2161 1580 2181 1601 a
2204 1566 2279 1603 Re-

1288 1618 1372 1663 pub.
1389 1629 1451 1650 vos
1468 1617 1506 1650 in
1526 1615 1589 1650 hac
1606 1617 1758 1650 statione
1773 1617 1960 1651 collocatos
1977 1625 2108 1663 putate,
2135 1625 2176 1653 ut
2191 1619 2278 1653 olim

1287 1681 1327 1702 ex
1343 1668 1470 1702 studiis
1487 1668 1610 1701 vestris
1627 1667 1743 1714 aliqua
1760 1669 1879 1702 redeat
1897 1669 2042 1704 utilitas.
2085 1667 2131 1703 Et
2148 1670 2191 1703 ad
2207 1667 2278 1704 Ee-

1287 1719 1426 1753 clesiam
1451 1725 1484 1752 et
1510 1726 1660 1752 caeteras
1685 1719 1840 1763 heipub.
1867 1726 1982 1763 partes
2006 1720 2118 1754 otium
2149 1721 2280 1764 putatis

1288 1781 1359 1804 esse
1384 1767 1558 1810 scholam,
1584 1770 1643 1802 sed
1664 1768 1751 1802 mibi
1775 1771 1924 1811 credite,
1950 1771 2073 1814 ingens
2098 1771 2279 1815 negotium

1288 1821 1479 1857 sustinetis,
1504 1827 1536 1853 et
1553 1821 1646 1866 quod
1667 1821 1710 1853 ad
1730 1821 1929 1854 universam
1947 1820 2126 1866 Rempub.
2143 1822 2278 1859 attinet.

1289 1872 1408 1915 Quare
1426 1883 1486 1904 vos
1504 1868 1639 1911 bortor,
1664 1878 1703 1905 ut
1722 1878 1866 1916 propter
1883 1872 2031 1916 gloriam
2050 1871 2117 1906 Dei
2135 1879 2167 1907 et
2184 1874 2280 1908 satu-

1289 1930 1357 1956 tein
1376 1929 1539 1962 vestram,
1565 1922 1719 1955 officium
1735 1929 1888 1956 vestrum
1904 1923 2060 1958 studiose
2074 1923 2281 1968 diligenter·

1289 1985 1356 2019 que
1376 1973 1522 2007 faciatis.
1565 1972 1733 2007 invitabit
1750 1980 1862 2007 vestra
1881 1974 2059 2017 gratitudo
2077 1981 2281 2020 praecepto-

1290 2037 1367 2057 rum
1388 2025 1521 2063 studia,
1547 2031 1585 2057 nt
1602 2031 1635 2058 et
1650 2024 1891 2057 instructiores
1906 2026 1948 2058 ad
1965 2026 2166 2058 docendum
2184 2037 2281 2060 acce-

1289 2077 1373 2109 dant
1386 2103 1394 2115 ,
1418 2082 1451 2109 et
1473 2075 1582 2117 magis
1601 2075 1671 2108 siut
1690 2075 1832 2108 assidui.
1884 2074 2076 2121 Reliquum
2093 2083 2161 2117 est,
2189 2083 2278 2112 utet

1290 2138 1351 2168 ego
1376 2127 1503 2169 gratias
1529 2137 1627 2169 agam
1657 2126 1882 2170 amplissimis
1904 2133 1937 2160 et
1962 2127 2175 2161 doctissimis
2195 2127 2282 2163 viris

1292 2190 1353 2221 pro
1387 2177 1565 2210 beneficiis
1596 2177 1631 2209 iu
1665 2189 1719 2209 me
1752 2177 1916 2221 privatim
1941 2177 2090 2213 collatis.
2144 2177 2283 2221 Quam-

1291 2241 1395 2273 qubn
1413 2236 1527 2261 autem
1544 2225 1628 2260 baec
1648 2228 1934 2261 commemoratio
1957 2228 2031 2261 leve
2055 2228 2211 2263 officium
2228 2230 2284 2264 vi-

1292 2283 1411 2317 detur,
1452 2286 1567 2311 tamen
1603 2278 1770 2323 quoniam
1800 2279 2094 2321 significationem
2127 2280 2283 2326 aliquam

1292 2329 1394 2363 babet
1420 2337 1536 2372 gratae
1562 2329 1707 2368 niu-ntis,
1737 2330 1939 2374 praesertim
1963 2342 2042 2363 cum
2065 2330 2123 2366 fiat
2145 2331 2182 2365 in
2204 2331 2282 2366 loco

1293 2382 1452 2424 publico,
1488 2393 1558 2413 uun
1595 2381 1677 2413 «buxi
1714 2393 1789 2413 eam
1825 2393 1897 2414 esse
1922 2381 2282 2426 praetermittendam.

1291 2432 1407 2473 (Iugur
1423 2440 1538 2465 autem
1558 2432 1790 2465 verecundius
1813 2433 1856 2465 de
1875 2432 1999 2466 vestris
2016 2430 2150 2466 meritis
2165 2432 2282 2468 dicere

1294 2491 1435 2527 propter
1452 2482 1656 2515 modestiam
1676 2489 1838 2518 vestram.
1877 2482 2033 2517 Tantum
2050 2482 2138 2517 illud
2155 2484 2283 2525 dicam,

1292 2547 1346 2566 nu·
1366 2535 1515 2567 libenter
1536 2533 1701 2577 profiteri,
1728 2546 1799 2567 non
1822 2533 1937 2567 suiuus
1954 2545 2010 2566 me
2027 2533 2128 2568 vobis
2144 2535 2285 2578 debere,

1293 2598 1398 2629 quam
1416 2585 1501 2617 meis
1518 2584 1732 2628 parentibus.
1774 2583 1893 2629 ltaque
1911 2584 2011 2617 vobis
2025 2591 2056 2617 et
2075 2582 2188 2620 babeo
2204 2597 2283 2631 gr·-

1294 2639 1376 2668 tiam
1400 2643 1430 2670 et
1454 2635 1623 2679 polticeor
1646 2647 1718 2675 me,
1744 2635 1855 2669 sicubi
1877 2641 1999 2679 potero
2017 2647 2053 2669 re
2078 2636 2150 2680 ipsa
2166 2637 2282 2671 decla-

1294 2699 1369 2719 rare
1402 2686 1511 2720 animi
1544 2686 1814 2729 gratitudinem,
1855 2698 1991 2720 sunium
2027 2687 2094 2720 suto
2118 2688 2283 2723 daturum

2331 2691 2336 2720 -
2331 2547 2338 2667 -¹-—
2333 2438 2338 2527 ——-
