2338 2958
151 134 222 168 411

153 216 323 264 poematis
346 212 456 249 animi
480 212 589 245 robur
614 207 771 241 enervari
789 206 939 245 videtur.
993 204 1062 239 Sed
1078 215 1142 239 nos

155 270 198 304 ad
230 266 298 301 hoc
332 265 484 299 breviter
516 259 826 303 respondebimus,
861 257 1056 291 Homerum
1081 269 1144 290 vo-

155 320 261 353 luisse
284 317 458 350 celebrare
482 312 579 344 illam
596 309 805 344 sententiam
822 309 865 342 de
882 307 1144 341 immortalitate

155 370 371 406 animarum,
397 375 501 409 quam
527 361 685 395 omnium
710 360 907 394 seculorum
931 359 1145 392 cordatiores

155 428 189 454 et
216 417 432 452 honestiores
449 412 515 446 viri
541 418 747 446 tenuerunt:
774 410 926 443 voluisse
950 409 1144 452 significare

156 473 272 505 locum
288 479 326 500 ac
342 466 458 501 sedem
476 463 629 508 aliquam
647 474 719 495 esse
735 468 813 506 post
829 458 920 494 hanc
936 461 1056 501 vitam,
1077 459 1145 502 phi

157 523 334 555 bonorum
354 515 575 550 etmalorum
595 513 732 546 animae
751 513 929 551 viverent,
956 511 1059 544 bonis
1081 507 1147 543 ho-

159 583 224 604 nor
240 569 382 614 quidam
403 565 609 604 haberetur,
635 564 716 596 mali
739 563 1008 607 plecterentur.‚
1037 560 1148 594 Deni-

158 633 224 667 que
251 625 388 653 secutus
411 624 460 650 est
483 616 580 648 illam
605 615 787 654 usitatam,
816 625 904 658 quae
926 620 1000 645 tum
1018 612 1084 645 fuit
1106 612 1149 644 de

159 671 293 709 inseris,
320 667 506 702 bominum
522 665 739 709 opinionem.
793 663 873 696 Non
887 675 990 701 nova,
1018 669 1077 695 aut
1093 661 1149 694 in-

160 721 298 761 audita,
323 727 384 753 aut
401 732 418 752 a
438 716 614 751 communi
632 715 763 749 iudicio
780 714 876 747 illius
894 713 1000 746 seculi
1020 709 1150 746 abhor-

160 773 286 812 rentia,
312 771 405 815 quod
424 764 631 810 Philosophi
649 766 824 805 fecerunt,
851 770 1070 797 commentus
1089 769 1148 795 est.

161 826 278 868 Atque
301 819 387 853 haec
413 825 495 852 suut
526 817 585 849 illa
612 817 774 860 capitalia
806 814 974 853 crimina,
1010 821 1152 858 propter

161 886 249 919 quae
268 885 286 905 a
303 871 450 904 Platone
466 867 641 901 Homerus
663 867 768 899 exilio
783 865 992 904 mulctatur,
1019 865 1151 907 relega—

161 932 220 958 tur
242 923 285 956 ab
310 921 396 954 urbe
415 918 595 953 Platonica
617 918 654 950 in
676 918 791 950 nescio
811 928 897 962 quas
915 916 1006 948 solas
1030 923 1150 952 terras,

161 976 204 1009 ad
222 969 369 1008 Sex-dms
386 971 490 1004 credo
507 976 565 1002 aut
583 968 830 1008 Garamantes,
857 979 969 1011 neque
990 966 1023 998 id
1044 973 1152 999 teme-

162 1038 218 1063 re,
246 1013 328 1056 nam
348 1019 620 1066 Cbrysostomns
642 1019 737 1052 testis
759 1026 826 1058 est,
853 1018 956 1051 etiam
976 1015 1152 1049 Barbaros

163 1083 196 1110 et
225 1075 439 1113 Graecarum
472 1070 738 1112 disciplinarum
774 1070 898 1106 rudes,
941 1067 1152 1111 permulctos

163 1123 344 1161 Homerici
362 1121 527 1156 carminis
542 1121 744 1160 dulcedine,
770 1119 922 1163 coepisse
941 1116 1030 1151 hanc
1046 1129 1153 1151 unam

164 1179 210 1211 ob
235 1187 372 1209 causam
391 1171 544 1205 Graecas
567 1171 685 1205 literas
701 1172 903 1211 degustare,
931 1176 968 1201 ut
987 1166 1053 1201 hoc
1070 1170 1153 1211 poe-

164 1240 219 1262 ma
237 1226 431 1271 perdiscere
449 1228 600 1266 possent,
627 1228 660 1254 et
676 1222 768 1264 apud
790 1219 896 1253 indos
915 1220 949 1252 id
972 1220 1074 1252 etiam
1093 1220 1154 1250 de-

166 1277 299 1313 cantari
325 1275 478 1308 solitum.
532 1271 588 1305 Ad
616 1283 863 1316 quamcunque
888 1271 994 1313 igitur
1017 1276 1153 1317 gentem

164 1342 182 1362 e
209 1327 355 1361 Graecia
380 1337 440 1357 sua
469 1322 675 1365 relegaverit
702 1321 896 1354 Homerum
922 1320 1042 1359 Plato,
1079 1331 1153 1352 eam

166 1379 261 1412 velut
279 1376 344 1410 Dei
362 1374 510 1408 alicuius
526 1374 680 1406 adventu
697 1372 813 1406 statim
831 1371 1014 1405 cultiorem
1030 1368 1155 1403 huma-

166 1430 374 1472 nioremque
390 1437 454 1458 usu
472 1424 578 1469 ipsius
595 1429 627 1457 et
643 1422 896 1456 consuetudine
913 1421 1044 1455 fecerit.
1085 1420 1155 1454 Sed

167 1490 344 1525 opponere
367 1488 431 1510 nos
451 1476 554 1509 etiam
581 1485 783 1517 possumus,
811 1472 969 1506 Platonis
986 1469 1051 1504 hae
1067 1471 1102 1504 in
1119 1482 1156 1503 re

166 1529 364 1568 autoritati,
393 1538 602 1560 consensum
625 1525 785 1558 omnium
808 1524 1022 1568 optimorum
1047 1528 1079 1555 et
1102 1533 1156 1553 sa—

167 1580 467 1627 pientissimorum
502 1575 706 1615 hominum,
749 1575 807 1619 qui
840 1574 1006 1614 omni-bus
1033 1571 1157 1605 seculis

169 1639 246 1677 pust
266 1629 411 1664 Homeri
438 1634 606 1664 aetatem,
634 1626 787 1666 ingenii,
816 1624 1013 1660 doctrinae,
1043 1623 1156 1655 virtu-

168 1684 231 1721 tis,
259 1688 317 1714 aut
336 1678 526 1723 sapientiae
547 1678 647 1709 laude
663 1677 869 1708 floruerunt.
921 1673 973 1707 Ex
992 1671 1045 1706 his
1063 1673 1155 1705 enim

169 1746 271 1767 nemo
296 1731 381 1770 suit,
409 1729 467 1774 qui
488 1740 559 1760 non
581 1728 683 1771 pleno
701 1739 759 1759 ore
776 1725 921 1758 Homeri
942 1732 1062 1768 poema
1080 1724 1156 1756 lau-

169 1787 285 1823 daret,
313 1793 386 1814 non
411 1779 696 1823 amplecteretur,
732 1784 763 1811 ct
787 1777 881 1810 velut
906 1776 1066 1808 divinum
1089 1786 1157 1807 nu-

168 1847 248 1868 men
276 1835 449 1866 adoraret.
505 1826 730 1862 Archesilaus
747 1827 902 1871 optimus
920 1833 952 1859 et
971 1825 1158 1870 sapientis—

169 1887 276 1919 simus
303 1885 557 1927 Spartanorum
578 1879 673 1918 Rex,
708 1889 890 1923 nunqnam
917 1877 1075 1909 cubitum
1097 1876 1158 1915 ire,

171 1947 350 1980 nunquam
367 1945 444 1965 cum
462 1943 478 1964 e
498 1931 584 1963 lecto
601 1930 815 1967 surrexisset,
839 1928 994 1972 prodire,
1017 1933 1075 1959 aut
1094 1926 1158 1959 ali-

170 1988 254 2033 quid
284 1996 382 2028 agere
414 1983 564 2021 solebat,
600 1981 686 2025 quin
713 1979 810 2024 prius
832 1978 930 2023 quasi
965 1977 1159 2011 solenniter

171 2037 303 2082 aliquid
324 2048 362 2067 ex
378 2034 531 2066 llomero
552 2032 738 2069 lectitaret,
766 2037 796 2063 et
814 2029 949 2074 quoties
971 2042 987 2060 a
1007 2027 1159 2069 negociis

173 2101 317 2120 xacuuui
337 2094 471 2127 tempus
488 2084 647 2121 dabatur,
670 2081 785 2114 statim
803 2081 844 2112 ad
865 2079 1058 2111 llomeruin
1078 2091 1159 2122 pro-

173 2139 324 2184 perabat,
348 2138 388 2167 ad
409 2134 577 2167 amasium
598 2133 803 2176 pullumque
822 2143 922 2163 suum
942 2130 990 2162 ire
1007 2142 1041 2162 se
1057 2130 1160 2161 dicti-

172 2200 259 2223 tans.
313 2187 432 2230 ,Neque
459 2187 614 2225 ignotum
634 2191 701 2221 est,
730 2189 946 2227 quantopere
962 2181 1161 2213 Alexander

176 2240 321 2273 §tm-11«.
340 2238 528 2269 delectatus
547 2235 586 2266 sit
610 2233 753 2266 llomeri
783 2239 951 2276 poemate.
1005 2231 1070 2263 Cui
1090 2230 1160 2262 sive

173 2292 271 2327 seria,
300 2302 357 2321 seu
380 2288 471 2319 iocos
489 2293 668 2321 tractaret,
696 2285 798 2316 etiam
817 2296 894 2315 rum
912 2289 1107 2315 armaretur
1125 2281 1159 2312 iu

175 2341 324 2377 hostem,
353 2338 504 2370 carmina
531 2335 673 2367 llomeri
702 2333 877 2367 «lecantari
900 2334 1075 2365 solebant:
1105 2331 1159 2364 cui

174 2406 250 2425 rum
269 2405 306 2423 ex
327 2389 446 2433 spoliis
461 2386 685 2431 Baby-ionicis
702 2385 851 2427 ingentis
869 2384 975 2428 precii
991 2383 1159 2416 scrinium

173 2457 211 2475 ex
231 2455 315 2475 auro
341 2448 367 2472 et
400 2438 541 2477 genuinis
567 2444 652 2469 esset
677 2437 852 2475 oblatum,
880 2442 912 2468 et
930 2434 1054 2467 caeteri
1073 2433 1162 2465 alius

175 2495 232 2526 alii
255 2492 330 2526 usui
354 2493 393 2523 ad
420 2502 471 2521 res
497 2489 670 2532 preciosas
694 2486 928 2519 adservaudas
954 2486 986 2517 id
1007 2485 1161 2517 destina—

175 2552 246 2578 r.·nt
264 2571 271 2583 ‚
301 2541 476 2585 respoudit
507 2540 717 2571 ¹Xlexauder:
754 2537 848 2569 Nulli
876 2537 924 2569 rei
951 2535 1060 2576 inagis
1085 2535 1160 2567 ido-

176 2608 274 2629 ιιι-,ιιιι
292 2605 362 2625 esse
379 2604 452 2622 eam
480 2590 650 2627 ..re-ulam,
678 2601 781 2632 «piam
800 2586 989 2620 llomerico
1010 2585 1160 2630 poi-mati

185 2645 399 2678 asvrvando·
431 2641 648 2672 nobilissimo
667 2640 758 2670 euim
776 2637 938 2670 thesauro
956 2650 1025 2670 nou
1046 2636 1162 2669 minus

179 2699 293 2730 u··t=ii··
313 2694 510 2728 §ast-idum,
542 2691 573 2721 in
594 2703 661 2732 spu·
690 2697 934 2732 reponeretur,
962 2687 1160 2721 convenire.

639 120 798 158 DECL.
833 118 907 154 DE
941 117 1232 155 PRAEFAT.
1267 116 1325 152 IN
1356 113 1673 154 HOMERUM.

2110 119 2183 156 412

1196 202 1244 238 At
1275 214 1340 236 nos
1367 201 1624 243 adolescentes,
1666 203 1794 248 quibus
1821 215 1925 239 aurea
1953 212 1986 239 et
2012 213 2185 250 gemmata

1196 266 1275 288 vasa
1293 265 1367 287 non
1382 259 1474 296 sunt,
1495 253 1590 298 quod
1607 254 1798 297 poterimus
1812 261 1927 289 tamen
1945 254 2186 290 Alexandrum

1197 305 1368 349 Magnum
1392 303 1591 344 imitantes,
1623 303 1766 338 interim
1790 305 1828 338 in
1857 317 1931 340 non
1953 308 2058 351 paulo
2083 309 2188 341 nobi-s

1197 357 1298 397 liore,
1323 366 1449 399 nempe
1468 362 1649 399 pectorum
1667 362 1869 389 nostrorum
1887 358 2066 400 scriniolo,
2092 357 2187 393 hunc

1198 414 1268 441 tam
1303 405 1499 450 preciosum
1537 403 1743 440 thesaurum
1780 407 1993 449 condamus,
2027 415 2061 444 et
2088 409 2186 443 illam

1199 464 1330 502 partem
1347 455 1636 501 praestantiorem
1655 469 1693 490 ac
1711 456 1923 491 diviniorem
1940 460 2052 492 nostri
2069 472 2108 494 eo
2126 472 2188 505 pa-

1199 508 1285 542 riter
1300 518 1466 541 ornemus
1481 513 1586 552 atque
1605 507 1767 543 ditemus.

1286 558 1385 601 Quos
1403 565 1441 591 tu
1458 555 1548 591 mihi
1563 555 1756 600 thesauros,
1783 571 1869 604 quas
1885 559 2029 593 divitias
2045 562 2191 594 narras?

1201 609 1291 643 dicet
1319 607 1376 642 hic
1404 609 1553 653 aliquis,
1593 620 1720 653 nempe
1747 610 1908 644 videmus
1935 617 1968 644 et
1995 609 2189 644 Homerum

1202 659 1462 703 egentissimum
1478 659 1604 701 fuisse,
1629 672 1708 693 cum
1727 660 1871 701 viveret,
1899 667 1932 694 et
1954 673 1994 694 ex
2011 662 2192 707 discipulis

1202 711 1274 744 suis
1291 708 1407 743 adhue
1425 710 1604 743 neminem
1622 711 1759 746 ditasse.
1814 711 1946 745 Verum
1964 709 2031 745 hoc
2047 724 2132 752 esse,
2159 719 2192 747 et

1203 759 1258 794 his
1274 760 1404 794 nostris
1423 761 1641 804 temporibus
1664 761 1770 795 nimis
1787 774 1907 795 verum
1931 764 2070 798 scimus.
2123 763 2191 797 Sed

1203 811 1468 844 meminerimus
1501 809 1567 844 boc
1589 824 1729 856 quoqne
1758 820 1891 846 certum
1922 821 2026 858 atque
2049 814 2193 848 evidens

1204 868 1451 905 argumentum
1477 873 1548 894 esse
1578 862 1801 905 publicarum
1825 863 2082 905 calamitatum,
2115 876 2193 898 cum

1205 913 1269 945 ista
1289 912 1402 945 studia
1427 911 1473 944 ita
1489 913 1665 946 contemni
1686 914 1856 948 videmus.
1912 913 1985 948 Nos
2002 927 2085 948 vero
2103 913 2193 948 nihil

1205 964 1289 997 istae
1319 962 1508 995 illiberales
1533 963 1779 1006 cogitationes,
1814 971 1846 997 et
1874 965 1929 998 isti
1959 966 2196 999 sordidissimi

1205 1024 1384 1048 sermones
1401 1021 1577 1048 moveant.
1622 1013 1702 1047 Non
1720 1014 1818 1058 digni
1836 1023 1935 1055 sunt,
1962 1017 2020 1061 qui
2039 1014 2094 1050 his
2113 1016 2195 1050 Mu—

1204 1076 1321 1098 sarum
1340 1063 1445 1096 sacris
1464 1063 1669 1103 initientur,
1697 1072 1756 1098 aut
1776 1065 1813 1098 in
1832 1063 1898 1099 hoc
1921 1063 2150 1100 humanitatis
2163 1074 2198 1102 et

1206 1115 1348 1148 virtutis
1370 1114 1536 1147 sacellum
1560 1116 1813 1155 admittantur,
1843 1117 1903 1161 qui
1929 1117 2062 1150 sordidi
2088 1130 2197 1163 quae—

1206 1173 1278 1198 stus
1301 1165 1410 1208 gratia
1439 1161 1522 1197 haec
1546 1165 1651 1209 longe
1672 1167 1925 1210 praestantiora
1944 1169 2036 1201 bona
2054 1170 2197 1213 adsper-

1207 1223 1350 1250 nantur.
1398 1214 1476 1248 Non
1496 1215 1665 1250 distendit
1683 1229 1883 1250 crumenam
1900 1231 1985 1252 auro
2002 1226 2035 1252 et
2051 1226 2196 1263 argento

1208 1266 1401 1304 Homerus,
1438 1277 1511 1298 non
1538 1274 1695 1299 ventrem
1722 1268 1955 1311 pinguedine,
1989 1281 2061 1303 non
2089 1271 2197 1313 cingit

1209 1317 1337 1360 digitos
1361 1317 1543 1359 gemmatis
1560 1317 1718 1350 annulis:
1746 1325 1779 1351 at
1797 1326 1887 1351 certe
1909 1328 2081 1359 mentem,
2109 1333 2197 1366 quae

1208 1367 1460 1412 praestantior,
1486 1379 1575 1411 quae
1593 1367 1802 1402 immortalis
1819 1381 1896 1413 pars
1916 1371 2026 1404 nostri
2046 1378 2112 1410 est,
2141 1372 2197 1405 in—

1209 1418 1370 1461 gentibus
1397 1428 1436 1450 ac
1464 1417 1568 1461 longe
1591 1418 1841 1457 nobilioribus,
1869 1422 2089 1466 aeternisque
2106 1422 2199 1455 divi—

1210 1469 1267 1502 tiis
1284 1468 1448 1507 cumulat,
1475 1476 1590 1509 ornat,
1613 1469 1781 1515 ditatque.
1817 1470 1894 1503 Non
1915 1483 1979 1504 nos
1997 1473 2199 1513 absterreat,

1209 1520 1302 1564 quod
1326 1530 1446 1561 egens,
1474 1521 1568 1563 quod
1594 1527 1813 1565 contemptus
1834 1522 1899 1555 fuit
1920 1521 2096 1557 Homerus
2120 1535 2198 1557 eum

1210 1571 1355 1608 viveret,
1383 1570 1477 1613 quod
1498 1577 1636 1613 egentes
1654 1578 1747 1609 sunt,
1771 1572 1830 1616 qui
1849 1570 1914 1606 hoc
1931 1585 2040 1616 genus
2058 1575 2200 1608 studio-

1210 1633 1288 1653 rum
1316 1620 1446 1652 colunt.
1500 1620 1708 1654 Communis
1733 1619 1816 1655 haec
1840 1631 1890 1656 est
1907 1625 2062 1658 conditio
2082 1637 2199 1659 rerum

1210 1671 1444 1715 optimarum,
1473 1677 1509 1703 ut
1528 1671 1597 1703 siut
1623 1678 1842 1716 contemptae
1868 1674 1902 1706 in
1930 1671 1993 1707 hac
2017 1676 2142 1709 misera
2167 1683 2201 1710 et

1211 1723 1312 1766 plena
1339 1732 1496 1753 errorum
1520 1733 1559 1754 ac
1586 1723 1760 1756 caecitatis
1785 1724 1865 1757 vita.
1925 1723 2201 1760 Concionatores

1210 1772 1308 1805 verbi
1324 1771 1455 1812 divini,
1481 1772 1634 1805 ministri
1652 1780 1811 1807 aeternae
1828 1775 1967 1816 salutis,
1992 1777 2054 1819 qui
2073 1777 2202 1810 libera-

1211 1823 1342 1855 tionem
1362 1833 1380 1854 a
1397 1829 1526 1863 morte,
1553 1836 1570 1855 a
1592 1831 1751 1867 peccato,
1779 1825 1823 1857 ab
1840 1829 1990 1859 aeternis
2003 1826 2200 1861 inferorum

1212 1872 1444 1911 cruciatibus,
1481 1873 1524 1905 ab
1550 1875 1715 1907 omnibus
1737 1875 1839 1908 malis
1863 1878 2099 1919 annunciant,
2131 1891 2201 1924 quo

1212 1924 1263 1956 illi
1284 1924 1387 1955 modo
1405 1924 1449 1955 ab
1470 1924 1578 1967 impio
1596 1932 1627 1958 et
1653 1926 1889 1967 ingratissimo
1908 1929 2041 1961 mundo
2066 1941 2203 1974 semper

1212 1974 1343 2018 accepti
1367 1974 1574 2019 tractatique
1593 1975 1753 2016 suerunt,
1781 1990 1850 2021 quo
1876 1980 1980 2011 modo
2001 1976 2106 2012 hodie
2130 1987 2202 2014 tra-

1213 2025 1376 2058 ctantur?
1429 2024 1508 2058 Non
1528 2026 1629 2058 nobis
1646 2027 1775 2059 mirum
1795 2028 1896 2061 valde
1918 2035 1976 2062 aut
2000 2041 2132 2063 novum
2149 2030 2203 2063 vi-

1213 2075 1287 2107 deri
1313 2076 1435 2115 dehet,
1467 2076 1495 2108 si
1521 2088 1574 2108 res
1600 2077 1712 2110 bonae
1738 2078 1984 2121 negliguntur,
2011 2081 2202 2115 deteriores

1213 2133 1334 2159 contra
1359 2126 1476 2169 magni
1508 2127 1610 2165 fiant,
1641 2134 1740 2161 vetus
1765 2126 1829 2162 hoc
1854 2136 1902 2162 est
1930 2130 1965 2162 iu
1991 2133 2144 2173 mundo,
2170 2139 2204 2165 et.

1214 2177 1466 2209 consuetudine
1486 2189 1589 2220 prava
1610 2177 1678 2211 iam
1696 2191 1783 2222 pene
1799 2180 1967 2213 usitatum
1987 2193 2058 2215 esse
2078 2182 2203 2226 coepit.

1215 2227 1286 2260 Nos
1305 2235 1424 2260 contra
1442 2228 1490 2260 sic
1506 2228 1708 2271 cogitemus,
1736 2241 1807 2262 nou
1827 2231 1934 2264 seruit
1952 2233 2109 2277 quaestui
2128 2232 2202 2267 Ho-

1215 2290 1348 2316 merus,
1382 2291 1421 2311 eo
1447 2279 1589 2312 melior:
1620 2280 1831 2321 dedignatur
1855 2282 1948 2314 euim
1978 2283 2107 2325 virtus,
2142 2285 2204 2317 de-

1215 2331 1406 2371 dignantur
1430 2328 1552 2362 Musae
1579 2338 1752 2373 prostare,
1781 2339 1810 2364 et
1838 2333 1872 2364 iu
1890 2341 2054 2377 quaestu,
2080 2342 2118 2369 ut
2146 2335 2204 2368 ille

1215 2382 1278 2415 ait.
1317 2392 1378 2423 pro
1407 2381 1649 2414 meretricibus
1672 2383 1801 2417 sedere,
1865 2383 2094 2418 Meminerint
2121 2397 2202 2418 vero

1217 2431 1288 2466 illi,
1316 2431 1374 2475 qui
1402 2432 1443 2463 ad
1472 2431 1658 2464 utilitatem
1681 2445 1778 2465 suam
1798 2434 1916 2466 munia
1939 2435 2114 2474 referunt.
2143 2437 2201 2480 qui

1216 2483 1431 2525 possessione
1466 2482 1640 2514 bonorum
1675 2485 1836 2517 fortunae
1872 2485 2094 2519 foelicitatem
2130 2498 2203 2519 me-

1216 2533 1353 2565 tiuntur
1388 2533 1548 2576 amplecti
1583 2546 1617 2565 se
1652 2535 1786 2577 fragilia
1818 2542 1848 2568 et
1883 2535 2202 2570 inconstantissima

1217 2585 1325 2621 huna,
1353 2590 1457 2628 atque
1481 2583 1544 2626 ipsi
1573 2585 1676 2617 etiam
1702 2586 1887 2629 possessori
1914 2598 2013 2630 saepe
2039 2588 2203 2625 exitialia,

1217 2635 1391 2678 uniusque
1415 2632 1558 2667 horulae
1577 2643 1753 2668 momento
1770 2636 1968 2669 uuixersam
1988 2638 2082 2671 illam
2103 2639 2201 2671 foeli—

1216 2686 1374 2719 citatem.
1411 2698 1515 2730 seque
1540 2688 1626 2718 adeo
1659 2686 1750 2730 ipsos
1777 2687 1933 2720 funditus
1960 2689 2066 2722 everti
2092 2701 2199 2733 posse.
