2338 2958
183 139 258 178 755

191 232 268 261 sunt
287 223 430 271 politiae
451 225 549 262 illae,
577 223 784 268 priusquam
801 222 978 267 negligere
995 219 1092 257 hunc
1109 218 1187 257 the-

192 289 333 312 saurum
353 282 553 320 coeperunt.

295 327 540 371 Hierosolyma
569 331 601 358 et
626 324 767 364 floruit,
795 329 826 357 et
845 324 987 357 urbium
1012 331 1085 358 toto
1102 324 1187 357 orbe

195 386 368 413 terrarum
388 374 623 420 pulcherrima
648 375 734 415 suit,
762 376 873 408 donec
893 373 1106 409 bibliotheca
1123 374 1188 409 Dei

194 430 271 463 fuit.
332 427 456 461 Postea
488 438 566 459 cum
593 426 704 459 libros
733 426 873 459 divinos
898 426 1106 469 negligeret,
1140 425 1188 459 ita

197 480 308 513 deleta
327 485 398 518 est,
426 484 464 510 ut
488 489 560 510 non
580 477 695 510 solum
719 477 876 510 aedificia
892 477 1056 510 incendio
1075 477 1189 521 perie-

196 529 284 569 rint,
312 529 370 561 sed
389 527 492 561 etiam
511 534 582 560 tota
600 538 683 571 gens
701 527 868 571 dissipata
888 528 950 569 sit,
976 535 1007 561 et
1026 528 1062 560 in
1081 540 1120 561 eo
1137 527 1190 559 lo—

197 593 236 613 co
254 591 349 612 nunc
366 579 544 612 latronum
562 590 684 622 specus
700 578 782 612 sint.
820 577 915 611 ldem
931 579 1057 613 accidit
1074 578 1190 611 omni-

197 631 263 663 bus
277 630 426 663 urbibus
442 629 545 662 Asiae
561 636 594 662 et
611 627 798 669 Graeciae,
825 630 862 661 in
879 630 1009 673 quibus
1028 641 1106 663 cum
1125 629 1192 661 sso-

197 687 312 714 rentes
330 678 506 713 Ecclesiae
522 680 699 724 quondam
715 679 866 719 suerint,
893 680 1038 713 desertis
1054 679 1192 719 studiis,

199 732 293 775 ipsae
309 731 414 763 urbes
432 742 569 763 eversae
585 736 677 763 sunt.
724 729 874 772 Quoties
892 730 1000 773 igitur
1012 730 1048 763 in
1068 728 1122 763 bis
1138 741 1193 762 re-

199 782 363 826 gionibus
387 781 452 814 iter
476 781 608 820 facitis,
642 787 673 813 et
692 781 903 824 oppidorum
926 781 1085 821 moenia,
1113 792 1193 813 coe-

199 840 255 867 tus
281 830 487 871 bominum,
523 831 682 875 politias,
718 831 847 875 templa
875 831 1021 872 videtis,
1045 832 1193 875 cogitate

200 883 401 922 vobiscum,
436 879 520 914 haec
544 889 767 922 ornamenta,
800 881 868 915 Dei
891 882 1108 926 benignitate
1132 883 1194 915 ad-

200 932 270 967 buc
294 934 426 976 integra
446 944 536 972 esse,
562 939 602 966 ut
624 933 694 965 sint
710 929 948 966 bibliothecae
971 934 1134 973 divinae,
1163 940 1196 966 et

200 991 239 1018 ut
273 984 388 1018 studia
423 983 582 1016 coelestis
620 984 800 1017 doctrinae
832 984 1011 1025 colantur,
1052 984 1193 1017 credite.

202 1034 326 1069 Servat
342 1031 426 1067 baec
444 1034 573 1078 oppida
591 1032 703 1072 Deus,
732 1046 805 1067 non
821 1041 861 1068 ut
877 1035 947 1068 sint
962 1035 1196 1079 voluptatum,

201 1086 322 1125 luxus,
356 1085 521 1117 avaritiae
547 1090 579 1117 et
609 1084 758 1118 aliarum
785 1085 1020 1129 cupiditatum
1054 1085 1196 1124 cubilia,

203 1137 262 1169 sed
278 1143 316 1170 ut
333 1135 403 1168 sint
421 1135 602 1169 doctrinae
630 1135 867 1170 invocationis
893 1143 927 1170 et
951 1136 1197 1170 celebrationis

202 1187 267 1221 Dei
287 1186 478 1220 domicilia.

308 1236 360 1270 Ac
384 1248 528 1280 prorsus
551 1248 628 1269 cum
647 1236 748 1269 Pauli
769 1236 939 1269 concione
964 1237 1126 1279 congruit
1143 1236 1198 1269 di-

204 1295 297 1322 ctum
318 1284 470 1325 Christi,
499 1288 592 1332 quod
618 1293 708 1319 extat
728 1287 820 1330 apud
841 1285 1008 1320 loannem
1033 1288 1070 1319 in
1088 1287 1199 1331 capite

205 1345 330 1383 quarto
364 1338 517 1370 decimo:
557 1336 595 1370 Si
633 1337 712 1381 quis
746 1337 862 1380 diligit
886 1350 959 1378 me,
999 1349 1198 1371 sermonem

205 1400 322 1422 meum
347 1389 515 1428 servabit,
542 1394 575 1420 et
592 1387 696 1421 Pater
715 1399 812 1421 meus
831 1387 954 1431 diliget
972 1401 1070 1429 eum,
1098 1395 1131 1422 et
1155 1389 1197 1421 ad

205 1452 285 1473 eum
301 1439 485 1472 veniemus
504 1445 537 1472 et
551 1439 772 1471 mansionem
789 1440 881 1482 apud
901 1451 979 1472 eum
996 1440 1177 1474 faciemus.

310 1489 351 1522 In
371 1487 434 1522 hac
451 1489 653 1522 dulcissima
670 1490 840 1523 concione
857 1490 951 1523 filius
968 1488 1033 1523 Dei
1052 1503 1125 1523 non
1143 1502 1200 1524 so-

206 1542 279 1574 lum
305 1540 491 1585 praecipit,
523 1547 562 1573 ut
589 1540 771 1573 doctrinae
797 1542 959 1574 custodes
984 1542 1113 1581 simus,
1139 1542 1198 1574 sed

208 1592 311 1625 etiam
336 1592 433 1624 addit
460 1591 728 1634 promissionem
753 1591 1025 1635 amplissimam,
1058 1592 1157 1634 diligi
1182 1603 1200 1623 a

207 1641 283 1676 Deo
310 1639 416 1674 buius
443 1641 624 1673 doctrinae
651 1643 830 1682 custodes,
856 1654 984 1686 eosque
1003 1641 1067 1675 Dei
1087 1642 1199 1675 domi-

210 1693 330 1725 cilium
351 1704 431 1725 esse.
487 1691 608 1736 Neque
624 1692 787 1734 cogitari,
813 1704 926 1736 neque
944 1693 1054 1736 expeti
1075 1694 1201 1725 melius

211 1743 398 1789 quicquam
419 1748 548 1785 potest,
575 1753 687 1786 neque
701 1742 887 1786 quicquam
907 1754 978 1774 esse
994 1744 1119 1775 melius
1136 1744 1199 1776 ulli

211 1800 389 1827 creaturae
410 1799 541 1836 potest,
565 1804 670 1837 quam
697 1792 770 1825 fieri
787 1805 862 1825 eam
883 1791 947 1825 Dei
969 1794 1201 1828 domicilium.

211 1844 312 1877 Hanc
330 1844 598 1888 promissionem
624 1854 754 1888 quaeso
777 1854 878 1887 saepe
904 1843 1087 1878 vobiscum
1106 1844 1202 1887 cogi-

211 1902 300 1936 tate,
326 1902 364 1928 ut
382 1906 443 1927 vos
461 1895 502 1927 ad
530 1894 796 1933 custodiendos,
828 1895 996 1938 legendos
1017 1901 1049 1929 et
1074 1907 1202 1940 propa-

210 1947 344 1989 gandos
364 1945 473 1978 libros
493 1943 671 1978 Ecclesiae
686 1945 895 1980 accendatis,

313 1996 383 2029 Nec
395 2008 477 2028 vero
495 1995 637 2035 dubito,
664 1996 750 2041 quin
768 1997 960 2030 multorum
977 1995 1106 2029 animis
1122 1996 1202 2038 plu-

210 2047 339 2080 rimum
365 2047 546 2091 profutura
568 2047 609 2080 sit
627 2043 732 2079 buius
754 2046 947 2079 sententiae
964 2047 1084 2079 crebra
1107 2045 1202 2087 cogi-

209 2099 313 2136 tatio,
343 2098 369 2130 si
390 2105 480 2130 recte
498 2104 530 2130 et
548 2098 667 2129 dextre
686 2109 761 2129 eam
781 2097 991 2139 intelligent.
1045 2096 1202 2130 Pertinet

211 2157 325 2183 autem
354 2146 419 2180 boc
443 2160 583 2193 quoque
608 2148 649 2179 ad
668 2160 784 2181 meum
804 2148 978 2188 officium,
1011 2149 1202 2181 admonere

212 2211 271 2232 vos
289 2201 331 2233 de
350 2211 428 2231 vera
445 2198 679 2232 enarratione.

316 2250 440 2289 Multi,
471 2251 564 2295 quod
593 2249 786 2282 dolendum
809 2255 840 2282 et
860 2249 1121 2293 deplorandum
1143 2255 1203 2288 est,

212 2309 291 2334 ante
311 2301 393 2334 baec
412 2307 568 2344 tempora
588 2300 632 2333 ita
652 2298 716 2333 boc
733 2299 866 2333 dictum
878 2298 1010 2333 Christi
1030 2301 1199 2344 interpre-

213 2353 272 2384 tati
299 2358 396 2388 sunt.
431 2364 502 2384 non
527 2359 563 2385 ut
591 2353 768 2395 prodesset
795 2352 990 2390 mentibus,
1027 2353 1085 2384 sed
1110 2350 1200 2384 utin

212 2402 490 2446 desperationem
511 2415 567 2435 eas
589 2403 797 2442 adduceret,
822 2403 985 2436 dixerunt
1002 2403 1095 2435 enim
1118 2402 1201 2443 legis

212 2466 330 2486 vocem
366 2464 456 2491 esse,
494 2454 705 2497 flagitantem
741 2454 911 2495 integram
948 2453 1200 2486 obedientiam:

211 2517 314 2549 quam
341 2516 419 2536 cum
447 2516 549 2536 nemo
574 2511 741 2548 praestet,
776 2501 840 2537 hac
865 2517 947 2537 voce
970 2517 1092 2537 omnes
1115 2516 1198 2536 con-

210 2555 378 2588 demnari.
421 2553 512 2587 ilaec
533 2556 773 2598 interpretatio
790 2567 860 2588 non
880 2557 1025 2600 quadrat
1043 2557 1085 2588 ad
1106 2551 1198 2588 huuc

208 2606 336 2640 locum.
383 2604 461 2638 Alia
478 2613 525 2638 est
546 2607 716 2639 sententia
738 2604 842 2640 liuius
856 2607 1048 2642 concionis.
1093 2606 1197 2640 Prac-

207 2665 343 2700 ceptum
363 2657 572 2700 proponitur
589 2658 808 2690 custodiendi
831 2657 957 2696 libros,
985 2666 1016 2692 et
1039 2656 1195 2690 discendi

204 2708 401 2741 doctrinam
425 2709 605 2741 coelestem
625 2708 713 2740 bona
733 2709 964 2747 conscientia,
993 2716 1025 2742 et
1043 2706 1124 2742 huic
1143 2708 1194 2740 os-

566 136 736 186 DECL.
769 132 845 171 DE
879 133 1082 172 DICTO:
1127 132 1410 172 ATTENDE
1440 131 1729 172 LECTIONI
1755 144 1840 173 mc.

2161 137 2236 176 ‘756

1240 221 1320 256 ficio
1347 221 1493 256 additur
1510 220 1715 266 promissio:
1749 221 1823 265 Qui
1838 223 1932 258 bona
1949 224 2164 258 conscientia
2180 225 2238 258 le—

1241 279 1346 317 gunt,
1381 273 1540 312 discunt,
1583 272 1810 314 custodiunt,
1851 275 2113 320 amplectuntur
2146 273 2238 309 hanc
2286 295 2296 301 x

1241 324 1384 357 unicam
1401 322 1579 357 Ecclesiae
1599 324 1816 364 doctrinam,
1842 322 1881 357 hi
1902 333 2002 368 sunt,
2030 327 2090 372 qui
2108 333 2139 360 et
2155 326 2236 360 dili·

1241 381 1330 417 gunt
1359 373 1495 412 Deum,
1529 380 1563 407 et
1600 386 1620 407 a
1652 371 1728 407 Deo
1768 374 1976 418 diliguntur.
2046 377 2239 411 Doctrinae

1242 426 1394 459 tuendae
1427 436 1546 458 curam
1578 423 1684 457 nohis
1715 427 1937 459 commendat
1969 427 2061 462 filius
2086 427 2172 468 Dei,
2207 435 2241 461 et

1243 475 1478 520 promissione
1502 475 1621 509 addita
1646 486 1712 508 nos
1735 476 1954 518 consolatur,
1988 488 2053 511 nec
2078 479 2154 512 vult
2176 476 2241 512 bac

1245 527 1487 560 consolatione
1511 526 1636 560 terreri
1657 533 1792 559 mentes
1816 529 1935 561 autad
1960 529 2239 572 desperationem

1245 578 1355 621 adigi:
1385 578 1428 610 de
1449 589 1489 610 eo
1506 577 1622 610 officio
1641 576 1822 622 loquitur,
1854 580 1948 623 quod
1967 577 2124 612 Ecclesia
2141 591 2242 623 prae—

1245 634 1336 662 stare
1363 635 1395 662 et
1419 634 1532 672 potest
1556 634 1590 661 et
1607 627 1730 666 debet,
1762 635 1796 661 et
1813 629 1884 672 pii,
1911 629 1972 674 qui
1990 629 2189 663 eruditione
2209 635 2243 663 et

1246 679 1433 722 prudentia
1473 679 1774 718 antecelluerunt,
1816 680 1982 713 omnibns
2023 681 2244 724 temporibus

1247 730 1396 762 fideliter
1420 729 1681 774 praestiterunt.
1736 728 1812 763 Hac
1838 730 2127 775 interpretatione
2147 730 2246 774 cogi-

1248 787 1336 819 tata,
1372 781 1414 813 ad
1441 792 1504 813 nos
1534 780 1628 823 ipsos
1655 778 1745 813 hanc
1767 781 1976 815 sententiam
2000 782 2243 815 accommode-

1248 843 1342 872 mus3
1380 831 1489 863 simus
1514 837 1546 863 et
1571 842 1635 863 nos
1659 832 1838 869 custodes,
1873 832 2021 865 lectores
2048 838 2080 866 et
2115 844 2246 877 propa—

1249 889 1386 925 gatores
1403 881 1586 915 doctrinae
1601 893 1675 914 non
1692 881 1831 924 ignavi,
1851 894 1926 916 non
1943 883 2116 916 infideles.

1351 931 1511 966 Recitavi
1537 933 1723 973 mandata,
1758 945 1848 978 quae
1874 934 2096 979 praecipiunt
2122 933 2247 968 lectio—
2293 950 2298 955 ·

1250 994 1349 1023 nem,
1377 983 1507 1028 quibus
1526 983 1661 1016 moveri
1687 994 1810 1017 omnes
1825 985 1969 1018 debent.
2021 984 2166 1018 Moveat
2182 995 2246 1018 au-

1250 1040 1320 1067 tem
1353 1046 1414 1067 vos
1444 1040 1477 1067 et
1508 1034 1673 1077 cogitatio
1705 1034 1750 1067 de
1779 1034 1912 1077 duplici
1945 1035 2080 1076 fructu,
2114 1035 2248 1068 scilicet.

1253 1085 1395 1128 publico
1418 1091 1449 1118 et
1474 1084 1623 1127 privato,
1684 1084 1724 1118 Si
1746 1085 1943 1128 negligatur
1967 1086 2087 1126 lectio,
2121 1092 2156 1119 et
2172 1096 2246 1119 non

1251 1135 1388 1168 discant
1418 1136 1578 1168 doctores
1611 1135 1767 1175 assidue,
1801 1136 2035 1170 ministerium
2062 1136 2246 1180 publicum

1252 1186 1487 1228 extinguitur,
1523 1186 1621 1218 cuius
1651 1185 1832 1219 interitum
1865 1193 2064 1231 sequuntur
2085 1193 2248 1220 aeternae

1253 1247 1403 1279 poenae,
1429 1243 1462 1270 et
1486 1236 1618 1269 excidia
1638 1236 1885 1270 universarum
1911 1237 2086 1280 gentium,
2112 1244 2150 1270 ut
2170 1236 2248 1270 Ho-

1252 1298 1328 1319 seae
1341 1285 1375 1321 4.
1394 1287 1539 1321 dicitur:
1565 1285 1658 1329 Quia
1675 1293 1713 1320 tu
1731 1287 1912 1320 scientiam
1925 1288 2106 1330 repulisti,
2132 1288 2248 1331 repel-

1254 1337 1321 1369 lam
1348 1344 1401 1378 te,
1436 1350 1479 1370 ne
1503 1337 1700 1371 sacerdotio
1719 1338 1874 1381 fungaris
1898 1335 2000 1373 mihi.
2053 1336 2103 1371 lta
2120 1337 2247 1371 reiecta

1254 1396 1303 1421 est
1329 1389 1441 1421 tribus
1464 1388 1614 1420 lexitica.
1682 1387 1742 1420 Sic
1766 1387 1883 1420 reiecti
1909 1394 1990 1421 sunt
2009 1388 2045 1420 in
2063 1387 2142 1420 aliis
2164 1387 2249 1421 locis

1255 1445 1373 1481 postea
1404 1438 1520 1481 ignavi
1550 1435 1731 1481 Episcopi.
1797 1437 1925 1472 Puniet
1960 1438 2068 1481 igitur
2087 1436 2185 1472 Deus
2215 1445 2248 1472 et

1255 1495 1391 1521 nostras
1416 1488 1593 1532 regiones,
1629 1488 1657 1520 si
1683 1500 1744 1532 per
1766 1488 1960 1532 ignaviam,
1990 1489 2020 1521 si
2043 1495 2248 1533 contemptu

1255 1540 1437 1573 doctrinae
1475 1546 1507 1573 et
1547 1539 1668 1572 iudicii
1705 1539 1820 1572 divini
1848 1539 2034 1573 lectionem
2066 1551 2246 1574 sacrorum

1255 1591 1429 1623 librorum
1452 1591 1668 1624 abiiciemus.
1731 1590 1836 1633 Quod
1862 1602 1906 1623 ne
1927 1590 2004 1631 fiat,
2036 1590 2167 1634 singuli
2184 1602 2249 1624 nos

1256 1641 1348 1685 ipsos
1370 1641 1580 1684 cogitatione
1608 1641 1854 1674 mandatorum
1879 1641 1961 1681 Dei,
1996 1653 2189 1685 poenarum
2216 1648 2250 1675 et

1255 1692 1492 1736 praemiorum
1509 1693 1550 1724 ad
1569 1691 1788 1733 diligentiam
1807 1691 2050 1725 exuscitemns.
2108 1691 2249 1726 infinita

1255 1743 1298 1775 de
1323 1739 1387 1774 hac
1411 1755 1446 1774 re
1471 1744 1584 1775 oratio
1615 1754 1687 1774 esse
1717 1749 1847 1786 posset:
1878 1742 1936 1774 sed
1966 1742 2049 1786 quia
2070 1739 2156 1776 haec
2173 1743 2248 1786 ipsa

1256 1793 1546 1825 cornmonesactio
1572 1805 1672 1836 saepe
1705 1793 1875 1835 repetitur
1905 1792 1949 1825 ab
1977 1793 2078 1833 aliis,
2117 1799 2150 1827 et
2183 1804 2247 1836 ego

1256 1849 1399 1887 propter
1442 1844 1719 1877 imbecillitatem
1752 1843 1886 1887 prolixe
1917 1842 2061 1877 dicendi
2090 1844 2248 1878 laborem

1256 1895 1346 1927 serre
1364 1906 1435 1927 non
1454 1906 1615 1938 possum,
1642 1906 1702 1928 ero
1721 1895 1874 1928 brevior.

1358 1944 1564 1978 Dixiautem
1581 1947 1623 1979 de
1640 1945 1779 1989 publica
1796 1945 1947 1979 utilitate
1957 1943 2130 1984 lectionis,
2152 1943 2247 1989 quod

1255 1996 1387 2029 scilicet
1414 1997 1554 2028 lectioni
1573 2003 1605 2030 et
1627 1997 1743 2030 studio
1765 2003 1923 2030 servetur
1939 1994 2122 2038 publicum
2139 1993 2248 2027 mini-

1255 2045 1418 2084 sterium,
1453 2058 1522 2091 qno
1548 2044 1642 2079 Deus
1667 2052 1716 2078 est
1739 2046 1876 2086 efficax,
1914 2051 1948 2078 et
1973 2045 2039 2077 sibi
2068 2051 2247 2079 aeternam

1256 2095 1447 2130 Ecclesiam
1474 2096 1616 2139 colligit.
1682 2095 1752 2129 lam
1780 2103 1811 2130 et
1835 2094 1998 2139 privatim
2020 2107 2081 2129 sua
2099 2095 2249 2141 quisque

1256 2147 1383 2181 mentis
1410 2148 1524 2180 fructu
1547 2154 1739 2182 moveatur.
1800 2146 1968 2181 Lectione
1990 2147 2194 2180 accenditur
2215 2153 2248 2181 et

1256 2199 1363 2232 alitur
1380 2199 1437 2231 lux
1450 2199 1586 2237 divina,
1615 2199 1650 2231 in
1669 2199 1773 2231 corde
1787 2197 2065 2243 uniuscuiusque
2086 2203 2249 2232 crescunt

1256 2260 1378 2283 omnes
1412 2250 1578 2287 virtutes,
1614 2249 1746 2291 agnitio
1772 2248 1856 2289 Dei,
1895 2249 2020 2287 timor,
2055 2248 2158 2289 sides,
2191 2247 2248 2281 di-

1257 2301 1376 2338 lectio,
1414 2301 1564 2340 iustitia,
1597 2300 1801 2338 tolerantia.
1836 2300 1993 2339 castitas,
2017 2300 2170 2345 deniqne
2191 2309 2248 2333 sa-

1256 2352 1387 2395 pientia
1407 2352 1442 2384 in
1459 2351 1725 2392 gubernatione.
1781 2349 1832 2384 Ac
1849 2351 1877 2384 si
1894 2351 1974 2395 quis
1990 2350 2137 2394 cogitat,
2163 2350 2247 2384 satin

1256 2415 1328 2436 esse
1354 2404 1459 2436 semel
1486 2410 1589 2448 atque
1613 2403 1740 2435 iterum
1770 2402 1890 2444 legisse
1914 2414 2020 2434 unam
2038 2408 2142 2446 atque
2159 2400 2246 2434 alte-

1255 2466 1328 2486 ram
1364 2454 1553 2497 pagellam.
1596 2450 1651 2486 hic
1690 2465 1832 2496 prorsus
1867 2452 2048 2486 doctrinae
2085 2451 2245 2485 coelestis

1255 2505 1554 2546 magnitudinem,
1591 2516 1653 2537 nec
1679 2512 1832 2538 nostram
1857 2502 2153 2541 imbecillitatem.
2180 2514 2244 2537 nec

1256 2556 1350 2588 illam
1384 2555 1540 2589 discendi
1571 2556 1743 2589 rationem
1776 2554 1986 2588 considerat.
2055 2553 2244 2587 Barbarica

1254 2607 1456 2647 imaginatio
1473 2614 1539 2643 est,
1568 2607 1594 2639 si
1614 2606 1692 2651 quis
1711 2618 1783 2639 non
1799 2605 1934 2639 assidua
1955 2603 2103 2637 lectione
2120 2616 2244 2637 accen-

1250 2659 1401 2691 dendam
1429 2666 1580 2691 mentem
1613 2664 1642 2690 et
1672 2656 1874 2699 augendam'
1893 2655 2091 2688 doctrinam
2123 2655 2242 2688 existi-

1249 2717 1329 2742 mat.
1391 2709 1496 2742 Scitis
1523 2709 1567 2741 ita
1592 2708 1759 2752 scriptum
1785 2719 1873 2746 esse,
1908 2704 2143 2750 Evangelium
2169 2717 2242 2739 esse
