2338 2958
195 137 270 175 683

198 225 247 258 vit
272 223 441 258 acerrime
465 221 654 256 sententias
676 222 720 254 de
743 220 816 254 filio
840 218 906 254 Dei
930 228 963 255 et
987 221 1030 254 de
1056 220 1193 265 Spiritu

198 284 318 312 sancto
330 301 338 315 ‚
364 287 449 320 quas
460 273 555 307 Deus
572 272 732 316 patefecit
749 270 925 306 Ecclesiae
941 284 1022 305 suae
1034 299 1042 313 ,
1071 280 1102 306 et
1120 272 1193 317 ipse

198 342 215 363 a
234 326 398 370 Gregorii
418 324 719 357 Neocaesariensis
741 323 982 363 auditoribus,
1009 323 1070 369 qui
1094 323 1193 369 Apu-

198 381 370 414 stolorum
397 374 791 419 discipulosaudierat,
814 375 958 420 accepit.
1009 374 1193 410 Resutavit

196 429 367 465 Catharos
385 426 524 460 erudito
542 426 664 459 libello
683 428 726 459 de
744 426 971 470 poenitentia.

299 478 396 521 Quid
417 489 499 510 vero
519 478 562 510 de
579 477 716 511 iusticia
735 478 816 511 fidei
833 478 998 517 senserit,
1026 490 1066 511 ex
1085 477 1193 521 ipsius

197 541 326 578 quaeso
344 529 462 562 verbis
479 529 697 572 cognoscite,
725 541 814 574 quae
833 536 952 563 extant
968 529 1004 561 in
1024 530 1193 562 concione

196 579 275 627 περὶ
306 576 660 626 ταπεινοφροσύνης.
716 579 810 614 Dicit
841 587 955 614 autem
989 579 1193 624 Apostolus,

196 633 267 677 Qui
288 631 479 676 gloriatur,
507 631 543 664 in
563 629 718 664 Domino
737 631 928 674 glorietur,
956 631 1075 664 dicens
1087 629 1193 664 Chri-

196 692 289 719 stum
313 682 416 716 nobis
439 682 568 715 factum
594 693 666 715 esse
692 682 898 726 sapientiam
925 694 943 715 a
970 681 1064 723 Deo,
1091 682 1193 716 iusti-

195 737 305 776 ciam,
331 733 644 768 sanctificationem
669 740 701 766 et
725 733 1023 776 redemptionem,
1049 740 1087 767 ut
1104 733 1193 767 sicut

196 786 368 831 scriptum
385 792 452 818 est:
479 783 551 827 Qui
570 784 762 827 gloriatur,
790 784 827 817 in
840 782 994 817 Domino
1011 784 1192 827 glorietur.

195 837 291 871 Haec
325 842 375 870 est
406 835 501 869 enim
534 847 613 868 vera
636 841 669 868 et
692 835 829 879 integra
852 835 1014 878 gloriatio
1043 836 1080 868 in
1104 834 1192 877 Deo,

195 888 337 935 quando
370 898 483 931 neque
514 893 656 930 propter
687 886 862 920 iusticiam
893 898 990 919 suarn
1018 887 1191 931 quispiam

195 940 361 979 effertur,
395 938 454 971 sed
479 937 600 971 statuit
625 948 660 970 se
685 949 803 971 carere
827 949 908 971 vera
933 937 1091 980 iusticia,
1126 938 1193 971 fide

195 998 312 1025 autem
330 989 403 1022 sola
421 989 457 1022 in
472 985 654 1022 Christum
676 988 870 1023 iustificari.

299 1040 365 1073 liis
389 1040 506 1073 verbis
521 1038 673 1073 Basilius
695 1041 771 1073 sine
795 1040 866 1074 ulla
885 1039 1114 1083 ambiguitate
1131 1040 1191 1073 ad-

195 1094 331 1133 firmat,
368 1088 531 1125 homines
562 1103 636 1123 non
666 1097 810 1136 propter
841 1091 1002 1136 proprias
1032 1091 1193 1132 virtutes,

194 1145 254 1179 sed
280 1150 424 1188 propter
445 1142 558 1174 filium
576 1140 643 1175 Dei
662 1143 890 1176 mediatorem
910 1142 1019 1176 iustos
1037 1154 1126 1175 esse:
1154 1149 1191 1176 ut

195 1207 289 1229 nnnc
314 1205 454 1239 quoque
469 1190 646 1226 Ecclesiae
672 1200 812 1226 nostrae
832 1194 874 1226 de
894 1193 1065 1226 beneficio
1087 1193 1141 1237 pie
1161 1201 1190 1226 et

196 1246 346 1280 fideliter
372 1246 511 1278 docent.
565 1242 636 1276 Nec
655 1244 778 1277 dubito
798 1244 864 1288 piis
883 1251 1014 1278 attente
1030 1244 1192 1277 conside—

194 1297 355 1332 rantibus
382 1293 472 1328 hanc
489 1293 614 1328 Basilii
638 1307 756 1327 vocem
776 1301 910 1338 gratam
930 1296 1018 1328 fore.
1072 1293 1193 1328 Mores

194 1355 310 1382 antem
335 1347 481 1380 suerunt
504 1346 587 1379 casti
614 1352 647 1379 et
672 1346 856 1390 inculpati.
917 1345 966 1380 Et
988 1358 1191 1391 quanquam

193 1399 305 1433 oratio
324 1396 479 1432 ostendit
495 1409 639 1431 suavem
655 1403 687 1431 et
701 1397 877 1441 placidam
893 1404 1055 1431 naturam
1074 1397 1193 1438 fuisse,

194 1459 313 1485 tamen
329 1450 365 1482 in
382 1448 638 1492 gubernatione
655 1460 732 1481 acer
748 1449 825 1482 snit.
868 1447 1007 1482 Artifex
1023 1449 1090 1482 fuit
1105 1461 1191 1482 con—

194 1502 432 1536 ciliandorum
464 1499 683 1541 animorum,
724 1507 755 1534 et
785 1501 938 1534 tuendae
970 1500 1193 1541 concordiae,

193 1565 262 1599 qua
281 1553 323 1585 de
341 1564 377 1586 re
396 1551 528 1585 alicubi
547 1551 680 1585 scribit.
736 1550 816 1584 Non
836 1558 906 1585 tam
926 1551 1109 1591 sinistrae,
1136 1551 1193 1584 in-

194 1605 338 1650 quiens,
365 1613 454 1647 opus
476 1609 526 1636 est
549 1603 688 1642 dextra,
719 1615 823 1646 quain
841 1600 1020 1635 Ecclesiae
1038 1614 1127 1647 opus
1142 1609 1191 1636 est

195 1654 398 1689 docentium
419 1653 620 1687 concordia.

298 1703 460 1739 Ethnicis
475 1704 579 1738 etiam
595 1703 846 1747 sugillantibns
861 1703 989 1748 ipsum,
1017 1715 1095 1736 cum
1112 1703 1191 1748 qui—

194 1760 259 1792 bus
277 1756 519 1789 dimicandum
536 1767 607 1787 non
625 1767 696 1788 esse
715 1756 895 1794 censebat,
923 1766 1058 1787 summa
1075 1754 1188 1797 gravi—

194 1817 263 1843 tate
287 1816 319 1841 et
346 1813 529 1840 venustate
554 1806 760 1850 respondit,
786 1818 830 1838 ne
849 1805 1043 1838 maledictis
1061 1811 1192 1838 certare

196 1860 387 1892 xideretnr.
441 1857 529 1891 Nam
548 1856 700 1891 Libanio
723 1857 898 1896 scribens,
926 1856 1025 1889 cuius
1044 1868 1084 1889 eo
1104 1863 1192 1890 tem-

195 1923 279 1956 pore
294 1909 496 1955 eloquentia
516 1908 664 1941 maxime
682 1908 854 1942 celebrata
873 1914 934 1947 est,
963 1907 1089 1952 inquit,
1112 1919 1189 1940 ora-

196 1964 326 1996 tionem
354 1961 464 2005 ipsius
488 1971 586 1993 rosae
609 1959 758 1992 similem
780 1971 851 1992 esse
866 1987 874 1999 ‚
904 1959 1053 1991 nitidam
1071 1965 1101 1991 et
1123 1959 1191 1991 fra-

195 2020 371 2056 grantem,
400 2013 456 2045 sed
478 2019 593 2045 tamen
612 2010 722 2055 spinis
740 2018 772 2044 et
790 2010 919 2043 aculeis
938 2010 1192 2044 circumlatam.

196 2067 246 2099 Ac
265 2065 436 2097 virtutum
456 2063 597 2108 quidem
619 2071 833 2095 caeterarum
850 2060 974 2094 Basilii
993 2061 1116 2103 ingens
1134 2073 1191 2094 or-

196 2122 400 2149 namentum
427 2114 491 2147 fnit
518 2114 738 2157 eloquentia,
764 2125 852 2158 qnae
876 2112 912 2145 in
937 2125 977 2145 eo
1002 2119 1096 2145 tanta
1116 2111 1192 2151 suit,

196 2175 230 2200 nt
256 2178 351 2200 nunc
375 2165 517 2211 quidem
545 2165 678 2198 nullius
694 2163 917 2197 ecclesiastici
936 2163 1117 2207 scriptoris
1134 2175 1190 2196 ex-

197 2226 270 2251 tent
287 2224 538 2256 monumenta,
565 2216 625 2261 qni
647 2215 773 2249 rectius
790 2222 821 2249 et
838 2215 962 2248 melius
981 2215 1118 2248 locutus
1136 2214 1190 2248 sit.

198 2270 248 2302 Ac
280 2268 462 2311 diligentia
491 2268 526 2300 in
554 2267 732 2312 loquendo
756 2274 788 2300 et
812 2267 1002 2309 figurarum
1030 2272 1063 2299 et
1086 2278 1192 2299 orna-

197 2327 396 2352 mentorum
429 2319 582 2353 delectus
617 2318 775 2351 indicant
799 2317 918 2350 indicii
947 2317 1132 2351 sanitatem
1159 2323 1191 2350 et

198 2371 435 2415 prudentiam.
509 2369 628 2413 Quare
660 2367 753 2403 hunc
782 2369 988 2413 scriptorem
1022 2368 1108 2402 utile
1142 2374 1192 2401 est

196 2433 420 2462 cognoscere:
457 2434 519 2454 nec
549 2421 674 2454 dubito
707 2420 903 2462 legentibus
934 2432 971 2453 ea
998 2432 1088 2465 qnae
1111 2425 1191 2452 sunt
1218 2443 1219 2465 ἶ

198 2474 307 2518 ipsius
332 2472 471 2515 propi-ia
495 2479 524 2504 et
552 2468 705 2518 γνήσια,
735 2472 946 2516 placiturum
965 2482 1048 2506 esse.
1103 2470 1190 2504 Nam

198 2521 453 2557 monachornm
480 2524 614 2563 regulas
639 2536 763 2565 magna
788 2536 825 2556 ex
853 2530 949 2566 parte
976 2522 1062 2555 salso
1081 2522 1110 2555 ei
1129 2522 1190 2555 ad—
1218 2555 1219 2563 ἵ

1218 2569 1219 2578 ’
1245 2573 1393 2605 dubium
1419 2577 1487 2610 est,
1515 2571 1745 2613 ingeminate:
1775 2572 1869 2617 quod
1895 2578 1932 2605 ut
1958 2571 2093 2605 faciatis
2107 2571 2241 2605 maiore

197 2575 301 2609 scribi
328 2582 461 2608 certum
488 2582 547 2606 est.
616 2572 656 2607 Et
683 2575 709 2607 si
736 2586 802 2619 qna
829 2587 907 2618 pars
930 2574 974 2606 ab
999 2586 1039 2605 eo
1062 2573 1190 2617 scripta

198 2634 243 2659 est
257 2655 264 2662 ,
293 2633 330 2659 nt
348 2625 477 2658 Paulus
500 2625 613 2667 iuquit
627 2650 634 2659 ,
660 2625 703 2657 eti
719 2639 762 2657 nn
782 2626 894 2658 imnos
911 2626 1071 2658 doctores
1086 2635 1190 2668 snpra

198 2679 467 2710 sniidamentum
503 2676 649 2719 stipulas
681 2686 856 2713 extruere,
900 2687 1128 2717 agnoscamus
1159 2681 1191 2708 el

196 2731 420 2773 deploremus
446 2740 668 2760 ronimnneiu
695 2725 879 2760 hominnm
900 2727 1191 2763 imbecillitatem.

728 133 890 170 DECL.
936 133 1013 169 DE
1048 133 1244 170 VERBO
1271 134 1700 174 ’OPOOTOMEIN

2167 141 2242 178 684

1247 230 1279 257 et
1305 235 1467 257 normam
1492 235 1682 269 sequamur
1705 225 1744 258 in
1768 225 1968 261 iudicandis
1985 227 2124 271 scriptis
2143 224 2244 269 hanc,

1248 285 1291 306 ne
1318 274 1402 319 quid
1427 275 1638 319 probemus,
1664 277 1760 322 quod
1786 289 1803 309 a
1823 278 1960 322 scriptis
1977 276 2192 323 propheticis
2210 286 2244 314 et

1247 325 1447 369 apostolicis
1479 326 1662 368 dissentit,
1698 334 1731 361 et
1756 327 1957 363 testimonia
1982 342 2053 363 non
2078 340 2243 375 asperne-

1247 389 1347 418 mur,
1381 389 1471 422 quae
1501 384 1594 411 certa
1625 379 1814 413 autoritate
1836 379 1880 413 ab
1905 378 2084 424 Apostolis
2111 380 2242 415 tradita

1247 440 1340 469 esse,
1369 435 1521 463 vetustas
1537 430 1760 463 consentiens
1775 431 1948 466 adfirmat.
2001 430 2095 466 Dixi.

1260 617 1322 651 No.
1342 617 1402 652 82.

1484 737 1559 779 De
1586 737 1718 780 verbo
1743 723 2012 796 ὀξθοτομεῖν.

1317 826 1346 852 Ιιι
1361 825 1485 853 Declam.
1504 826 1536 853 T.
1553 827 1600 853 ΙΙΙ.
1623 837 1648 862 p.
1660 828 1712 853 412
1724 837 1798 862 sqq.,
1824 828 1850 854 in
1866 828 1941 854 Serv.
1960 827 1993 856 T.
2009 828 2055 854 ΙΙΙ.
2075 838 2102 863 p.
2114 829 2175 855 392.
2216 829 2246 856 in

1352 860 1461 888 Erfurd.
1481 861 1512 890 Τ.
1529 861 1574 888 ιιι.
1593 862 1634 888 ιιι.
1652 862 1683 893 ιι,
1702 863 1727 889 5.
1747 868 1772 888 a
1792 863 1861 897 apua
1881 862 2008 890 Riehard.
2027 864 2061 890 T.
2074 863 2120 890 ιιι.
2139 848 2236 899 2351.

1247 943 1372 977 Oratio
1387 944 1556 977 recitata
1573 953 1596 977 α
1613 943 1722 977 Doct.
1749 929 1945 991 Georyio
1966 945 2165 987 Maiore,
2194 943 2243 979 de

1329 993 1434 1029 verbo
1454 992 1692 1040 ὀρθοτομεῖν.
1732 996 1869 1035 (Erford.
1888 999 1969 1028 addit
1985 1009 2031 1028 an.
2051 999 2161 1038 1545.)

1245 1077 1412 1121 Sciamus
1427 1085 1492 1120 hos
1507 1094 1648 1121 nostros
1666 1099 1872 1131 congressus
1888 1100 1960 1121 non
1974 1099 2047 1122 esse
2059 1086 2244 1134 prophana

1247 1139 1459 1184 spectacula,
1483 1139 1542 1171 sed
1567 1138 1758 1171 convenire
1783 1150 1866 1179 nos,
1890 1147 1928 1173 ut
1953 1139 2088 1185 aliquid
2107 1141 2150 1174 de
2165 1153 2246 1174 coe-

1247 1190 1322 1223 lesti
1348 1189 1509 1223 doctrina
1533 1189 1688 1228 dicatur,
1718 1196 1748 1222 et
1772 1196 1810 1224 ut
1831 1190 1868 1223 in
1893 1188 1959 1223 hoc
1985 1199 2086 1225 coetu
2112 1192 2168 1226 fiat
2189 1192 2246 1225 in-

1248 1241 1384 1274 vocatio
1394 1240 1472 1278 Dei,
1501 1252 1538 1273 ac
1553 1247 1713 1284 petamus
1727 1241 1857 1274 servari
1873 1241 2110 1275 ministerium
2122 1240 2245 1276 Evan-

1246 1291 1346 1335 gelii,
1375 1298 1407 1324 et
1429 1288 1513 1324 haec
1535 1298 1655 1325 nostra
1677 1291 1790 1325 studia
1809 1292 2002 1325 necessaria
2022 1294 2063 1326 ad
2083 1294 2244 1327 omnium

1246 1343 1395 1376 salutern
1413 1341 1497 1386 regi.
1531 1341 1627 1376 Haec
1641 1355 1721 1376 cum
1737 1343 1838 1383 finnt,
1862 1340 1900 1375 hi
1917 1355 2122 1387 congressus
2139 1345 2244 1378 etiam

1246 1395 1289 1427 ad
1315 1391 1382 1427 hoc
1401 1393 1535 1428 dictum
1556 1394 1750 1438 pertinent:
1781 1392 1993 1440 Ubicunque
2011 1396 2081 1428 dno
2099 1402 2160 1429 ant
2175 1402 2246 1430 tres

1247 1446 1283 1478 in
1309 1445 1454 1479 nomine
1478 1457 1556 1478 meo
1582 1444 1783 1489 congregati
1806 1445 1957 1487 suerint,
1991 1446 2041 1479 ibi
2066 1446 2100 1479 in
2128 1447 2245 1480 medio

1247 1509 1368 1530 eorum
1388 1508 1476 1530 sum.
1530 1494 1633 1530 Hanc
1653 1496 1924 1541 promissionem
1943 1497 2122 1532 auditores
2140 1497 2245 1532 initio

1247 1548 1407 1591 cogitate,
1433 1555 1465 1581 et
1482 1554 1616 1581 mentes
1633 1549 1676 1581 ad
1696 1548 1955 1582 invocationem
1967 1547 2032 1582 Des·
2045 1549 2246 1584 exuscitate.

1247 1597 1298 1632 Ac
1320 1599 1489 1644 quoniam
1512 1597 1580 1632 hoc
1605 1599 1682 1632 loco
1700 1611 1794 1632 meae
1815 1607 1929 1643 partes
1948 1600 2016 1633 iam
2036 1600 2073 1633 in
2091 1601 2243 1634 dicendo

1247 1649 1381 1693 primae
1404 1656 1504 1690 sunt,
1532 1662 1656 1695 meque
1684 1650 1780 1684 velut
1801 1649 1957 1695 ἔξαρχον
1980 1663 2053 1684 esse
2071 1651 2245 1696 precatio·
2291 1692 2297 1700 .

1248 1713 1331 1734 num
1364 1708 1520 1745 oportet,
1558 1713 1633 1733 mea
1666 1701 1771 1733 verba
1799 1714 1927 1746 quaeso
1954 1701 2021 1746 piis
2042 1703 2243 1736 animorum

1246 1751 1402 1785 motibus
1435 1752 1704 1796 subsequimini.
1782 1751 1942 1786 Primum
1977 1752 2062 1797 tibi,
2102 1760 2244 1788 aeterne

1248 1803 1360 1842 Deus,
1388 1809 1486 1846 pater
1502 1801 1649 1835 Domini
1669 1803 1779 1836 nostri
1802 1802 1878 1836 lesu
1896 1801 2049 1841 Christi,
2078 1804 2245 1838 conditor

1246 1854 1406 1886 omnium
1425 1866 1557 1896 rernm,
1587 1861 1619 1887 et
1636 1861 1863 1887 conservator
1878 1861 1908 1887 et
1928 1855 2132 1899 opitulator,
2158 1867 2245 1889 ron-

1247 1905 1340 1938 ditor
1362 1903 1535 1939 Ecclesiae
1558 1912 1654 1942 tuae,
1682 1917 1752 1938 nna
1779 1917 1857 1938 cum
1882 1905 1954 1938 filio
1977 1913 2037 1940 tuo
2058 1913 2245 1941 coaeterno

1248 1955 1402 1989 Domino
1422 1963 1542 1989 nostro
1562 1955 1637 1989 lesu
1654 1954 1810 1994 Christo,
1837 1956 2014 2002 etSpiritu
2031 1965 2152 1991 sancto
2170 1965 2244 1999 tuo,

1246 2007 1372 2050 gratias
1397 2008 1554 2050 agimus,
1587 2009 1680 2052 qnod
1704 2014 1734 2040 et
1762 2008 1873 2040 filiurn
1899 2008 2003 2042 nobis
2027 2009 2176 2050 misisti,
2210 2016 2243 2044 et

1248 2057 1431 2101 Evangelii
1453 2059 1564 2092 lucem
1584 2059 1687 2092 nobis
1704 2058 1910 2099 accendisti,
1934 2066 1965 2092 et
1983 2057 2153 2093 hactenns
2169 2071 2244 2095 sel·-

1247 2121 1316 2143 vas.
1374 2109 1510 2143 Deinde.
1542 2110 1645 2143 etiam
1680 2117 1712 2144 te
1744 2110 1950 2144 ardentibus
1974 2110 2063 2145 votis
2087 2123 2244 2152 oramus,

1246 2169 1283 2195 nt
1310 2174 1381 2194 non
1408 2162 1502 2194 sinas
1528 2158 1619 2194 hanc
1639 2158 1822 2204 Evangelii
1848 2161 1960 2194 lucem
1980 2162 2155 2206 extingui,
2181 2163 2241 2196 sed

1247 2213 1412 2246 noticiam
1446 2212 1507 2245 filii
1540 2212 1590 2246 tni
1621 2223 1736 2245 serves
1769 2212 1860 2246 inter
1890 2225 1973 2251 uos.
2008 2226 2106 2256 regas
2133 2213 2244 2247 mini-

1246 2264 1391 2297 sterium
1418 2262 1603 2306 Evangelii
1630 2270 1660 2297 et
1694 2264 1877 2297 doctrinae
1910 2265 2044 2304 studia,
2080 2271 2113 2299 et
2139 2264 2244 2299 colti-

1218 2325 1219 2332 ¹
1246 2328 1304 2356 gas
1333 2315 1396 2348 tibi
1429 2322 1606 2348 aeternam
1631 2313 1840 2348 Ecclesiam:
1875 2313 1936 2348 has
1958 2316 2062 2349 etiam
2087 2316 2243 2360 potnias,

1246 2379 1334 2411 qnae
1358 2373 1439 2400 sunt
1467 2364 1616 2410 hospitia
1636 2363 1813 2399 Ecclesiae
1835 2374 1932 2406 tuae,
1959 2374 1991 2401 et
2014 2367 2240 2412 disciplinam

1247 2418 1387 2453 tneaiiS.

1349 2468 1441 2502 ilaec
1466 2475 1545 2502 vota
1569 2480 1670 2512 saepe
1694 2470 1785 2513 apud
1806 2469 1943 2502 animos
1960 2476 2112 2509 vestros,
2138 2480 2241 2514 prae·-

1245 2521 1346 2564 cipne
1371 2520 1406 2554 in
1433 2517 1499 2553 hoc
1524 2532 1733 2563 congressu,
1761 2521 1815 2553 cni
1840 2523 2006 2554 interesse
2030 2519 2143 2553 Deum
2167 2532 2239 2553 uon

1245 2623 1446 2656 animorum
1468 2629 1585 2662 motu,
1612 2623 1759 2666 cogitate
1783 2630 1813 2656 et
1841 2629 2037 2666 praesentes
2058 2623 2240 2656 calamita-

1245 2682 1294 2707 tes
1317 2675 1413 2707 orbis
1442 2682 1632 2713 terrarum,
1667 2680 1699 2707 et
1726 2673 1880 2718 pericula
1906 2686 1996 2719 qnae
2020 2675 2236 2718 impendent.

1218 2722 1219 2729 ¹
1246 2725 1372 2759 Multis
1406 2725 1490 2759 locis
1518 2725 1621 2758 simul
1646 2732 1848 2768 grassantur
1871 2725 1996 2764 sames,
2030 2725 2239 2770 pestilentia,
