2338 2958
13 142 16 172 ἶ
71 137 146 173 793

4 230 14 318 Ξ

4 324 13 415 ἓ

0 430 11 787 l

17 369 20 390 l

17 397 20 416 ἲ

73 227 173 256 sunt:
200 230 287 266 quos
313 218 454 264 quidem
479 218 643 252 meliores
669 231 760 261 esse,
789 218 947 254 Galenus
965 219 1061 254 dicit.

72 272 141 307 Sed
159 282 216 305 ars
232 277 282 303 est
299 269 484 303 recentior.
533 268 637 303 Alius
655 272 780 304 modus
798 271 864 304 fuit
881 271 1061 309 vetustior,

70 323 109 355 in
125 322 201 355 foco
215 320 307 354 inter
325 321 478 361 cineres,
504 320 559 353 vel
576 321 613 353 in
630 327 715 355 testa
731 322 837 354 assari
855 333 973 365 panes.
1012 320 1061 353 Hi

70 373 240 405 dicuntur
264 367 481 418 ἐγκρύψαι,
518 371 617 415 quasi
640 372 719 405 testi
741 372 937 413 cineribus,
971 384 1061 416 quo-

69 433 148 456 rum
167 433 266 465 saepe
283 422 318 454 fit
338 420 470 454 mentio
493 420 528 453 in
548 420 680 455 Graeca
705 423 853 456 lectione
876 420 1059 467 propheti-

70 484 192 506 corum
217 473 403 506 librorum.
462 470 508 505 Et
531 472 566 504 in
592 471 747 505 Levitico
772 474 807 506 in
825 475 975 518 quadam
998 474 1061 506 de-

69 523 261 567 scriptione
285 522 475 555 oblationis
503 523 585 555 satis
613 523 785 556 concinna
807 524 970 566 allegoria
988 530 1060 557 tra-

69 573 170 607 ditur
194 585 212 606 a
233 572 379 607 Graecis
403 573 671 616 interpretibus,
700 586 825 618 panem
852 571 1060 621 ἐγκρυφίαν

67 631 191 670 typum
217 635 287 657 esse
309 622 443 657 Christi
468 623 504 656 in
529 621 734 667 sepulchro,
775 631 941 669 tanquam
968 626 1060 659 inter

69 674 205 708 cineres
221 674 376 709 iacentis.

168 724 236 759 Sed
256 725 292 757 in
311 725 387 758 aliis
403 724 487 757 locis
503 724 546 756 ad
563 735 624 757 nos
640 724 835 766 auditores,
863 724 1004 770 proprie
1020 737 1059 759 ac

69 776 328 809 commodanda
364 781 414 808 est
444 775 562 817 figura.
615 773 687 807 Nos
715 787 834 809 sumus
863 773 1059 824 ἐγκρύψαι

68 826 190 860 obruti
216 826 410 864 cineribus,
438 825 609 870 squalidi,
636 827 852 860 aerumnosi:
885 829 943 860 sed
969 825 1059 860 hanc

69 877 345 910 consolationem
362 882 552 915 teneamus,
577 874 652 909 Deo
670 877 806 921 placere
824 876 908 911 haec
926 878 1058 912 doctri-

67 939 134 960 nae
160 927 294 967 studia,
321 938 471 971 eumque
495 927 674 959 custodem
700 939 772 961 esse
794 930 846 961 sui
864 936 1000 968 coetus,
1026 934 1059 962 et

68 989 208 1021 semper
224 977 362 1020 agmina
380 977 496 1022 aliqua
511 977 720 1011 discentium
739 987 957 1013 servaturum
975 989 1058 1017 esse,

68 1034 103 1062 et
121 1028 237 1071 colligi
256 1026 322 1060 hoc
339 1029 444 1061 modo
465 1034 642 1060 aeternam
662 1029 727 1072 ipsi
745 1027 949 1063 Ecclesiam.
984 1029 1059 1063 Hac

66 1079 265 1112 confirmati
281 1078 539 1118 consolatione,
568 1076 630 1111 has
647 1077 870 1113 scholasticas
888 1092 1011 1124 operas
1026 1086 1059 1113 et

66 1140 242 1167 amemus,
271 1135 303 1162 et
322 1129 476 1162 studiose
492 1128 672 1171 faciamus,
699 1136 732 1163 et
749 1127 924 1163 Ecclesiae
939 1143 979 1164 ac
995 1143 1058 1174 po-

67 1180 168 1213 steris
192 1176 458 1223 Philosophiam
492 1185 525 1211 et
548 1179 745 1213 doctrinam
770 1181 813 1213 de
836 1179 910 1215 Deo
941 1182 1060 1215 incor-

65 1237 205 1274 ruptam
222 1231 410 1265 tradamus.
462 1228 556 1264 Dixi.

81 1395 146 1430 No.
173 1394 234 1429 99.

77 1443 248 1456 §om

873 1412 920 1431 an.
946 1401 1039 1433 1548.

856 1446 1060 1464 Μ

152 1497 228 1538 De
252 1496 394 1537 dicto.-
423 1496 531 1550 Ego
554 1510 643 1551 pro
675 1502 719 1539 te
745 1499 874 1540 oram·
892 1505 973 1540 etc.

138 1576 167 1602 ln
188 1575 279 1603 select.
299 1576 449 1603 Declamat.
470 1575 502 1601 T.
527 1575 571 1602 ΙΙΙ.
595 1586 620 1610 p.
637 1577 687 1602 497
704 1586 777 1612 sqq.,
812 1578 937 1605 Richard.
961 1579 992 1607 T.
1011 1579 1059 1605 ΙΙΙ.

190 1629 196 1636 .
211 1611 288 1642 815.,
317 1610 433 1636 Ser-vest.
452 1609 484 1637 T.
502 1610 546 1636 ΙΙΙ.
565 1620 592 1643 p.
605 1611 666 1637 472.
685 1616 710 1637 et
730 1613 757 1637 in
780 1612 858 1639 Tom.
878 1613 925 1639 Ill.
950 1613 1060 1640 Erford.

169 1620 212 1671 lit.
227 1645 257 1676 F,
279 1646 304 1670 5.
342 1645 407 1670 {tem
429 1645 455 1670 in
472 1643 583 1678 Georgii
604 1645 741 1680 Principis
757 1646 896 1673 Anhaltini
915 1649 1060 1675 concioni-

168 1679 220 1705 bus
237 1683 262 1704 et
276 1678 383 1713 scriptis
404 1688 430 1712 p.
445 1679 505 1704 421.

69 1751 198 1784 Oratio
224 1745 445 1796 [synodica]
471 1746 518 1782 cle
543 1747 643 1783 dicto
663 1744 828 1790 Christi,
863 1752 955 1785 Luc.
977 1750 1061 1786 22:

69 1801 143 1846 1390
167 1811 232 1843 pro
264 1803 301 1833 te
336 1800 462 1840 oravi,
498 1809 547 1832 ne
577 1797 735 1845 deficiat
759 1798 852 1846 fides
886 1806 955 1836 tua
988 1807 1060 1836 etc.

69 1852 221 1893 (Recitata
236 1863 252 1881 a
270 1850 400 1892 Georgio
415 1851 543 1882 Anhatt.
565 1854 597 1881 iu
613 1851 739 1892 Synodo
764 1854 794 1885 d.
810 1854 839 1883 7.
854 1853 934 1886 Nov.
952 1855 1062 1895 1548.)

69 1919 153 1960 Etsi
171 1923 294 1966 ingens
310 1920 375 1955 Dei
393 1921 601 1954 beneficium
618 1928 680 1963 est,
698 1924 792 1967 quod
809 1935 918 1967 genus
935 1922 1062 1959 huma-

68 1985 156 2009 num
174 1980 205 2007 et
225 1971 291 2006 hoc
306 1972 526 2006 domicilium
543 1972 679 2014 generis
695 1971 861 2018 humani,
888 1975 1062 2018 videlicet,

69 2023 162 2060 hanc
179 2021 454 2068 pulcherrimam
481 2019 680 2055 machinam
707 2024 796 2056 coeli
821 2031 854 2058 et
872 2032 1000 2065 terrae,
1027 2035 1061 2062 et

69 2077 326 2110 elementorum
358 2079 432 2106 arte
458 2072 683 2116 dispositam,
721 2081 753 2107 et
775 2075 910 2118 optimo
933 2077 1060 2111 ordine

69 2126 315 2165 distributam,
341 2123 517 2157 condidit:
545 2130 661 2156 tamen
686 2124 796 2158 multo
815 2126 928 2159 maius
953 2128 1061 2163 bene-

68 2177 187 2211 ficium
209 2183 276 2216 est,
301 2176 396 2220 quod
413 2187 451 2207 ex
470 2185 595 2208 arcana
614 2175 696 2207 sede
712 2186 772 2208 sua
789 2177 971 2219 prodiens,
998 2191 1060 2223 pa-

68 2227 184 2263 tefecit
200 2237 236 2259 se
251 2225 369 2269 generi
388 2223 562 2265 humano,
589 2231 621 2258 et
638 2225 834 2260 illustribus
851 2228 1059 2264 testimoniis

68 2277 217 2312 tradidit
240 2283 369 2309 certam
387 2277 584 2309 doctrinam
608 2282 640 2308 et
657 2277 944 2320 promissionem,
971 2293 1060 2325 quae

69 2335 104 2363 et
118 2333 252 2371 regeret
265 2333 409 2367 mentes,
423 2333 456 2360 et
470 2326 747 2360 consolationem
759 2328 930 2362 efficacem
941 2338 1058 2365 osten-

69 2380 167 2413 deret
185 2378 222 2410 in
238 2377 384 2410 summis
399 2376 674 2416 calamitatibus,
702 2377 774 2410 imo
791 2391 879 2424 quae
904 2389 991 2415 essct
1007 2389 1059 2416 te-

70 2429 276 2464 stimouium
294 2427 511 2471 praesentiae
524 2426 588 2460 Dei
607 2427 699 2461 inter
715 2440 796 2469 nos,
825 2430 884 2475 qui
904 2428 967 2465 hac
984 2433 1057 2477 ipsa

68 2492 154 2514 voce
182 2491 246 2512 nos
273 2478 340 2511 sibi
369 2478 550 2522 cupulatos
577 2486 708 2518 servat,
744 2481 920 2522 defendit,
953 2489 987 2516 et
1014 2486 1057 2518 ab

69 2530 220 2565 aeternis
242 2529 392 2562 miseriis
420 2529 556 2562 liberat.
608 2527 686 2562 Hoc
703 2529 826 2573 ingens
850 2532 1056 2569 beneficium

71 2581 209 2615 assidue
236 2580 532 2614 considerandum
561 2586 630 2619 est,
671 2587 704 2613 et
733 2582 775 2613 ad
805 2579 895 2615 hanc
923 2586 1058 2627 praeci-

69 2643 177 2677 puam
201 2631 476 2665 consolationem
505 2631 542 2663 in
568 2630 732 2664 omnibus
755 2631 905 2666 miseriis
932 2636 1057 2670 consu-

70 2682 238 2726 giendum
259 2688 321 2718 est.

451 134 612 172 DECL.
664 135 739 173 DE
773 136 974 173 DICTO:
1012 135 1134 173 EGO
1169 135 1284 174 PRO
1320 137 1392 174 TE
1419 137 1606 176 ORAVI
1640 151 1721 177 ETC.

2030 146 2104 182 794

1205 218 1293 253 Cum
1310 220 1417 264 igitur
1433 234 1528 256 nune
1548 229 1579 257 et
1595 229 1791 267 praesentes
1807 236 1992 259 aerumnae
2009 227 2101 260 mul-

1115 276 1169 304 tae
1199 270 1335 304 duriter
1360 281 1519 315 premant
1544 272 1753 316 Ecclesiam,
1789 281 1821 308 et
1846 276 1881 308 in
1912 284 2099 321 conspectu

1114 320 1185 353 sint
1202 321 1268 353 alia
1287 329 1435 355 ventura
1453 325 1616 366 pericula,
1634 331 1666 358 et
1683 337 1735 358 res
1751 327 1911 360 ostendat
1928 327 2101 371 praesidia

1114 377 1148 403 et
1164 371 1308 404 consilia
1327 369 1479 406 humana
1502 386 1572 407 non
1598 387 1696 418 posse
1715 376 1818 409 nobis
1837 377 2022 421 opitulari,
2049 378 2101 410 sa-

1114 421 1246 454 ciamus
1276 422 1364 454 illud
1390 425 1483 467 quod
1512 436 1569 456 rex
1596 424 1757 469 Iosapliat
1786 427 1918 472 inquit:
1948 428 2100 461 Domine

1112 482 1192 504 cum
1210 472 1383 505 nescimus
1401 474 1483 518 quid
1502 477 1674 517 agendum
1693 477 1748 517 sit,
1768 478 1887 511 oculos
1904 485 2042 511 nostros
2058 479 2101 510 ad

1112 528 1145 554 te
1162 521 1373 563 attollimus,
1400 523 1435 555 in
1455 531 1487 557 te
1506 525 1705 566 intuemur,
1732 539 1749 559 a
1768 534 1800 559 te
1823 529 1991 561 auxilium
2011 529 2101 573 peti-

1111 583 1201 606 mus,
1258 572 1378 617 ltaque
1401 575 1584 608 audiamus
1600 588 1718 609 vocem
1735 576 1818 617 Dei,
1845 586 2099 612 monstrantem

1112 634 1211 656 veras
1227 624 1503 666 consolationes,
1529 633 1563 659 et
1578 638 1640 659 nos
1659 627 1867 669 cogitatione
1886 629 2101 673 praesentiae

1113 680 1146 707 et
1165 674 1289 707 auxilii
1308 674 1373 708 Dei
1390 675 1563 719 erigamus
1579 684 1611 710 et
1628 678 1886 713 confirmemus.

1215 731 1320 766 Scitis
1336 739 1452 766 autem
1471 732 1534 767 hos
1549 742 1688 769 nostros
1704 747 1907 778 congressus
1923 736 2102 771 institutos

1112 793 1184 816 esse
1209 790 1352 827 propter
1370 783 1433 817 has
1453 791 1520 817 tres
1539 797 1676 825 causas,
1705 793 1744 820 ut
1769 787 1826 820 fiat
1851 787 2034 833 inquisitio
2059 789 2102 820 de

1112 834 1272 866 doctrina
1300 841 1333 867 et
1359 835 1402 867 de
1418 835 1673 878 gubernatione
1692 834 1944 871 Ecclesiarum:
1972 839 2101 871 deinde

1111 890 1151 917 ut
1174 891 1206 918 et
1229 886 1565 919 commonesactione
1591 888 1760 920 excitetur
1784 888 1983 931 diligentia,
2013 896 2045 921 ct
2065 888 2101 921 in

1111 934 1290 980 aliquibus
1310 936 1550 970 consolatione
1573 937 1726 971 leniatur
1744 938 1856 974 dolor.
1910 938 2104 980 Postremo,

1111 992 1150 1018 ut
1167 985 1315 1028 gemitus
1332 993 1365 1019 et
1381 993 1460 1020 vota
1484 987 1738 1030 coniungamus
1756 989 1792 1021 in
1815 989 1955 1032 publica
1981 1001 2103 1033 preca-

1111 1036 1226 1074 tione,
1255 1042 1287 1069 et
1313 1043 1487 1080 petamus,
1512 1045 1551 1072 ut
1573 1037 1668 1072 Deus
1693 1047 1807 1073 servet
1830 1038 2044 1081 Ecclesiam,
2071 1046 2104 1072 et

1112 1098 1243 1131 poenas
1261 1086 1408 1130 mitiget.

1216 1145 1263 1180 Ut
1280 1146 1388 1189 igitur
1403 1144 1537 1180 etmihi
1555 1147 1621 1191 ipsi
1636 1154 1669 1181 et
1684 1147 1762 1181 aliis
1781 1148 2057 1182 consolationem
2072 1155 2104 1182 et

1113 1197 1485 1230 commonefactionem
1512 1210 1726 1241 proponam,
1753 1199 1864 1242 delegi
1883 1199 2015 1234 dictum
2041 1199 2103 1232 filii

1112 1246 1191 1287 Dei,
1217 1247 1255 1279 in
1270 1258 1340 1291 quo
1358 1253 1439 1280 ante
1457 1259 1603 1290 agonem
1619 1247 1724 1282 Petro
1741 1256 1990 1283 commemorat
2011 1250 2105 1293 peri-

1113 1298 1250 1337 culum,
1285 1305 1316 1331 et
1346 1297 1474 1330 deinde
1506 1299 1782 1332 consolationem
1815 1307 1848 1334 et
1879 1307 2104 1344 praeceptum

1112 1348 1222 1387 addit,
1248 1347 1430 1392 inquiens:
1458 1347 1596 1388 Simon,
1621 1348 1758 1389 Simon,
1784 1362 1861 1383 ecce
1876 1350 2022 1384 Satanas
2043 1352 2105 1383 de-

1113 1398 1272 1442 poposcit
1295 1410 1375 1436 vos,
1409 1404 1448 1432 ut
1470 1399 1639 1432 cribraret
1663 1411 1725 1433 vos
1753 1407 1919 1444 tanquam
1946 1401 2105 1433 frumen-

1115 1455 1207 1489 tum;
1235 1459 1296 1490 ego
1314 1455 1428 1482 autem
1449 1461 1510 1493 pro
1530 1456 1561 1482 te
1579 1450 1695 1490 oravi,
1721 1462 1766 1483 ne
1783 1451 1918 1484 deficiat
1937 1451 2020 1484 fides
2035 1459 2106 1492 tua,

1114 1506 1149 1533 et
1168 1506 1205 1532 tu
1225 1499 1416 1544 aliquando
1435 1512 1636 1538 conversuS,
1664 1501 1831 1534 confirma
1850 1502 1973 1534 fratres
1991 1509 2079 1535 tuos.

1216 1565 1325 1609 Saepe
1347 1563 1432 1598 haec
1457 1566 1612 1599 narratio
1637 1567 1820 1609 cogitanda
1847 1574 1918 1608 est,
1946 1567 2026 1612 quia
2053 1580 2106 1601 res

1113 1616 1241 1649 multas
1259 1622 1292 1649 et
1306 1627 1448 1658 magnas
1463 1616 1631 1650 continet.
1685 1616 1843 1650 Primum
1866 1618 2033 1651 recitatur
2046 1631 2107 1662 pe-

1114 1666 1216 1699 riculi
1235 1667 1453 1709 magnitudo,
1472 1668 1565 1711 quod
1583 1667 1685 1711 quale
1700 1674 1733 1701 et
1748 1675 1918 1712 quantum
1935 1668 1990 1708 sit,
2006 1681 2103 1701 men-

1115 1724 1164 1749 tes
1184 1717 1300 1749 ebriae
1320 1717 1445 1750 fiducia
1469 1728 1550 1750 suae
1573 1718 1782 1761 sapientiae,
1809 1718 2026 1751 lascivientes
2042 1732 2106 1752 vo·-

1115 1766 1326 1809 luptatibus,
1359 1779 1581 1811 nequaquam
1606 1768 1840 1801 considerant.
1899 1769 1975 1802 Sibi
2000 1769 2107 1812 igitur

1114 1817 1319 1859 indulgent,
1357 1824 1532 1862 quaerunt
1556 1829 1639 1861 opes
1664 1824 1698 1851 et
1725 1818 1939 1862 voluptates,
1980 1821 2106 1853 ardent

1114 1867 1328 1905 ambitione,
1358 1874 1419 1901 aut
1440 1868 1569 1901 ludunt
1593 1868 1842 1912 opinionibus,
1870 1876 1901 1902 et
1920 1869 2105 1913 negligunt

1113 1917 1311 1951 doctrinam
1327 1929 1345 1950 a
1363 1916 1438 1951 Deo
1455 1918 1632 1954 traditam.
1686 1918 1787 1952 Talia
1805 1926 1943 1963 pectora
1962 1921 2105 1954 diabolo

1115 1980 1194 2001 cum
1221 1975 1377 2012 pateant,
1411 1976 1608 2014 sequuntur
1637 1969 1795 2003 infinitae
1820 1970 2044 2004 confusiones
2068 1972 2105 2004 in

1115 2018 1201 2051 vita:
1230 2018 1310 2063 qnia
1329 2019 1389 2051 alii
1407 2027 1574 2063 spargunt
1599 2017 1798 2063 prophanas
1815 2021 2020 2064 opiniones,
2045 2022 2104 2054 alii

1113 2080 1242 2101 munus
1260 2070 1409 2102 docendi
1431 2069 1615 2111 Evangelii
1643 2082 1785 2114 prorsus
1807 2071 1999 2113 negligunt.
2055 2071 2105 2105 lta

1114 2119 1281 2162 paulatim
1299 2126 1332 2153 et
1348 2118 1595 2153 distrahuntur
1613 2118 1800 2163 Ecclesiae,
1825 2129 1859 2155 et
1877 2129 2037 2156 crescunt
2053 2130 2106 2156 te-

1114 2169 1264 2210 nebrae,
1290 2177 1323 2203 et
1338 2171 1449 2204 multa
1467 2177 1554 2204 tetra
1572 2171 1667 2204 vitia.

1215 2226 1342 2261 Monet
1358 2228 1467 2270 igitur
1483 2241 1547 2262 nos
1561 2229 1652 2262 filius
1663 2228 1729 2263 Dei
1747 2231 1789 2263 de
1807 2230 1945 2264 insidiis
1961 2232 2108 2272 diaboli,

1112 2289 1151 2311 ac
1167 2277 1244 2311 vult
1260 2290 1325 2311 nos
1342 2279 1526 2322 vigilantes
1543 2291 1627 2320 esse,
1655 2286 1687 2313 et
1704 2281 1792 2314 bene
1809 2282 1948 2314 munire
1965 2290 2104 2326 pectora

1112 2328 1263 2362 lectione
1285 2335 1320 2362 et
1340 2329 1566 2363 meditatione
1590 2330 1791 2369 doctrinae,
1814 2333 1936 2366 ardere
1962 2333 2105 2366 invoca-

1112 2378 1227 2417 tione,
1253 2385 1287 2412 et
1310 2379 1479 2422 repellere
1503 2380 1685 2413 illecebras
1701 2381 1848 2414 diaboli.
1900 2382 2004 2425 Quod
2025 2395 2103 2416 cum

1111 2429 1275 2469 facimus,
1309 2430 1451 2464 adiuvat
1485 2442 1549 2464 nos
1580 2438 1746 2465 conantes
1782 2432 1874 2465 filius
1902 2431 1988 2473 Dei,
2028 2440 2103 2466 orat

1110 2486 1291 2512 aeternum
1317 2478 1476 2519 Patrem,
1510 2487 1549 2514 ut
1581 2489 1696 2516 servet
1718 2481 1896 2516 Ecclesiae
1926 2484 2103 2528 reliquias,

1110 2530 1255 2574 depellit
1280 2530 1460 2572 diabolos,
1498 2538 1532 2565 et
1555 2531 1691 2576 Spiritu
1725 2545 1788 2566 suo
1816 2541 1935 2567 sancto
1966 2540 2103 2567 nostras

1110 2587 1263 2621 mentes,
1289 2581 1435 2614 consilia
1454 2589 1487 2616 et
1505 2583 1658 2616 actiones
1676 2583 1861 2626 gubernat.

1216 2638 1306 2673 Cum
1332 2647 1448 2673 autem
1472 2642 1628 2686 pericula
1657 2650 1774 2676 nostra
1805 2654 1899 2676 nunc
1925 2654 1997 2674 non
2030 2641 2102 2676 sint

1109 2690 1279 2731 obscura,
1311 2690 1469 2725 existimo
1499 2693 1631 2727 multos
1667 2693 1759 2727 inter
1792 2703 1854 2725 vos
1887 2692 2101 2736 cogitatione
