<?xml version="1.0" encoding="UTF-8"?>
<!DOCTYPE html PUBLIC "-//W3C//DTD XHTML 1.0 Transitional//EN"
    "http://www.w3.org/TR/xhtml1/DTD/xhtml1-transitional.dtd">
<html xmlns="http://www.w3.org/1999/xhtml" xml:lang="en" lang="en">
 <head>
  <title>
</title>
<meta http-equiv="Content-Type" content="text/html;charset=utf-8" />
  <meta name='ocr-system' content='tesseract 3.04.00' />
  <meta name='ocr-capabilities' content='ocr_page ocr_carea ocr_par ocr_line ocrx_word'/>
</head>
<body>
  <div class='ocr_page' id='page_1' title='image "./operaquaesupersu11melauoft/operaquaesupersu11melauoft_0358.png"; bbox 0 0 2338 2958; ppageno 0'>
   <div class='ocr_carea' id='block_1_1' title="bbox 211 134 284 170">
    <p class='ocr_par' dir='ltr' id='par_1_1' title="bbox 211 134 284 170">
     <span class='ocr_line' id='line_1_1' title="bbox 211 134 284 170; baseline -0.027 0"><span class='ocrx_word' id='word_1_1' title='bbox 211 134 284 170; x_wconf 83' lang='lat'>699</span> 
     </span>
    </p>
   </div>
   <div class='ocr_carea' id='block_1_2' title="bbox 211 207 1197 308">
    <p class='ocr_par' dir='ltr' id='par_1_2' title="bbox 211 207 1197 308">
     <span class='ocr_line' id='line_1_2' title="bbox 211 207 1197 262; baseline -0.015 -8"><span class='ocrx_word' id='word_1_2' title='bbox 211 220 310 255; x_wconf 91' lang='lat' dir='ltr'>hibet</span> <span class='ocrx_word' id='word_1_3' title='bbox 325 230 405 262; x_wconf 86' lang='lat' dir='ltr'>ergo</span> <span class='ocrx_word' id='word_1_4' title='bbox 423 215 620 250; x_wconf 85' lang='lat' dir='ltr'>societatem</span> <span class='ocrx_word' id='word_1_5' title='bbox 633 208 847 243; x_wconf 86' lang='lat' dir='ltr'>defensionis</span> <span class='ocrx_word' id='word_1_6' title='bbox 863 207 990 253; x_wconf 78' lang='lat' dir='ltr'>impiae</span> <span class='ocrx_word' id='word_1_7' title='bbox 1005 207 1197 248; x_wconf 87' lang='lat' dir='ltr'>doctrinae,</span> 
     </span>
     <span class='ocr_line' id='line_1_3' title="bbox 211 258 1137 308; baseline -0.017 -2"><span class='ocrx_word' id='word_1_8' title='bbox 211 279 251 306; x_wconf 93' lang='lat' dir='ltr'>ut</span> <span class='ocrx_word' id='word_1_9' title='bbox 274 270 472 305; x_wconf 83' lang='lat' dir='ltr'>societatem</span> <span class='ocrx_word' id='word_1_10' title='bbox 490 260 689 308; x_wconf 83' lang='lat' dir='ltr'>parricidii,</span> <span class='ocrx_word' id='word_1_11' title='bbox 721 266 755 293; x_wconf 91' lang='lat' dir='ltr'>et</span> <span class='ocrx_word' id='word_1_12' title='bbox 770 259 940 292; x_wconf 87' lang='lat' dir='ltr'>similium</span> <span class='ocrx_word' id='word_1_13' title='bbox 954 258 1137 292; x_wconf 88' lang='lat' dir='ltr'>scelerum.</span> 
     </span>
    </p>
   </div>
   <div class='ocr_carea' id='block_1_3' title="bbox 213 315 1200 569">
    <p class='ocr_par' dir='ltr' id='par_1_3' title="bbox 213 315 1200 569">
     <span class='ocr_line' id='line_1_4' title="bbox 314 315 1200 370; baseline -0.011 -11"><span class='ocrx_word' id='word_1_14' title='bbox 314 328 432 370; x_wconf 82' lang='lat' dir='ltr'>Quare</span> <span class='ocrx_word' id='word_1_15' title='bbox 455 321 590 356; x_wconf 88' lang='lat' dir='ltr'>etiamsi</span> <span class='ocrx_word' id='word_1_16' title='bbox 608 319 856 362; x_wconf 84' lang='lat' dir='ltr'>gubernatores</span> <span class='ocrx_word' id='word_1_17' title='bbox 880 317 1059 360; x_wconf 82' lang='lat' dir='ltr'>negligant</span> <span class='ocrx_word' id='word_1_18' title='bbox 1075 315 1200 351; x_wconf 90' lang='lat' dir='ltr'>Eccle—</span> 
     </span>
     <span class='ocr_line' id='line_1_5' title="bbox 214 367 1199 418; baseline -0.014 -5"><span class='ocrx_word' id='word_1_19' title='bbox 214 382 299 414; x_wconf 96' lang='lat' dir='ltr'>siam</span> <span class='ocrx_word' id='word_1_20' title='bbox 312 405 321 418; x_wconf 95' lang='lat'>,</span> <span class='ocrx_word' id='word_1_21' title='bbox 347 383 385 408; x_wconf 90' lang='lat' dir='ltr'>ut</span> <span class='ocrx_word' id='word_1_22' title='bbox 400 384 498 417; x_wconf 84' lang='lat' dir='ltr'>saepe</span> <span class='ocrx_word' id='word_1_23' title='bbox 513 370 679 405; x_wconf 89' lang='lat' dir='ltr'>omnibus</span> <span class='ocrx_word' id='word_1_24' title='bbox 696 368 868 401; x_wconf 86' lang='lat' dir='ltr'>aetatibus</span> <span class='ocrx_word' id='word_1_25' title='bbox 882 367 1120 410; x_wconf 83' lang='lat' dir='ltr'>neglexerunt,</span> <span class='ocrx_word' id='word_1_26' title='bbox 1146 373 1199 400; x_wconf 90' lang='lat' dir='ltr'>ta-</span> 
     </span>
     <span class='ocr_line' id='line_1_6' title="bbox 214 416 1200 470; baseline -0.013 -8"><span class='ocrx_word' id='word_1_27' title='bbox 214 441 294 463; x_wconf 89' lang='lat' dir='ltr'>men</span> <span class='ocrx_word' id='word_1_28' title='bbox 316 424 443 470; x_wconf 78' lang='lat' dir='ltr'>privati</span> <span class='ocrx_word' id='word_1_29' title='bbox 467 422 606 461; x_wconf 87' lang='lat' dir='ltr'>audire,</span> <span class='ocrx_word' id='word_1_30' title='bbox 633 419 815 463; x_wconf 83' lang='lat' dir='ltr'>amplecti,</span> <span class='ocrx_word' id='word_1_31' title='bbox 843 418 1017 451; x_wconf 88' lang='lat' dir='ltr'>illustrare</span> <span class='ocrx_word' id='word_1_32' title='bbox 1037 416 1200 460; x_wconf 89' lang='lat' dir='ltr'>Evange-</span> 
     </span>
     <span class='ocr_line' id='line_1_7' title="bbox 214 467 1200 517; baseline -0.012 -5"><span class='ocrx_word' id='word_1_33' title='bbox 214 481 320 517; x_wconf 88' lang='lat' dir='ltr'>lium,</span> <span class='ocrx_word' id='word_1_34' title='bbox 352 481 442 509; x_wconf 89' lang='lat' dir='ltr'>recte</span> <span class='ocrx_word' id='word_1_35' title='bbox 466 483 651 517; x_wconf 83' lang='lat' dir='ltr'>agnoscere</span> <span class='ocrx_word' id='word_1_36' title='bbox 674 476 708 503; x_wconf 89' lang='lat' dir='ltr'>et</span> <span class='ocrx_word' id='word_1_37' title='bbox 733 469 895 502; x_wconf 82' lang='lat' dir='ltr'>invocare</span> <span class='ocrx_word' id='word_1_38' title='bbox 914 467 1051 507; x_wconf 87' lang='lat' dir='ltr'>Deum,</span> <span class='ocrx_word' id='word_1_39' title='bbox 1086 479 1200 501; x_wconf 87' lang='lat' dir='ltr'>mores</span> 
     </span>
     <span class='ocr_line' id='line_1_8' title="bbox 213 519 830 569; baseline -0.019 -6"><span class='ocrx_word' id='word_1_40' title='bbox 213 540 294 563; x_wconf 89' lang='lat' dir='ltr'>suos</span> <span class='ocrx_word' id='word_1_41' title='bbox 311 538 390 560; x_wconf 81' lang='lat' dir='ltr'>vera</span> <span class='ocrx_word' id='word_1_42' title='bbox 409 524 536 569; x_wconf 82' lang='lat' dir='ltr'>pietate</span> <span class='ocrx_word' id='word_1_43' title='bbox 554 533 671 565; x_wconf 84' lang='lat' dir='ltr'>regere</span> <span class='ocrx_word' id='word_1_44' title='bbox 687 519 830 553; x_wconf 83' lang='lat' dir='ltr'>debent.</span> 
     </span>
    </p>
   </div>
   <div class='ocr_carea' id='block_1_4' title="bbox 213 576 1202 928">
    <p class='ocr_par' dir='ltr' id='par_1_4' title="bbox 213 576 1202 928">
     <span class='ocr_line' id='line_1_9' title="bbox 315 576 1202 622; baseline -0.011 -4"><span class='ocrx_word' id='word_1_45' title='bbox 315 583 495 619; x_wconf 84' lang='lat' dir='ltr'>Omnibus</span> <span class='ocrx_word' id='word_1_46' title='bbox 511 588 544 614; x_wconf 92' lang='lat' dir='ltr'>et</span> <span class='ocrx_word' id='word_1_47' title='bbox 558 579 706 622; x_wconf 85' lang='lat' dir='ltr'>singulis</span> <span class='ocrx_word' id='word_1_48' title='bbox 720 576 805 611; x_wconf 88' lang='lat' dir='ltr'>haec</span> <span class='ocrx_word' id='word_1_49' title='bbox 821 578 984 611; x_wconf 87' lang='lat' dir='ltr'>mandata</span> <span class='ocrx_word' id='word_1_50' title='bbox 1001 588 1072 610; x_wconf 90' lang='lat' dir='ltr'>esse</span> <span class='ocrx_word' id='word_1_51' title='bbox 1088 576 1202 609; x_wconf 89' lang='lat' dir='ltr'>mani-</span> 
     </span>
     <span class='ocr_line' id='line_1_10' title="bbox 213 625 1202 677; baseline -0.013 -5"><span class='ocrx_word' id='word_1_52' title='bbox 213 641 337 672; x_wconf 83' lang='lat' dir='ltr'>festum</span> <span class='ocrx_word' id='word_1_53' title='bbox 355 641 416 675; x_wconf 88' lang='lat' dir='ltr'>est,</span> <span class='ocrx_word' id='word_1_54' title='bbox 441 633 524 677; x_wconf 88' lang='lat' dir='ltr'>quia</span> <span class='ocrx_word' id='word_1_55' title='bbox 539 631 630 664; x_wconf 87' lang='lat' dir='ltr'>filius</span> <span class='ocrx_word' id='word_1_56' title='bbox 647 629 709 663; x_wconf 87' lang='lat' dir='ltr'>Dei</span> <span class='ocrx_word' id='word_1_57' title='bbox 727 640 826 672; x_wconf 87' lang='lat' dir='ltr'>saepe</span> <span class='ocrx_word' id='word_1_58' title='bbox 843 628 995 661; x_wconf 81' lang='lat' dir='ltr'>inculcat</span> <span class='ocrx_word' id='word_1_59' title='bbox 1009 625 1071 659; x_wconf 88' lang='lat' dir='ltr'>has</span> <span class='ocrx_word' id='word_1_60' title='bbox 1090 638 1202 667; x_wconf 86' lang='lat' dir='ltr'>voces,</span> 
     </span>
     <span class='ocr_line' id='line_1_11' title="bbox 213 676 1202 734; baseline -0.013 -13"><span class='ocrx_word' id='word_1_61' title='bbox 213 700 301 734; x_wconf 87' lang='lat' dir='ltr'>quae</span> <span class='ocrx_word' id='word_1_62' title='bbox 327 684 608 728; x_wconf 89' lang='lat' dir='ltr'>complectuntur</span> <span class='ocrx_word' id='word_1_63' title='bbox 625 690 765 718; x_wconf 89' lang='lat' dir='ltr'>omnes,</span> <span class='ocrx_word' id='word_1_64' title='bbox 792 684 830 711; x_wconf 88' lang='lat' dir='ltr'>ut</span> <span class='ocrx_word' id='word_1_65' title='bbox 848 678 940 720; x_wconf 87' lang='lat' dir='ltr'>apud</span> <span class='ocrx_word' id='word_1_66' title='bbox 960 676 1128 709; x_wconf 87' lang='lat' dir='ltr'>Ioannem</span> <span class='ocrx_word' id='word_1_67' title='bbox 1146 677 1202 709; x_wconf 88' lang='lat' dir='ltr'>di-</span> 
     </span>
     <span class='ocr_line' id='line_1_12' title="bbox 213 727 1201 772; baseline -0.014 0"><span class='ocrx_word' id='word_1_68' title='bbox 213 740 320 772; x_wconf 90' lang='lat' dir='ltr'>citur:</span> <span class='ocrx_word' id='word_1_69' title='bbox 354 735 413 770; x_wconf 89' lang='lat' dir='ltr'>Sic</span> <span class='ocrx_word' id='word_1_70' title='bbox 433 734 531 767; x_wconf 91' lang='lat' dir='ltr'>Deus</span> <span class='ocrx_word' id='word_1_71' title='bbox 549 730 670 764; x_wconf 86' lang='lat' dir='ltr'>dilexit</span> <span class='ocrx_word' id='word_1_72' title='bbox 685 728 878 767; x_wconf 89' lang='lat' dir='ltr'>muudum,</span> <span class='ocrx_word' id='word_1_73' title='bbox 904 733 944 760; x_wconf 87' lang='lat' dir='ltr'>ut</span> <span class='ocrx_word' id='word_1_74' title='bbox 965 727 1076 760; x_wconf 78' lang='lat' dir='ltr'>filium</span> <span class='ocrx_word' id='word_1_75' title='bbox 1099 738 1201 759; x_wconf 88' lang='lat' dir='ltr'>suum</span> 
     </span>
     <span class='ocr_line' id='line_1_13' title="bbox 213 777 1202 831; baseline -0.015 -9"><span class='ocrx_word' id='word_1_76' title='bbox 213 787 435 831; x_wconf 88' lang='lat' dir='ltr'>unigenitum</span> <span class='ocrx_word' id='word_1_77' title='bbox 460 781 619 821; x_wconf 85' lang='lat' dir='ltr'>dederit,</span> <span class='ocrx_word' id='word_1_78' title='bbox 660 785 700 812; x_wconf 90' lang='lat' dir='ltr'>ut</span> <span class='ocrx_word' id='word_1_79' title='bbox 725 777 841 811; x_wconf 88' lang='lat' dir='ltr'>omnis</span> <span class='ocrx_word' id='word_1_80' title='bbox 870 777 1016 810; x_wconf 88' lang='lat' dir='ltr'>credens</span> <span class='ocrx_word' id='word_1_81' title='bbox 1046 777 1082 809; x_wconf 88' lang='lat' dir='ltr'>in</span> <span class='ocrx_word' id='word_1_82' title='bbox 1109 788 1202 816; x_wconf 92' lang='lat' dir='ltr'>eum,</span> 
     </span>
     <span class='ocr_line' id='line_1_14' title="bbox 213 826 1201 882; baseline -0.014 -10"><span class='ocrx_word' id='word_1_83' title='bbox 213 851 284 872; x_wconf 92' lang='lat' dir='ltr'>non</span> <span class='ocrx_word' id='word_1_84' title='bbox 301 842 434 882; x_wconf 77' lang='lat' dir='ltr'>percat,</span> <span class='ocrx_word' id='word_1_85' title='bbox 455 833 511 866; x_wconf 90' lang='lat' dir='ltr'>sed</span> <span class='ocrx_word' id='word_1_86' title='bbox 531 830 657 864; x_wconf 85' lang='lat' dir='ltr'>habeat</span> <span class='ocrx_word' id='word_1_87' title='bbox 675 829 782 862; x_wconf 87' lang='lat' dir='ltr'>vitam</span> <span class='ocrx_word' id='word_1_88' title='bbox 806 833 995 862; x_wconf 86' lang='lat' dir='ltr'>aeternam.</span> <span class='ocrx_word' id='word_1_89' title='bbox 1037 826 1110 870; x_wconf 87' lang='lat' dir='ltr'>Qui</span> <span class='ocrx_word' id='word_1_90' title='bbox 1129 839 1201 859; x_wconf 93' lang='lat' dir='ltr'>non</span> 
     </span>
     <span class='ocr_line' id='line_1_15' title="bbox 213 882 698 928; baseline -0.016 -6"><span class='ocrx_word' id='word_1_91' title='bbox 213 889 321 922; x_wconf 86' lang='lat' dir='ltr'>credit</span> <span class='ocrx_word' id='word_1_92' title='bbox 333 914 341 928; x_wconf 93' lang='lat'>,</span> <span class='ocrx_word' id='word_1_93' title='bbox 368 887 436 918; x_wconf 88' lang='lat' dir='ltr'>iam</span> <span class='ocrx_word' id='word_1_94' title='bbox 451 882 623 917; x_wconf 90' lang='lat' dir='ltr'>iudicatus</span> <span class='ocrx_word' id='word_1_95' title='bbox 638 886 698 914; x_wconf 88' lang='lat' dir='ltr'>est.</span> 
     </span>
    </p>
   </div>
   <div class='ocr_carea' id='block_1_5' title="bbox 213 936 1207 1786">
    <p class='ocr_par' dir='ltr' id='par_1_5' title="bbox 213 936 1207 1786">
     <span class='ocr_line' id='line_1_16' title="bbox 315 936 1202 979; baseline -0.011 -1"><span class='ocrx_word' id='word_1_96' title='bbox 315 944 373 979; x_wconf 85' lang='lat' dir='ltr'>An</span> <span class='ocrx_word' id='word_1_97' title='bbox 401 955 479 977; x_wconf 88' lang='lat' dir='ltr'>cum</span> <span class='ocrx_word' id='word_1_98' title='bbox 501 939 632 974; x_wconf 86' lang='lat' dir='ltr'>Paulus</span> <span class='ocrx_word' id='word_1_99' title='bbox 655 937 792 972; x_wconf 82' lang='lat' dir='ltr'>Romae</span> <span class='ocrx_word' id='word_1_100' title='bbox 821 936 1110 977; x_wconf 85' lang='lat' dir='ltr'>concionaretur,</span> <span class='ocrx_word' id='word_1_101' title='bbox 1144 947 1202 968; x_wconf 83' lang='lat' dir='ltr'>ex-</span> 
     </span>
     <span class='ocr_line' id='line_1_17' title="bbox 213 985 1204 1044; baseline -0.013 -13"><span class='ocrx_word' id='word_1_102' title='bbox 213 996 426 1044; x_wconf 84' lang='lat' dir='ltr'>pectandum</span> <span class='ocrx_word' id='word_1_103' title='bbox 447 992 516 1025; x_wconf 79' lang='lat' dir='ltr'>fuit</span> <span class='ocrx_word' id='word_1_104' title='bbox 537 989 759 1024; x_wconf 87' lang='lat' dir='ltr'>auditoribus</span> <span class='ocrx_word' id='word_1_105' title='bbox 775 988 952 1021; x_wconf 89' lang='lat' dir='ltr'>decretum</span> <span class='ocrx_word' id='word_1_106' title='bbox 971 985 1121 1020; x_wconf 88' lang='lat' dir='ltr'>Senatus</span> <span class='ocrx_word' id='word_1_107' title='bbox 1143 993 1204 1020; x_wconf 87' lang='lat' dir='ltr'>aut</span> 
     </span>
     <span class='ocr_line' id='line_1_18' title="bbox 213 1037 1202 1082; baseline -0.01 -4"><span class='ocrx_word' id='word_1_108' title='bbox 213 1045 389 1082; x_wconf 74' lang='lat' dir='ltr'>Neronis?</span> <span class='ocrx_word' id='word_1_109' title='bbox 424 1043 500 1077; x_wconf 91' lang='lat' dir='ltr'>Imo</span> <span class='ocrx_word' id='word_1_110' title='bbox 517 1053 583 1074; x_wconf 80' lang='lat' dir='ltr'>vox</span> <span class='ocrx_word' id='word_1_111' title='bbox 595 1039 659 1073; x_wconf 89' lang='lat' dir='ltr'>Dei</span> <span class='ocrx_word' id='word_1_112' title='bbox 673 1049 802 1072; x_wconf 88' lang='lat' dir='ltr'>sonans</span> <span class='ocrx_word' id='word_1_113' title='bbox 817 1049 877 1080; x_wconf 90' lang='lat' dir='ltr'>per</span> <span class='ocrx_word' id='word_1_114' title='bbox 888 1037 1113 1081; x_wconf 83' lang='lat' dir='ltr'>Apostolum,</span> <span class='ocrx_word' id='word_1_115' title='bbox 1138 1048 1202 1069; x_wconf 88' lang='lat' dir='ltr'>au-</span> 
     </span>
     <span class='ocr_line' id='line_1_19' title="bbox 215 1087 1203 1137; baseline -0.013 -5"><span class='ocrx_word' id='word_1_116' title='bbox 215 1098 342 1133; x_wconf 86' lang='lat' dir='ltr'>dienda</span> <span class='ocrx_word' id='word_1_117' title='bbox 361 1102 393 1128; x_wconf 92' lang='lat' dir='ltr'>et</span> <span class='ocrx_word' id='word_1_118' title='bbox 411 1091 649 1137; x_wconf 87' lang='lat' dir='ltr'>amplectenda</span> <span class='ocrx_word' id='word_1_119' title='bbox 665 1089 751 1128; x_wconf 85' lang='lat' dir='ltr'>fuit,</span> <span class='ocrx_word' id='word_1_120' title='bbox 779 1088 915 1120; x_wconf 90' lang='lat' dir='ltr'>etiamsi</span> <span class='ocrx_word' id='word_1_121' title='bbox 932 1098 1052 1120; x_wconf 90' lang='lat' dir='ltr'>omnes</span> <span class='ocrx_word' id='word_1_122' title='bbox 1075 1087 1203 1129; x_wconf 84' lang='lat' dir='ltr'>guber-</span> 
     </span>
     <span class='ocr_line' id='line_1_20' title="bbox 215 1137 1202 1184; baseline -0.014 -1"><span class='ocrx_word' id='word_1_123' title='bbox 215 1156 355 1182; x_wconf 84' lang='lat' dir='ltr'>natores</span> <span class='ocrx_word' id='word_1_124' title='bbox 380 1143 495 1178; x_wconf 87' lang='lat' dir='ltr'>audiri</span> <span class='ocrx_word' id='word_1_125' title='bbox 521 1153 596 1174; x_wconf 89' lang='lat' dir='ltr'>eam</span> <span class='ocrx_word' id='word_1_126' title='bbox 622 1137 877 1184; x_wconf 85' lang='lat' dir='ltr'>prohibebant,</span> <span class='ocrx_word' id='word_1_127' title='bbox 904 1138 965 1182; x_wconf 90' lang='lat' dir='ltr'>qui</span> <span class='ocrx_word' id='word_1_128' title='bbox 990 1137 1202 1179; x_wconf 88' lang='lat' dir='ltr'>religionum</span> 
     </span>
     <span class='ocr_line' id='line_1_21' title="bbox 215 1187 1202 1233; baseline -0.013 0"><span class='ocrx_word' id='word_1_129' title='bbox 215 1198 445 1233; x_wconf 84' lang='lat' dir='ltr'>mutationem</span> <span class='ocrx_word' id='word_1_130' title='bbox 467 1191 671 1227; x_wconf 85' lang='lat' dir='ltr'>iudicabant</span> <span class='ocrx_word' id='word_1_131' title='bbox 697 1199 903 1231; x_wconf 81' lang='lat' dir='ltr'>magnarum</span> <span class='ocrx_word' id='word_1_132' title='bbox 931 1187 1146 1220; x_wconf 86' lang='lat' dir='ltr'>seditionum</span> <span class='ocrx_word' id='word_1_133' title='bbox 1171 1194 1202 1220; x_wconf 89' lang='lat' dir='ltr'>et</span> 
     </span>
     <span class='ocr_line' id='line_1_22' title="bbox 216 1237 1204 1292; baseline -0.014 -9"><span class='ocrx_word' id='word_1_134' title='bbox 216 1247 486 1292; x_wconf 78' lang='lat' dir='ltr'>dissipationum</span> <span class='ocrx_word' id='word_1_135' title='bbox 503 1253 640 1275; x_wconf 87' lang='lat' dir='ltr'>causam</span> <span class='ocrx_word' id='word_1_136' title='bbox 659 1240 742 1272; x_wconf 87' lang='lat' dir='ltr'>sore.</span> <span class='ocrx_word' id='word_1_137' title='bbox 792 1237 844 1270; x_wconf 86' lang='lat' dir='ltr'>lta</span> <span class='ocrx_word' id='word_1_138' title='bbox 860 1237 923 1270; x_wconf 91' lang='lat' dir='ltr'>etsi</span> <span class='ocrx_word' id='word_1_139' title='bbox 941 1238 1134 1280; x_wconf 85' lang='lat' dir='ltr'>optandum</span> <span class='ocrx_word' id='word_1_140' title='bbox 1154 1244 1204 1270; x_wconf 78' lang='lat' dir='ltr'>est</span> 
     </span>
     <span class='ocr_line' id='line_1_23' title="bbox 215 1287 1204 1342; baseline -0.01 -11"><span class='ocrx_word' id='word_1_141' title='bbox 215 1300 329 1342; x_wconf 80' lang='lat' dir='ltr'>Reges</span> <span class='ocrx_word' id='word_1_142' title='bbox 364 1303 397 1329; x_wconf 93' lang='lat' dir='ltr'>et</span> <span class='ocrx_word' id='word_1_143' title='bbox 424 1293 617 1338; x_wconf 88' lang='lat' dir='ltr'>Episcopos</span> <span class='ocrx_word' id='word_1_144' title='bbox 651 1299 773 1322; x_wconf 89' lang='lat' dir='ltr'>omnes</span> <span class='ocrx_word' id='word_1_145' title='bbox 806 1287 984 1321; x_wconf 84' lang='lat' dir='ltr'>communi</span> <span class='ocrx_word' id='word_1_146' title='bbox 1019 1287 1136 1320; x_wconf 89' lang='lat' dir='ltr'>auimo</span> <span class='ocrx_word' id='word_1_147' title='bbox 1171 1294 1204 1321; x_wconf 85' lang='lat' dir='ltr'>et</span> 
     </span>
     <span class='ocr_line' id='line_1_24' title="bbox 216 1336 1204 1384; baseline -0.012 -1"><span class='ocrx_word' id='word_1_148' title='bbox 216 1346 394 1384; x_wconf 87' lang='lat' dir='ltr'>communi</span> <span class='ocrx_word' id='word_1_149' title='bbox 426 1343 574 1377; x_wconf 85' lang='lat' dir='ltr'>consilio</span> <span class='ocrx_word' id='word_1_150' title='bbox 604 1353 703 1374; x_wconf 75' lang='lat' dir='ltr'>veros</span> <span class='ocrx_word' id='word_1_151' title='bbox 735 1338 801 1372; x_wconf 91' lang='lat' dir='ltr'>Dei</span> <span class='ocrx_word' id='word_1_152' title='bbox 832 1336 984 1372; x_wconf 82' lang='lat' dir='ltr'>honores</span> <span class='ocrx_word' id='word_1_153' title='bbox 1012 1338 1204 1379; x_wconf 84' lang='lat' dir='ltr'>restituere,</span> 
     </span>
     <span class='ocr_line' id='line_1_25' title="bbox 217 1389 1203 1436; baseline -0.014 -1"><span class='ocrx_word' id='word_1_154' title='bbox 217 1414 254 1436; x_wconf 87' lang='lat' dir='ltr'>ac</span> <span class='ocrx_word' id='word_1_155' title='bbox 272 1407 362 1433; x_wconf 77' lang='lat' dir='ltr'>recte</span> <span class='ocrx_word' id='word_1_156' title='bbox 389 1396 575 1429; x_wconf 85' lang='lat' dir='ltr'>emendare</span> <span class='ocrx_word' id='word_1_157' title='bbox 595 1389 786 1432; x_wconf 81' lang='lat' dir='ltr'>Ecclesias,</span> <span class='ocrx_word' id='word_1_158' title='bbox 814 1398 930 1425; x_wconf 84' lang='lat' dir='ltr'>tamen</span> <span class='ocrx_word' id='word_1_159' title='bbox 954 1401 1034 1423; x_wconf 91' lang='lat' dir='ltr'>cum</span> <span class='ocrx_word' id='word_1_160' title='bbox 1059 1389 1203 1422; x_wconf 88' lang='lat' dir='ltr'>minime</span> 
     </span>
     <span class='ocr_line' id='line_1_26' title="bbox 217 1441 1204 1487; baseline -0.01 -3"><span class='ocrx_word' id='word_1_161' title='bbox 217 1453 404 1486; x_wconf 83' lang='lat' dir='ltr'>obscurum</span> <span class='ocrx_word' id='word_1_162' title='bbox 426 1448 488 1484; x_wconf 77' lang='lat' dir='ltr'>sit,</span> <span class='ocrx_word' id='word_1_163' title='bbox 515 1445 645 1478; x_wconf 88' lang='lat' dir='ltr'>multos</span> <span class='ocrx_word' id='word_1_164' title='bbox 672 1442 896 1487; x_wconf 87' lang='lat' dir='ltr'>pertinaciter</span> <span class='ocrx_word' id='word_1_165' title='bbox 919 1441 1072 1484; x_wconf 81' lang='lat' dir='ltr'>agnitam</span> <span class='ocrx_word' id='word_1_166' title='bbox 1091 1453 1204 1485; x_wconf 73' lang='lat' dir='ltr'>oppu—</span> 
     </span>
     <span class='ocr_line' id='line_1_27' title="bbox 217 1492 1203 1546; baseline -0.009 -12"><span class='ocrx_word' id='word_1_167' title='bbox 217 1513 322 1546; x_wconf 78' lang='lat' dir='ltr'>gnare</span> <span class='ocrx_word' id='word_1_168' title='bbox 348 1498 544 1535; x_wconf 63' lang='lat' dir='ltr'>veritatem,</span> <span class='ocrx_word' id='word_1_169' title='bbox 579 1502 611 1528; x_wconf 92' lang='lat' dir='ltr'>et</span> <span class='ocrx_word' id='word_1_170' title='bbox 633 1493 835 1527; x_wconf 87' lang='lat' dir='ltr'>manifestos</span> <span class='ocrx_word' id='word_1_171' title='bbox 854 1492 1040 1525; x_wconf 84' lang='lat' dir='ltr'>defendere</span> <span class='ocrx_word' id='word_1_172' title='bbox 1066 1492 1203 1526; x_wconf 81' lang='lat' dir='ltr'>abusus.</span> 
     </span>
     <span class='ocr_line' id='line_1_28' title="bbox 218 1543 1205 1596; baseline -0.011 -12"><span class='ocrx_word' id='word_1_173' title='bbox 218 1552 314 1596; x_wconf 84' lang='lat' dir='ltr'>Quid</span> <span class='ocrx_word' id='word_1_174' title='bbox 340 1548 466 1582; x_wconf 78' lang='lat' dir='ltr'>horum</span> <span class='ocrx_word' id='word_1_175' title='bbox 495 1546 678 1592; x_wconf 70' lang='lat' dir='ltr'>Synodos,</span> <span class='ocrx_word' id='word_1_176' title='bbox 714 1543 868 1583; x_wconf 84' lang='lat' dir='ltr'>Iudicia,</span> <span class='ocrx_word' id='word_1_177' title='bbox 903 1543 1058 1583; x_wconf 86' lang='lat' dir='ltr'>decreta,</span> <span class='ocrx_word' id='word_1_178' title='bbox 1093 1543 1205 1574; x_wconf 89' lang='lat' dir='ltr'>resor-</span> 
     </span>
     <span class='ocr_line' id='line_1_29' title="bbox 219 1592 1207 1641; baseline -0.013 -5"><span class='ocrx_word' id='word_1_179' title='bbox 219 1602 409 1636; x_wconf 80' lang='lat' dir='ltr'>mationem</span> <span class='ocrx_word' id='word_1_180' title='bbox 427 1596 637 1641; x_wconf 72' lang='lat' dir='ltr'>expectatis?</span> <span class='ocrx_word' id='word_1_181' title='bbox 672 1593 788 1636; x_wconf 84' lang='lat' dir='ltr'>Quid,</span> <span class='ocrx_word' id='word_1_182' title='bbox 815 1593 970 1636; x_wconf 87' lang='lat' dir='ltr'>inquam,</span> <span class='ocrx_word' id='word_1_183' title='bbox 997 1592 1207 1635; x_wconf 70' lang='lat' dir='ltr'>expectatis?</span> 
     </span>
     <span class='ocr_line' id='line_1_30' title="bbox 219 1641 1206 1695; baseline -0.012 -10"><span class='ocrx_word' id='word_1_184' title='bbox 219 1653 392 1695; x_wconf 78' lang='lat' dir='ltr'>Quisnam</span> <span class='ocrx_word' id='word_1_185' title='bbox 418 1646 577 1692; x_wconf 83' lang='lat' dir='ltr'>promisit</span> <span class='ocrx_word' id='word_1_186' title='bbox 602 1644 704 1677; x_wconf 88' lang='lat' dir='ltr'>nobis</span> <span class='ocrx_word' id='word_1_187' title='bbox 722 1641 955 1681; x_wconf 83' lang='lat' dir='ltr'>hodiernum,</span> <span class='ocrx_word' id='word_1_188' title='bbox 982 1643 1113 1674; x_wconf 89' lang='lat' dir='ltr'>nedum</span> <span class='ocrx_word' id='word_1_189' title='bbox 1131 1654 1206 1674; x_wconf 87' lang='lat' dir='ltr'>cra-</span> 
     </span>
     <span class='ocr_line' id='line_1_31' title="bbox 217 1692 1207 1736; baseline -0.012 -1"><span class='ocrx_word' id='word_1_190' title='bbox 217 1703 348 1736; x_wconf 87' lang='lat' dir='ltr'>stinum</span> <span class='ocrx_word' id='word_1_191' title='bbox 368 1698 485 1731; x_wconf 83' lang='lat' dir='ltr'>diem&#39;?</span> <span class='ocrx_word' id='word_1_192' title='bbox 519 1695 635 1730; x_wconf 86' lang='lat' dir='ltr'>llodic</span> <span class='ocrx_word' id='word_1_193' title='bbox 651 1694 679 1727; x_wconf 90' lang='lat' dir='ltr'>si</span> <span class='ocrx_word' id='word_1_194' title='bbox 697 1705 815 1726; x_wconf 77' lang='lat' dir='ltr'>vocem</span> <span class='ocrx_word' id='word_1_195' title='bbox 832 1692 905 1725; x_wconf 89' lang='lat' dir='ltr'>eius</span> <span class='ocrx_word' id='word_1_196' title='bbox 923 1692 1116 1732; x_wconf 88' lang='lat' dir='ltr'>audieritis,</span> <span class='ocrx_word' id='word_1_197' title='bbox 1142 1704 1207 1724; x_wconf 88' lang='lat' dir='ltr'>no-</span> 
     </span>
     <span class='ocr_line' id='line_1_32' title="bbox 220 1746 733 1786; baseline -0.021 0"><span class='ocrx_word' id='word_1_198' title='bbox 220 1754 279 1786; x_wconf 92' lang='lat' dir='ltr'>lite</span> <span class='ocrx_word' id='word_1_199' title='bbox 297 1751 472 1784; x_wconf 82' lang='lat' dir='ltr'>obdurare</span> <span class='ocrx_word' id='word_1_200' title='bbox 490 1746 593 1779; x_wconf 84' lang='lat' dir='ltr'>corda</span> <span class='ocrx_word' id='word_1_201' title='bbox 610 1751 733 1779; x_wconf 87' lang='lat' dir='ltr'>vestra.</span> 
     </span>
    </p>
   </div>
   <div class='ocr_carea' id='block_1_6' title="bbox 219 1797 1208 1945">
    <p class='ocr_par' dir='ltr' id='par_1_6' title="bbox 219 1797 1208 1945">
     <span class='ocr_line' id='line_1_33' title="bbox 323 1797 1206 1845; baseline -0.011 -4"><span class='ocrx_word' id='word_1_202' title='bbox 323 1807 436 1842; x_wconf 78' lang='lat' dir='ltr'>Audis</span> <span class='ocrx_word' id='word_1_203' title='bbox 460 1803 645 1845; x_wconf 75' lang='lat' dir='ltr'>Evangelii</span> <span class='ocrx_word' id='word_1_204' title='bbox 667 1812 805 1841; x_wconf 79' lang='lat' dir='ltr'>vocem,</span> <span class='ocrx_word' id='word_1_205' title='bbox 838 1800 932 1833; x_wconf 77' lang='lat' dir='ltr'>iuxta</span> <span class='ocrx_word' id='word_1_206' title='bbox 959 1797 1050 1832; x_wconf 72' lang='lat' dir='ltr'>lianc</span> <span class='ocrx_word' id='word_1_207' title='bbox 1074 1806 1106 1832; x_wconf 88' lang='lat' dir='ltr'>te</span> <span class='ocrx_word' id='word_1_208' title='bbox 1132 1798 1206 1842; x_wconf 86' lang='lat' dir='ltr'>ipse</span> 
     </span>
     <span class='ocr_line' id='line_1_34' title="bbox 219 1849 1208 1897; baseline -0.013 -3"><span class='ocrx_word' id='word_1_209' title='bbox 219 1862 401 1895; x_wconf 71' lang='lat' dir='ltr'>reformes:</span> <span class='ocrx_word' id='word_1_210' title='bbox 430 1855 501 1897; x_wconf 62' lang='lat' dir='ltr'>Ago.</span> <span class='ocrx_word' id='word_1_211' title='bbox 522 1852 795 1897; x_wconf 78' lang='lat' dir='ltr'>poenitentiam,</span> <span class='ocrx_word' id='word_1_212' title='bbox 822 1850 933 1883; x_wconf 83' lang='lat' dir='ltr'>abiice</span> <span class='ocrx_word' id='word_1_213' title='bbox 950 1850 1065 1888; x_wconf 90' lang='lat' dir='ltr'>idola,</span> <span class='ocrx_word' id='word_1_214' title='bbox 1093 1849 1208 1893; x_wconf 87' lang='lat' dir='ltr'>incipe</span> 
     </span>
     <span class='ocr_line' id='line_1_35' title="bbox 220 1901 1069 1945; baseline -0.013 0"><span class='ocrx_word' id='word_1_215' title='bbox 220 1923 336 1945; x_wconf 67' lang='lat' dir='ltr'>xcram</span> <span class='ocrx_word' id='word_1_216' title='bbox 353 1907 415 1941; x_wconf 84' lang='lat' dir='ltr'>Dei</span> <span class='ocrx_word' id='word_1_217' title='bbox 437 1904 711 1943; x_wconf 73' lang='lat' dir='ltr'>invocationem,</span> <span class='ocrx_word' id='word_1_218' title='bbox 733 1909 766 1935; x_wconf 90' lang='lat' dir='ltr'>et</span> <span class='ocrx_word' id='word_1_219' title='bbox 783 1901 929 1934; x_wconf 88' lang='lat' dir='ltr'>emenda</span> <span class='ocrx_word' id='word_1_220' title='bbox 946 1912 1069 1934; x_wconf 90' lang='lat' dir='ltr'>mores.</span> 
     </span>
    </p>
   </div>
   <div class='ocr_carea' id='block_1_7' title="bbox 220 1959 1210 2154">
    <p class='ocr_par' dir='ltr' id='par_1_7' title="bbox 220 1959 1210 2154">
     <span class='ocr_line' id='line_1_36' title="bbox 322 1959 1207 2000; baseline -0.012 0"><span class='ocrx_word' id='word_1_221' title='bbox 322 1967 415 2000; x_wconf 81' lang='lat' dir='ltr'>llaec</span> <span class='ocrx_word' id='word_1_222' title='bbox 433 1971 482 1998; x_wconf 84' lang='lat' dir='ltr'>est</span> <span class='ocrx_word' id='word_1_223' title='bbox 501 1975 580 1995; x_wconf 68' lang='lat' dir='ltr'>vcra</span> <span class='ocrx_word' id='word_1_224' title='bbox 598 1960 773 1994; x_wconf 81' lang='lat' dir='ltr'>Ecclesiae</span> <span class='ocrx_word' id='word_1_225' title='bbox 790 1959 1004 1998; x_wconf 80' lang='lat' dir='ltr'>reformatio,</span> <span class='ocrx_word' id='word_1_226' title='bbox 1028 1970 1107 1991; x_wconf 88' lang='lat' dir='ltr'>cum</span> <span class='ocrx_word' id='word_1_227' title='bbox 1125 1970 1207 1991; x_wconf 78' lang='lat' dir='ltr'>voce</span> 
     </span>
     <span class='ocr_line' id='line_1_37' title="bbox 220 2008 1209 2059; baseline -0.012 -7"><span class='ocrx_word' id='word_1_228' title='bbox 220 2017 402 2059; x_wconf 61' lang='lat' dir='ltr'>Exangvlii</span> <span class='ocrx_word' id='word_1_229' title='bbox 428 2013 555 2055; x_wconf 72' lang='lat' dir='ltr'>singuli</span> <span class='ocrx_word' id='word_1_230' title='bbox 580 2022 832 2045; x_wconf 84' lang='lat' dir='ltr'>removeamur.</span> <span class='ocrx_word' id='word_1_231' title='bbox 884 2008 963 2042; x_wconf 78' lang='lat' dir='ltr'>Non</span> <span class='ocrx_word' id='word_1_232' title='bbox 982 2021 1060 2041; x_wconf 88' lang='lat' dir='ltr'>cum</span> <span class='ocrx_word' id='word_1_233' title='bbox 1086 2015 1209 2052; x_wconf 86' lang='lat' dir='ltr'>poten-</span> 
     </span>
     <span class='ocr_line' id='line_1_38' title="bbox 222 2059 1210 2110; baseline -0.011 -8"><span class='ocrx_word' id='word_1_234' title='bbox 222 2080 269 2104; x_wconf 68' lang='lat' dir='ltr'>tes</span> <span class='ocrx_word' id='word_1_235' title='bbox 305 2077 332 2100; x_wconf 75' lang='lat' dir='ltr'>rt</span> <span class='ocrx_word' id='word_1_236' title='bbox 364 2067 536 2110; x_wconf 78' lang='lat' dir='ltr'>sapientes</span> <span class='ocrx_word' id='word_1_237' title='bbox 565 2061 670 2095; x_wconf 81' lang='lat' dir='ltr'>ltuins</span> <span class='ocrx_word' id='word_1_238' title='bbox 705 2060 828 2094; x_wconf 87' lang='lat' dir='ltr'>mundi</span> <span class='ocrx_word' id='word_1_239' title='bbox 858 2059 1047 2093; x_wconf 83' lang='lat' dir='ltr'>instituunt</span> <span class='ocrx_word' id='word_1_240' title='bbox 1075 2060 1210 2092; x_wconf 90' lang='lat' dir='ltr'>sucosas</span> 
     </span>
     <span class='ocr_line' id='line_1_39' title="bbox 223 2109 1209 2154; baseline -0.013 0"><span class='ocrx_word' id='word_1_241' title='bbox 223 2119 497 2154; x_wconf 66' lang='lat' dir='ltr'>conciliatioiws.</span> <span class='ocrx_word' id='word_1_242' title='bbox 557 2111 603 2147; x_wconf 87' lang='lat' dir='ltr'>Et</span> <span class='ocrx_word' id='word_1_243' title='bbox 636 2113 781 2145; x_wconf 87' lang='lat' dir='ltr'>miscent</span> <span class='ocrx_word' id='word_1_244' title='bbox 816 2111 977 2153; x_wconf 84' lang='lat' dir='ltr'>dogmata</span> <span class='ocrx_word' id='word_1_245' title='bbox 1011 2109 1209 2144; x_wconf 79' lang='lat' dir='ltr'>adulterina</span> 
     </span>
    </p>
   </div>
   <div class='ocr_carea' id='block_1_8' title="bbox 224 2183 1211 2257">
    <p class='ocr_par' dir='ltr' id='par_1_8' title="bbox 224 2183 1211 2257">
     <span class='ocr_line' id='line_1_40' title="bbox 224 2183 322 2204; baseline -0.01 -1"><span class='ocrx_word' id='word_1_246' title='bbox 224 2183 322 2204; x_wconf 65' lang='lat' dir='ltr'>xm&#39;tS.</span> 
     </span>
     <span class='ocr_line' id='line_1_41' title="bbox 326 2211 1211 2257; baseline -0.007 -9"><span class='ocrx_word' id='word_1_247' title='bbox 326 2221 489 2251; x_wconf 59' lang='lat' dir='ltr'>Norm-&#39;uu</span> <span class='ocrx_word' id='word_1_248' title='bbox 509 2228 614 2249; x_wconf 83' lang='lat' dir='ltr'>unam</span> <span class='ocrx_word' id='word_1_249' title='bbox 640 2213 832 2257; x_wconf 79' lang='lat' dir='ltr'>simplicem</span> <span class='ocrx_word' id='word_1_250' title='bbox 851 2218 882 2244; x_wconf 82' lang='lat' dir='ltr'>et</span> <span class='ocrx_word' id='word_1_251' title='bbox 903 2211 1119 2256; x_wconf 77' lang='lat' dir='ltr'>perspicuam</span> <span class='ocrx_word' id='word_1_252' title='bbox 1141 2217 1211 2243; x_wconf 89' lang='lat' dir='ltr'>tra-</span> 
     </span>
    </p>
   </div>
   <div class='ocr_carea' id='block_1_9' title="bbox 223 2261 1212 2719">
    <p class='ocr_par' dir='ltr' id='par_1_9' title="bbox 223 2261 1211 2406">
     <span class='ocr_line' id='line_1_42' title="bbox 223 2261 1210 2308; baseline -0.011 -5"><span class='ocrx_word' id='word_1_253' title='bbox 223 2273 307 2305; x_wconf 68' lang='lat' dir='ltr'>‹ti-tit</span> <span class='ocrx_word' id='word_1_254' title='bbox 349 2278 508 2302; x_wconf 61' lang='lat' dir='ltr'>:ti—toruus</span> <span class='ocrx_word' id='word_1_255' title='bbox 546 2266 666 2304; x_wconf 75' lang='lat' dir='ltr'>l&#39;atcr,</span> <span class='ocrx_word' id='word_1_256' title='bbox 703 2264 762 2308; x_wconf 77' lang='lat' dir='ltr'>qui</span> <span class='ocrx_word' id='word_1_257' title='bbox 800 2263 898 2295; x_wconf 82' lang='lat' dir='ltr'>iussit</span> <span class='ocrx_word' id='word_1_258' title='bbox 934 2261 1046 2294; x_wconf 84' lang='lat' dir='ltr'>audiri</span> <span class='ocrx_word' id='word_1_259' title='bbox 1084 2261 1210 2293; x_wconf 78' lang='lat' dir='ltr'>silium:</span> 
     </span>
     <span class='ocr_line' id='line_1_43' title="bbox 228 2309 1211 2360; baseline -0.013 -4"><span class='ocrx_word' id='word_1_260' title='bbox 228 2324 338 2356; x_wconf 58' lang='lat' dir='ltr'>iluius</span> <span class='ocrx_word' id='word_1_261' title='bbox 360 2321 431 2350; x_wconf 64' lang='lat' dir='ltr'>vovi</span> <span class='ocrx_word' id='word_1_262' title='bbox 455 2319 676 2360; x_wconf 60' lang='lat' dir='ltr'>obtempera,</span> <span class='ocrx_word' id='word_1_263' title='bbox 711 2326 772 2347; x_wconf 84' lang='lat' dir='ltr'>nec</span> <span class='ocrx_word' id='word_1_264' title='bbox 801 2313 1006 2346; x_wconf 76' lang='lat' dir='ltr'>‹lt-terrearis</span> <span class='ocrx_word' id='word_1_265' title='bbox 1033 2312 1116 2344; x_wconf 90' lang='lat' dir='ltr'>ullis</span> <span class='ocrx_word' id='word_1_266' title='bbox 1144 2309 1211 2344; x_wconf 80' lang='lat' dir='ltr'>ltn-</span> 
     </span>
     <span class='ocr_line' id='line_1_44' title="bbox 225 2370 500 2406; baseline -0.025 0"><span class='ocrx_word' id='word_1_267' title='bbox 225 2373 334 2406; x_wconf 48' lang='lat' dir='ltr'>mani*</span> <span class='ocrx_word' id='word_1_268' title='bbox 355 2370 500 2402; x_wconf 54' lang='lat' dir='ltr'>iudi-iis.</span> 
     </span>
    </p>

    <p class='ocr_par' dir='ltr' id='par_1_10' title="bbox 226 2421 1212 2719">
     <span class='ocr_line' id='line_1_45' title="bbox 323 2421 1212 2470; baseline -0.007 -12"><span class='ocrx_word' id='word_1_269' title='bbox 323 2428 446 2470; x_wconf 35' lang='lat' dir='ltr'>(ltualis</span> <span class='ocrx_word' id='word_1_270' title='bbox 464 2425 545 2458; x_wconf 69' lang='lat' dir='ltr'>liar-c</span> <span class='ocrx_word' id='word_1_271' title='bbox 561 2431 608 2456; x_wconf 69' lang='lat' dir='ltr'>cst</span> <span class='ocrx_word' id='word_1_272' title='bbox 628 2422 801 2455; x_wconf 66' lang='lat' dir='ltr'>amentia?</span> <span class='ocrx_word' id='word_1_273' title='bbox 829 2427 980 2466; x_wconf 80' lang='lat' dir='ltr'>quantus</span> <span class='ocrx_word' id='word_1_274' title='bbox 997 2421 1120 2453; x_wconf 78' lang='lat' dir='ltr'>furor?</span> <span class='ocrx_word' id='word_1_275' title='bbox 1147 2432 1212 2463; x_wconf 89' lang='lat' dir='ltr'>pn-</span> 
     </span>
     <span class='ocr_line' id='line_1_46' title="bbox 226 2470 1212 2517; baseline -0.013 -2"><span class='ocrx_word' id='word_1_276' title='bbox 226 2492 296 2517; x_wconf 67' lang='lat' dir='ltr'>tarv</span> <span class='ocrx_word' id='word_1_277' title='bbox 317 2482 414 2512; x_wconf 61' lang='lat' dir='ltr'>[rusti</span> <span class='ocrx_word' id='word_1_278' title='bbox 436 2493 440 2508; x_wconf 85' lang='grc' dir='ltr'>ι</span> <span class='ocrx_word' id='word_1_279' title='bbox 461 2478 601 2507; x_wconf 52' lang='lat' dir='ltr'>missum</span> <span class='ocrx_word' id='word_1_280' title='bbox 622 2485 693 2506; x_wconf 67' lang='lat' dir='ltr'>essi·</span> <span class='ocrx_word' id='word_1_281' title='bbox 712 2474 746 2505; x_wconf 91' lang='lat' dir='ltr'>iu</span> <span class='ocrx_word' id='word_1_282' title='bbox 768 2480 874 2505; x_wconf 83' lang='lat' dir='ltr'>tcrras</span> <span class='ocrx_word' id='word_1_283' title='bbox 895 2472 1004 2504; x_wconf 74' lang='lat' dir='ltr'>filium</span> <span class='ocrx_word' id='word_1_284' title='bbox 1024 2471 1114 2504; x_wconf 65' lang='lat' dir='ltr'>Dei?</span> <span class='ocrx_word' id='word_1_285' title='bbox 1142 2470 1212 2503; x_wconf 85' lang='lat' dir='ltr'>Pu-</span> 
     </span>
     <span class='ocr_line' id='line_1_47' title="bbox 227 2519 1212 2567; baseline -0.014 -1"><span class='ocrx_word' id='word_1_286' title='bbox 227 2543 298 2566; x_wconf 59' lang='lat' dir='ltr'>tarn</span> <span class='ocrx_word' id='word_1_287' title='bbox 317 2533 441 2563; x_wconf 51' lang='lat' dir='ltr'>frustm</span> <span class='ocrx_word' id='word_1_288' title='bbox 463 2525 671 2558; x_wconf 76' lang='lat' dir='ltr'>l)1-un·in‹le</span> <span class='ocrx_word' id='word_1_289' title='bbox 697 2537 806 2567; x_wconf 62' lang='lat' dir='ltr'>usque</span> <span class='ocrx_word' id='word_1_290' title='bbox 825 2524 868 2556; x_wconf 87' lang='lat' dir='ltr'>ab</span> <span class='ocrx_word' id='word_1_291' title='bbox 887 2523 988 2556; x_wconf 87' lang='lat' dir='ltr'>initio</span> <span class='ocrx_word' id='word_1_292' title='bbox 1009 2522 1125 2564; x_wconf 73' lang='lat' dir='ltr'>generi</span> <span class='ocrx_word' id='word_1_293' title='bbox 1147 2519 1212 2554; x_wconf 87' lang='lat' dir='ltr'>lm-</span> 
     </span>
     <span class='ocr_line' id='line_1_48' title="bbox 228 2571 1210 2620; baseline -0.014 -3"><span class='ocrx_word' id='word_1_294' title='bbox 228 2597 330 2617; x_wconf 70' lang='lat' dir='ltr'>nrano</span> <span class='ocrx_word' id='word_1_295' title='bbox 357 2593 388 2611; x_wconf 68' lang='lat' dir='ltr'>sc</span> <span class='ocrx_word' id='word_1_296' title='bbox 411 2577 628 2620; x_wconf 54' lang='lat' dir='ltr'>p.»i··i··‹&gt;i‘s‹·&gt;</span> <span class='ocrx_word' id='word_1_297' title='bbox 672 2575 728 2606; x_wconf 66' lang='lat' dir='ltr'>Sic</span> <span class='ocrx_word' id='word_1_298' title='bbox 748 2581 861 2606; x_wconf 83' lang='lat' dir='ltr'>autcm</span> <span class='ocrx_word' id='word_1_299' title='bbox 880 2573 1030 2606; x_wconf 69' lang='lat' dir='ltr'>sentiunt</span> <span class='ocrx_word' id='word_1_300' title='bbox 1055 2572 1124 2611; x_wconf 87' lang='lat' dir='ltr'>illi,</span> <span class='ocrx_word' id='word_1_301' title='bbox 1152 2571 1210 2615; x_wconf 79' lang='lat' dir='ltr'>qni</span> 
     </span>
     <span class='ocr_line' id='line_1_49' title="bbox 227 2622 1212 2667; baseline -0.014 0"><span class='ocrx_word' id='word_1_302' title='bbox 227 2648 304 2667; x_wconf 87' lang='lat' dir='ltr'>cnm</span> <span class='ocrx_word' id='word_1_303' title='bbox 325 2631 434 2664; x_wconf 78' lang='lat' dir='ltr'>nolint</span> <span class='ocrx_word' id='word_1_304' title='bbox 456 2628 575 2659; x_wconf 67' lang='lat' dir='ltr'>audin=</span> <span class='ocrx_word' id='word_1_305' title='bbox 594 2626 859 2658; x_wconf 72' lang='lat' dir='ltr'>concionantem</span> <span class='ocrx_word' id='word_1_306' title='bbox 878 2624 988 2657; x_wconf 81' lang='lat' dir='ltr'>silium</span> <span class='ocrx_word' id='word_1_307' title='bbox 1002 2622 1078 2664; x_wconf 63' lang='lat' dir='ltr'>Dei,</span> <span class='ocrx_word' id='word_1_308' title='bbox 1106 2633 1212 2667; x_wconf 78' lang='lat' dir='ltr'>quac-</span> 
     </span>
     <span class='ocr_line' id='line_1_50' title="bbox 229 2676 727 2719; baseline -0.03 0"><span class='ocrx_word' id='word_1_309' title='bbox 229 2693 305 2719; x_wconf 82' lang='lat' dir='ltr'>t&#39;unt</span> <span class='ocrx_word' id='word_1_310' title='bbox 328 2681 510 2714; x_wconf 69' lang='lat' dir='ltr'>innui-uun</span> <span class='ocrx_word' id='word_1_311' title='bbox 534 2676 727 2718; x_wconf 71' lang='lat' dir='ltr'>opiniones,</span> 
     </span>
    </p>
   </div>
   <div class='ocr_carea' id='block_1_10' title="bbox 816 119 1629 159">
    <p class='ocr_par' dir='ltr' id='par_1_11' title="bbox 816 119 1629 159">
     <span class='ocr_line' id='line_1_51' title="bbox 816 119 1629 159; baseline -0.001 -1"><span class='ocrx_word' id='word_1_312' title='bbox 816 120 972 159; x_wconf 86' lang='lat' dir='ltr'><strong>DECL.</strong></span> <span class='ocrx_word' id='word_1_313' title='bbox 1006 119 1081 157; x_wconf 87' lang='lat' dir='ltr'>DE</span> <span class='ocrx_word' id='word_1_314' title='bbox 1113 120 1295 157; x_wconf 92' lang='lat' dir='ltr'>DICTO</span> <span class='ocrx_word' id='word_1_315' title='bbox 1330 119 1512 156; x_wconf 91' lang='lat' dir='ltr'>MOSIS</span> <span class='ocrx_word' id='word_1_316' title='bbox 1545 130 1629 158; x_wconf 82' lang='lat' dir='ltr'>ETC.</span> 
     </span>
    </p>
   </div>
   <div class='ocr_carea' id='block_1_11' title="bbox 2159 124 2233 161">
    <p class='ocr_par' dir='ltr' id='par_1_12' title="bbox 2159 124 2233 161">
     <span class='ocr_line' id='line_1_52' title="bbox 2159 124 2233 161; baseline 0.027 -2"><span class='ocrx_word' id='word_1_317' title='bbox 2159 124 2233 161; x_wconf 87' lang='grc'>700</span> 
     </span>
    </p>
   </div>
   <div class='ocr_carea' id='block_1_12' title="bbox 1250 205 2240 905">
    <p class='ocr_par' dir='ltr' id='par_1_13' title="bbox 1250 205 2240 905">
     <span class='ocr_line' id='line_1_53' title="bbox 1347 205 2234 252; baseline 0.003 -12"><span class='ocrx_word' id='word_1_318' title='bbox 1347 205 1450 250; x_wconf 88' lang='lat' dir='ltr'>Legis</span> <span class='ocrx_word' id='word_1_319' title='bbox 1471 205 1633 249; x_wconf 87' lang='lat' dir='ltr'>ambigua</span> <span class='ocrx_word' id='word_1_320' title='bbox 1658 205 1750 239; x_wconf 82' lang='lat' dir='ltr'>dieta</span> <span class='ocrx_word' id='word_1_321' title='bbox 1772 206 1814 240; x_wconf 89' lang='lat' dir='ltr'>de</span> <span class='ocrx_word' id='word_1_322' title='bbox 1829 205 1906 242; x_wconf 89' lang='lat' dir='ltr'>Deo</span> <span class='ocrx_word' id='word_1_323' title='bbox 1927 209 2020 252; x_wconf 89' lang='lat' dir='ltr'>apud</span> <span class='ocrx_word' id='word_1_324' title='bbox 2036 207 2234 251; x_wconf 87' lang='lat' dir='ltr'>Platonem,</span> 
     </span>
     <span class='ocr_line' id='line_1_54' title="bbox 1250 255 2233 301; baseline 0.003 -11"><span class='ocrx_word' id='word_1_325' title='bbox 1250 256 1489 297; x_wconf 85' lang='lat' dir='ltr'>Aristotelem,</span> <span class='ocrx_word' id='word_1_326' title='bbox 1514 255 1731 296; x_wconf 86' lang='lat' dir='ltr'>Ciceronem,</span> <span class='ocrx_word' id='word_1_327' title='bbox 1758 262 1791 290; x_wconf 88' lang='lat' dir='ltr'>et</span> <span class='ocrx_word' id='word_1_328' title='bbox 1805 257 1903 294; x_wconf 89' lang='lat' dir='ltr'>alios.</span> <span class='ocrx_word' id='word_1_329' title='bbox 1939 258 2077 301; x_wconf 88' lang='lat' dir='ltr'>Fateor,</span> <span class='ocrx_word' id='word_1_330' title='bbox 2095 257 2233 293; x_wconf 81' lang='lat' dir='ltr'>bosin-</span> 
     </span>
     <span class='ocr_line' id='line_1_55' title="bbox 1250 306 2235 352; baseline 0.003 -12"><span class='ocrx_word' id='word_1_331' title='bbox 1250 307 1374 352; x_wconf 87' lang='lat' dir='ltr'>geniis,</span> <span class='ocrx_word' id='word_1_332' title='bbox 1400 306 1572 347; x_wconf 89' lang='lat' dir='ltr'>doctrina,</span> <span class='ocrx_word' id='word_1_333' title='bbox 1599 306 1780 351; x_wconf 86' lang='lat' dir='ltr'>sapientia,</span> <span class='ocrx_word' id='word_1_334' title='bbox 1806 307 2003 352; x_wconf 88' lang='lat' dir='ltr'>eloquentia</span> <span class='ocrx_word' id='word_1_335' title='bbox 2021 310 2235 344; x_wconf 85' lang='lat' dir='ltr'>excelluisse.</span> 
     </span>
     <span class='ocr_line' id='line_1_56' title="bbox 1251 356 2234 404; baseline 0.003 -13"><span class='ocrx_word' id='word_1_336' title='bbox 1251 358 1320 392; x_wconf 84' lang='lat' dir='ltr'>Sed</span> <span class='ocrx_word' id='word_1_337' title='bbox 1337 358 1380 390; x_wconf 90' lang='lat' dir='ltr'>de</span> <span class='ocrx_word' id='word_1_338' title='bbox 1397 356 1462 390; x_wconf 91' lang='lat' dir='ltr'>Dei</span> <span class='ocrx_word' id='word_1_339' title='bbox 1485 357 1666 390; x_wconf 88' lang='lat' dir='ltr'>voluntate</span> <span class='ocrx_word' id='word_1_340' title='bbox 1692 368 1754 390; x_wconf 89' lang='lat' dir='ltr'>cur</span> <span class='ocrx_word' id='word_1_341' title='bbox 1775 368 1847 389; x_wconf 91' lang='lat' dir='ltr'>non</span> <span class='ocrx_word' id='word_1_342' title='bbox 1864 358 1963 391; x_wconf 88' lang='lat' dir='ltr'>audis</span> <span class='ocrx_word' id='word_1_343' title='bbox 1987 360 2101 404; x_wconf 90' lang='lat' dir='ltr'>ipsum</span> <span class='ocrx_word' id='word_1_344' title='bbox 2118 359 2234 394; x_wconf 88' lang='lat' dir='ltr'>Deum</span> 
     </span>
     <span class='ocr_line' id='line_1_57' title="bbox 1252 405 2236 452; baseline 0.001 -11"><span class='ocrx_word' id='word_1_345' title='bbox 1252 420 1285 441; x_wconf 90' lang='lat' dir='ltr'>se</span> <span class='ocrx_word' id='word_1_346' title='bbox 1302 407 1590 452; x_wconf 85' lang='lat' dir='ltr'>patefacientem&#39;?</span> <span class='ocrx_word' id='word_1_347' title='bbox 1628 405 1701 440; x_wconf 91' lang='lat' dir='ltr'>Cur</span> <span class='ocrx_word' id='word_1_348' title='bbox 1723 419 1796 440; x_wconf 90' lang='lat' dir='ltr'>non</span> <span class='ocrx_word' id='word_1_349' title='bbox 1819 407 1920 441; x_wconf 89' lang='lat' dir='ltr'>audis</span> <span class='ocrx_word' id='word_1_350' title='bbox 1943 409 2053 443; x_wconf 87' lang='lat' dir='ltr'>filium</span> <span class='ocrx_word' id='word_1_351' title='bbox 2079 411 2236 451; x_wconf 88' lang='lat' dir='ltr'>missum,</span> 
     </span>
     <span class='ocr_line' id='line_1_58' title="bbox 1252 457 2236 502; baseline 0.001 -10"><span class='ocrx_word' id='word_1_352' title='bbox 1252 465 1291 492; x_wconf 87' lang='lat' dir='ltr'>ut</span> <span class='ocrx_word' id='word_1_353' title='bbox 1315 469 1477 491; x_wconf 88' lang='lat' dir='ltr'>arcanam</span> <span class='ocrx_word' id='word_1_354' title='bbox 1501 457 1717 491; x_wconf 85' lang='lat' dir='ltr'>voluntatem</span> <span class='ocrx_word' id='word_1_355' title='bbox 1745 457 1848 490; x_wconf 90' lang='lat' dir='ltr'>nobis</span> <span class='ocrx_word' id='word_1_356' title='bbox 1874 459 2047 502; x_wconf 81' lang='lat' dir='ltr'>exponat?</span> <span class='ocrx_word' id='word_1_357' title='bbox 2091 459 2140 495; x_wconf 88' lang='lat' dir='ltr'>lta</span> <span class='ocrx_word' id='word_1_358' title='bbox 2171 461 2236 494; x_wconf 79' lang='lat' dir='ltr'>etsi</span> 
     </span>
     <span class='ocr_line' id='line_1_59' title="bbox 1253 506 2236 555; baseline 0 -13"><span class='ocrx_word' id='word_1_359' title='bbox 1253 515 1335 542; x_wconf 86' lang='lat' dir='ltr'>sunt</span> <span class='ocrx_word' id='word_1_360' title='bbox 1359 506 1521 541; x_wconf 86' lang='lat' dir='ltr'>homines</span> <span class='ocrx_word' id='word_1_361' title='bbox 1547 507 1660 548; x_wconf 85' lang='lat' dir='ltr'>docti,</span> <span class='ocrx_word' id='word_1_362' title='bbox 1693 508 1884 552; x_wconf 85' lang='lat' dir='ltr'>sapientes,</span> <span class='ocrx_word' id='word_1_363' title='bbox 1916 509 2139 553; x_wconf 86' lang='lat' dir='ltr'>eloquentes,</span> <span class='ocrx_word' id='word_1_364' title='bbox 2173 510 2236 555; x_wconf 84' lang='lat' dir='ltr'>qui</span> 
     </span>
     <span class='ocr_line' id='line_1_60' title="bbox 1253 558 2236 601; baseline 0.002 -9"><span class='ocrx_word' id='word_1_365' title='bbox 1253 571 1348 592; x_wconf 91' lang='lat' dir='ltr'>nunc</span> <span class='ocrx_word' id='word_1_366' title='bbox 1374 559 1494 591; x_wconf 89' lang='lat' dir='ltr'>orbem</span> <span class='ocrx_word' id='word_1_367' title='bbox 1519 564 1692 591; x_wconf 89' lang='lat' dir='ltr'>terrarum</span> <span class='ocrx_word' id='word_1_368' title='bbox 1723 558 1935 601; x_wconf 88' lang='lat' dir='ltr'>gubernant,</span> <span class='ocrx_word' id='word_1_369' title='bbox 1970 565 2085 592; x_wconf 89' lang='lat' dir='ltr'>tamen</span> <span class='ocrx_word' id='word_1_370' title='bbox 2107 561 2150 594; x_wconf 88' lang='lat' dir='ltr'>de</span> <span class='ocrx_word' id='word_1_371' title='bbox 2173 573 2236 594; x_wconf 85' lang='lat' dir='ltr'>vo-</span> 
     </span>
     <span class='ocr_line' id='line_1_61' title="bbox 1253 605 2237 649; baseline 0.001 -6"><span class='ocrx_word' id='word_1_372' title='bbox 1253 610 1387 643; x_wconf 84' lang='lat' dir='ltr'>luntate</span> <span class='ocrx_word' id='word_1_373' title='bbox 1410 607 1494 649; x_wconf 88' lang='lat' dir='ltr'>Dei,</span> <span class='ocrx_word' id='word_1_374' title='bbox 1529 620 1602 641; x_wconf 88' lang='lat' dir='ltr'>non</span> <span class='ocrx_word' id='word_1_375' title='bbox 1634 605 1818 641; x_wconf 87' lang='lat' dir='ltr'>hominum</span> <span class='ocrx_word' id='word_1_376' title='bbox 1850 608 1999 649; x_wconf 89' lang='lat' dir='ltr'>iudicia,</span> <span class='ocrx_word' id='word_1_377' title='bbox 2029 610 2086 642; x_wconf 90' lang='lat' dir='ltr'>sed</span> <span class='ocrx_word' id='word_1_378' title='bbox 2117 622 2237 644; x_wconf 86' lang='lat' dir='ltr'>vocem</span> 
     </span>
     <span class='ocr_line' id='line_1_62' title="bbox 1254 657 2239 704; baseline 0 -11"><span class='ocrx_word' id='word_1_379' title='bbox 1254 660 1319 693; x_wconf 88' lang='lat' dir='ltr'>Dei</span> <span class='ocrx_word' id='word_1_380' title='bbox 1347 659 1580 694; x_wconf 79' lang='lat' dir='ltr'>consulamus.</span> <span class='ocrx_word' id='word_1_381' title='bbox 1643 657 1680 691; x_wconf 90' lang='lat' dir='ltr'>Id</span> <span class='ocrx_word' id='word_1_382' title='bbox 1712 670 1790 692; x_wconf 89' lang='lat' dir='ltr'>cum</span> <span class='ocrx_word' id='word_1_383' title='bbox 1818 659 2018 702; x_wconf 86' lang='lat' dir='ltr'>saepissime</span> <span class='ocrx_word' id='word_1_384' title='bbox 2050 660 2239 704; x_wconf 85' lang='lat' dir='ltr'>praecipiat</span> 
     </span>
     <span class='ocr_line' id='line_1_63' title="bbox 1253 708 2238 754; baseline 0.001 -11"><span class='ocrx_word' id='word_1_385' title='bbox 1253 708 1361 748; x_wconf 88' lang='lat' dir='ltr'>Deus,</span> <span class='ocrx_word' id='word_1_386' title='bbox 1387 721 1591 743; x_wconf 83' lang='lat' dir='ltr'>moveamur</span> <span class='ocrx_word' id='word_1_387' title='bbox 1605 709 1678 742; x_wconf 92' lang='lat' dir='ltr'>eius</span> <span class='ocrx_word' id='word_1_388' title='bbox 1693 709 1878 750; x_wconf 89' lang='lat' dir='ltr'>mandatis,</span> <span class='ocrx_word' id='word_1_389' title='bbox 1903 716 1935 742; x_wconf 92' lang='lat' dir='ltr'>et</span> <span class='ocrx_word' id='word_1_390' title='bbox 1952 709 2160 754; x_wconf 85' lang='lat' dir='ltr'>incipiamus</span> <span class='ocrx_word' id='word_1_391' title='bbox 2175 721 2238 744; x_wconf 90' lang='lat' dir='ltr'>au-</span> 
     </span>
     <span class='ocr_line' id='line_1_64' title="bbox 1253 757 2237 804; baseline 0.001 -12"><span class='ocrx_word' id='word_1_392' title='bbox 1253 760 1328 793; x_wconf 89' lang='lat' dir='ltr'>dire</span> <span class='ocrx_word' id='word_1_393' title='bbox 1344 757 1598 802; x_wconf 83' lang='lat' dir='ltr'>Evangelium,</span> <span class='ocrx_word' id='word_1_394' title='bbox 1623 760 1858 803; x_wconf 84' lang='lat' dir='ltr'>expendamus</span> <span class='ocrx_word' id='word_1_395' title='bbox 1881 759 1966 804; x_wconf 90' lang='lat' dir='ltr'>quid</span> <span class='ocrx_word' id='word_1_396' title='bbox 1985 771 2065 794; x_wconf 77' lang='lat' dir='ltr'>vere</span> <span class='ocrx_word' id='word_1_397' title='bbox 2089 760 2237 800; x_wconf 84' lang='lat' dir='ltr'>dicatur,</span> 
     </span>
     <span class='ocr_line' id='line_1_65' title="bbox 1254 810 2239 855; baseline 0.001 -12"><span class='ocrx_word' id='word_1_398' title='bbox 1254 810 1474 843; x_wconf 89' lang='lat' dir='ltr'>conferamus</span> <span class='ocrx_word' id='word_1_399' title='bbox 1491 810 1732 843; x_wconf 88' lang='lat' dir='ltr'>doctrinarum</span> <span class='ocrx_word' id='word_1_400' title='bbox 1751 821 1888 852; x_wconf 86' lang='lat' dir='ltr'>genera,</span> <span class='ocrx_word' id='word_1_401' title='bbox 1911 810 2092 844; x_wconf 87' lang='lat' dir='ltr'>videamus</span> <span class='ocrx_word' id='word_1_402' title='bbox 2109 817 2239 855; x_wconf 88' lang='lat' dir='ltr'>quanta</span> 
     </span>
     <span class='ocr_line' id='line_1_66' title="bbox 1254 857 2240 905; baseline 0.001 -12"><span class='ocrx_word' id='word_1_403' title='bbox 1254 861 1298 893; x_wconf 89' lang='lat' dir='ltr'>sit</span> <span class='ocrx_word' id='word_1_404' title='bbox 1320 857 1553 903; x_wconf 84' lang='lat' dir='ltr'>prophanatio</span> <span class='ocrx_word' id='word_1_405' title='bbox 1577 871 1704 892; x_wconf 86' lang='lat' dir='ltr'>coenae</span> <span class='ocrx_word' id='word_1_406' title='bbox 1721 858 1887 899; x_wconf 90' lang='lat' dir='ltr'>Domini,</span> <span class='ocrx_word' id='word_1_407' title='bbox 1914 867 2084 905; x_wconf 88' lang='lat' dir='ltr'>quantum</span> <span class='ocrx_word' id='word_1_408' title='bbox 2110 860 2240 894; x_wconf 91' lang='lat' dir='ltr'>erroris</span> 
     </span>
    </p>
   </div>
   <div class='ocr_carea' id='block_1_13' title="bbox 1254 909 2295 955">
    <p class='ocr_par' dir='ltr' id='par_1_14' title="bbox 1254 909 2295 955">
     <span class='ocr_line' id='line_1_67' title="bbox 1254 909 2295 955; baseline 0 -12"><span class='ocrx_word' id='word_1_409' title='bbox 1254 911 1290 943; x_wconf 91' lang='lat' dir='ltr'>in</span> <span class='ocrx_word' id='word_1_410' title='bbox 1311 910 1389 943; x_wconf 84' lang='lat' dir='ltr'>aliis</span> <span class='ocrx_word' id='word_1_411' title='bbox 1412 910 1506 943; x_wconf 86' lang='lat' dir='ltr'>salsis</span> <span class='ocrx_word' id='word_1_412' title='bbox 1524 910 1696 950; x_wconf 90' lang='lat' dir='ltr'>cultibus,</span> <span class='ocrx_word' id='word_1_413' title='bbox 1719 909 1746 941; x_wconf 89' lang='lat' dir='ltr'>si</span> <span class='ocrx_word' id='word_1_414' title='bbox 1770 910 1969 951; x_wconf 74' lang='lat' dir='ltr'>audiemus,</span> <span class='ocrx_word' id='word_1_415' title='bbox 1995 911 2107 944; x_wconf 85' lang='lat' dir='ltr'>aderit</span> <span class='ocrx_word' id='word_1_416' title='bbox 2125 910 2241 955; x_wconf 89' lang='lat' dir='ltr'>Spiri-</span> <span class='ocrx_word' id='word_1_417' title='bbox 2291 944 2295 949; x_wconf 75' lang='grc'><em>,</em></span> 
     </span>
    </p>
   </div>
   <div class='ocr_carea' id='block_1_14' title="bbox 1253 960 2248 2716">
    <p class='ocr_par' dir='ltr' id='par_1_15' title="bbox 1253 960 2162 1001">
     <span class='ocr_line' id='line_1_68' title="bbox 1253 960 2162 1001; baseline 0 -8"><span class='ocrx_word' id='word_1_418' title='bbox 1253 967 1309 995; x_wconf 85' lang='lat' dir='ltr'>tus</span> <span class='ocrx_word' id='word_1_419' title='bbox 1326 967 1484 1001; x_wconf 89' lang='lat' dir='ltr'>sanctus,</span> <span class='ocrx_word' id='word_1_420' title='bbox 1508 971 1546 993; x_wconf 86' lang='lat' dir='ltr'>ac</span> <span class='ocrx_word' id='word_1_421' title='bbox 1561 961 1664 993; x_wconf 86' lang='lat' dir='ltr'>ducet</span> <span class='ocrx_word' id='word_1_422' title='bbox 1682 971 1746 992; x_wconf 91' lang='lat' dir='ltr'>nos</span> <span class='ocrx_word' id='word_1_423' title='bbox 1761 960 1798 992; x_wconf 91' lang='lat' dir='ltr'>in</span> <span class='ocrx_word' id='word_1_424' title='bbox 1815 972 1953 993; x_wconf 89' lang='lat' dir='ltr'>omnem</span> <span class='ocrx_word' id='word_1_425' title='bbox 1969 962 2162 997; x_wconf 88' lang='lat' dir='ltr'>veritatem.</span> 
     </span>
    </p>

    <p class='ocr_par' dir='ltr' id='par_1_16' title="bbox 1254 1009 2246 1999">
     <span class='ocr_line' id='line_1_69' title="bbox 1357 1009 2240 1055; baseline -0.001 -11"><span class='ocrx_word' id='word_1_426' title='bbox 1357 1010 1426 1044; x_wconf 77' lang='lat' dir='ltr'>Nec</span> <span class='ocrx_word' id='word_1_427' title='bbox 1444 1017 1560 1055; x_wconf 87' lang='lat' dir='ltr'>putate</span> <span class='ocrx_word' id='word_1_428' title='bbox 1577 1011 1692 1043; x_wconf 90' lang='lat' dir='ltr'>locum</span> <span class='ocrx_word' id='word_1_429' title='bbox 1709 1021 1780 1043; x_wconf 88' lang='lat' dir='ltr'>esse</span> <span class='ocrx_word' id='word_1_430' title='bbox 1797 1009 1945 1054; x_wconf 86' lang='lat' dir='ltr'>Spiritui</span> <span class='ocrx_word' id='word_1_431' title='bbox 1964 1017 2101 1052; x_wconf 87' lang='lat' dir='ltr'>sancto,</span> <span class='ocrx_word' id='word_1_432' title='bbox 2128 1011 2240 1044; x_wconf 89' lang='lat' dir='ltr'>donec</span> 
     </span>
     <span class='ocr_line' id='line_1_70' title="bbox 1254 1059 2242 1105; baseline 0 -11"><span class='ocrx_word' id='word_1_433' title='bbox 1254 1062 1377 1094; x_wconf 88' lang='lat' dir='ltr'>ardent</span> <span class='ocrx_word' id='word_1_434' title='bbox 1403 1068 1541 1105; x_wconf 89' lang='lat' dir='ltr'>pectora</span> <span class='ocrx_word' id='word_1_435' title='bbox 1560 1059 1745 1103; x_wconf 73' lang='lat' dir='ltr'>Evangelii</span> <span class='ocrx_word' id='word_1_436' title='bbox 1768 1061 1868 1101; x_wconf 93' lang='lat' dir='ltr'>odio,</span> <span class='ocrx_word' id='word_1_437' title='bbox 1894 1072 1958 1094; x_wconf 88' lang='lat' dir='ltr'>nec</span> <span class='ocrx_word' id='word_1_438' title='bbox 1982 1061 2150 1102; x_wconf 89' lang='lat' dir='ltr'>audiunt,</span> <span class='ocrx_word' id='word_1_439' title='bbox 2178 1072 2242 1094; x_wconf 87' lang='lat' dir='ltr'>nec</span> 
     </span>
     <span class='ocr_line' id='line_1_71' title="bbox 1254 1108 2242 1155; baseline 0 -11"><span class='ocrx_word' id='word_1_440' title='bbox 1254 1112 1470 1144; x_wconf 85' lang='lat' dir='ltr'>meditantur</span> <span class='ocrx_word' id='word_1_441' title='bbox 1494 1111 1619 1155; x_wconf 89' lang='lat' dir='ltr'>scripta</span> <span class='ocrx_word' id='word_1_442' title='bbox 1647 1108 1850 1154; x_wconf 88' lang='lat' dir='ltr'>prophetica</span> <span class='ocrx_word' id='word_1_443' title='bbox 1877 1118 1910 1145; x_wconf 90' lang='lat' dir='ltr'>et</span> <span class='ocrx_word' id='word_1_444' title='bbox 1935 1111 2143 1155; x_wconf 88' lang='lat' dir='ltr'>apostolica,</span> <span class='ocrx_word' id='word_1_445' title='bbox 2177 1123 2242 1144; x_wconf 90' lang='lat' dir='ltr'>nec</span> 
     </span>
     <span class='ocr_line' id='line_1_72' title="bbox 1254 1160 2242 1204; baseline 0.001 -10"><span class='ocrx_word' id='word_1_446' title='bbox 1254 1163 1441 1195; x_wconf 86' lang='lat' dir='ltr'>conferunt</span> <span class='ocrx_word' id='word_1_447' title='bbox 1465 1173 1591 1204; x_wconf 83' lang='lat' dir='ltr'>genera</span> <span class='ocrx_word' id='word_1_448' title='bbox 1616 1161 1866 1194; x_wconf 84' lang='lat' dir='ltr'>doctrinarum.</span> <span class='ocrx_word' id='word_1_449' title='bbox 1927 1160 2031 1194; x_wconf 88' lang='lat' dir='ltr'>Fides</span> <span class='ocrx_word' id='word_1_450' title='bbox 2055 1173 2094 1194; x_wconf 81' lang='lat' dir='ltr'>ex</span> <span class='ocrx_word' id='word_1_451' title='bbox 2118 1162 2242 1196; x_wconf 86' lang='lat' dir='ltr'>auditu</span> 
     </span>
     <span class='ocr_line' id='line_1_73' title="bbox 1255 1210 2241 1255; baseline 0 -11"><span class='ocrx_word' id='word_1_452' title='bbox 1255 1219 1303 1244; x_wconf 90' lang='lat' dir='ltr'>est</span> <span class='ocrx_word' id='word_1_453' title='bbox 1322 1211 1418 1244; x_wconf 80' lang='lat' dir='ltr'>verbi</span> <span class='ocrx_word' id='word_1_454' title='bbox 1436 1210 1513 1248; x_wconf 88' lang='lat' dir='ltr'>Dei,</span> <span class='ocrx_word' id='word_1_455' title='bbox 1539 1218 1577 1243; x_wconf 89' lang='lat' dir='ltr'>ut</span> <span class='ocrx_word' id='word_1_456' title='bbox 1593 1210 1720 1244; x_wconf 87' lang='lat' dir='ltr'>Paulus</span> <span class='ocrx_word' id='word_1_457' title='bbox 1739 1211 1867 1255; x_wconf 88' lang='lat' dir='ltr'>inquit,</span> <span class='ocrx_word' id='word_1_458' title='bbox 1889 1223 1960 1244; x_wconf 89' lang='lat' dir='ltr'>non</span> <span class='ocrx_word' id='word_1_459' title='bbox 1978 1211 2147 1246; x_wconf 85' lang='lat' dir='ltr'>illucescit</span> <span class='ocrx_word' id='word_1_460' title='bbox 2163 1211 2241 1245; x_wconf 82' lang='lat' dir='ltr'>ani-</span> 
     </span>
     <span class='ocr_line' id='line_1_74' title="bbox 1256 1260 2241 1305; baseline 0.001 -11"><span class='ocrx_word' id='word_1_461' title='bbox 1256 1262 1337 1302; x_wconf 90' lang='lat' dir='ltr'>mis,</span> <span class='ocrx_word' id='word_1_462' title='bbox 1364 1261 1432 1293; x_wconf 90' lang='lat' dir='ltr'>nisi</span> <span class='ocrx_word' id='word_1_463' title='bbox 1453 1260 1593 1301; x_wconf 87' lang='lat' dir='ltr'>audias,</span> <span class='ocrx_word' id='word_1_464' title='bbox 1628 1261 1695 1293; x_wconf 87' lang='lat' dir='ltr'>nisi</span> <span class='ocrx_word' id='word_1_465' title='bbox 1720 1260 1899 1294; x_wconf 85' lang='lat' dir='ltr'>mediteris</span> <span class='ocrx_word' id='word_1_466' title='bbox 1923 1260 2173 1305; x_wconf 77' lang='lat' dir='ltr'>Evangelium,</span> <span class='ocrx_word' id='word_1_467' title='bbox 2208 1271 2241 1295; x_wconf 90' lang='lat' dir='ltr'>et</span> 
     </span>
     <span class='ocr_line' id='line_1_75' title="bbox 1255 1311 2242 1355; baseline -0.003 -8"><span class='ocrx_word' id='word_1_468' title='bbox 1255 1325 1333 1347; x_wconf 90' lang='lat' dir='ltr'>cum</span> <span class='ocrx_word' id='word_1_469' title='bbox 1351 1312 1471 1346; x_wconf 89' lang='lat' dir='ltr'>audire</span> <span class='ocrx_word' id='word_1_470' title='bbox 1489 1318 1520 1345; x_wconf 93' lang='lat' dir='ltr'>et</span> <span class='ocrx_word' id='word_1_471' title='bbox 1538 1323 1653 1344; x_wconf 91' lang='lat' dir='ltr'>amare</span> <span class='ocrx_word' id='word_1_472' title='bbox 1670 1311 1835 1355; x_wconf 74' lang='lat' dir='ltr'>coeperis,</span> <span class='ocrx_word' id='word_1_473' title='bbox 1860 1311 1957 1344; x_wconf 87' lang='lat' dir='ltr'>Deus</span> <span class='ocrx_word' id='word_1_474' title='bbox 1972 1312 2112 1355; x_wconf 86' lang='lat' dir='ltr'>augebit</span> <span class='ocrx_word' id='word_1_475' title='bbox 2129 1312 2242 1345; x_wconf 84' lang='lat' dir='ltr'>lucem</span> 
     </span>
     <span class='ocr_line' id='line_1_76' title="bbox 1255 1362 2243 1405; baseline -0.002 -8"><span class='ocrx_word' id='word_1_476' title='bbox 1255 1371 1334 1398; x_wconf 89' lang='lat' dir='ltr'>tuae</span> <span class='ocrx_word' id='word_1_477' title='bbox 1356 1362 1500 1402; x_wconf 90' lang='lat' dir='ltr'>mentis,</span> <span class='ocrx_word' id='word_1_478' title='bbox 1543 1374 1605 1395; x_wconf 89' lang='lat' dir='ltr'>suo</span> <span class='ocrx_word' id='word_1_479' title='bbox 1631 1362 1766 1405; x_wconf 87' lang='lat' dir='ltr'>Spiritu</span> <span class='ocrx_word' id='word_1_480' title='bbox 1797 1368 1828 1394; x_wconf 90' lang='lat' dir='ltr'>te</span> <span class='ocrx_word' id='word_1_481' title='bbox 1862 1367 1955 1404; x_wconf 85' lang='lat' dir='ltr'>reget</span> <span class='ocrx_word' id='word_1_482' title='bbox 1988 1368 2021 1395; x_wconf 90' lang='lat' dir='ltr'>et</span> <span class='ocrx_word' id='word_1_483' title='bbox 2050 1362 2243 1401; x_wconf 83' lang='lat' dir='ltr'>adiuvabit,</span> 
     </span>
     <span class='ocr_line' id='line_1_77' title="bbox 1255 1410 2244 1457; baseline -0.003 -9"><span class='ocrx_word' id='word_1_484' title='bbox 1255 1415 1342 1448; x_wconf 90' lang='lat' dir='ltr'>sicut</span> <span class='ocrx_word' id='word_1_485' title='bbox 1367 1414 1534 1457; x_wconf 87' lang='lat' dir='ltr'>scriptum</span> <span class='ocrx_word' id='word_1_486' title='bbox 1554 1420 1618 1446; x_wconf 88' lang='lat' dir='ltr'>est:</span> <span class='ocrx_word' id='word_1_487' title='bbox 1646 1411 1802 1445; x_wconf 85' lang='lat' dir='ltr'>Habenti</span> <span class='ocrx_word' id='word_1_488' title='bbox 1823 1412 1976 1445; x_wconf 87' lang='lat' dir='ltr'>dabitur.</span> <span class='ocrx_word' id='word_1_489' title='bbox 2028 1410 2075 1446; x_wconf 88' lang='lat' dir='ltr'>Et</span> <span class='ocrx_word' id='word_1_490' title='bbox 2098 1413 2139 1445; x_wconf 87' lang='lat' dir='ltr'>ad</span> <span class='ocrx_word' id='word_1_491' title='bbox 2157 1410 2244 1445; x_wconf 86' lang='lat' dir='ltr'>Phi-</span> 
     </span>
     <span class='ocr_line' id='line_1_78' title="bbox 1256 1462 2243 1509; baseline -0.002 -11"><span class='ocrx_word' id='word_1_492' title='bbox 1256 1466 1432 1509; x_wconf 81' lang='lat' dir='ltr'>lippenses</span> <span class='ocrx_word' id='word_1_493' title='bbox 1456 1463 1636 1497; x_wconf 84' lang='lat' dir='ltr'>scribitur:</span> <span class='ocrx_word' id='word_1_494' title='bbox 1670 1462 1767 1496; x_wconf 90' lang='lat' dir='ltr'>Deus</span> <span class='ocrx_word' id='word_1_495' title='bbox 1791 1463 1920 1507; x_wconf 87' lang='lat' dir='ltr'>estqui</span> <span class='ocrx_word' id='word_1_496' title='bbox 1945 1462 2049 1496; x_wconf 84' lang='lat' dir='ltr'>efficit</span> <span class='ocrx_word' id='word_1_497' title='bbox 2075 1463 2110 1495; x_wconf 93' lang='lat' dir='ltr'>in</span> <span class='ocrx_word' id='word_1_498' title='bbox 2130 1463 2243 1503; x_wconf 82' lang='lat' dir='ltr'>nobis,</span> 
     </span>
     <span class='ocr_line' id='line_1_79' title="bbox 1257 1513 2242 1558; baseline -0.001 -10"><span class='ocrx_word' id='word_1_499' title='bbox 1257 1522 1295 1548; x_wconf 87' lang='lat' dir='ltr'>ut</span> <span class='ocrx_word' id='word_1_500' title='bbox 1318 1515 1484 1554; x_wconf 80' lang='lat' dir='ltr'>velimus,</span> <span class='ocrx_word' id='word_1_501' title='bbox 1512 1521 1545 1547; x_wconf 80' lang='lat' dir='ltr'>et</span> <span class='ocrx_word' id='word_1_502' title='bbox 1569 1521 1607 1547; x_wconf 90' lang='lat' dir='ltr'>ut</span> <span class='ocrx_word' id='word_1_503' title='bbox 1632 1513 1869 1558; x_wconf 79' lang='lat' dir='ltr'>perficiamus,</span> <span class='ocrx_word' id='word_1_504' title='bbox 1895 1525 1932 1546; x_wconf 89' lang='lat' dir='ltr'>ea</span> <span class='ocrx_word' id='word_1_505' title='bbox 1950 1524 2037 1557; x_wconf 84' lang='lat' dir='ltr'>quae</span> <span class='ocrx_word' id='word_1_506' title='bbox 2063 1513 2128 1557; x_wconf 89' lang='lat' dir='ltr'>ipsi</span> <span class='ocrx_word' id='word_1_507' title='bbox 2147 1520 2242 1556; x_wconf 83' lang='lat' dir='ltr'>grata</span> 
     </span>
     <span class='ocr_line' id='line_1_80' title="bbox 1258 1561 2244 1607; baseline -0.002 -9"><span class='ocrx_word' id='word_1_508' title='bbox 1258 1572 1349 1600; x_wconf 87' lang='lat' dir='ltr'>sunt.</span> <span class='ocrx_word' id='word_1_509' title='bbox 1403 1564 1492 1598; x_wconf 90' lang='lat' dir='ltr'>Cum</span> <span class='ocrx_word' id='word_1_510' title='bbox 1519 1565 1608 1597; x_wconf 74' lang='lat' dir='ltr'>velle</span> <span class='ocrx_word' id='word_1_511' title='bbox 1637 1563 1790 1607; x_wconf 83' lang='lat' dir='ltr'>coeperis</span> <span class='ocrx_word' id='word_1_512' title='bbox 1822 1570 1853 1596; x_wconf 91' lang='lat' dir='ltr'>et</span> <span class='ocrx_word' id='word_1_513' title='bbox 1884 1575 1978 1596; x_wconf 87' lang='lat' dir='ltr'>amas</span> <span class='ocrx_word' id='word_1_514' title='bbox 2000 1561 2244 1607; x_wconf 71' lang='lat' dir='ltr'>Evangeliutm</span> 
     </span>
     <span class='ocr_line' id='line_1_81' title="bbox 1257 1613 2244 1652; baseline -0.001 -4"><span class='ocrx_word' id='word_1_515' title='bbox 1257 1616 1320 1648; x_wconf 88' lang='lat' dir='ltr'>etsi</span> <span class='ocrx_word' id='word_1_516' title='bbox 1337 1613 1510 1647; x_wconf 80' lang='lat' dir='ltr'>humanae</span> <span class='ocrx_word' id='word_1_517' title='bbox 1528 1615 1721 1647; x_wconf 77' lang='lat' dir='ltr'>infirmitati</span> <span class='ocrx_word' id='word_1_518' title='bbox 1738 1613 1880 1646; x_wconf 80' lang='lat' dir='ltr'>difficile</span> <span class='ocrx_word' id='word_1_519' title='bbox 1895 1621 1955 1652; x_wconf 87' lang='lat' dir='ltr'>est,</span> <span class='ocrx_word' id='word_1_520' title='bbox 1983 1614 2153 1647; x_wconf 88' lang='lat' dir='ltr'>sustinere</span> <span class='ocrx_word' id='word_1_521' title='bbox 2170 1625 2244 1647; x_wconf 88' lang='lat' dir='ltr'>cer-</span> 
     </span>
     <span class='ocr_line' id='line_1_82' title="bbox 1259 1663 2244 1707; baseline -0.002 -8"><span class='ocrx_word' id='word_1_522' title='bbox 1259 1665 1388 1699; x_wconf 89' lang='lat' dir='ltr'>tamina</span> <span class='ocrx_word' id='word_1_523' title='bbox 1404 1665 1595 1703; x_wconf 68' lang='lat' dir='ltr'>doctrinae,</span> <span class='ocrx_word' id='word_1_524' title='bbox 1622 1671 1654 1697; x_wconf 91' lang='lat' dir='ltr'>et</span> <span class='ocrx_word' id='word_1_525' title='bbox 1672 1663 1833 1696; x_wconf 89' lang='lat' dir='ltr'>diabolus</span> <span class='ocrx_word' id='word_1_526' title='bbox 1848 1664 1942 1696; x_wconf 81' lang='lat' dir='ltr'>varie</span> <span class='ocrx_word' id='word_1_527' title='bbox 1962 1671 2138 1707; x_wconf 82' lang='lat' dir='ltr'>oppugnat</span> <span class='ocrx_word' id='word_1_528' title='bbox 2157 1665 2244 1707; x_wconf 83' lang='lat' dir='ltr'>pios,</span> 
     </span>
     <span class='ocr_line' id='line_1_83' title="bbox 1260 1713 2244 1755; baseline -0.001 -7"><span class='ocrx_word' id='word_1_529' title='bbox 1260 1722 1376 1749; x_wconf 86' lang='lat' dir='ltr'>tamcn</span> <span class='ocrx_word' id='word_1_530' title='bbox 1407 1715 1519 1747; x_wconf 83' lang='lat' dir='ltr'>aderit</span> <span class='ocrx_word' id='word_1_531' title='bbox 1542 1713 1637 1747; x_wconf 88' lang='lat' dir='ltr'>Deus</span> <span class='ocrx_word' id='word_1_532' title='bbox 1668 1726 1706 1746; x_wconf 90' lang='lat' dir='ltr'>ac</span> <span class='ocrx_word' id='word_1_533' title='bbox 1736 1720 1829 1755; x_wconf 72' lang='lat' dir='ltr'>reget</span> <span class='ocrx_word' id='word_1_534' title='bbox 1855 1720 1888 1746; x_wconf 91' lang='lat' dir='ltr'>et</span> <span class='ocrx_word' id='word_1_535' title='bbox 1919 1714 2052 1747; x_wconf 80' lang='lat' dir='ltr'>iuvabit</span> <span class='ocrx_word' id='word_1_536' title='bbox 2081 1714 2244 1747; x_wconf 84' lang='lat' dir='ltr'>militiam</span> 
     </span>
     <span class='ocr_line' id='line_1_84' title="bbox 1258 1762 2244 1801; baseline 0 -3"><span class='ocrx_word' id='word_1_537' title='bbox 1258 1772 1371 1801; x_wconf 85' lang='lat' dir='ltr'>tuam,</span> <span class='ocrx_word' id='word_1_538' title='bbox 1397 1772 1434 1797; x_wconf 88' lang='lat' dir='ltr'>ut</span> <span class='ocrx_word' id='word_1_539' title='bbox 1451 1765 1493 1797; x_wconf 91' lang='lat' dir='ltr'>sit</span> <span class='ocrx_word' id='word_1_540' title='bbox 1519 1764 1582 1797; x_wconf 88' lang='lat' dir='ltr'>tibi</span> <span class='ocrx_word' id='word_1_541' title='bbox 1601 1771 1633 1798; x_wconf 80' lang='lat' dir='ltr'>et</span> <span class='ocrx_word' id='word_1_542' title='bbox 1649 1762 1825 1798; x_wconf 82' lang='lat' dir='ltr'>Ecclesiae</span> <span class='ocrx_word' id='word_1_543' title='bbox 1849 1763 2024 1797; x_wconf 85' lang='lat' dir='ltr'>salutaris:</span> <span class='ocrx_word' id='word_1_544' title='bbox 2049 1765 2125 1798; x_wconf 70' lang='lat' dir='ltr'>vult</span> <span class='ocrx_word' id='word_1_545' title='bbox 2149 1765 2244 1798; x_wconf 89' lang='lat' dir='ltr'>enim</span> 
     </span>
     <span class='ocr_line' id='line_1_85' title="bbox 1259 1811 2245 1859; baseline 0 -11"><span class='ocrx_word' id='word_1_546' title='bbox 1259 1815 1374 1859; x_wconf 79' lang='lat' dir='ltr'>aliqua</span> <span class='ocrx_word' id='word_1_547' title='bbox 1401 1815 1466 1847; x_wconf 82' lang='lat' dir='ltr'>sibi</span> <span class='ocrx_word' id='word_1_548' title='bbox 1491 1822 1587 1856; x_wconf 83' lang='lat' dir='ltr'>grata</span> <span class='ocrx_word' id='word_1_549' title='bbox 1613 1815 1647 1846; x_wconf 93' lang='lat' dir='ltr'>iu</span> <span class='ocrx_word' id='word_1_550' title='bbox 1672 1826 1795 1855; x_wconf 73' lang='lat' dir='ltr'>genere</span> <span class='ocrx_word' id='word_1_551' title='bbox 1815 1811 1968 1847; x_wconf 78' lang='lat' dir='ltr'>ltumauo</span> <span class='ocrx_word' id='word_1_552' title='bbox 1988 1814 2079 1850; x_wconf 78' lang='lat' dir='ltr'>fieri,</span> <span class='ocrx_word' id='word_1_553' title='bbox 2106 1815 2178 1848; x_wconf 79' lang='lat' dir='ltr'>vult</span> <span class='ocrx_word' id='word_1_554' title='bbox 2200 1816 2245 1848; x_wconf 86' lang='lat' dir='ltr'>ab</span> 
     </span>
     <span class='ocr_line' id='line_1_86' title="bbox 1261 1862 2246 1910; baseline 0 -12"><span class='ocrx_word' id='word_1_555' title='bbox 1261 1866 1376 1910; x_wconf 79' lang='lat' dir='ltr'>aliqua</span> <span class='ocrx_word' id='word_1_556' title='bbox 1399 1872 1493 1909; x_wconf 78' lang='lat' dir='ltr'>parte</span> <span class='ocrx_word' id='word_1_557' title='bbox 1518 1865 1704 1905; x_wconf 68' lang='lat' dir='ltr'>celebrari,</span> <span class='ocrx_word' id='word_1_558' title='bbox 1729 1876 1772 1896; x_wconf 91' lang='lat' dir='ltr'>ne</span> <span class='ocrx_word' id='word_1_559' title='bbox 1793 1870 1904 1897; x_wconf 88' lang='lat' dir='ltr'>totum</span> <span class='ocrx_word' id='word_1_560' title='bbox 1927 1876 2034 1907; x_wconf 73' lang='lat' dir='ltr'>genus</span> <span class='ocrx_word' id='word_1_561' title='bbox 2052 1862 2246 1899; x_wconf 83' lang='lat' dir='ltr'>humanum</span> 
     </span>
     <span class='ocr_line' id='line_1_87' title="bbox 1259 1915 2244 1953; baseline 0.001 -5"><span class='ocrx_word' id='word_1_562' title='bbox 1259 1916 1386 1948; x_wconf 80' lang='lat' dir='ltr'>frustra</span> <span class='ocrx_word' id='word_1_563' title='bbox 1413 1915 1594 1949; x_wconf 89' lang='lat' dir='ltr'>conditum</span> <span class='ocrx_word' id='word_1_564' title='bbox 1617 1915 1679 1953; x_wconf 88' lang='lat' dir='ltr'>sit,</span> <span class='ocrx_word' id='word_1_565' title='bbox 1714 1921 1745 1948; x_wconf 89' lang='lat' dir='ltr'>et</span> <span class='ocrx_word' id='word_1_566' title='bbox 1771 1921 1880 1947; x_wconf 87' lang='lat' dir='ltr'>totum</span> <span class='ocrx_word' id='word_1_567' title='bbox 1906 1921 1984 1948; x_wconf 84' lang='lat' dir='ltr'>ruat</span> <span class='ocrx_word' id='word_1_568' title='bbox 2006 1915 2040 1947; x_wconf 92' lang='lat' dir='ltr'>iu</span> <span class='ocrx_word' id='word_1_569' title='bbox 2065 1922 2244 1949; x_wconf 83' lang='lat' dir='ltr'>aeternum</span> 
     </span>
     <span class='ocr_line' id='line_1_88' title="bbox 1261 1966 1418 1999; baseline 0 0"><span class='ocrx_word' id='word_1_570' title='bbox 1261 1966 1418 1999; x_wconf 89' lang='lat' dir='ltr'>exitium.</span> 
     </span>
    </p>

    <p class='ocr_par' dir='ltr' id='par_1_17' title="bbox 1261 2013 2248 2403">
     <span class='ocr_line' id='line_1_89' title="bbox 1364 2013 2246 2059; baseline 0 -10"><span class='ocrx_word' id='word_1_571' title='bbox 1364 2013 1457 2049; x_wconf 73' lang='lat' dir='ltr'>Proin</span> <span class='ocrx_word' id='word_1_572' title='bbox 1489 2016 1610 2053; x_wconf 85' lang='lat' dir='ltr'>dolor,</span> <span class='ocrx_word' id='word_1_573' title='bbox 1646 2016 1794 2048; x_wconf 82' lang='lat' dir='ltr'>maxima</span> <span class='ocrx_word' id='word_1_574' title='bbox 1828 2026 1907 2059; x_wconf 82' lang='lat' dir='ltr'>pars</span> <span class='ocrx_word' id='word_1_575' title='bbox 1938 2015 2073 2057; x_wconf 77' lang='lat' dir='ltr'>generis</span> <span class='ocrx_word' id='word_1_576' title='bbox 2100 2014 2246 2049; x_wconf 86' lang='lat' dir='ltr'>humani</span> 
     </span>
     <span class='ocr_line' id='line_1_90' title="bbox 1261 2065 2245 2108; baseline -0.001 -8"><span class='ocrx_word' id='word_1_577' title='bbox 1261 2067 1341 2100; x_wconf 81' lang='lat' dir='ltr'>facit</span> <span class='ocrx_word' id='word_1_578' title='bbox 1361 2067 1494 2107; x_wconf 70' lang='lat' dir='ltr'>ingrata</span> <span class='ocrx_word' id='word_1_579' title='bbox 1515 2065 1611 2106; x_wconf 75' lang='lat' dir='ltr'>Deo,</span> <span class='ocrx_word' id='word_1_580' title='bbox 1637 2073 1670 2099; x_wconf 83' lang='lat' dir='ltr'>ct</span> <span class='ocrx_word' id='word_1_581' title='bbox 1694 2066 1790 2099; x_wconf 89' lang='lat' dir='ltr'>omni</span> <span class='ocrx_word' id='word_1_582' title='bbox 1815 2077 1939 2108; x_wconf 70' lang='lat' dir='ltr'>genere</span> <span class='ocrx_word' id='word_1_583' title='bbox 1961 2066 2130 2098; x_wconf 73' lang='lat' dir='ltr'>scelerum</span> <span class='ocrx_word' id='word_1_584' title='bbox 2158 2066 2245 2099; x_wconf 89' lang='lat' dir='ltr'>iram</span> 
     </span>
     <span class='ocr_line' id='line_1_91' title="bbox 1262 2113 2248 2160; baseline 0 -10"><span class='ocrx_word' id='word_1_585' title='bbox 1262 2118 1335 2150; x_wconf 87' lang='lat' dir='ltr'>cius</span> <span class='ocrx_word' id='word_1_586' title='bbox 1360 2118 1488 2157; x_wconf 88' lang='lat' dir='ltr'>irritat,</span> <span class='ocrx_word' id='word_1_587' title='bbox 1524 2115 1710 2160; x_wconf 81' lang='lat' dir='ltr'>Epicurei,</span> <span class='ocrx_word' id='word_1_588' title='bbox 1737 2115 1931 2153; x_wconf 76' lang='lat' dir='ltr'>llacrctici,</span> <span class='ocrx_word' id='word_1_589' title='bbox 1966 2113 2248 2157; x_wconf 75' lang='lat' dir='ltr'>Maliomctistae,</span> 
     </span>
     <span class='ocr_line' id='line_1_92' title="bbox 1265 2164 2245 2207; baseline -0.001 -6"><span class='ocrx_word' id='word_1_590' title='bbox 1265 2167 1399 2207; x_wconf 77' lang='lat' dir='ltr'>ludaei,</span> <span class='ocrx_word' id='word_1_591' title='bbox 1438 2165 1622 2200; x_wconf 77' lang='lat' dir='ltr'>horrendis</span> <span class='ocrx_word' id='word_1_592' title='bbox 1646 2166 1867 2200; x_wconf 78' lang='lat' dir='ltr'>contumeliis</span> <span class='ocrx_word' id='word_1_593' title='bbox 1898 2164 2030 2202; x_wconf 74' lang='lat' dir='ltr'>Deum,</span> <span class='ocrx_word' id='word_1_594' title='bbox 2071 2173 2103 2200; x_wconf 85' lang='lat' dir='ltr'>et</span> <span class='ocrx_word' id='word_1_595' title='bbox 2135 2167 2245 2200; x_wconf 85' lang='lat' dir='ltr'>filiurn</span> 
     </span>
     <span class='ocr_line' id='line_1_93' title="bbox 1263 2214 2247 2259; baseline 0.002 -10"><span class='ocrx_word' id='word_1_596' title='bbox 1263 2219 1335 2250; x_wconf 77' lang='lat' dir='ltr'>eius</span> <span class='ocrx_word' id='word_1_597' title='bbox 1352 2217 1543 2251; x_wconf 86' lang='lat' dir='ltr'>Dominum</span> <span class='ocrx_word' id='word_1_598' title='bbox 1571 2224 1726 2250; x_wconf 78' lang='lat' dir='ltr'>nostrum</span> <span class='ocrx_word' id='word_1_599' title='bbox 1747 2216 1857 2249; x_wconf 77' lang='lat' dir='ltr'>lesum</span> <span class='ocrx_word' id='word_1_600' title='bbox 1876 2214 2055 2249; x_wconf 78' lang='lat' dir='ltr'>Christum</span> <span class='ocrx_word' id='word_1_601' title='bbox 2080 2217 2247 2259; x_wconf 80' lang='lat' dir='ltr'>afficiunt,</span> 
     </span>
     <span class='ocr_line' id='line_1_94' title="bbox 1263 2267 2246 2313; baseline 0.001 -12"><span class='ocrx_word' id='word_1_602' title='bbox 1263 2269 1389 2301; x_wconf 68' lang='lat' dir='ltr'>drindt·</span> <span class='ocrx_word' id='word_1_603' title='bbox 1409 2268 1546 2313; x_wconf 66' lang='lat' dir='ltr'>tyranui</span> <span class='ocrx_word' id='word_1_604' title='bbox 1568 2267 1704 2300; x_wconf 84' lang='lat' dir='ltr'>iniustis</span> <span class='ocrx_word' id='word_1_605' title='bbox 1723 2267 1822 2299; x_wconf 75' lang='lat' dir='ltr'>bellis</span> <span class='ocrx_word' id='word_1_606' title='bbox 1844 2275 1874 2301; x_wconf 80' lang='lat' dir='ltr'>et</span> <span class='ocrx_word' id='word_1_607' title='bbox 1895 2267 2058 2300; x_wconf 72' lang='lat' dir='ltr'>caedibus</span> <span class='ocrx_word' id='word_1_608' title='bbox 2074 2267 2246 2312; x_wconf 86' lang='lat' dir='ltr'>dissipant</span> 
     </span>
     <span class='ocr_line' id='line_1_95' title="bbox 1264 2315 2247 2361; baseline 0.002 -10"><span class='ocrx_word' id='word_1_609' title='bbox 1264 2318 1453 2357; x_wconf 53' lang='lat' dir='ltr'>Eri-tostis,</span> <span class='ocrx_word' id='word_1_610' title='bbox 1483 2330 1601 2360; x_wconf 83' lang='lat' dir='ltr'>magna</span> <span class='ocrx_word' id='word_1_611' title='bbox 1624 2330 1701 2361; x_wconf 76' lang='lat' dir='ltr'>pars</span> <span class='ocrx_word' id='word_1_612' title='bbox 1720 2315 1902 2349; x_wconf 76' lang='lat' dir='ltr'>homiuum</span> <span class='ocrx_word' id='word_1_613' title='bbox 1921 2318 2103 2351; x_wconf 81' lang='lat' dir='ltr'>obscoenis</span> <span class='ocrx_word' id='word_1_614' title='bbox 2126 2318 2247 2353; x_wconf 75' lang='lat' dir='ltr'>libidi-</span> 
     </span>
     <span class='ocr_line' id='line_1_96' title="bbox 1264 2368 1955 2403; baseline -0.003 -1"><span class='ocrx_word' id='word_1_615' title='bbox 1264 2371 1368 2402; x_wconf 81' lang='lat' dir='ltr'>nibus</span> <span class='ocrx_word' id='word_1_616' title='bbox 1396 2378 1426 2403; x_wconf 79' lang='lat' dir='ltr'>rt</span> <span class='ocrx_word' id='word_1_617' title='bbox 1457 2369 1533 2401; x_wconf 81' lang='lat' dir='ltr'>aliis</span> <span class='ocrx_word' id='word_1_618' title='bbox 1560 2368 1650 2400; x_wconf 72' lang='lat' dir='ltr'>xitiis</span> <span class='ocrx_word' id='word_1_619' title='bbox 1671 2368 1955 2402; x_wconf 60' lang='lat' dir='ltr'>Drumoll&#39;rmlit.</span> 
     </span>
    </p>

    <p class='ocr_par' dir='ltr' id='par_1_18' title="bbox 1264 2416 2248 2716">
     <span class='ocr_line' id='line_1_97' title="bbox 1364 2416 2245 2463; baseline 0.001 -11"><span class='ocrx_word' id='word_1_620' title='bbox 1364 2421 1431 2453; x_wconf 70' lang='lat' dir='ltr'>Sed</span> <span class='ocrx_word' id='word_1_621' title='bbox 1466 2431 1507 2451; x_wconf 87' lang='lat' dir='ltr'>nc</span> <span class='ocrx_word' id='word_1_622' title='bbox 1542 2419 1703 2451; x_wconf 71' lang='lat' dir='ltr'>univorsa</span> <span class='ocrx_word' id='word_1_623' title='bbox 1739 2416 1922 2450; x_wconf 81' lang='lat' dir='ltr'>ltominum</span> <span class='ocrx_word' id='word_1_624' title='bbox 1960 2426 2083 2452; x_wconf 76' lang='lat' dir='ltr'>natura</span> <span class='ocrx_word' id='word_1_625' title='bbox 2119 2427 2245 2463; x_wconf 75' lang='lat' dir='ltr'>pereat.</span> 
     </span>
     <span class='ocr_line' id='line_1_98' title="bbox 1265 2466 2244 2512; baseline 0 -9"><span class='ocrx_word' id='word_1_626' title='bbox 1265 2469 1357 2503; x_wconf 61' lang='lat' dir='ltr'>Duos</span> <span class='ocrx_word' id='word_1_627' title='bbox 1376 2477 1488 2503; x_wconf 70' lang='lat' dir='ltr'>tamen</span> <span class='ocrx_word' id='word_1_628' title='bbox 1510 2469 1646 2512; x_wconf 73' lang='lat' dir='ltr'>aliquos</span> <span class='ocrx_word' id='word_1_629' title='bbox 1663 2469 1812 2512; x_wconf 74' lang='lat' dir='ltr'>excerpit</span> <span class='ocrx_word' id='word_1_630' title='bbox 1826 2496 1833 2506; x_wconf 79' lang='grc'><strong>,</strong></span> <span class='ocrx_word' id='word_1_631' title='bbox 1867 2469 2025 2502; x_wconf 56' lang='lat' dir='ltr'>witti—ticet</span> <span class='ocrx_word' id='word_1_632' title='bbox 2056 2466 2244 2503; x_wconf 71' lang='lat' dir='ltr'>Ecclesiam</span> 
     </span>
     <span class='ocr_line' id='line_1_99' title="bbox 1264 2519 2248 2565; baseline -0.001 -11"><span class='ocrx_word' id='word_1_633' title='bbox 1264 2533 1379 2559; x_wconf 67' lang='lat' dir='ltr'>Suam,</span> <span class='ocrx_word' id='word_1_634' title='bbox 1407 2533 1494 2565; x_wconf 72' lang='lat' dir='ltr'>quar</span> <span class='ocrx_word' id='word_1_635' title='bbox 1518 2520 1547 2551; x_wconf 73' lang='lat' dir='ltr'>ri</span> <span class='ocrx_word' id='word_1_636' title='bbox 1573 2527 1666 2561; x_wconf 68' lang='lat' dir='ltr'>grata</span> <span class='ocrx_word' id='word_1_637' title='bbox 1693 2519 1791 2558; x_wconf 71' lang='lat' dir='ltr'>facit,</span> <span class='ocrx_word' id='word_1_638' title='bbox 1817 2519 1933 2554; x_wconf 76' lang='lat' dir='ltr'>audit.</span> <span class='ocrx_word' id='word_1_639' title='bbox 1963 2519 2097 2551; x_wconf 62' lang='lat' dir='ltr'>invocat</span> <span class='ocrx_word' id='word_1_640' title='bbox 2122 2519 2248 2563; x_wconf 69' lang='lat' dir='ltr'>ipsum,</span> 
     </span>
     <span class='ocr_line' id='line_1_100' title="bbox 1265 2569 2247 2613; baseline 0.003 -11"><span class='ocrx_word' id='word_1_641' title='bbox 1265 2573 1410 2604; x_wconf 59' lang='lat' dir='ltr'>celebrat</span> <span class='ocrx_word' id='word_1_642' title='bbox 1452 2571 1580 2609; x_wconf 74' lang='lat' dir='ltr'>filium,</span> <span class='ocrx_word' id='word_1_643' title='bbox 1632 2571 1744 2603; x_wconf 78' lang='lat' dir='ltr'>studet</span> <span class='ocrx_word' id='word_1_644' title='bbox 1780 2580 1969 2613; x_wconf 75' lang='lat' dir='ltr'>propagat-c</span> <span class='ocrx_word' id='word_1_645' title='bbox 2005 2576 2036 2602; x_wconf 77' lang='lat' dir='ltr'>ct</span> <span class='ocrx_word' id='word_1_646' title='bbox 2074 2569 2247 2604; x_wconf 76' lang='lat' dir='ltr'>illustrare</span> 
     </span>
     <span class='ocr_line' id='line_1_101' title="bbox 1267 2620 2246 2663; baseline 0.001 -9"><span class='ocrx_word' id='word_1_647' title='bbox 1267 2620 1506 2662; x_wconf 49' lang='lat' dir='ltr'>Ewnwdium,</span> <span class='ocrx_word' id='word_1_648' title='bbox 1535 2621 1618 2663; x_wconf 63' lang='lat' dir='ltr'>regit</span> <span class='ocrx_word' id='word_1_649' title='bbox 1638 2632 1751 2653; x_wconf 83' lang='lat' dir='ltr'>mores</span> <span class='ocrx_word' id='word_1_650' title='bbox 1766 2632 1845 2653; x_wconf 78' lang='lat' dir='ltr'>snos</span> <span class='ocrx_word' id='word_1_651' title='bbox 1863 2631 1904 2651; x_wconf 83' lang='lat' dir='ltr'>uc</span> <span class='ocrx_word' id='word_1_652' title='bbox 1923 2626 2068 2653; x_wconf 77' lang='lat' dir='ltr'>noceant</span> <span class='ocrx_word' id='word_1_653' title='bbox 2089 2620 2176 2662; x_wconf 76' lang='lat' dir='ltr'>aliis,</span> <span class='ocrx_word' id='word_1_654' title='bbox 2203 2634 2246 2655; x_wconf 84' lang='lat' dir='ltr'>nr</span> 
     </span>
     <span class='ocr_line' id='line_1_102' title="bbox 1265 2670 1641 2716; baseline 0.011 -15"><span class='ocrx_word' id='word_1_655' title='bbox 1265 2674 1421 2716; x_wconf 81' lang='lat' dir='ltr'>polluant</span> <span class='ocrx_word' id='word_1_656' title='bbox 1442 2670 1641 2705; x_wconf 80' lang='lat' dir='ltr'>Ecclesiam.</span> 
     </span>
    </p>
   </div>
   <div class='ocr_carea' id='block_1_15' title="bbox 2247 0 2338 2958">
    <p class='ocr_par' dir='ltr' id='par_1_19' title="bbox 2247 0 2338 2958">
     <span class='ocr_line' id='line_1_103' title="bbox 2247 0 2338 2958; baseline 0 0"><span class='ocrx_word' id='word_1_657' title='bbox 2247 0 2338 2958; x_wconf 95' lang='lat' dir='ltr'> </span> 
     </span>
    </p>
   </div>
  </div>
 </body>
</html>
