2338 2958
53 150 128 190 765

53 237 133 272 luit.
185 235 254 269 Hic
283 234 312 267 si
336 233 442 267 velim
468 231 644 268 rhetorico
668 247 766 268 more
790 235 833 267 de
854 233 1041 278 splendore

51 286 223 322 natalium
253 284 389 324 dicere,
424 292 456 319 et
488 286 531 319 de
558 284 819 320 Cimbricorum
842 283 980 329 Regum
1009 289 1042 317 et

49 340 95 372 de
138 333 389 369 Marchionnm
437 336 808 382 Brandeburgensium
862 336 1039 377 laudibus,

51 399 155 433 qnam
171 387 275 428 longa
294 387 448 419 narratio
464 389 580 421 sutura
598 389 708 422 esset?
741 388 808 422 Sed
826 394 932 421 totam
948 384 1039 420 hanc

47 444 182 482 partem
203 444 401 480 praetereo,
429 439 511 482 qnia
531 439 594 472 etsi
612 446 662 473 est
675 450 841 482 magnum
861 440 964 471 decus
981 449 1036 481 ge-

48 488 143 521 neris
166 488 350 528 nobilitas,
379 501 482 533 quam
508 490 618 523 fateor
641 490 742 523 etiam
767 490 943 534 quandam
966 500 1037 521 esse

46 539 188 572 virtutis
220 536 503 578 inchoationem,
540 546 652 573 tamen
687 540 753 573 alia
786 547 868 574 sunt
899 539 1035 572 veriora

46 596 266 623 ornamenta.
322 588 455 624 Didicit
472 590 587 624 literas
605 598 637 624 et
652 591 821 624 sinceram
840 590 1034 623 doctrinam

47 641 90 673 de
107 639 181 673 Deo
204 647 237 673 et
260 640 333 672 filio
353 641 446 679 eins,
474 639 627 673 Domino
647 648 768 675 nostro
789 640 865 674 lesu
882 639 1035 680 Christo,

47 697 83 724 et
107 690 225 723 omnia
250 691 412 724 exercitia
438 691 594 734 pietatiS,
633 699 666 725 et
690 693 838 725 aliarum
863 692 1034 725 virtutum

45 741 180 784 optima
195 741 382 785 disciplina
399 742 586 774 assuefacta
605 749 665 783 est,
688 743 769 776 inde
785 755 896 788 usqne
914 755 930 776 a
949 754 1036 786 pue-

46 791 146 832 ritia,
182 799 366 835 parentum
391 791 582 834 diligentia.
637 792 798 839 Cumque
821 806 893 827 non
920 794 1034 826 solum

45 842 202 876 studiose
227 842 364 875 audiret
388 844 551 876 docentes
575 843 611 876 in
638 842 810 885 Ecclesia,
846 846 903 878 sed
931 844 1034 877 etiam

46 893 160 926 libros
190 893 361 925 divinitus
391 894 494 926 nobis
526 896 808 935 commendatos,
840 896 986 939 scriptos
1016 906 1033 926 a

45 941 233 987 Prophetis
249 950 281 976 et
293 941 483 987 Apostolis‚
506 951 538 977 et
553 946 771 979 eruditorum
787 947 1035 989 explicationes

43 993 120 1037 ipsa
145 994 274 1036 legeret
300 994 518 1036 avidissime,
553 1006 724 1029 summam
750 997 931 1030 doctrinae
957 1008 1035 1029 coe-

43 1043 139 1077 lestis
157 1044 203 1077 ita
219 1052 336 1078 mente
351 1046 528 1089 complexa
547 1053 597 1080 est
613 1047 784 1090 integram
797 1074 805 1088 ,
832 1054 870 1081 ut
888 1058 1034 1080 consen-

44 1106 122 1128 sum
149 1092 352 1128 Catholicae
376 1094 552 1129 Ecclesiae
577 1104 712 1136 nosset,
740 1105 772 1130 et
796 1110 878 1131 vero
902 1097 1034 1130 iudicio

44 1157 84 1178 ac
111 1152 184 1178 toto
216 1152 356 1188 pectore
386 1147 670 1190 amplecteretur,
705 1154 738 1181 et
762 1148 847 1181 falsa
871 1149 1035 1191 dogmata

44 1207 120 1229 non
148 1196 262 1228 solum
295 1197 430 1229 erudite
463 1198 651 1239 refutaret,
683 1199 741 1231 sed
776 1199 881 1233 etiam
910 1199 1035 1231 acriter

44 1253 280 1280 aversaretur:
307 1247 443 1291 fuitque
467 1249 559 1291 apud
586 1256 718 1293 patrem
745 1256 776 1283 et
800 1251 944 1283 fratrem
962 1247 1036 1282 Re-

43 1308 103 1340 ges
125 1304 362 1330 sanctissimos
385 1299 574 1339 monitrix,
607 1306 645 1332 ut
668 1311 758 1338 11113,
789 1312 870 1333 vera
898 1307 931 1333 et
949 1312 1035 1332 con-

43 1347 199 1381 sentiens
225 1348 429 1381 docentium
455 1361 521 1381 vox
548 1357 633 1383 esset
656 1350 693 1382 in
718 1348 903 1391 Ecclesiis,
934 1357 966 1383 et
991 1361 1035 1382 ne

0 1418 1 1421 =
44 1398 144 1431 locus
166 1397 361 1438 erroribus,
389 1398 448 1442 qui
467 1404 548 1431 tunc
566 1400 692 1442 passim
710 1400 877 1434 fanaticas
894 1400 1035 1444 opinio-

45 1460 109 1481 nes
128 1448 352 1491 spargebant,
375 1450 635 1485 concederetur.

147 1497 248 1532 Sicut
279 1498 363 1531 olim
390 1497 582 1532 Theodosii
614 1501 834 1544 imperatoris
858 1500 929 1533 filia
954 1499 1035 1533 Pla—

45 1549 137 1583 cidia
162 1548 261 1581 fratri
281 1547 434 1582 Arcadio
458 1551 625 1583 monitrix
649 1551 716 1584 fuit
739 1552 782 1583 de
801 1551 952 1595 puritate
971 1551 1035 1583 do—

46 1599 179 1633 ctrinae
202 1600 404 1640 retinenda,
430 1607 461 1633 et
484 1609 601 1643 postea
625 1601 803 1634 Martiano
830 1601 1034 1645 imperatori

44 1648 237 1690 hortatrix,
263 1651 306 1683 de
329 1651 464 1695 synodo
489 1649 770 1684 Clialcedonensi
796 1652 1034 1686 convocanda.

44 1699 117 1734 'Nec
148 1701 363 1733 voluntatem
395 1699 484 1733 hanc
506 1708 537 1734 et
564 1714 682 1735 curam
706 1702 911 1736 retinendae
936 1702 1035 1746 puri-

44 1751 126 1786 tatis
155 1751 336 1784 doctrinae
364 1763 519 1796 unquam
554 1753 733 1795 deposuit,
772 1754 832 1785 sed
863 1753 1034 1786 indicium

45 1801 140 1834 idem
163 1799 256 1834 haud
284 1801 392 1834 dubie
410 1803 450 1834 ad
477 1803 715 1835 dulcissimam
734 1802 801 1835 Dei
819 1810 849 1835 et
870 1802 934 1835 filii
950 1803 1035 1840 eius,

46 1849 304 1895 Prophetarum
329 1863 367 1883 ac
385 1849 658 1894 Apostolorum,
686 1852 841 1893 Mariae,
868 1851 982 1893 Evae,
1003 1859 1036 1885 et

46 1908 166 1935 coetus
202 1901 360 1934 coelestis
395 1902 551 1935 universi
584 1903 875 1936 consuetudinem
906 1903 1035 1938 attulit.

46 1950 137 1986 Cum
163 1952 271 1995 igitur
294 1952 446 1996 inclytus
463 1952 632 1996 Princeps
648 1960 786 1994 noster,
813 1954 1036 1998 comperisset

47 2003 204 2036 indolem
235 2013 308 2035 esse
339 2003 375 2034 in
410 2014 447 2035 ea
475 2003 707 2045 praeclaram,
740 2016 853 2037 mores
875 2004 1036 2047 optimos,

47 2053 265 2097 agnitionem
296 2059 328 2085 et
357 2052 618 2086 invocationem
642 2052 708 2087 Dei
740 2066 878 2095 veram,
911 2054 1035 2087 coniu-

48 2105 143 2148 gium
167 2103 242 2137 eius
264 2110 298 2137 et
320 2103 380 2147 pio
407 2104 554 2137 consilio
579 2104 766 2147 expetivit,
793 2111 825 2138 et
844 2105 1034 2138 assentien-

48 2155 142 2189 tibus
172 2161 269 2198 patre
300 2153 398 2197 Rege
427 2153 581 2195 Danico,
628 2161 663 2188 et
692 2155 907 2197 gravissimis
938 2155 1034 2197 regni

47 2205 287 2250 principibus,
314 2205 486 2239 obtinuit:
519 2204 622 2238 Venit
640 2205 746 2248 igitur
763 2206 853 2248 regis
869 2205 938 2239 filia
958 2206 1035 2239 Do-

48 2253 191 2296 rothea‚
217 2256 258 2288 ad
277 2254 463 2288 Albertum
480 2253 724 2289 Marchionem
742 2255 1036 2300 Brandeburgen-

49 2318 141 2346 sem,
165 2304 400 2339 Borussorum
424 2305 578 2346 Ducem,
607 2319 678 2340 non
703 2313 742 2340 ut
759 2304 882 2340 Thetis
907 2309 948 2340 ad
971 2307 1035 2341 Pe-

49 2357 143 2390 leum
170 2353 349 2400 Delphino
375 2363 491 2399 vecta,
525 2356 718 2390 Nereidum
746 2357 947 2391 comitatum
974 2359 1035 2391 ad-

49 2408 199 2447 ducens,
225 2408 284 2440 sed
310 2407 458 2440 afferens
481 2407 553 2440 veri
570 2407 634 2442 Dei
651 2408 866 2451 agnitionem
885 2415 917 2441 et
934 2409 1036 2442 invo-

49 2458 242 2498 cationem,
270 2464 303 2490 et
328 2458 486 2490 omnium
510 2458 656 2491 aliarum
685 2460 854 2492 virtutum
878 2456 1036 2500 chorum,

50 2520 254 2553 summaque
275 2509 463 2541 concordia
487 2515 517 2541 et
538 2516 659 2542 mutuo
678 2521 796 2542 amore
812 2521 890 2542 cum
907 2511 1035 2544 marito

49 2569 160 2603 usqne
185 2560 226 2592 ad
252 2565 444 2593 extremum
465 2560 626 2603 spiritum
645 2560 729 2593 vixit
746 2572 858 2593 annos
873 2572 984 2593 unum
1003 2568 1036 2595 et

53 2609 188 2652 viginti.
248 2608 318 2643 Nec
345 2609 411 2642 fuit
438 2610 668 2648 infoecunda,
702 2611 760 2642 sed
790 2611 921 2656 peperit
946 2612 1035 2645 filios

50 2660 158 2700 duos,
183 2671 308 2704 nempe
334 2659 518 2693 Albertum
546 2667 575 2693 et
597 2659 814 2694 Fridericum
833 2661 1035 2695 Albertum:

0 2714 1 2718 ’
49 2710 138 2744 filias
159 2710 242 2744 item
260 2717 429 2756 quatuor,
455 2711 619 2751 Luciam,
646 2709 880 2753 Dorotheam,
907 2711 1036 2746 Catha-

587 146 745 184 DECL.
779 146 854 183 DE
887 142 1220 182 DOROTHEA
1255 142 1551 180 PRINCIPE.

2010 148 2083 182 766

1092 230 1205 264 rinam
1231 238 1264 264 et
1290 229 1431 263 Annam
1454 228 1642 274 Sophiam,
1669 243 1758 277 quae
1781 232 1883 266 unica
1908 241 2078 277 superstes

1092 288 1156 315 est.
1217 280 1348 314 Lucere
1381 289 1495 314 autem
1522 281 1632 316 virtus
1656 282 1829 317 Dominae
1852 283 1889 316 in
1914 285 2078 327 coniugio

1090 333 1276 377 praecipue
1306 333 1413 378 cepit,
1449 332 1483 365 in
1514 345 1583 377 quo
1608 346 1686 367 cum
1713 337 1753 368 ad
1781 347 1942 369 normam
1967 336 2078 368 coele-

1089 391 1196 424 stem,
1224 391 1334 417 totum
1355 385 1445 416 vitae
1463 384 1676 418 curriculum
1697 387 1872 430 dirigeret,
1901 383 1992 418 hanc
2010 386 2076 418 sibi

1088 434 1192 468 Pauli
1219 435 1373 477 regulam
1406 436 1606 478 proposuit,
1642 438 1929 480 complectentem
1956 448 2077 469 omnes

1087 486 1164 529 piae
1187 493 1370 519 matronae
1391 486 1553 519 virtutes:
1581 493 1739 519 servatur
1762 489 1890 521 mulier
1907 499 1968 530 per
1985 488 2076 519 filio-

1087 548 1165 569 rum
1183 537 1459 579 generationem,
1487 537 1514 568 si
1530 536 1695 570 manserit
1712 537 1747 570 in
1764 538 1847 579 fide,
1873 539 2075 578 dilectione,

1086 588 1268 620 sanctitate
1287 593 1318 620 et
1336 587 1516 623 modestia,

1190 637 1347 671 Primum
1362 644 1454 671 recte
1468 637 1684 681 intelligebat
1699 638 1790 672 vitae
1805 651 1923 683 genus,
1951 639 1987 672 in
2005 652 2073 685 quo

1086 695 1178 722 erat:
1202 689 1331 722 sciebat
1347 689 1570 732 coniugium,
1594 697 1627 723 et
1642 702 1845 728 aerumnas,
1873 702 1958 735 quas
1974 702 2074 722 sexus

1085 740 1269 772 muliebris
1293 739 1329 772 in
1354 746 1453 783 partu
1478 747 1509 773 et
1537 740 1743 773 educatione
1767 741 1898 773 sobolis
1917 740 2074 780 sustinet,

1084 789 1161 824 Deo
1184 791 1340 834 placere,
1364 792 1421 823 sed
1446 792 1531 823 adeo
1556 791 1638 824 addi
1664 799 1826 835 oportere
1844 792 1989 825 virtutes
2009 803 2074 823 ne-

1087 842 1268 879 cessarias,
1303 841 1455 885 primum
1479 842 1604 882 fidem,
1636 842 1764 875 deinde
1789 849 1949 875 caeteras.
2005 841 2073 874 Ar-

1086 893 1188 925 debat
1214 899 1328 925 autem
1354 893 1389 924 in
1407 899 1546 936 pectore
1569 893 1642 925 eius
1660 893 1740 926 fidei
1758 893 1878 926 lumen
1895 893 1982 925 adeo
2000 904 2074 925 non

1085 944 1293 981 obscurum,
1334 949 1372 976 ut
1399 943 1436 975 in
1463 944 1697 987 professione,
1732 944 1848 977 studio
1881 944 2073 980 doctrinae,

1086 994 1123 1026 in
1141 994 1277 1026 assidua
1297 994 1519 1027 invocatione
1529 993 1612 1034 Dei,
1638 994 1674 1026 in
1693 995 1920 1027 moderandis
1935 1006 2075 1027 moero—

1085 1045 1185 1077 ribus
1208 1051 1241 1077 et
1267 1045 1451 1077 retinenda
1477 1045 1587 1077 animi
1612 1045 1806 1077 constantia
1827 1045 1918 1077 clare
1934 1044 2074 1087 conspi-

1085 1101 1233 1129 ceretur.
1293 1094 1364 1128 Nec
1392 1101 1527 1128 tantum
1560 1095 1767 1128 ceremoniis
1799 1106 1859 1128 seu
1885 1094 2074 1137 tragoediis

1085 1145 1221 1178 colebat
1237 1144 1371 1185 Deum,
1398 1147 1457 1178 sed
1480 1146 1571 1178 veris
1594 1145 1729 1181 officiis.
1783 1145 1960 1179 Audiebat
1985 1157 2074 1190 quo—

1086 1196 1172 1230 tidie
1212 1196 1471 1228 enarrationem
1509 1196 1692 1228 doctrinae
1723 1196 1899 1234 coelestis,
1939 1196 2073 1239 legebat

1086 1248 1180 1290 ipsa,
1216 1246 1408 1279 disserebat
1434 1258 1512 1278 cum
1539 1245 1703 1290 Principe
1725 1247 1769 1279 de
1791 1247 1986 1290 praecipuis
2010 1247 2075 1279 do-

1086 1297 1217 1331 ctrinae
1242 1296 1420 1329 membris.
1472 1295 1545 1329 Nec
1571 1308 1669 1329 more
1685 1297 1882 1330 academico
1901 1296 2075 1341 quaslibet

1085 1347 1270 1391 opiniones
1293 1347 1348 1379 vel
1370 1347 1594 1386 admittebat,
1620 1347 1673 1379 vel
1697 1347 1909 1385 mirabatur,
1937 1355 1975 1380 ut
2000 1358 2074 1379 mos

1086 1405 1135 1431 est
1159 1397 1289 1429 levium
1312 1397 1552 1439 ingeniorum,
1579 1403 1639 1430 aut
1655 1398 1889 1431 curiosorum:
1916 1398 1974 1430 sed
1991 1397 2073 1430 nni—

1087 1460 1160 1481 13111
1184 1459 1255 1480 esse
1280 1459 1418 1488 veram,
1445 1454 1648 1491 perpetuam
1673 1455 1706 1481 et
1728 1448 1908 1481 immotam
1935 1449 1976 1480 de
1993 1447 2068 1481 Deo

1086 1498 1293 1532 sententiam
1317 1499 1562 1538 adseverabat,
1589 1510 1677 1543 quae
1699 1498 1894 1532 illustribus
1912 1499 2074 1532 testimo-

1086 1549 1155 1581 niis
1180 1549 1213 1580 in
1232 1546 1386 1581 Ecclesia
1411 1549 1579 1591 patefacta
1603 1556 1663 1583 est.
1716 1548 1819 1582 Hanc
1835 1557 1983 1594 utraque
1999 1561 2072 1582 ma-

1086 1612 1154 1639 nu,
1183 1599 1252 1631 imo
1268 1605 1340 1631 toto
1361 1606 1517 1642 pectore,
1546 1599 1831 1641 amplectebatur.
1884 1598 1986 1632 Hanc
2002 1600 2073 1631 dis-

1087 1650 1249 1685 cernebat
1283 1650 1327 1681 ab
1356 1647 1504 1682 ethnicis
1530 1656 1562 1682 et
1585 1649 1664 1682 aliis
1690 1650 1934 1694 opinionibus:
1969 1647 2074 1683 huius

1087 1700 1296 1742 cogitatione
1320 1711 1354 1732 se
1375 1701 1417 1732 ad
1441 1700 1699 1733 invocationem
1723 1707 1755 1733 et
1773 1702 1814 1733 ad
1835 1701 1982 1733 aliarum
2001 1701 2075 1733 vir-

1086 1758 1201 1784 tutum
1227 1750 1337 1783 officia
1361 1750 1584 1784 exuscitabat.
1638 1749 1800 1795 Denique
1817 1749 1907 1783 hanc
1926 1752 2074 1784 ducebat

1087 1813 1167 1833 vere
1188 1812 1319 1833 sacram
1344 1811 1506 1833 ancoram
1531 1812 1603 1833 esse
1627 1801 1793 1833 omnibus
1817 1801 2014 1835 actionibus
2041 1810 2071 1835 et

1087 1851 1260 1896 periculis.

1189 1901 1271 1937 Fuit
1283 1907 1397 1934 autem
1411 1901 1504 1934 inter
1513 1909 1643 1936 caetera
1655 1902 1853 1935 testimonia
1866 1903 1943 1936 fidei
1955 1903 2074 1946 ipsius,

1088 1951 1154 1986 hoc
1177 1963 1336 1998 quoque,
1363 1953 1456 1996 qnod
1483 1952 1611 1986 eximio
1637 1953 1754 1986 studio
1776 1952 1986 1986 Academiae
2009 1966 2074 1986 no-

1088 2010 1177 2035 strae
1209 2002 1498 2035 constitutionem
1531 2010 1565 2037 et
1595 2004 1896 2037 conservationem
1928 2004 2074 2039 adiuvit.

1087 2052 1133 2086 Et
1166 2053 1209 2085 ad
1241 2053 1307 2085 alia
1335 2053 1445 2087 multa
1473 2054 1639 2087 beneficia
1665 2052 1730 2087 hoc
1755 2055 1907 2088 addidit:
1945 2055 2070 2088 Decem

1088 2103 1386 2143 adolescentibus,
1428 2104 1488 2148 qui
1523 2104 1560 2136 in
1590 2104 1734 2137 familiis
1764 2105 1944 2138 nobilibus
1976 2112 2074 2138 erant

1089 2155 1181 2195 nati,
1208 2154 1423 2187 discentibus
1446 2154 1562 2187 literas
1585 2155 1743 2199 praebuit
1763 2162 1922 2199 sumptus
1941 2157 1983 2188 de
2001 2167 2075 2195 suo,

1089 2205 1138 2237 eis
1167 2211 1425 2248 praeceptorem
1457 2216 1517 2238 sua
1542 2206 1687 2249 pecunia
1713 2207 1893 2249 praefecit:
1927 2218 2014 2251 quos
2036 2214 2074 2240 ut

1088 2256 1131 2288 ad
1161 2255 1366 2288 discendum
1400 2255 1584 2296 invitaret,
1618 2262 1650 2289 et
1679 2257 1793 2289 studia
1825 2268 1926 2300 saepe
1948 2257 2072 2300 inspici

1089 2306 1243 2345 curavit,
1269 2312 1301 2339 et
1319 2317 1419 2350 saepe
1435 2306 1548 2339 missis
1566 2319 1604 2339 ex
1622 2307 1808 2340 venatione
1825 2319 1864 2340 ac
1882 2307 2075 2350 piscatione

1089 2356 1295 2390 muneribus
1323 2357 1581 2389 commonefieri
1609 2358 1652 2390 de
1677 2357 1792 2390 officio
1817 2357 1928 2391 iussit.
1978 2357 2074 2392 Con-

1088 2407 1233 2441 stantini
1267 2413 1377 2440 mater
1405 2413 1438 2440 et
1469 2407 1556 2440 aliae
1588 2409 1719 2441 multae
1750 2405 1912 2441 heroides
1943 2409 2071 2452 templa

1089 2458 1342 2495 condiderunt,
1378 2464 1410 2490 et
1442 2464 1560 2491 coetus
1593 2459 1829 2492 adiunxerunt
1860 2459 2073 2497 canentium,

1089 2509 1149 2555 qni
1176 2515 1207 2542 et
1233 2508 1298 2551 ipsi
1326 2506 1386 2553 (ut
1408 2519 1470 2551 ego
1493 2508 1665 2556 arbitror)
1692 2510 1794 2543 initio
1812 2507 2009 2543 scholarum
2027 2510 2073 2541 si-

1088 2560 1188 2593 miles
1219 2559 1375 2591 suerunt:
1411 2565 1546 2602 postea,
1582 2567 1619 2594 ut
1649 2561 1757 2593 multa
1790 2561 1881 2594 bona
1905 2559 2074 2598 instituta,

1087 2610 1254 2654 paulatim
1279 2609 1417 2651 ignavia
1440 2607 1625 2643 bominum
1644 2618 1938 2655 corrumpuntur,
1960 2610 2072 2642 studia

1087 2662 1267 2694 literarum
1292 2661 1425 2693 deserta
1450 2668 1552 2702 sunt,
1575 2669 1606 2694 et
1627 2662 1752 2694 umbra
1777 2661 1921 2700 mansit,
1948 2659 2074 2691 videli-

1086 2720 1138 2746 cet
1162 2712 1292 2745 rituum
1316 2711 1525 2745 observatio.
1581 2712 1630 2745 Ac
1654 2712 1828 2745 recentior
1853 2717 1945 2743 aetas
1963 2710 2072 2744 multa
