2338 2958
18 121 21 134 ι

18 147 20 179 ἲ

17 185 20 205 t

18 207 19 246 l

75 143 83 175 ᾗ
105 119 178 155 433

644 115 804 154 DECL.
843 115 919 153 DE
954 112 1197 152 OFFICIO
1231 114 1574 153 PRINCIPUM.

2045 127 2118 164 434

78 196 255 240 'Proinde
275 201 433 248 quisquis
458 207 525 243 est,
555 201 616 247 qui
640 199 707 236 hoc
733 209 869 237 tantum
895 214 1024 236 munus
1046 202 1084 235 in
1135 199 1207 234 Nec
1231 208 1280 235 est
1295 201 1459 247 Synodus
1483 203 1558 236 sine
1579 203 1705 248 capite,
1731 205 1866 241 etiamsi
1888 221 1960 243 non
1979 214 2117 248 accedat

99 253 263 293 Ecclesia,
285 253 340 286 vel
357 253 448 285 inter
461 250 625 286 homines
641 253 799 294 sustinet,
826 253 998 294 videlicet,
1022 253 1083 298 qui
1135 251 1303 285 autoritas
1320 251 1542 294 Pontificum,
1565 255 1624 299 qui
1641 255 1792 289 officium
1810 269 1910 291 suum
1927 262 2117 305 negligunt,

99 311 148 339 est
164 305 201 337 in
218 303 385 344 excubiis,
412 310 452 336 ut
470 304 649 337 doctrinae
666 304 799 348 puritas
819 311 851 337 et
868 304 952 337 boni
969 315 1081 337 mores

98 360 366 394 conserventur,
392 354 420 386 is
445 354 522 387 iure
542 367 717 388 summum
737 356 881 398 gradum
902 355 994 387 inter
1016 351 1081 386 ho-

95 404 208 438 mines
224 409 329 439 tenet.
370 402 417 438 Et
433 411 548 438 tantae
564 406 614 438 rei
633 417 751 438 curam
769 404 942 439 Romanis
959 404 1081 438 Ponti-

95 454 217 488 ficibus
236 454 320 487 olim
337 453 473 499 Synodi
490 456 793 490 commendarunt.
843 454 945 488 Nunc
964 461 1078 488 autem

94 501 215 538 in'hoc
230 511 328 539 tanto
344 505 488 540 dissidio
506 506 800 545 orbisterrarum,
829 511 861 538 et
879 505 1079 548 ingentibus

53 550 59 556 ’
93 554 304 598 religionum
320 567 358 588 ac
376 556 490 599 legum
507 556 690 600 periculis,
717 556 813 588 nulla
830 567 938 600 aequa
958 555 1078 599 cogni-

91 605 142 640 tio
165 603 332 639 hactenus
357 606 514 641 instituta
539 613 601 640 est.
661 604 780 640 Audio
806 605 908 638 etiam
933 613 1078 640 conten-

92 656 174 690 dere
189 656 338 697 multos,
365 655 455 690 nibil
472 668 560 700 opus
577 662 625 690 est
645 668 736 689 nova
753 656 970 699 cognitione,
995 656 1076 701 quia

93 703 160 740 hae
182 717 236 739 res
261 713 361 740 antea
386 707 422 739 in
439 706 592 752 Synodis
617 706 788 741 iudicatae
813 713 847 740 et
869 707 1078 740 constitutae

91 756 173 790 sint.
228 755 346 799 Quare
364 769 435 791 non
453 757 497 790 sit
514 756 807 801 permittendum,
832 763 871 790 ut
895 769 1014 791 rursus
1039 758 1076 790 in

91 807 329 853 quaestionem
356 813 535 843 vocentur.
594 806 740 841 Nullum
771 807 938 852 inquiunt
971 808 1076 841 finem

89 858 163 891 sore
197 857 365 890 movendi
396 858 577 900 dogmata,
619 858 647 890 si
675 857 901 903 Synodorum
929 859 1077 892 decretis

91 914 289 941 assuescant
306 905 467 942 homines
483 908 661 952 refragari.
715 908 782 943 Sed
802 906 885 942 haec
902 909 1002 942 facile
1021 922 1076 943 re—

88 958 194 991 futari
216 964 372 1002 possunt.

182 1007 340 1042 Primum
357 1008 487 1042 multae
502 1021 597 1043 nunc
613 1007 790 1053 agitantur
806 1010 1077 1052 controversiae,

88 1058 132 1092 de
147 1059 339 1092 recentium
357 1065 553 1103 temporum
576 1061 761 1102 abusibus,
789 1074 877 1106 quae
893 1074 1075 1107 nunquam

87 1108 126 1142 in
143 1110 320 1142 veteribus
337 1109 490 1154 Synodis
506 1111 651 1153 agitatae
669 1119 761 1146 sunt.
795 1111 962 1145 'Nondum
981 1113 1075 1145 enim

89 1159 127 1192 in
142 1157 334 1193 Ecclesiam
356 1157 391 1192 hi
410 1160 525 1193 morbi
549 1162 760 1197 invaserant.
813 1161 951 1196 Deinde
969 1175 1074 1208 quae-

88 1210 168 1243 dam
189 1210 225 1243 in
245 1210 420 1244 veteribus
435 1210 588 1255 Synodis
604 1212 760 1252 decreta,
788 1225 876 1257 quae
899 1215 940 1246 ad
958 1224 1077 1246 causas

87 1267 283 1304 praesentes
305 1261 497 1305 quadrant,
531 1262 641 1304 magis
664 1263 932 1306 patrocinantur
952 1261 1076 1296 Eccle-

87 1310 147 1344 siis
161 1311 301 1349 nostris,
329 1322 433 1355 quam
451 1312 669 1345 adversariis.
708 1312 888 1347 Postremo
903 1315 1074 1358 quaedam

87 1367 190 1394 antea
223 1361 348 1404 agitata
382 1368 464 1395 sunt
498 1369 642 1406 propter
674 1363 760 1395 alias
787 1364 1077 1404 circumstantias,

88 1422 177 1456 quae
194 1422 294 1455 saepe
309 1411 446 1444 variant
462 1413 614 1454 negocia.
668 1412 842 1458 Tempore
861 1414 995 1459 Synodi
1013 1413 1076 1447 Ni-

89 1472 193 1494 cenae
216 1468 315 1495 erant
339 1461 376 1494 in
402 1473 467 1495 usu
491 1463 757 1496 satisfactiones:
791 1465 849 1497 sed
874 1472 956 1498 tunc
976 1471 1076 1497 erant

88 1511 349 1554 castigationes,
376 1513 430 1544 vel
447 1513 594 1556 exempli
614 1525 712 1546 causa
733 1514 931 1555 institutae,
959 1515 1014 1547 vel
1032 1515 1075 1547 ad

89 1562 320 1605 explorandos
343 1574 457 1595 mores
481 1574 623 1603 eorum,
657 1564 717 1608 qui
743 1564 904 1608 lapsuum
930 1576 1073 1597 suorum

88 1612 226 1645 veniam
247 1612 422 1656 petebant.
482 1611 593 1645 Nemo
621 1620 703 1646 tunc
728 1614 915 1657 affingebat
941 1622 1075 1658 specta-

88 1661 165 1696 cula
190 1662 251 1696 itta
279 1662 406 1695 mereri
429 1662 669 1696 remissionem
694 1672 927 1708 peccatorum.
980 1664 1075 1698 Ilaec

87 1712 260 1746 recentior
275 1720 366 1747 aetas
381 1713 566 1756 vestigium
583 1714 709 1747 retinet
725 1715 862 1760 antiqui
879 1716 986 1757 ritus,
1014 1716 1073 1748 sed

87 1763 254 1808 pleraque
271 1763 431 1803 mutavit,
459 1770 491 1797 et
507 1764 633 1797 multas
650 1766 795 1798 adfinxit
812 1766 980 1798 absurdas
997 1766 1075 1808 opi-

87 1813 222 1849 niones,
263 1812 352 1846 Cum
370 1813 477 1856 igitur
493 1816 751 1848 controversiae
767 1816 950 1860 pleraeque
970 1813 1074 1849 huius

87 1864 272 1907 temporis,
296 1875 368 1896 non
385 1863 455 1896 sint
472 1864 617 1906 agitatae
632 1877 649 1897 a
669 1866 871 1905 veteribus,
891 1873 922 1899 et
941 1866 976 1898 iu
994 1867 1074 1911 qui-

86 1914 234 1947 busdam
254 1913 444 1946 adversarii
459 1915 559 1946 marii
577 1915 684 1957 magis
701 1915 923 1949 discesserint
941 1928 959 1949 a
979 1923 1074 1949 vete-

86 1976 164 1998 rum
182 1962 407 2009 Synodoruin
426 1965 590 2005 decretis,
616 1976 720 2009 quam
745 1978 826 2007 nos,
855 1967 1022 2000 iniustum
1041 1974 1074 2000 et

86 2014 226 2048 crudele
260 2021 309 2048 est
339 2014 502 2057 defugere
533 2015 789 2059 cognitionem,
824 2029 886 2050 nec
919 2017 1072 2060 legitimo

86 2063 261 2099 Ecclesiae
295 2065 426 2098 iudicio
462 2065 584 2098 tollere
614 2078 765 2105 errores,
799 2079 837 2100 ac
871 2067 1072 2102 discordias.

87 2113 182 2158 Quid
202 2116 465 2159 respondebunt
483 2115 687 2157 Pontifices,
715 2117 774 2162 qui
792 2124 970 2161 praesunt,
993 2130 1071 2151 cum

86 2165 178 2199 filius
206 2166 276 2199 Dei
310 2166 348 2198 in
379 2173 555 2210 postremo
580 2167 710 2200 iudicio
736 2168 849 2211 palam
880 2169 1072 2212 apparebit,

87 2227 214 2260 eosque
231 2216 405 2250 accusabit
419 2217 653 2260 praetermissi
669 2218 785 2258 officii,
803 2220 962 2253 ostendet
977 2219 1072 2263 ipso-

87 2277 166 2299 rum
191 2266 244 2299 vel
268 2267 478 2311 pertinacia,
504 2268 560 2301 vel
582 2268 792 2311 negligentia
817 2269 971 2304 infinitas
994 2270 1071 2303 ani-

86 2327 160 2350 mas
176 2328 195 2349 a
211 2315 284 2350 Deo
302 2317 438 2350 avulsas
452 2329 524 2351 esse
541 2330 580 2352 ac
597 2319 751 2362 periisse.

188 2366 257 2401 Sed
281 2366 399 2401 sinon
419 2367 548 2402 faciant
569 2369 722 2403 officium
739 2369 943 2411 Pontifices,
967 2382 1072 2415 opor-

87 2416 175 2452 tebit
192 2429 236 2451 ne
253 2417 456 2452 Romanum
472 2417 722 2463 Imperatorem
741 2419 923 2466 Synodum
940 2432 1071 2454 convo-

87 2479 182 2509 care,
209 2475 241 2502 et
258 2469 389 2502 iudices
405 2469 549 2502 idoneos
565 2470 715 2513 deligere
732 2482 794 2504 suo
812 2478 844 2505 et
860 2470 1009 2516 Synodi,
1033 2484 1071 2505 ac

87 2519 239 2562 partium
257 2519 414 2552 iudicio?
446 2518 669 2563 Respondeo.

190 2568 246 2602 Ad
269 2581 397 2603 munus
421 2569 470 2614 pii
495 2569 718 2614 Imperatoris
742 2571 889 2604 maxime
908 2571 1070 2616 pertinet,

90 2617 128 2650 in
144 2624 240 2652 tanto
257 2620 414 2663 periculo
437 2621 652 2654 cessantibus
668 2620 916 2660 Pontificibus,
940 2634 1071 2656 convo-

89 2679 165 2702 care
182 2668 376 2714 Synodum,
403 2677 435 2704 et
454 2671 665 2705 constituere
680 2672 872 2716 legitimum
890 2673 1071 2710 iudicium.

138 2721 315 2754 Maura.
333 2724 438 2755 Ona.
453 2723 536 2756 Vox..
552 2723 614 2757 XI.

1132 299 1210 334 Etsi
1226 302 1319 334 enim
1336 300 1520 346 Episcopis
1536 315 1596 337 sua
1614 308 1806 341 reverentia
1824 310 1982 352 debetur,
2000 321 2115 348 tamen

1133 358 1205 385 tota
1230 350 1385 386 Ecclesia
1411 354 1614 387 mandatum
1640 354 1764 398 habet,
1791 366 1829 392 ut
1853 369 1968 395 caveat
1994 376 2117 407 pravas

1133 402 1335 445 opiniones,
1362 409 1394 436 et
1417 404 1577 445 dogmata
1601 405 1786 449 diiudicet,
1814 416 1852 443 ut
1878 412 1994 457 inquit
2014 413 2118 448 Chri-

1132 459 1219 485 stus:
1246 451 1373 486 Cavete
1390 465 1408 486 a
1427 452 1756 499 PseudoprophetiS.
1800 458 1876 493 Hoc
1894 473 2116 508 praeceptum

1132 503 1175 535 ad
1198 503 1398 536 universam
1418 501 1609 537 Ecclesiam
1635 507 1796 549 pertinet.
1846 509 1958 555 Ergo,
1982 515 2116 550 etiamsi

1130 552 1316 586 Pontifices
1352 554 1387 586 id
1416 555 1610 598 negligant,
1649 562 1764 591 tamen
1797 561 1929 605 reliqua
1961 562 2117 601 Ecclesia

1131 604 1372 648 obtemperare
1388 605 1501 645 debet,
1528 605 1710 640 instituere
1723 610 1957 652 cognitionem
1974 622 2004 647 et
2023 617 2117 651 diiu-

1131 654 1356 690 dicationem.
1408 654 1447 688 ld
1467 662 1505 688 ut
1525 656 1593 696 fiat,
1620 658 1804 702 praecipua
1823 663 1977 697 membra
1994 664 2117 701 Eccle-

1129 704 1199 738 siae
1215 705 1359 739 caeteris
1374 705 1507 739 anteire
1525 707 1665 743 debent.

1232 753 1394 798 Adhaec,
1427 757 1489 790 etsi
1525 757 1670 792 interest
1701 759 1794 792 inter
1824 762 1976 798 officium
2005 766 2117 802 civilis

1130 805 1374 848 Magistratus,
1409 814 1442 841 et
1466 814 1668 851 potestatem
1691 810 1974 856 ecclesiasticam,
2001 823 2116 852 tamen

1130 855 1358 899 Magistratus
1373 857 1485 890 civilis
1499 865 1614 892 custos
1630 867 1680 893 est
1696 861 1802 894 totius
1821 863 1904 906 legis
1922 865 1957 898 in
1976 874 2116 902 externa

1129 907 1326 951 disciplina.
1380 907 1426 942 Ut
1451 906 1617 953 prohibet
1643 923 1681 943 ac
1709 913 1812 954 punit
1834 916 1939 948 armis
1972 917 2118 953 iniustas

1129 958 1269 998 caedes,
1303 959 1413 999 furta,
1448 966 1480 993 et
1509 959 1637 993 similia
1661 961 1785 995 delicta
1817 968 2010 1007 pugnantia
2037 981 2115 1002 cum

1128 1009 1278 1041 secunda
1302 1009 1421 1043 tabula
1446 1008 1632 1054 Decalogi‚
1660 1011 1706 1045 ita
1731 1012 1841 1046 multo
1866 1017 1974 1059 magis
1993 1017 2117 1061 prohi-

1128 1060 1211 1092 bere
1244 1070 1282 1092 ac
1307 1059 1434 1104 punire
1460 1060 1562 1094 debet
1595 1068 1734 1095 externa
1765 1063 1892 1099 scelera
1923 1071 2116 1111 pugnantia

1129 1121 1208 1142 cum
1244 1109 1356 1153 prima
1392 1111 1530 1151 tabula,
1575 1112 1738 1146 videlicet
1771 1113 1947 1150 idolorum
1985 1120 2118 1161 cultus,

1129 1157 1334 1203 blasphema
1368 1161 1548 1203 dogmata,
1599 1163 1772 1206 periuria,
1819 1165 2116 1210 prophanationes

1128 1210 1328 1243 manifestas
1371 1212 1649 1245 ceremoniarum
1686 1214 1856 1248 divinitus
1894 1220 2116 1257 traditarum.

1127 1259 1234 1294 Errat
1252 1261 1313 1305 qui
1331 1261 1470 1294 nullum
1490 1273 1560 1294 esse
1584 1263 1771 1296 discrimen
1790 1265 1921 1301 iudicat
1937 1269 2030 1304 inter
2046 1270 2117 1305 Ar-

1128 1311 1340 1344 mentarium
1367 1318 1400 1344 et
1418 1310 1682 1355 Magistratum,
1710 1315 1770 1359 qui
1797 1323 1911 1351 custos
1929 1327 1979 1354 est
2002 1322 2116 1357 civilis

1129 1361 1314 1396 societatis,
1365 1360 1591 1396 Armentario
1617 1364 1699 1397 satis
1723 1372 1773 1399 est
1801 1369 1975 1409 pecudum
2001 1374 2117 1407 ventri

1128 1411 1336 1455 prospicere.
1388 1411 1455 1445 Sed
1475 1419 1589 1447 custos
1606 1414 1718 1448 civilis
1742 1417 1915 1452 societatis
1940 1433 2011 1454 non
2037 1430 2116 1457 tan-

1129 1469 1202 1495 tum
1226 1473 1391 1505 corpora,
1425 1474 1564 1505 pacem,
1600 1471 1633 1497 et
1655 1463 1714 1510 (ut
1746 1466 1791 1500 ita
1814 1468 1949 1516 dicam)
1984 1475 2116 1512 ventris

1128 1512 1221 1545 bona
1237 1512 1328 1545 tueri
1345 1512 1459 1553 debet,
1486 1514 1546 1546 sed
1565 1515 1764 1550 meminerit
1782 1529 1817 1550 se
1834 1530 1905 1553 esse
1921 1521 1986 1555 Dei
2008 1525 2116 1557 mini-

1127 1569 1250 1596 strum.
1302 1561 1418 1595 Huius
1437 1563 1568 1605 gloriae
1584 1564 1737 1608 primum
1763 1570 1908 1610 serviat,
1937 1573 2116 1609 intueatur

1127 1612 1231 1645 finem
1248 1609 1424 1645 humanae
1440 1614 1630 1655 societatis,
1658 1622 1688 1649 et
1705 1613 1798 1651 hunc
1821 1622 2006 1666 praecipue
2030 1626 2116 1660 sciat

1126 1663 1192 1695 sibi
1212 1663 1379 1696 tuendum
1399 1674 1481 1697 esse.
1535 1663 1625 1698 Tota
1644 1667 1736 1699 enim
1755 1665 1837 1702 haec
1859 1672 2004 1707 societas
2022 1676 2115 1709 divi-

1128 1713 1223 1747 nitus
1245 1713 1429 1757 praecipue
1452 1714 1610 1749 instituta
1633 1723 1681 1750 est
1700 1719 1742 1750 ad
1762 1716 1855 1753 hunc
1876 1721 1995 1766 finem,
2021 1732 2059 1759 ut
2078 1727 2116 1760 in

1127 1775 1165 1796 ea
1197 1763 1391 1797 innotescat
1421 1775 1460 1797 ac
1486 1766 1681 1800 celebretur
1703 1766 1808 1804 Deus.
1865 1771 1903 1804 ld
1936 1775 2009 1807 fieri
2040 1788 2114 1810 non

1126 1820 1258 1857 potest,
1292 1814 1360 1846 nisi
1383 1826 1452 1847 una
1479 1815 1636 1850 viventes
1664 1818 1724 1850 alii
1749 1819 1836 1852 alios
1862 1823 1905 1854 de
1934 1825 2115 1861 voluntate

1126 1863 1210 1903 Dei,
1245 1864 1288 1896 de
1314 1864 1437 1897 officiis
1459 1863 1535 1898 Deo
1559 1867 1684 1909 gratis,
1716 1870 1759 1902 de
1783 1871 1851 1904 vita
1876 1880 2037 1915 aeterna,
2069 1879 2113 1911 de

1126 1914 1291 1958 praemiis
1324 1915 1481 1958 piorum,
1514 1916 1556 1948 de
1583 1917 1772 1961 impiorum
1801 1924 1924 1965 poenis
1951 1927 2112 1962 doceant.

1127 1964 1210 1997 ldeo
1228 1971 1298 1997 tam
1315 1965 1425 1998 multa
1447 1973 1529 1999 sunt
1548 1967 1686 2002 vincula
1704 1971 1892 2014 societatis,
1920 1979 2112 2020 generatio,

1125 2015 1304 2055 educati0‚
1330 2015 1524 2057 institutio,
1552 2017 1708 2062 imperia,
1736 2029 1942 2066 contractus,
1970 2027 2113 2070 iudicia,

1125 2072 1164 2099 ut
1190 2065 1228 2099 in
1253 2063 1317 2099 hac
1332 2072 1428 2099 tanta
1452 2067 1615 2101 varietate
1637 2072 1861 2112 negociorum
1886 2079 2110 2113 ostendamus

1125 2122 1280 2149 nostram
1305 2117 1348 2149 de
1372 2116 1446 2150 Deo
1472 2119 1698 2161 sententiam,
1734 2131 1888 2158 nostram
1919 2129 2110 2170 professio-

1125 2178 1225 2207 nem,
1252 2173 1284 2200 et
1304 2174 1518 2210 praestemus
1535 2169 1780 2208 obedientiam.
1833 2174 1888 2209 Sit
1913 2177 2020 2219 igitur
2036 2181 2111 2223 pri-

1124 2229 1180 2250 ma
1198 2228 1280 2250 cura
1298 2216 1569 2260 Magistratuum
1585 2221 1756 2263 omnium,
1777 2231 1815 2257 ut
1836 2226 2022 2269 religiones
2040 2231 2111 2265 sint

1123 2279 1249 2312 purae,
1277 2267 1390 2301 luceat
1407 2268 1442 2300 in
1459 2268 1615 2312 imperiis
1633 2274 1837 2307 mandatum
1855 2277 1898 2309 de
1915 2280 2109 2314 consessio-

1124 2330 1180 2357 ne,
1200 2318 1294 2362 quod
1312 2325 1403 2352 certe
1418 2330 1490 2351 non
1509 2320 1621 2353 solum
1638 2323 1680 2355 ad
1698 2323 1851 2366 privatos
1866 2329 2026 2371 pertinet,
2049 2333 2109 2365 sed

1124 2369 1227 2403 etiam
1245 2369 1286 2401 ad
1303 2380 1457 2402 summos
1474 2370 1734 2413 gubernatores,
1757 2381 1796 2408 ut
1814 2389 1879 2410 vox
1897 2379 2053 2415 coelestis
2070 2383 2107 2415 in

1123 2419 1263 2453 Psalmo
1281 2425 1443 2452 testatur:
1470 2427 1502 2453 et
1519 2432 1612 2454 nunc
1629 2421 1743 2465 Reges
1760 2425 1960 2471 intelligite,
1987 2434 2107 2465 erudi—

1124 2469 1211 2502 mini
1227 2470 1288 2514 qui
1304 2470 1465 2503 iudicatis
1478 2477 1616 2505 terram.
1663 2472 1756 2507 llaec
1772 2487 1907 2521 semper
1922 2483 2106 2526 praecipua

1123 2532 1203 2554 cura
1222 2520 1288 2553 fuit
1302 2520 1439 2564 piorum
1456 2519 1681 2566 Principum,
1709 2526 1768 2569 qui
1787 2539 1882 2561 arma
1901 2542 1964 2573 pro
1984 2530 2105 2565 Eccle-

1123 2572 1171 2604 sia
1188 2569 1252 2604 Dei
1271 2571 1454 2613 gerebant,
1480 2579 1519 2605 ut
1541 2572 1668 2613 Moisi‚
1697 2574 1834 2618 losuae,
1860 2578 2023 2622 Davidis‚
2050 2582 2106 2614 lo-

1124 2619 1263 2666 sapbat‚
1286 2619 1467 2656 Ezechiae.
1520 2621 1655 2657 Horum
1674 2626 1840 2661 victoriae
1864 2641 1935 2663 non
1962 2643 2002 2663 eo
2025 2643 2105 2674 spe-

1124 2673 1280 2713 ctabant,
1305 2679 1343 2706 ut
1359 2672 1510 2716 populus
1526 2673 1562 2706 in
1578 2674 1654 2707 ocio
1671 2676 1907 2721 voluptatibus
1922 2681 2106 2721 frueretur,

1621 2725 1670 2759 28
