2338 2958
101 125 176 160 39⁷

599 120 761 159 DECL.
799 122 876 159 DE
903 121 1184 159 PRAEFAT.
1218 122 1274 157 IN
1307 122 1627 163 HOMERUM.

2062 129 2134 164 398

100 208 277 244 scribendi
292 207 490 241 facultatem
509 209 683 243 consumit
699 221 771 242 non
788 210 825 242 in
844 210 998 244 materiis
1012 208 1091 242 vul-
1116 213 1119 260 Ι
1146 205 1330 240 homiuum
1346 209 1486 242 iudiciis
1501 223 1537 244 ea
1553 209 1776 246 veliementer
1791 224 1879 257 opus
1894 211 2009 248 habet.
2042 213 2131 248 Cum

99 261 259 305 gat-ihus,
300 259 359 291 sed
393 255 667 303 philosophicis,
710 261 822 295 edidit
853 260 1088 294 eruditissima

97 313 273 356 poemata,
300 307 483 342 Aaeoliam
502 317 535 343 et
551 307 813 344 phaenomena.
867 310 1007 354 Quanta
1025 323 1088 343 an-

1116 261 1118 270 '
1143 259 1238 290 enim
1256 256 1339 292 llaec
1357 261 1563 294 admiranda
1579 263 1672 296 dona
1688 262 1754 296 Dei
1772 264 1951 297 literarum
1969 265 2131 300 videlicet

1143 315 1177 342 et
1204 306 1435 343 humanitatis
1463 313 1576 344 studia
1606 314 1724 347 animo
1754 316 1959 353 considero,
2003 316 2132 361 quibus

97 367 164 394 tem
190 360 301 393 virtus
327 366 393 401 est,
420 361 515 405 quod
542 357 632 395 hanc
656 373 754 395 suam
778 362 986 396 industriam
1004 373 1089 395 con—
1142 366 1220 402 post
1230 357 1607 404 ChristiEvaugelium
1628 363 1683 397 hic
1699 366 1794 399 orbis
1811 363 1901 398 nihil
1918 367 2131 410 praeclarius

94 411 162 445 fert
183 411 226 444 ad
251 410 428 455 publicam
448 411 655 453 utilitatem,
681 419 715 446 et
731 413 773 445 ad
792 413 944 446 iuvanda
962 412 1087 452 studia,

94 468 130 495 et
145 462 188 494 ad
206 462 403 495 ornandam
421 459 555 496 Christi
570 460 789 496 Ecclesiam?
815 462 865 497 Ac
884 475 928 496 ne
944 464 1084 508 quidem

95 511 135 545 in
159 512 302 546 caeteris
325 513 429 545 rebus
453 514 548 547 deest
574 514 648 546 eius
672 514 825 546 officium
845 510 1086 558 Reipublicael

93 561 182 598 Cum
202 564 389 607 prudentia
405 570 436 596 et
454 564 635 607 diligentia
653 564 812 604 excellat,
839 565 948 597 multa
967 565 1082 597 civilia

93 613 238 658 negocia
259 615 418 649 sustinet.
471 614 576 648 Hunc
602 621 634 648 et
653 615 688 647 in
714 615 930 648 instituenda
949 616 1083 648 studio-

92 677 173 698 rum
193 665 348 705 ratione,
371 672 404 699 et
420 664 457 697 in
473 666 629 698 moribus
651 665 862 699 imitandum
883 666 985 698 nobis
1001 679 1083 709 pro-

92 727 277 761 ponamus.
329 716 450 761 Neque
473 716 566 748 enim
594 716 712 749 minus
741 718 941 750 ornamenti
975 717 1084 750 literis

92 766 231 800 addidit
248 767 320 811 ipse
339 767 428 800 vitae
445 766 648 808 sanctitate,
676 780 780 812 quam
798 768 828 800 ei
852 768 985 811 peperit
1004 780 1082 801 eru—

93 817 194 851 ditio.
247 817 359 851 Porro
381 817 486 850 nimis
509 818 641 859 prolixa
660 819 777 851 sutura
797 826 883 852 esset
900 819 1030 859 oratio,
1055 819 1081 851 si

91 880 271 902 recensere
294 879 415 901 omnes
437 879 593 902 conarer.
647 868 765 911 Quare
791 877 823 903 et
846 870 874 902 si
903 877 1080 914 praetereo

92 925 257 957 caeteros,
285 926 400 952 tamen
419 918 537 951 auimo
556 919 680 953 tacitus
698 932 847 953 veneror
864 932 995 960 omneS,
1022 921 1080 965 qui

89 969 207 1014 aliqua
226 969 360 1013 egregia
378 970 506 1002 virtute
523 971 565 1002 de
591 967 776 1004 homiuum
796 971 863 1004 vita
892 979 923 1005 et
949 972 992 1004 de
1022 984 1081 1015 pa-

89 1019 156 1053 tria
172 1020 262 1054 bene
277 1021 392 1053 meriti
414 1027 506 1055 sunt.

191 1095 287 1129 Haec
312 1097 355 1129 de
369 1095 538 1129 Franciae
561 1096 726 1130 laudibus
743 1098 883 1141 collegi,
911 1095 1002 1130 nihil
1020 1099 1081 1130 de-

88 1144 233 1182 trahens
249 1148 292 1180 de
308 1147 455 1180 aliarum
474 1148 630 1189 gentium
647 1148 769 1191 gloria,
791 1161 897 1194 quare
915 1157 952 1183 ut
968 1161 1078 1181 meam

88 1199 283 1232 orationem
303 1198 388 1231 boni
411 1198 621 1239 consulatis,
649 1211 708 1231 vos
727 1199 830 1232 etiam
855 1207 959 1245 atque
976 1200 1078 1232 etiam

88 1262 164 1285 oro.
215 1247 436 1282 Existimabo
461 1256 575 1282 autem
595 1261 650 1281 me
672 1262 745 1282 non
771 1251 933 1293 exiguum
956 1262 1080 1293 operae

88 1300 245 1345 precium
274 1300 415 1339 fecisse,
462 1299 489 1332 si
519 1299 597 1344 quis
624 1297 708 1333 haec
736 1301 894 1334 encomia
923 1301 1079 1342 audieus,

87 1351 198 1394 magis
214 1351 343 1384 amabit
361 1349 545 1383 Francia-n
563 1350 618 1382 vel
635 1359 779 1395 propter
797 1359 947 1385 caeteras
968 1353 1077 1389 dotes,

86 1401 143 1435 vel
170 1401 251 1446 quia
281 1407 332 1434 tot
363 1401 496 1433 lumina
525 1401 708 1434 doctorum
735 1402 911 1441 virorum,
946 1402 1005 1447 qui
1036 1403 1078 1435 de

86 1452 252 1485 omnibus
268 1452 431 1494 gentibus
449 1452 534 1484 bene
551 1452 666 1485 meriti
682 1460 776 1493 sunt,
801 1453 930 1496 genuit.
968 1452 1076 1486 Cum-

85 1515 154 1548 que
173 1514 301 1535 nomen
315 1501 523 1535 Francicum
545 1502 647 1535 initio
665 1504 785 1537 multis
801 1506 964 1546 gentibus
981 1516 1076 1536 com-

85 1565 192 1587 mune
216 1553 342 1593 fuerit,
376 1550 443 1586 hae
467 1553 588 1586 laudes
610 1555 652 1585 ad
679 1554 763 1586 alias
787 1555 947 1587 nationes
971 1554 1074 1586 etiam

84 1604 201 1649 aliqua
226 1616 266 1637 ex
289 1610 386 1648 parte
409 1604 598 1647 pertinent.
651 1603 772 1649 Itaque
790 1612 892 1649 opto,
921 1612 957 1638 ut
980 1605 1074 1637 alant

84 1661 242 1688 mutuam
259 1654 351 1688 inter
365 1654 525 1687 nationes
543 1655 835 1695 benevolentiam,
863 1668 935 1688 non
953 1668 1074 1688 accen—

83 1705 170 1740 dant
197 1706 296 1745 odia,
323 1718 410 1750 quae
427 1707 556 1738 debent
579 1707 696 1738 abesse
718 1718 735 1739 a
755 1706 960 1745 Germanis,
988 1718 1075 1750 quus

82 1756 156 1801 ipsa
185 1756 373 1801 appellatio
405 1755 657 1789 Germzmitatis
691 1770 768 1789 cum
804 1759 844 1789 ad
876 1759 1073 1795 candorem,

82 1813 157 1842 tum
176 1809 219 1841 ad
237 1808 429 1841 fraternum
449 1820 602 1840 amorem
622 1805 841 1842 adhortatur.
895 1807 988 1842 Dixi.

871 2007 933 2045 (an.
951 2008 1031 2037 1:338
1041 2007 1072 2047 Ρ)

895 2053 1061 2065 Μ

62 2015 67 2018 ’
93 2003 160 2041 Nn.
183 2005 245 2041 53.

284 2102 497 2162 Praes'at.
531 2105 579 2144 in
606 2104 865 2146 Homerum.

150 2197 228 2229 Apud
250 2195 322 2220 Crat.
343 2195 412 2228 Myt.
439 2203 464 2228 p.
479 2193 528 2218 585
543 2203 616 2232 sipi..
650 2193 677 2217 in
699 2192 846 2218 Declamat.
871 2193 952 2220 '1‘,11,
980 2205 1005 2229 p,
1020 2195 1070 2225 31,y

183 2231 299 2255 servasi.
317 2229 349 2256 T.
365 2229 398 2254 ll.
419 2237 445 2262 p.
459 2229 502 2254 51.
522 2233 547 2253 et
567 2228 692 2253 Richard.
713 2228 745 2252 T.
762 2227 780 2252 l.
802 2238 825 2262 p.
843 2228 898 2254 135.

105 2308 307 2356 Praefatio
333 2312 372 2345 ἰη
394 2312 597 2343 Homerum
628 2310 725 2343 Viti
760 2308 1042 2346 Winsltemii.

79 2379 177 2422 Cum
197 2383 522 2428 interpretationem
542 2381 721 2416 Homerici
749 2384 919 2426 poematis
939 2397 1068 2428 paucos

79 2445 158 2483 post
184 2437 258 2470 dies
286 2435 528 2478 auspicaturus
561 2444 688 2473 essem,
725 2434 837 2466 visum
867 2441 916 2468 est
941 2432 1006 2469 hoc
1031 2437 1065 2471 in

78 2489 156 2522 loco
179 2500 253 2521 eam
282 2485 572 2530 praelectionem,
603 2491 707 2529 atque
730 2482 813 2534 liaec
841 2485 914 2528 ipsa
942 2488 1067 2528 studia,

79 2538 376 2577 adolescentibus,
401 2543 439 2569 ut
458 2547 606 2578 possem,
632 2535 790 2568 oratione
808 2539 1066 2571 commendare:

80 2591 186 2635 idque
208 2600 269 2632 ego
291 2596 360 2621 tam
385 2588 569 2620 commode
589 2597 644 2618 me
660 2586 770 2619 facere
788 2598 885 2629 posse
902 2589 1065 2631 optarim,

79 2653 205 2687 quam,
232 2646 269 2672 ut
294 2651 347 2672 res
368 2636 674 2672 commendatione
698 2637 901 2680 dignissima
925 2646 992 2680 est,
1019 2640 1064 2673 ita

79 2689 147 2726 hoc
169 2689 372 2736 praesertim
397 2698 571 2735 tempore,
602 2695 706 2733 atque
732 2688 769 2721 in
795 2695 865 2721 tam
891 2691 1064 2735 corruptis

1143 407 1263 449 habet,
1297 423 1360 443 nec
1386 411 1561 452 divinius,
1596 421 1629 447 et
1653 423 1773 449 contra
1801 425 1930 462 quanta
1955 418 2129 456 caecitate,

1141 473 1208 505 qua
1233 461 1460 504 prodigiosiS,
1489 470 1521 496 et
1547 464 1730 509 plusquam
1754 466 1954 500 Cimmeriis
1977 469 2129 501 tenebris

1141 511 1318 544 involutae
1345 512 1415 546 siut
1443 510 1628 546 bominum
1655 523 1804 555 mentes,
1833 531 1920 562 quae
1945 516 2029 551 haec
2046 531 2128 552 vera

1139 568 1171 595 et
1187 562 1335 595 maxima
1352 563 1442 595 bona
1461 565 1736 606 adspernantur,
1764 574 1865 615 atque
1885 569 2019 611 ingenti
2043 581 2128 602 con-

1139 613 1295 646 tentione
1311 625 1382 646 non
1399 617 1503 647 modo
1521 616 1705 656 deteriora,
1733 619 1792 650 sed
1812 619 1913 651 etiam
1934 620 2127 663 perniciosa

1138 670 1171 696 et
1190 663 1343 696 exitialia
1365 665 1432 697 sibi
1456 666 1555 709 ipsiS,
1581 667 1814 710 cupiditatum
1842 681 1983 702 suarum
2009 677 2042 704 et
2065 683 2127 704 vo-

1138 714 1311 757 luptatum
1338 715 1570 749 instrumenta
1596 725 1789 752 sectantur:
1826 719 1939 760 Haec,
1972 721 2127 766 inquam,

1137 777 1216 797 cum
1235 767 1327 809 apud
1348 766 1503 799 animum
1530 770 1706 811 expendo,
1734 767 1957 803 vehementer
1981 783 2126 805 conmo-

1138 828 1238 854 veor,
1274 817 1368 850 venit
1393 818 1486 850 enim
1511 816 1598 851 mihi
1624 819 1658 852 iu
1680 828 1854 860 mentem,
1889 834 1993 866 quarn
2020 823 2125 856 densa

1137 866 1296 909 caligine,
1323 880 1362 900 ac
1380 868 1475 901 velut
1490 876 1562 902 atra
1581 877 1681 903 nocte
1699 872 1906 905 circumfusa
1924 873 1994 905 sint
2009 871 2125 905 homi-

1137 929 1220 950 num
1239 919 1354 951 corda.
1408 918 1479 951 Nec
1496 921 1646 963 amplius
1665 922 1783 962 miror,
1811 923 1838 955 si
1859 924 1893 955 iu
1913 924 2015 956 rebus
2033 924 2126 956 divi-

1137 968 1190 1000 nis
1217 975 1248 1001 et
1272 980 1375 1012 supra
1401 977 1538 1013 captum
1564 969 1757 1004 humanum
1781 974 1902 1017 positis
1926 975 2125 1008 caecutiunt

1136 1016 1315 1059 homines,
1344 1031 1422 1052 cum
1448 1018 1530 1053 llaec
1554 1033 1614 1053 sua
1639 1031 1668 1056 et
1689 1024 1829 1067 quidem
1854 1025 1994 1068 propria
2022 1026 2124 1065 bona,

1135 1071 1176 1101 ad
1196 1082 1283 1113 quae
1301 1070 1472 1104 divinitus
1491 1073 1624 1105 conditi
1645 1081 1743 1113 sunt,
1771 1087 1860 1119 quae
1884 1087 2069 1117 agnoscere
2091 1084 2125 1110 et

1134 1121 1296 1163 amplecti
1323 1129 1501 1165 poteraut,
1537 1123 1580 1155 ita
1614 1125 1760 1166 pedibus
1787 1127 1989 1169 proculcare
2009 1128 2121 1159 video.

1136 1170 1344 1204 Proiicimus
1362 1170 1444 1204 haec
1462 1174 1575 1206 studia
1598 1171 1843 1214 humanitatis,
1871 1189 2004 1221 proque
2020 1179 2123 1221 nugis

1134 1234 1170 1253 ea
1190 1222 1360 1262 ducimus,
1389 1223 1517 1267 quibus
1537 1225 1593 1257 illa
1612 1238 1690 1268 pars
1710 1228 1832 1268 nostri,
1859 1240 1948 1272 quae
1965 1229 2037 1261 sola
2058 1227 2123 1261 lio-

1134 1272 1238 1304 minis
1264 1274 1535 1317 adpellationem
1561 1285 1732 1317 meretur,
1758 1290 1845 1322 quae
1868 1280 1909 1311 ad
1934 1279 2121 1321 imaginem

1132 1322 1196 1355 Dei
1214 1324 1255 1355 ad
1276 1324 1548 1358 immortalitatis
1566 1336 1596 1359 et
1616 1339 1715 1359 verae
1732 1335 1963 1374 aeternaeque
1988 1330 2122 1363 foelici-

1132 1373 1212 1406 tatis
1239 1375 1490 1417 possessionem
1515 1377 1654 1410 condita
1681 1385 1750 1419 est,
1777 1380 1885 1411 excoli
1903 1387 2005 1424 atque
2029 1381 2121 1413 exci-

1132 1425 1196 1456 tari
1222 1425 1390 1462 debebat,
1418 1438 1551 1470 proque
1574 1428 1634 1468 iis,
1668 1430 1784 1461 nescio
1811 1442 1896 1474 quas
1920 1432 2121 1474 praestigias

1130 1475 1282 1507 obiectas
1306 1488 1323 1507 a
1343 1476 1472 1509 Sataua
1495 1486 1527 1510 et
1549 1478 1669 1511 inanes
1692 1481 1834 1513 umbras
1856 1481 1979 1514 insano
2002 1494 2120 1515 caeco-

1130 1537 1197 1569 que
1215 1525 1346 1568 impetn
1364 1534 1614 1567 consectamur,
1642 1536 1673 1562 et
1690 1528 1783 1563 huuc
1803 1532 1910 1564 solem
1930 1530 2045 1566 adlinc
2063 1533 2120 1566 iu—

1129 1576 1219 1608 tueri
1245 1588 1316 1608 non
1336 1589 1548 1612 reveremur.
1602 1579 1757 1615 Abducit
1784 1582 1842 1614 ille
1866 1583 2029 1626 perennis
2051 1581 2119 1616 hu-

1130 1626 1224 1659 mani
1248 1627 1383 1670 generis
1403 1625 1511 1661 hostis
1532 1629 1668 1663 animos
1693 1638 1832 1665 nostros
1851 1634 2120 1679 quibuscunque

1129 1683 1240 1721 potest
1263 1678 1372 1717 dolis,
1403 1679 1446 1711 ab
1473 1680 1706 1714 admiratione
1732 1689 1764 1715 vt
1788 1696 1906 1716 amore
1926 1685 1998 1717 veri
2025 1686 2119 1725 boni,

1127 1728 1309 1772 specieque
1325 1729 1408 1761 salsa
1426 1731 1646 1774 praestringit
1666 1734 1795 1773 oculos,
1817 1741 1919 1779 atque
1938 1736 1983 1768 ita
1999 1748 2118 1768 occae-

1127 1787 1198 1818 cut,
1227 1787 1262 1811 nt
1289 1780 1430 1823 quidvis
1456 1781 1570 1823 potius
1594 1783 1772 1816 xidvauins
1797 1792 1827 1817 et
1854 1786 2117 1827 amplectamur,

1126 1842 1229 1873 quam
1265 1843 1353 1874 quae
1390 1832 1573 1875 praecipue
1611 1834 1727 1867 uidere
1761 1843 1793 1868 et
1821 1836 1982 1880 amplecti
2011 1838 2117 1870 debe-

1097 1906 1099 1912 .
1127 1882 1260 1914 b.·mms.

1227 1930 1435 1977 Acciditque
1460 1933 1572 1966 Musis
1595 1941 1626 1967 et
1653 1933 1706 1967 his
1728 1937 1852 1969 studiis
1875 1935 1938 1969 hoc
1959 1944 2115 1981 tempure

1126 1981 1160 2013 iu
1178 1984 1330 2022 mundo,
1369 1985 1462 2027 quud
1483 1984 1609 2017 Strabo
1635 1987 1773 2019 cuidam
1790 1985 2003 2032 cytharoedo
2030 1988 2115 2021 olim

1124 2033 1217 2075 apud
1255 2032 1385 2065 lassum
1422 2035 1586 2068 accidisse
1622 2046 1801 2070 memorat.
1855 2039 1925 2081 Qui
1962 2051 2040 2072 cum
2078 2039 2114 2071 in

1125 2080 1258 2116 theatro
1278 2084 1353 2116 eius
1373 2084 1437 2117 loci
1457 2088 1591 2119 erudite
1608 2100 1644 2119 ac
1660 2089 1812 2122 suaviter
1831 2096 1988 2128 caneret,
2013 2090 2115 2122 audi-

1123 2141 1269 2179 rentque
1288 2147 1366 2167 eum
1388 2135 1501 2174 tassii,
1528 2138 1643 2169 statim
1667 2146 1702 2172 ut
1729 2139 1901 2184 increpuit
1917 2140 2115 2174 tintinabu-

1124 2186 1215 2224 lum,
1249 2187 1343 2229 quod
1367 2187 1505 2227 signum
1534 2188 1603 2220 illis
1628 2197 1699 2222 crat
1725 2203 1853 2224 venum
1875 2192 2112 2235 expositorum

1123 2235 1283 2279 piscium,
1312 2237 1405 2269 illico
1425 2250 1545 2270 urrines
1561 2238 1772 2283 citharoedo
1790 2243 1921 2282 relicta,
1944 2244 1986 2275 ad
2004 2243 2113 2287 pisces

1122 2289 1286 2319 emendos
1312 2287 1436 2331 dilapsi
1463 2296 1562 2326 sunt,
1593 2298 1727 2333 practer
1748 2305 1858 2325 uuum
1882 2294 2112 2333 surdastrum,

1121 2337 1181 2382 qui
1201 2349 1278 2369 curu
1296 2350 1420 2370 sonum
1442 2339 1646 2373 tintiuabuli
1664 2343 1786 2376 auditu
1805 2356 1875 2376 non
1894 2345 2112 2388 percepisset,

1120 2389 1214 2420 solus
1230 2396 1452 2423 remanserat.
1490 2391 1543 2422 Ad
1562 2403 1639 2424 eum
1657 2392 1764 2435 igitur
1782 2406 1971 2427 conversus
1989 2393 2111 2440 cytha-

1120 2439 1261 2471 roedus:
1291 2438 1465 2478 Ollouu),
1494 2441 1627 2486 iuquit,
1655 2445 1780 2485 gratias
1797 2445 1858 2477 tibi
1874 2446 2031 2489 ingentes
2050 2443 2112 2478 lia-

1120 2490 1202 2529 beo,
1230 2502 1307 2521 cum
1328 2498 1470 2533 propter
1495 2491 1650 2525 Musicae
1670 2496 1845 2537 studium,
1874 2503 1947 2529 tum
1970 2504 2111 2541 propter

1121 2538 1288 2573 bonorem
1317 2553 1394 2583 erga
1421 2554 1493 2581 me,
1521 2546 1613 2587 qum}
1639 2558 1709 2578 nou
1734 2547 1822 2580 sicut
1847 2549 1969 2580 caeteri
1993 2547 2108 2580 statim

1119 2593 1159 2623 ad
1198 2592 1368 2634 crepitum
1400 2593 1603 2627 tintinabuli
1640 2597 1732 2629 foras
1771 2599 1943 2640 proimisti
1980 2606 2029 2637 tc,
2070 2604 2107 2630 ut

1119 2642 1226 2686 pisces
1244 2654 1386 2677 emeres.
1441 2643 1487 2676 At
1506 2644 1581 2678 ille:
1620 2647 1715 2689 Quid
1735 2649 1810 2681 ais?
1845 2661 1927 2680 num
1952 2649 2019 2680 iam
2037 2648 2107 2681 tin-

1117 2693 1316 2727 tinabulum
1342 2694 1484 2728 sonuit?
1537 2696 1610 2738 Qui
1635 2710 1712 2730 cum
1739 2699 1942 2731 affirmaret:
1972 2698 2018 2732 At
2044 2699 2106 2733 tibi
