2338 2958
153 133 225 167 631

162 220 229 253 tiae
244 229 323 252 suas
346 215 534 251 sententias
551 213 802 247 accommodat.
855 210 902 246 Ut
919 209 1071 245 Athenis
1091 211 1153 245 do-

164 282 228 303 nec
244 269 354 304 Solon
369 266 519 312 praefuit
540 264 684 303 civitati,
710 263 822 296 valuit
839 262 956 306 legum
971 262 1153 297 autoritas.

166 320 303 355 Romae
321 320 434 361 legum
460 315 656 348 reverentia
673 314 822 354 mansit,
849 314 961 347 donec
977 314 1157 357 Augustus

168 372 273 411 vixit,
307 371 362 402 sed
391 374 541 411 utroque
562 366 640 399 loco
664 365 761 398 brevi
791 372 869 409 post
893 365 1051 409 oppressi
1077 371 1159 398 sunt

170 423 262 456 cives
279 418 486 465 tyrannide,
512 423 543 450 et
558 417 650 460 leges
674 417 943 455 conticuerunt,
969 423 1010 450 ut
1028 415 1159 449 Solone

170 474 250 505 vixo
278 471 482 504 Pisistratus
508 467 625 512 rapuit
654 467 954 507 dominationem,
990 473 1068 511 post
1084 467 1160 500 Au—

170 530 308 567 gustum
350 532 430 553 mox
473 519 614 564 tyranni
659 519 795 564 aliquot
830 530 934 563 quam
972 518 1162 551 crudeliter

170 572 313 617 grassati
340 577 422 605 sunt
452 570 489 603 in
517 569 693 614 Rempub.
752 568 846 603 llaec
878 569 1034 613 exempla
1062 579 1162 612 saepe

170 630 313 657 movent
339 623 443 656 etiam
474 632 620 664 magnos
650 618 829 661 homines,
863 627 901 653 ut
925 626 985 653 aut
1012 619 1164 659 nullum,

170 682 230 709 aut
247 674 410 717 exiguum
425 684 526 705 nsum
543 683 614 705 esse
631 679 770 704 nostrae
787 671 967 704 doctrinae
987 670 1163 703 arbitren-

171 734 247 766 tur,
277 725 338 770 qui
355 724 496 769 quidem
513 723 646 756 dictum
664 722 752 755 illud
769 720 950 755 Ciceronis
966 721 1002 753 in
1021 732 1080 753 ore
1100 717 1164 753 ha-

169 779 270 811 bent:
309 775 405 809 Inter
423 786 518 808 arma
542 773 647 806 silent
670 773 771 815 leges.
826 771 964 805 Marius
987 772 1095 811 dixit,
1129 782 1164 804 se

171 829 287 871 legum
305 838 424 860 vocem
449 825 541 857 inter
565 824 705 856 classica
726 830 758 856 et
776 824 942 856 tubarum
963 834 1068 855 sonos
1091 834 1165 855 non

170 878 357 913 audivisse.
392 874 438 909 Et
453 875 696 921 Nazianzenus
714 875 756 907 de
774 873 911 907 lnliano
930 873 1063 919 inquit:
1093 872 1166 906 Vo-

171 932 344 964 luntatem
363 926 533 972 principis
552 938 624 959 csse
642 926 694 959 ius
712 937 784 958 non
802 925 982 969 seriptum.
1036 923 1084 958 Ut
1099 924 1165 967 igi—

172 989 230 1015 tur
253 981 326 1024 ipse
353 990 470 1011 meum
496 977 674 1017 animum,
701 984 733 1010 et
757 977 783 1009 si
807 988 894 1021 quos
909 976 1054 1009 sortasse
1080 975 1167 1007 alios

173 1031 396 1069 confirmem,
420 1029 570 1062 refiitare
593 1028 689 1060 illam
708 1028 1004 1071 vituperationem
1029 1033 1167 1059 nostrae

173 1082 355 1117 doctrinae
372 1079 520 1117 institui,
547 1085 579 1111 et
596 1079 777 1112 ostendam
797 1085 830 1111 et
845 1090 929 1116 esse,
958 1084 990 1111 et
1007 1078 1166 1110 futurum

175 1145 248 1168 esse
265 1144 367 1166 usum
387 1128 490 1164 liuius
509 1129 610 1169 artis,
635 1129 771 1163 etiamsi
794 1141 937 1171 magnae
954 1129 1108 1169 fuerunt,
1136 1134 1168 1160 et

174 1196 270 1218 nunc
288 1190 387 1223 sunt,
413 1188 446 1215 et
464 1181 669 1224 impendent
686 1181 774 1213 aliae
795 1192 910 1212 rerum
932 1177 1167 1212 humanarum

174 1235 403 1272 mutationes,
431 1244 494 1265 nec
518 1231 622 1264 nobis
645 1232 801 1264 studium
829 1230 1067 1263 abiiciendum
1086 1241 1169 1267 esse,

175 1287 235 1320 sed
252 1298 291 1318 eo
310 1283 419 1326 magis
438 1282 644 1320 colendum,
680 1289 718 1314 ut
735 1288 972 1316 conservetur.
1027 1280 1077 1313 Ac
1096 1280 1170 1324 pri-

174 1349 270 1370 mum
288 1334 542 1369 constituamus
559 1344 630 1365 csse
643 1339 752 1366 artem
766 1332 960 1376 politicam:
990 1331 1169 1364 nonenim

174 1390 301 1421 frustra
321 1385 416 1418 Deus
435 1384 565 1417 indidit
582 1382 746 1416 humanis
765 1383 943 1415 mentibus
958 1383 1049 1424 leges
1066 1389 1169 1415 natu-

176 1452 244 1474 rae.
300 1436 435 1470 Harum
455 1435 720 1478 explicationem
741 1434 851 1467 voluit
871 1441 985 1466 extare
1002 1434 1038 1465 in
1060 1433 1171 1467 literis

176 1497 208 1523 et
225 1487 465 1522 monumentis
482 1486 679 1529 sapientum
692 1513 701 1525 ,
730 1482 820 1518 lianc
839 1486 950 1518 voluit
967 1496 1040 1518 esse
1061 1485 1172 1528 impe-

175 1541 310 1574 riorum
329 1546 362 1573 et
382 1538 595 1571 iudiciorum
615 1537 782 1580 regulam,
810 1548 898 1580 qnae
916 1549 988 1569 non
1009 1543 1171 1580 propter-

176 1605 214 1625 ea
241 1588 331 1623 nihil
357 1596 426 1629 est,
460 1589 595 1622 etiamsi
614 1589 743 1621 multae
759 1587 845 1619 aliae
866 1599 919 1619 res
943 1587 1172 1630 gubernatio-

178 1655 258 1675 nem
282 1640 530 1674 interturbant.
574 1637 619 1672 [Tt
636 1649 690 1670 ars
709 1638 842 1670 medica
864 1650 943 1670 vera
972 1645 1021 1671 est
1040 1637 1171 1669 divini-

177 1701 234 1727 tus
257 1692 404 1731 tradita,
435 1697 469 1723 et
499 1689 660 1722 salutaris
686 1686 841 1721 humano
866 1689 1004 1730 generi,
1039 1687 1171 1721 etiamsi
1197 1691 1199 1698 ⁴

178 1756 325 1787 corpora
351 1739 504 1774 liumana
528 1753 600 1773 non
627 1747 763 1773 tantum
791 1740 943 1771 medicae
965 1739 1048 1772 artis
1074 1751 1174 1782 prae-

179 1795 286 1839 ceptis
303 1799 484 1835 reguntur,
504 1792 562 1824 sed
581 1803 680 1834 saepe
699 1789 857 1829 occultis,
877 1797 937 1823 aut
952 1790 1077 1823 subitis
1094 1802 1175 1822 cau-

180 1847 225 1879 sis
243 1846 442 1881 laeduntur,
467 1855 554 1887 quae
571 1841 748 1886 provideri
768 1853 838 1873 non
858 1847 1022 1885 possunt:
1047 1841 1091 1873 ita
1109 1853 1175 1873 no—
1199 1848 1201 1881 ζ
1229 1840 1418 1879 Aristidae,
1436 1837 1608 1874 Cimonis,
1627 1844 1658 1869 et
1673 1837 1823 1869 aliorum
1840 1834 2068 1870 honestorum
2082 1838 2224 1871 civium.

180 1905 250 1931 stra
279 1908 333 1929 ars
356 1907 436 1927 vera
459 1901 530 1935 est,
559 1893 731 1926 divinitus
752 1899 944 1925 monstrata
968 1892 1086 1935 generi
1109 1889 1175 1924 lm-

181 1960 308 1985 mano,
343 1952 376 1979 et
403 1945 584 1983 salutaris,
621 1943 754 1977 etiamsi
792 1943 879 1976 aliae
907 1955 960 1976 res
991 1944 1176 1982 accedunt,

181 2011 268 2045 quae
286 1996 376 2030 lianc
391 1995 597 2040 sapientiam
619 2006 718 2037 saepe
737 1994 947 2038 reprimunt.
1002 1993 1176 2027 Laceran-

182 2060 241 2085 tur
257 2048 402 2093 imperia
422 2047 599 2080 interdum
619 2045 785 2079 fatalibus
801 2045 944 2088 poenis,
969 2045 1022 2078 xel
1043 2044 1175 2077 diaboli

182 2103 300 2135 surore
324 2107 355 2133 et
380 2106 612 2144 tyrannorum
631 2096 898 2141 cupiditatibus:
940 2097 1029 2130 cedit
1049 2095 1178 2129 talibus

184 2151 403 2195 temporibus
420 2148 588 2192 sapientia
606 2147 757 2192 politica.

288 2201 385 2243 Quid
403 2200 496 2233 enim
515 2199 580 2232 loci
597 2206 669 2233 erat
686 2199 789 2231 lionis
806 2198 907 2238 viris,
936 2211 1014 2232 cum
1035 2198 1177 2239 triginta

187 2253 327 2298 tyranni
354 2257 513 2285 tenerent
535 2248 714 2283 Athenas?
751 2247 794 2283 Et
819 2250 900 2294 quia
920 2261 1021 2293 saepe
1040 2249 1179 2281 violen—

187 2305 233 2338 tia
254 2303 477 2340 dominatur,
505 2309 537 2335 et
558 2301 689 2334 multae
714 2301 866 2334 existunt
893 2301 1028 2334 subitae
1055 2307 1087 2334 et
1114 2301 1179 2332 im-

189 2355 348 2399 provisae
366 2352 587 2393 minatione-s,
615 2350 780 2396 Epicurei
799 2359 920 2395 putant
940 2364 992 2384 res
1008 2349 1180 2384 humanas

190 2418 269 2439 casu
307 2405 405 2442 ferri,
440 2411 470 2437 et
507 2411 642 2438 tantum
673 2416 847 2448 quemque
881 2404 1041 2436 obtinere
1071 2414 1181 2446 posse,

190 2463 360 2501 quantum
381 2455 466 2487 xalvt
494 2455 660 2498 potentia.
717 2455 783 2487 Sed
807 2467 889 2495 uos,
919 2456 977 2499 qui
1006 2454 1039 2486 in
1060 2452 1180 2487 Eccle-

190 2508 240 2541 sia
259 2506 322 2540 Dei
343 2506 503 2544 instituti,
529 2513 622 2538 certo
639 2506 767 2538 scimus
785 2504 896 2538 Deum
915 2518 986 2537 esse
1008 2506 1180 2548 inspecto-

192 2571 264 2592 rem
281 2564 311 2591 et
335 2557 484 2590 iudicem
504 2556 654 2589 onim-tsi
679 2557 814 2597 generis
840 2554 1005 2596 liumatii,
1033 2557 1181 2588 sei.nnus

193 2609 336 2653 imperia
358 2621 468 2652 nequ·-
486 2608 589 2644 oriri,
620 2621 730 2651 neque
750 2607 892 2640 interire
909 2620 1000 2642 casu.
1044 2606 1181 2640 Deinde

1087 2657 1129 2692 Et
1154 2658 1179 2690 si

192 2711 343 2744 concutit
373 2709 466 2743 Deus
490 2717 545 2743 ant
577 2710 697 2742 exertit
728 2710 887 2753 imperia,
918 2718 1031 2743 tamen
1061 2708 1179 2743 livete-

193 2659 256 2694 liac
276 2672 339 2693 nos
359 2658 597 2691 consolatione
617 2659 766 2691 maxime
790 2666 1032 2691 sustenteums.

714 124 876 160 DECL.
925 123 998 160 DE
1031 123 1369 160 DlGNITA'I'E
1407 122 1632 162 LEGUM.

2127 127 2203 164 632

1206 210 1293 245 siam
1315 223 1414 245 suam
1436 222 1511 245 non
1536 210 1621 244 sinit
1644 210 1808 244 funditus
1826 212 1957 255 deleri,
1984 219 2016 247 et
2035 210 2139 253 haec,
2164 219 2204 246 ut

1207 269 1364 303 maneat,
1399 262 1459 295 dat
1482 259 1634 306 hospitia
1644 277 1664 301 ,-
1686 270 1869 296 conservat
1890 264 2089 305 connubia,
2121 274 2222 308 pro—⁷

1208 314 1434 352 creationem,
1461 311 1720 353 educationem,
1745 318 1957 356 contractus,
1983 315 2113 355 literas,
2140 315 2205 347 do-

1209 365 1358 398 ctrinam
1374 365 1418 397 de
1434 363 1532 397 coelo
1550 363 1734 396 traditam:
1762 374 1835 396 esse
1859 363 1967 407 igitur
1983 372 2101 400 coetus
2119 365 2207 408 legi-

1209 417 1276 449 bus
1294 415 1431 448 iunctos
1448 425 1588 447 necesse
1601 413 1678 447 erit.
1732 412 1853 456 Quare
1868 414 2004 448 etiamsi
2021 417 2131 450 multa
2149 416 2207 448 in-

1211 467 1334 500 cidunt
1357 473 1535 510 tempora,
1568 464 1699 510 quibus
1723 464 1866 508 politica
1890 466 2060 509 sapientia
2082 478 2206 511 parum

1212 516 1315 551 habet
1339 517 1425 557 loci,
1451 522 1490 549 ut
1512 516 1550 548 in
1569 515 1781 548 saevissimis
1801 517 2064 559 tempestatibus
2081 525 2208 551 nautae

1213 569 1315 613 periti
1336 568 1542 607 vincuntur,
1575 573 1694 599 tamen
1712 567 1824 599 donec
1843 567 1910 600 erit
1925 565 2103 609 Ecclesia,
2128 580 2207 602 coe-

1213 628 1268 654 tus
1291 625 1394 652 erunt
1419 618 1555 661 legibus
1580 617 1714 657 iuncti,
1741 614 1806 650 hos
1828 617 1857 650 si
1878 625 2039 660 regerent
2063 618 2210 659 indocti,

1214 672 1289 704 sine
1312 677 1405 703 certo
1432 669 1526 709 iure,
1552 669 1627 701 sine
1653 667 1765 701 literis
1789 674 1821 701 et
1844 668 2062 709 eruditione,
2089 669 2210 714 quales

1214 722 1380 756 tenebrae
1400 727 1514 753 essent
1533 718 1648 752 vitae’?
1675 717 1727 751 Ac
1743 720 1848 752 redeo
1866 719 1908 752 ad
1928 721 2084 764 exempla
2107 731 2210 765 supe-

1217 773 1321 806 riora.
1375 770 1486 805 Solon
1504 770 1596 813 leges
1614 769 1763 803 tradidit
1782 768 1920 803 Atticae
1938 770 2092 809 civitati,
2121 782 2211 816 quae

1216 822 1352 857 etiamsi
1376 834 1449 855 non
1471 821 1691 855 sustulerunt
1715 820 1835 853 omnia
1852 821 1959 861 vitia,
1985 827 2103 855 tamen
2126 833 2213 855 con-

1216 881 1347 908 tractus
1365 880 1398 907 et
1414 872 1544 906 iudicia
1564 871 1715 916 quadam
1734 868 1955 906 humanitate
1973 879 2151 911 rexerunt,
2179 879 2213 905 et

1218 925 1417 959 voluntates
1443 923 1573 956 civium
1595 921 1868 956 coniunxerunt.
1924 921 1990 956 His
2018 923 2154 967 legibus
2168 924 2213 956 ad

1217 976 1381 1011 Romana
1399 981 1556 1018 tempora
1580 972 1683 1006 annis
1701 972 1780 1016 plus
1796 973 1998 1017 quingentis
2014 975 2136 1008 civitas
2150 985 2212 1008 usa

1219 1034 1279 1061 est.
1313 1025 1391 1060 Etsi
1407 1032 1522 1059 autem
1541 1024 1673 1057 interea
1692 1023 1776 1057 urbs
1792 1023 1885 1057 bello
1906 1023 2044 1058 Persico
2072 1025 2214 1058 incensa

1219 1085 1251 1112 et
1267 1078 1378 1111 deleta
1397 1082 1468 1117 est,
1494 1087 1572 1109 cuin
1589 1075 1682 1108 cives
1702 1081 1815 1108 essent
1833 1074 1870 1107 in
1889 1075 2052 1117 navibus,
2077 1081 2112 1109 et
2127 1087 2216 1110 uxo-

1219 1141 1273 1162 res
1297 1137 1331 1162 et
1355 1128 1486 1160 liberos
1508 1125 1726 1159 abdidissent
1748 1125 1841 1159 inter
1858 1126 2022 1169 scopulos
2045 1127 2216 1166 marinos,

1220 1188 1336 1213 tamen
1362 1191 1433 1211 uon
1460 1183 1642 1222 propterea
1660 1175 1804 1210 Solonis
1826 1176 1917 1219 leges
1935 1177 2079 1211 fuerunt
2103 1177 2216 1211 inuti-

1220 1232 1269 1263 les
1281 1257 1289 1270 ,
1317 1241 1406 1274 quae
1423 1236 1455 1262 et
1472 1234 1573 1261 antea
1588 1227 1625 1259 in
1644 1238 1727 1271 pace
1744 1227 2038 1272 tranquillitatem
2059 1228 2217 1261 retinue-

1220 1288 1318 1322 rant,
1343 1287 1374 1313 et
1395 1280 1577 1324 aliquanto
1602 1283 1699 1321 post,
1725 1288 1848 1310 rursus
1870 1278 2068 1312 instaurant
2093 1279 2218 1312 civita·

1222 1340 1302 1366 tem.
1356 1330 1426 1364 Nec
1445 1330 1531 1362 illud
1551 1328 1651 1362 urbis
1676 1328 1900 1369 incendium,
1926 1329 1989 1363 etsi
2009 1329 2143 1373 ligneas
2164 1337 2218 1364 ta-

1221 1383 1323 1416 bulas
1346 1379 1584 1424 consumpsit,
1625 1385 1810 1423 propterea
1836 1379 1928 1423 leges
1951 1379 2068 1413 delere
2092 1380 2220 1425 potuit,

1223 1446 1311 1479 quae
1330 1433 1453 1466 infixae
1471 1430 1598 1464 animis
1615 1430 1744 1463 civium
1761 1437 1836 1463 tum
1853 1431 2004 1464 maxime
2020 1431 2220 1466 valuerunt.

1223 1485 1298 1518 Hac
1323 1483 1509 1527 disciplina
1533 1481 1686 1515 instituti
1715 1481 1827 1520 cives,
1859 1489 1989 1515 norant
2017 1482 2222 1515 barbaricos

1226 1547 1338 1569 mores
1356 1547 1428 1568 non
1450 1545 1522 1567 esse
1549 1532 1808 1571 admittendos,
1831 1538 1960 1565 norant
1978 1533 2220 1566 dimicandum

1225 1599 1297 1620 esse
1327 1584 1526 1619 coniunctis
1549 1583 1684 1616 viribus
1716 1595 1779 1626 pro
1803 1583 2009 1617 defensioue
2037 1584 2222 1624 libertatis,

1225 1636 1291 1671 hoc
1307 1643 1377 1677 est,
1403 1634 1611 1678 disciplinae
1629 1641 1661 1667 et
1682 1630 1821 1666 honesti
1846 1640 1974 1674 status,
2001 1642 2033 1668 et
2058 1635 2105 1668 ob
2129 1632 2221 1668 hanc

1226 1700 1364 1721 cansam
1382 1686 1520 1720 omissis
1536 1684 1682 1728 privatis
1699 1684 1968 1725 certaminibus,
1994 1685 2222 1719 concordiam

1198 1764 1200 1775 ,
1227 1740 1319 1772 iuter
1345 1749 1380 1771 se
1414 1737 1623 1774 tuebantur,
1661 1735 1825 1768 extabant
1855 1735 1964 1778 leges,
1998 1742 2033 1770 et
2061 1736 2222 1781 qnotidie

1227 1801 1346 1822 earum
1361 1788 1518 1831 exempla
1534 1787 1781 1830 spectabantur
1797 1787 1833 1818 in
1850 1787 1949 1819 factis
1959 1783 2224 1828 Themistoclis,

1231 1891 1281 1926 lta
1306 1903 1384 1924 cum
1405 1889 1519 1924 Roma
1544 1900 1562 1921 a
1581 1887 1697 1921 Gallis
1720 1894 1920 1931 caperetur,
1948 1900 2020 1921 non
2040 1895 2224 1933 propterea

1230 1942 1386 1986 Respub.
1402 1941 1514 1973 deleta
1533 1945 1603 1979 est,
1631 1939 1767 1972 etiamsi
1787 1939 1942 1973 aedilicia
1960 1939 2101 1973 incensa
2119 1946 2223 1974 sunt:

1231 1993 1358 2026 mansit
1383 1992 1475 2024 enim
1504 1991 1614 2023 virtus
1638 1997 1671 2023 et
1693 1989 1880 2034 disciplina
1897 1989 2028 2023 civium
2053 2002 2072 2024 a
2090 1991 2121 2024 le
2145 1990 2225 2024 ibus

1230 2052 1318 2078 orta.
1348 2043 1442 2076 llaec
1454 2041 1630 2087 praesidio
1641 2047 1674 2074 et
1691 2040 1794 2074 saluti
1811 2047 1892 2074 sunt
1908 2040 2060 2074 civibus:
2088 2048 2119 2075 et
2158 2041 2225 2074 msi

1232 2095 1324 2129 Nero
1351 2093 1606 2139 aliquantisper
1636 2091 1859 2125 latrocinium
1886 2091 1980 2125 inter
2005 2091 2098 2125 cives
2127 2104 2226 2126 exer—

1232 2147 1302 2180 cuit
1316 2174 1324 2185 ,
1351 2158 1389 2179 ac
1405 2144 1580 2189 oppressis
1595 2143 1729 2187 legibus
1746 2143 1850 2176 etiam
1870 2141 2125 2177 Iurisconsulto
2139 2141 2225 2178 Cas-

1232 2199 1282 2230 sio
1302 2197 1464 2240 Longino
1481 2195 1602 2228 oculos
1625 2194 1761 2227 effodit:
1790 2193 1925 2227 etiamsi
1944 2192 2134 2228 Bassianus
2155 2194 2227 2228 fra-

1204 2257 1284 2294 ²tre
1324 2255 1463 2287 necato,
1507 2246 1611 2280 etiam
1652 2244 1884 2289 Papinianum
1931 2243 2226 2279 liirisconsulturn

1235 2301 1412 2333 nolentem
1431 2303 1627 2343 praetextus
1647 2297 1776 2339 fingere
1795 2297 1838 2329 ad
1859 2297 2095 2330 excusandum
2113 2295 2227 2340 parri-

1234 2352 1364 2383 cidium
1386 2348 1570 2385 interfecit,
1598 2354 1715 2381 tamen
1734 2360 1804 2380 non
1825 2353 2006 2391 propterea
2026 2347 2063 2381 in
2082 2347 2227 2381 uuiver-

1234 2415 1309 2435 sum
1328 2402 1461 2435 deletae
1477 2406 1574 2434 eraut
1592 2398 1692 2441 leges.
1746 2397 1797 2431 Ne
1821 2398 1982 2431 funditus
2005 2398 2134 2443 periret
2160 2396 2227 2431 lm·-

1206 2491 1207 2497 ἵ
1236 2466 1379 2486 manum
1415 2464 1543 2495 genus,
1584 2448 1679 2483 Deus
1706 2447 1821 2483 adlmc
1855 2449 2038 2493 politicum
2065 2448 2226 2481 ordinem

1235 2506 1324 2546 apud
1346 2504 1482 2549 aliquos
1498 2502 1681 2540 tuebatur,
1709 2508 1809 2535 erant
1825 2500 1955 2534 alicubi
1974 2500 2010 2534 in
2035 2499 2228 2544 provinciis

1239 2556 1464 2599 Magistratus
1490 2554 1700 2591 mediocres,
1732 2552 1792 2597 qui
1818 2552 1932 2595 legum
1957 2562 2076 2583 vocem
2104 2550 2229 2583 audie·—

1238 2609 1330 2639 liant.
1386 2606 1464 2639 Nou
1482 2605 1672 2638 amittenda
1692 2611 1740 2637 est
1767 2603 1873 2645 igitur
1888 2601 2071 2634 ‹lorti-inae
2095 2602 2229 2645 profes-

1237 2659 1308 2692 sio,
1342 2657 1474 2690 etiamsi
1502 2663 1557 2690 aut
1584 2655 1693 2692 lnella.
1724 2661 1781 2687 aut
1799 2653 2002 2699 tyrannides
2017 2652 2228 2698 aliquantis-

1238 2722 1298 2753 per
1323 2710 1395 2742 eius
1420 2721 1521 2741 usum
1548 2706 1759 2751 impediunt:
1791 2705 1860 2737 imo
1883 2705 1972 2737 bona
1998 2704 2137 2747 ingenia
2160 2701 2226 2737 ltoc

2312 2759 2331 2958 ’av—⁶<
