2338 2958
579 137 742 176 DECL.

222 226 266 260 In
282 223 338 259 his
348 224 432 269 ipsis
448 225 734 260 contentionibus
744 233 878 261 norunt
890 224 1004 260 adbuc
1014 226 1109 259 mul-

123 275 151 310 ti
166 289 240 310 non
255 277 369 310 solum
386 276 604 319 vigilantiam
616 277 787 312 Friderici
798 304 807 318 ,
835 278 893 311 sed
910 277 1015 311 etiam
1031 288 1106 309 mo-

123 327 339 361 derationem
364 326 492 368 animi,
527 333 560 361 et
577 328 807 361 constantiam
825 328 863 360 in
880 328 1011 372 optima
1028 338 1109 360 sen-

121 378 230 411 tentia
246 377 469 410 excellentem
484 377 607 418 fuisse,
633 377 671 411 in
689 390 756 423 qua
781 378 854 412 eius
870 379 1008 412 animus
1022 377 1108 411 alie-

121 427 288 460 nissimus
308 427 376 462 fuit
397 428 442 461 ab
458 427 669 467 ambitione,
696 435 729 462 et
745 429 788 462 ab
805 429 971 462 omnibus
989 428 1107 472 priva-

119 477 165 510 tis
195 477 462 522 cupiditatibuS,
496 489 534 511 ac
558 485 693 512 tantum
722 479 869 513 salutem
895 478 1106 513 Germaniae

119 527 296 571 publicam
310 528 487 572 spectavit.
541 527 664 562 Postea
683 529 785 562 etiam
803 542 883 562 cum
901 529 938 561 in
957 528 1105 562 Germa-

119 577 216 612 niam
237 578 387 612 venisset
404 577 572 619 Carolus,
597 585 637 613 ut
658 591 723 623 pax
744 586 776 613 et
793 579 978 613 concordia
1001 579 1105 622 prin-

118 627 237 672 cipum
270 629 557 670 constitueretur,
591 640 735 673 magnos
760 629 898 663 labores
928 629 1106 670 sustinuit,

118 678 248 723 quibus
264 685 298 712 et
311 679 468 723 corporis
485 679 576 712 vires
591 679 628 712 in
645 691 685 713 eo
701 680 935 723 languefactae
952 686 1044 714 sunt.

218 727 291 762 Nec
314 729 389 762 leve
407 741 568 762 curarum
588 736 621 763 et
637 730 915 764 sollicitudinum
934 730 1105 764 iudicium

116 778 262 813 fuerunt
286 779 403 812 morbi
425 779 548 823 ipsius.
606 777 681 813 Etsi
706 781 800 813 enim
818 781 942 814 calculi
958 780 1104 814 saevicia

118 830 187 863 orti
202 842 221 863 a
239 829 383 863 renibus
398 829 570 863 extinctus
596 837 666 871 est,
694 837 809 864 tamen
829 838 860 865 et
879 832 1017 864 dolores
1039 828 1104 875 hy-

116 877 357 924 pochondrios
373 890 519 922 magnos
539 877 684 921 habuit,
709 893 816 926 quare
839 882 966 914 medici
988 888 1104 925 postea

116 930 272 974 splenem
290 930 516 973 contemplati
543 930 695 975 lapidem
715 932 753 964 in
776 932 851 975 ipso
868 932 987 976 splene
1006 932 1105 964 inve—

115 987 246 1014 nerunt
264 980 431 1013 maiorem
448 981 587 1023 glande.

216 1029 264 1064 Ut
281 1037 396 1064 autem
412 1029 496 1064 haec
508 1031 617 1075 ipsius
633 1037 790 1065 senectus
805 1031 906 1076 plena
919 1032 987 1066 suit
1003 1044 1104 1066 cura-

114 1092 196 1114 rum
211 1086 244 1114 et
267 1080 428 1114 laborum
445 1088 588 1124 propter
604 1080 813 1122 Ecclesiam,
837 1089 870 1115 et
888 1079 993 1115 buius
1012 1082 1103 1115 Ger-

113 1131 244 1164 manici
271 1130 409 1174 imperii
435 1131 572 1174 negotia
598 1131 707 1164 multa
739 1138 771 1165 et
794 1143 936 1174 magna,
968 1132 1015 1165 ita
1041 1133 1104 1165 do-

115 1181 257 1215 mestica
280 1181 350 1214 vita
373 1181 440 1214 fuit
467 1181 570 1224 plena
599 1178 826 1215 honestorum
853 1182 1103 1226 exemplorum.

115 1230 158 1264 In
180 1231 258 1265 aula
279 1230 419 1263 adsidui
443 1232 588 1264 aderant
612 1231 679 1264 viri
705 1231 910 1265 excellentes
933 1232 1102 1276 sapientia

114 1289 148 1316 et
164 1281 294 1315 virtute
303 1279 480 1314 Fabianus
491 1293 508 1314 a
521 1278 687 1314 Feilitsch
698 1308 707 1321 ,
730 1280 931 1316 Fridericus
949 1294 967 1315 a
979 1280 1101 1323 Thun,

113 1330 348 1371 Einsidelius,
387 1329 562 1365 lohannes
595 1343 613 1364 a
646 1331 875 1373 Minckwitz,
908 1332 1103 1373 Pontanus,

113 1393 214 1426 saepe
238 1387 272 1414 et
297 1379 538 1426 Hieronymus
564 1379 710 1415 Schurff
735 1388 767 1414 et
793 1382 853 1414 alii
878 1384 1102 1416 accerseban-

113 1439 182 1466 tur.
233 1430 390 1476 Eratque
414 1432 600 1465 consilium
626 1433 711 1472 tale,
737 1433 831 1477 quod
853 1445 978 1475 magno
993 1444 1100 1476 reguo

112 1482 235 1516 fuisset
273 1489 494 1517 ornamento.
566 1480 656 1515 Cum
699 1481 753 1515 bis
789 1482 873 1516 viris
914 1484 1100 1517 familiaria

113 1539 215 1567 erant
244 1532 437 1576 colloquia,
471 1534 515 1566 de
550 1532 722 1575 religione
752 1539 785 1566 et
822 1534 865 1566 de
902 1535 1101 1577 republica,

111 1582 216 1627 plena
243 1582 451 1626 prudentiae
478 1590 511 1618 et
534 1583 762 1624 eruditionis,
797 1590 831 1617 et
855 1584 997 1618 condita
1019 1595 1101 1618 sua-

111 1633 218 1668 vitate
239 1644 386 1666 summa.

211 1680 326 1717 Erant
351 1682 444 1715 enim
470 1682 507 1715 in
535 1682 715 1716 Friderico
739 1695 817 1716 cum
842 1684 930 1717 aliae
955 1684 1100 1718 virtutes

110 1733 242 1767 multae
265 1744 304 1766 ac
326 1744 491 1776 magnae,
527 1734 713 1777 prudentia
739 1746 843 1778 quam
869 1734 973 1767 etiam
990 1734 1100 1767 literis

112 1790 145 1817 et
163 1782 349 1827 colloquiis
364 1782 562 1826 sapientum
583 1783 714 1821 alebat,
741 1784 896 1824 iusticia,
923 1796 1022 1817 amor
1038 1796 1099 1817 ve-

111 1832 243 1873 ritatis,
268 1832 353 1865 fides
369 1831 405 1864 in
424 1833 549 1875 pactis,
574 1833 767 1866 constantia
782 1834 819 1866 in
838 1834 941 1867 bonis
958 1840 1098 1867 senten·

110 1882 187 1921 tiiS,
219 1881 466 1922 beneficentia,
499 1889 574 1915 tum
592 1894 673 1915 vero
691 1883 795 1916 etiam
817 1883 1004 1926 singularis
1021 1895 1099 1916 mou

111 1932 246 1966 deratio
270 1938 304 1965 et
327 1931 490 1973 comitas,
522 1932 659 1977 qualem
684 1932 720 1965 in
738 1931 836 1965 Lelio
862 1939 894 1966 et
915 1933 952 1966 in
975 1928 1097 1976 Augu-

110 1989 164 2017 sto
180 1982 397 2027 praedicant.

212 2032 264 2066 Ac
285 2038 324 2065 ut
349 2038 449 2065 vetus
472 2030 621 2075 scriptor
647 2030 764 2076 inquit
789 2032 831 2064 de
851 2033 981 2075 gratia,
1009 2046 1097 2079 quae

109 2083 264 2117 actiones
274 2079 446 2116 humanas
460 2093 580 2114 omnes
598 2081 723 2115 eximie
734 2088 850 2115 ornat:
873 2081 894 2128 ἡ
910 2080 1032 2117 πάντα
1050 2085 1096 2118 τὰ

110 2129 334 2177 ἀνθρώπινα
356 2131 605 2175 ἐπικοσμοῦσα
624 2128 749 2177 χάρις,
785 2129 874 2165 hauc
890 2134 1094 2168 suavitatem

110 2183 276 2216 omnibus
308 2182 532 2216 sermonibus
565 2188 669 2227 atque
704 2182 900 2216 actionibus
921 2185 1096 2226 miscebat,

109 2245 214 2279 quam
246 2233 350 2266 etiam
376 2232 528 2266 eruditio
551 2233 709 2275 augebat.
778 2232 970 2268 Curaverat
1001 2236 1094 2269 enim

108 2284 177 2317 sibi
192 2282 361 2328 perscribi
378 2282 553 2326 epitomen
577 2282 804 2316 historiarum
816 2309 825 2323 ‚
852 2284 889 2316 in
906 2297 974 2329 qua
991 2287 1095 2319 series

109 2340 184 2368 erat
201 2333 362 2367 omnium
385 2339 583 2377 temporum
608 2340 641 2367 et
658 2330 963 2376 monarchiarum,
990 2349 1094 2381 quam

109 2383 156 2417 ita
171 2383 207 2416 in
226 2389 412 2428 conspectu
431 2380 576 2424 habeat,
601 2391 641 2417 ut
665 2384 702 2416 in
725 2384 937 2427 gravissimis
960 2387 1095 2421 delibe-

109 2433 323 2474 rationibus,
361 2445 462 2477 saepe
494 2433 578 2466 iude
604 2435 760 2478 exempla
792 2435 962 2469 recitaret.
1024 2436 1094 2471 Nec

108 2495 192 2518 raro
201 2485 348 2522 dicebat,
375 2495 493 2517 senon
512 2490 648 2518 tantum
664 2485 854 2528 voluptatis
869 2497 969 2520 causa
984 2485 1095 2522 bisto-

108 2534 178 2567 rias
194 2535 307 2578 legere
318 2561 327 2575 ,
353 2534 412 2567 sed
430 2545 566 2567 sumere
582 2535 663 2567 inde
680 2536 723 2568 de
741 2536 862 2569 multis
877 2537 982 2571 rebus
998 2551 1094 2571 com-

107 2585 401 2625 monefactiones,
425 2591 457 2618 et
473 2584 708 2627 coguitionem
727 2597 846 2618 earum
864 2589 1093 2623 necessariam

108 2646 201 2675 esse,
226 2647 298 2668 non
315 2635 428 2668 solum
444 2635 754 2678 gubernatoribus,
780 2638 840 2670 sed
861 2638 965 2672 etiam
982 2647 1092 2674 caete·-

107 2685 156 2719 ris
172 2683 377 2720 bominibus
391 2686 568 2723 omnibus,

124 141 198 177 969

782 138 856 176 DE
890 138 1226 177 FRIDERICO
1259 138 1410 176 DUCE
1443 139 1561 175 SAX.
1595 138 1678 177 EL.

2073 143 2146 179 970

1260 224 1426 259 Vidimus
1442 225 1507 270 ipsi
1525 238 1631 259 manu
1649 225 1725 259 eius
1744 224 1888 270 scriptas
1905 229 2092 263 sententias
2111 230 2145 263 in

1157 275 1275 320 parvis
1305 276 1467 320 pagellis,
1499 288 1583 321 quas
1613 277 1777 310 adfixerat
1802 277 2012 321 parietibus,
2047 287 2083 313 ut
2109 281 2144 313 in

1158 333 1344 370 conspectu
1360 333 1490 367 essent,
1518 328 1559 360 de
1576 327 1683 360 animi
1701 327 1959 369 moderatione,
1984 330 2146 363 videlicet

1157 373 1224 409 hoc
1246 376 1397 410 Senecae
1427 377 1575 410 dictum:
1610 375 1709 410 Nihil
1735 389 1919 419 magnum,
1954 380 2048 424 quod
2074 392 2145 413 nou

1156 433 1206 459 est
1222 426 1413 470 placidum.
1461 425 1508 461 Et
1531 425 1596 461 hoc
1619 426 1815 460 Plutarchi:
1845 428 1892 463 Ut
1908 428 1968 463 Sol
1988 442 2066 463 cum
2085 442 2146 463 ve—

1155 477 1210 510 nit
1232 477 1270 509 in
1293 488 1471 509 summum
1494 477 1670 520 fastigium
1695 479 1826 511 tardius
1851 479 2001 518 incedit,
2037 480 2084 514 ita
2108 481 2144 513 in

1154 538 1290 560 summa
1313 533 1483 570 potestate
1508 527 1707 562 contantius
1729 535 1762 561 et
1786 529 2000 563 moderatius
2026 531 2144 564 omnia

1155 578 1289 620 agenda
1307 587 1391 611 csse.

1253 626 1391 661 Sciebat
1401 624 1491 660 nibil
1504 632 1573 660 tam
1589 638 1660 660 esse
1676 624 1814 660 bomini
1830 629 2012 667 familiare,
2038 642 2142 674 quam

1155 674 1364 710 hallucinari
1387 684 1420 711 et
1442 688 1570 710 errare.
1630 676 1711 711 Ideo
1735 690 1894 712 normam
1915 680 2142 713 consiliorum

1154 728 1295 762 volebat
1316 739 1388 761 esse
1413 727 1599 772 praecipue
1617 727 1726 771 legem
1747 727 1832 769 Dei,
1859 729 1987 762 deinde
2009 736 2041 763 et
2057 730 2143 763 alia-

1153 790 1233 811 rum
1249 778 1365 822 legum
1381 790 1518 819 vocem,
1545 789 1634 823 quae
1651 779 1848 822 sapientum
1867 780 2140 822 gubernatorum

1153 828 1285 862 iudicio
1306 835 1463 873 receptae
1493 835 1593 867 sunt,
1628 836 1661 862 et
1687 841 1744 862 eos
1772 829 1833 874 qui
1857 841 1936 863 suas
1958 830 2143 873 opiniones

1153 879 1304 912 nimium
1321 880 1502 918 amabant,
1531 891 1603 911 non
1620 879 1802 923 probabat.
1857 879 1968 913 Valde
1987 880 2093 923 igitur
2109 887 2143 913 et

1154 927 1218 962 hac
1233 930 1404 963 sententia
1422 929 1678 969 delectabatur,
1704 941 1783 962 cum
1802 930 1891 963 sorte
1912 942 1987 963 eam
2005 931 2041 962 in
2058 929 2142 963 Plu-

1153 977 1266 1013 tarchi
1292 979 1421 1024 scripto
1453 980 1606 1023 legisset,
1646 991 1734 1024 quae
1758 980 1928 1014 tribuitur
1948 979 2141 1015 Simonidi:

1153 1030 1274 1075 opinio
1293 1030 1365 1062 vim
1384 1031 1497 1063 adfert
1512 1030 1674 1068 veritati,

1298 1077 1334 1108 τὸ
1358 1078 1457 1109 δοκεῖν
1478 1075 1614 1116 βιάζεται
1637 1076 1694 1117 τὴν
1717 1076 1876 1118 ἀλήθειαν.

1253 1129 1326 1163 Nec
1342 1131 1441 1164 rudis
1459 1137 1532 1163 erat
1555 1130 1735 1163 doctrinae
1754 1131 1797 1163 de
1812 1130 1965 1164 motibus
1982 1131 2140 1164 coelesti-

1152 1179 1234 1221 bus,
1268 1180 1366 1213 cuius
1391 1180 1561 1213 didicerat
1586 1180 1756 1214 elementa
1788 1193 1806 1213 a
1832 1181 1970 1214 medico
1995 1181 2141 1215 Meller-

1152 1230 1286 1269 stadio‚
1319 1230 1380 1275 qui
1402 1230 1433 1263 ei
1459 1231 1541 1263 inde
1564 1241 1674 1275 usque
1694 1231 1739 1264 ab
1762 1231 1993 1265 adolescentia
2015 1232 2057 1265 ad
2085 1243 2140 1265 se-

1151 1287 1287 1314 nectam
1302 1281 1596 1314 familiarissimus
1614 1280 1699 1322 suit,
1726 1287 1758 1314 et
1775 1292 1891 1314 comes
1912 1282 2023 1314 suerat
2042 1295 2141 1326 pere-

1151 1330 1360 1374 grinationis
1375 1331 1412 1363 in
1432 1330 1678 1366 Palaestinam.

1252 1380 1357 1414 Scitis
1379 1381 1554 1414 veteribus
1578 1381 1718 1424 regibus
1743 1389 1776 1416 et
1799 1381 1947 1415 ducibus
1970 1381 2138 1415 usitatum

1150 1430 1307 1464 studium
1339 1431 1445 1464 fuisse
1484 1431 1569 1464 artis
1605 1432 1780 1473 medicae,
1821 1438 1860 1465 ut
1895 1433 1938 1465 de
1970 1430 2139 1472 Chirone,

1151 1478 1311 1522 Achille,
1346 1479 1548 1514 Alexandro
1573 1482 1730 1524 legimns.
1790 1482 1842 1516 Ita
1873 1489 1907 1516 et
1938 1481 2140 1516 Fridericus

1151 1531 1305 1565 studiose
1333 1531 1458 1565 didicit
1482 1543 1500 1565 a
1532 1531 1743 1565 doctissimis
1773 1533 1858 1566 viris
1881 1531 2137 1573 Mellerstadio,

1152 1589 1185 1615 et
1199 1581 1372 1623 Pistorio,
1399 1582 1484 1616 artis
1506 1582 1661 1615 medicae
1684 1582 1817 1621 fontes,
1852 1594 1972 1616 causas
1992 1583 2138 1616 morbo-

1151 1644 1230 1665 rum
1242 1639 1274 1665 et
1290 1632 1456 1668 remedia.
1498 1631 1612 1665 Multa
1628 1632 1730 1665 etiam
1744 1633 1979 1677 experimenta
1991 1645 2009 1666 a
2021 1632 2138 1666 Maxi-

1151 1682 1298 1715 miliano
1314 1683 1437 1715 eteius
1457 1682 1601 1715 medicis
1615 1682 1757 1726 accepit.
1812 1682 1933 1728 Itaque
1949 1683 2140 1728 quotannis

1151 1733 1260 1765 multa
1279 1733 1432 1766 remedia
1459 1744 1519 1765 sua
1538 1745 1643 1765 manu
1663 1733 1870 1776 adparabat,
1897 1745 2047 1778 cumque
2066 1734 2138 1766 xir-

1151 1789 1258 1816 tutem
1283 1783 1442 1826 principe
1458 1783 1600 1825 dignam
1617 1793 1689 1815 esse
1715 1783 1817 1816 sciret
1832 1781 2016 1817 hominum
2035 1783 2138 1818 saluti

1151 1844 1252 1875 opem
1276 1833 1384 1870 serre,
1416 1833 1567 1865 officiose
1591 1833 1697 1866 dabat
1719 1834 1871 1866 remedia
1900 1834 2082 1867 nobilibus
2105 1841 2138 1868 et

1151 1882 1379 1924 ignobilibus.
1432 1881 1588 1915 Vulnera
1607 1889 1640 1916 et
1656 1883 1824 1916 tabefacta
1843 1885 1999 1917 membra
2018 1884 2138 1927 siugu-

1150 1932 1216 1964 lari
1233 1932 1420 1966 foelicitate
1434 1933 1595 1973 curabat,
1620 1945 1768 1977 quarum
1787 1934 2061 1968 medicationum
2082 1935 2137 1967 iu—

1149 1982 1261 2026 signia
1282 1983 1437 2026 exempla
1459 1983 1603 2016 recitare
1623 1995 1814 2026 possemus.

1250 2032 1441 2066 Postremis
1465 2046 1547 2066 vero
1569 2033 1690 2073 annis,
1723 2046 1801 2067 cum
1836 2045 1956 2067 rursus
1977 2032 2137 2078 Evange-

1149 2083 1237 2116 lium
1256 2083 1471 2117 illucesceret
1491 2081 1544 2116 bis
1562 2084 1784 2126 regionibus,
1813 2092 1982 2129 quantum
2001 2092 2136 2129 tempo-

1148 2134 1197 2167 ris
1227 2134 1392 2167 suffurari
1420 2134 1573 2177 negociis
1605 2134 1871 2177 gubernationis
1904 2142 2057 2179 poterat,
2100 2137 2134 2168 id

1148 2184 1291 2217 lectioni
1315 2184 1516 2217 divinorum
1542 2185 1714 2217 librorum
1733 2191 1764 2218 et
1782 2186 1919 2228 piarum
1944 2187 2136 2219 enarratio-

1148 2246 1234 2266 num
1258 2234 1457 2276 tribuebat,
1489 2235 1618 2279 quibus
1643 2241 1675 2268 et
1693 2236 1833 2268 erudire
1854 2247 1889 2268 se
1911 2243 1944 2269 et
1961 2237 2003 2269 ad
2020 2248 2136 2270 veram

1147 2285 1405 2318 invocationem
1423 2285 1566 2318 accendi
1581 2285 1797 2318 adfirmabat.
1849 2285 1901 2319 Ac
1917 2297 2016 2330 saepe
2032 2287 2068 2320 in
2086 2287 2136 2319 sa-

1147 2335 1345 2368 miliaribus
1363 2335 1584 2368 sermonibus
1602 2335 1761 2368 tenebras
1779 2334 1955 2369 Ecclesiae
1972 2337 2135 2381 deplora-

1147 2386 1226 2426 bat,
1251 2386 1406 2430 adeoque
1433 2386 1553 2419 dextre
1576 2385 1790 2419 diiudicabat
1813 2387 2052 2420 doctrinarum
2077 2400 2135 2430 ge-

1148 2447 1251 2476 nera,
1285 2444 1324 2469 ut
1349 2437 1531 2479 adpareret
1554 2436 1645 2469 serio
1668 2448 1746 2469 eum
1772 2436 1954 2470 intendere
1982 2444 2133 2470 mentem

1147 2487 1183 2519 in
1204 2484 1327 2520 barum
1344 2486 1573 2519 maximarum
1590 2499 1706 2519 rerum
1724 2487 2051 2522 considerationem.

1247 2535 1407 2582 Cumque
1431 2544 1556 2570 natura
1579 2537 1694 2580 gravis
1720 2544 1753 2570 et
1784 2539 2013 2583 pauciloquus
2036 2544 2134 2577 esset,

1145 2594 1179 2621 et
1195 2599 1318 2631 parum
1337 2588 1365 2619 ei
1384 2589 1587 2621 concederet
1604 2588 1704 2621 vacui
1723 2588 1889 2632 temporis
1909 2588 2045 2631 respub.
2071 2599 2132 2620 ne-

1145 2650 1320 2683 quaquam
1336 2638 1576 2672 delectabatur
1593 2639 1738 2671 curiosis
1757 2645 1789 2671 et
1806 2639 1992 2671 inutilibus
2010 2638 2132 2681 dispu-

1144 2689 1355 2728 tationibus,
1378 2689 1414 2721 in
1432 2689 1560 2734 quibus
1577 2689 1718 2723 videbat
1733 2689 1861 2722 multos
1877 2688 2059 2722 ambitiose
2076 2690 2131 2721 in-
