2338 2958
98 143 169 179 341

97 280 125 315 ti
153 277 236 312 haec
259 278 382 310 verba:
425 275 561 321 Hospes
581 277 749 320 ingratuS.
803 275 918 309 'l'anta
943 281 1086 308 naturae

97 329 151 364 vis
167 335 227 367 est,
250 336 289 362 ut
307 339 412 361 nemo
428 334 497 361 tam
516 328 628 361 ferreo
645 328 764 361 animo
783 326 838 368 sit,
865 327 924 372 qui
941 325 1086 359 audiens

95 378 187 415 hanc
220 377 423 419 historiam,
459 391 531 412 nou
567 380 669 412 valde
701 379 827 423 probet
860 377 1084 410 iustissimam

95 428 255 474 Philippi
278 430 498 464 sententiam.
553 429 735 473 Quantum
760 435 876 462 autem
907 429 1086 472 prodesset

94 479 348 525 Reipublicae,
384 479 451 514 hoc
471 482 578 514 modo
604 487 741 514 notatos
764 491 836 513 esse
861 477 1085 512 scholasticos

95 532 273 576 ingratos,
307 543 365 565 eos
398 532 584 572 videlicet,
623 531 681 576 qui
718 531 760 564 ad
792 530 1083 574 ingratitudinem

94 579 361 618 etiam'addunt
388 583 623 626 impietatem,
649 581 711 626 qui
737 593 861 614 nocere
883 586 1084 625 praecepto-

94 634 212 674 ribus,
236 641 269 668 et
287 634 372 679 ipsis
392 634 519 667 studiis
541 633 698 677 cupiunt.
751 631 827 665 Hos
850 631 1007 676 oportuit
1023 631 1084 664 sti—

96 685 223 730 gmatis
239 692 377 719 notatos
393 696 476 723 esse,
504 685 585 729 quia
603 684 633 716 si
649 690 940 726 agnoscerentur,
967 682 1084 715 minus

96 748 223 770 nocere
238 743 388 781 possent.
440 733 516 779 Ego
533 747 615 768 vero
636 734 788 778 optarim
814 734 886 767 illis
907 734 1010 767 etiam
1028 733 1083 765 in-

96 787 209 832 sculpi
225 787 388 821 cuculum
406 786 443 818 in
456 785 584 825 fronte,
609 786 836 819 devorantem
852 797 949 818 suam
968 784 1084 817 nutri-

96 850 183 872 cem.
231 838 303 872 -Sed
335 848 538 883 quanquam
567 834 624 870 hic
655 843 788 869 cessant
820 837 931 879 leges,
967 842 1083 869 tamen

94 887 192 922 Deus
217 889 358 922 tandem
385 888 434 921 eis
456 888 615 931 stigmata
641 887 769 927 inurit,
803 899 891 932 quae
912 892 1085 920 testantur

95 940 215 985 quales
248 940 392 974 fuerint.
461 938 620 982 Cogitate
660 939 768 981 igitur
802 944 972 983 quantum
1010 936 1084 970 Deo

95 990 275 1035 displiceat
300 989 536 1033 ingratitudo,
564 1002 668 1035 quam
693 990 737 1022 sit
760 989 904 1032 indigna
930 986 1086 1028 homine,

95 1053 201 1086 quam
226 1041 369 1074 inimica
403 1041 468 1076 toti
500 1048 664 1079 naturae,
695 1053 798 1085 quam
823 1040 957 1083 turpis,
990 1040 1082 1083 quod

95 1092 267 1126 divinitus
294 1093 398 1125 etiam
431 1092 615 1136 puniatur;
650 1090 803 1136 denique
827 1092 921 1136 quod
946 1089 1086 1134 Reipu—

94 1143 208 1177 blicae
224 1150 365 1184 noceat,
393 1155 471 1176 cum
490 1143 638 1186 ingrati,
665 1142 748 1175 odio
769 1139 968 1181 hominum,
996 1147 1086 1174 artes

95 1194 199 1228 etiam
218 1195 332 1227 odisse
347 1201 379 1227 et
401 1206 560 1238 premere
576 1193 766 1237 incipiunt.
819 1192 914 1225 Haec
938 1192 966 1225 si
984 1191 1087 1225 vobis

95 1256 196 1290 saepe
220 1245 432 1285 subiicietis,
457 1245 653 1278 excitabitis
676 1244 813 1277 animos
831 1245 874 1276 ad
902 1243 1085 1286 gratitudi-

94 1308 176 1330 nem
204 1303 237 1330 et
265 1297 308 1329 ad
330 1296 512 1329 colendam
538 1307 759 1329 communem
782 1295 1087 1339 tranquillitatem.

95 1345 152 1380 Ad
169 1345 254 1380 haec
271 1347 384 1380 officia
403 1346 656 1379 assuefaciendi
672 1353 753 1379 sunt
771 1345 892 1378 animi.
950 1345 1031 1378 Ideo
1051 1345 1086 1376 iu

97 1396 227 1431 scholis
256 1404 289 1430 et
321 1397 358 1430 in
391 1395 447 1430 his
478 1397 620 1441 optimis
648 1397 773 1430 studiis
801 1395 1008 1435 versamini,
1049 1401 1086 1427 ut

96 1460 211 1482 mores
228 1448 332 1481 vestri
350 1449 434 1482 fiant
450 1449 630 1488 meliores,
656 1454 696 1481 ut
713 1454 803 1480 artes
826 1447 1027 1491 profuturas
1045 1447 1085 1478 ad

96 1499 344 1533 illustrandam
363 1499 510 1542 gloriam
527 1498 612 1539 Dei,
635 1505 669 1532 et
684 1499 727 1531 ad
745 1499 911 1531 tuendam
929 1508 1088 1530 commu-

97 1562 179 1584 nem
201 1550 402 1584 societatem
420 1550 521 1583 vobis
547 1549 691 1594 paretis,
718 1561 790 1582 non
811 1555 850 1582 ut
871 1547 1012 1581 discatis
1032 1559 1089 1592 sy-

98 1599 341 1646 cophanticam
378 1601 574 1634 nocituram
609 1600 712 1632 bonis
746 1599 832 1632 viris
868 1606 902 1632 et
936 1598 1089 1642 Reipub.

98 1651 215 1696 Quam
241 1659 328 1685 tetra
352 1652 466 1695 imago
489 1658 539 1685 est
572 1651 658 1684 civis
684 1651 776 1695 apud
804 1647 1089 1689 Demosthenem,

98 1715 178 1737 cum
196 1703 308 1747 pingit
326 1702 624 1746 Aristogitonem,
651 1702 927 1735 circumeuntem
951 1701 988 1733 in
1013 1700 1088 1733 foro

99 1761 133 1788 et
150 1754 349 1787 vibrantem
376 1754 549 1798 spiculum
574 1765 635 1786 seu
659 1759 810 1786 exertam
835 1753 1000 1791 caudam,
1027 1763 1087 1784 ceu

98 1805 276 1850 scorpium
317 1805 478 1838 insidiari
522 1804 678 1844 civibus,
726 1810 758 1837 et
802 1803 1089 1846 circumspectare

99 1868 204 1901 quem
238 1856 360 1895 feriat,
401 1868 503 1901 quem
540 1855 656 1900 aliqua
692 1853 867 1887 calumnia
904 1854 1089 1897 opprimat,

100 1907 228 1940 deinde
245 1906 305 1952 qui
324 1919 402 1939 cum
423 1906 521 1938 nullo
545 1906 620 1939 cive
636 1905 744 1937 ullius
762 1905 869 1937 officii
893 1904 1088 1937 societatem

100 1955 246 1998 habeat,
277 1959 335 1990 sed
369 1969 447 1990 cum
479 1957 549 1989 illis
574 1956 688 1996 vivat,
723 1966 811 2000 quos
834 1956 924 1998 apud
960 1954 1090 1987 inferos

100 2009 201 2042 aiunt
215 2008 366 2041 assidere
383 2008 513 2052 impiis,
534 2007 695 2040 videlicet
715 2018 793 2039 cum
813 2005 968 2048 invidia,
990 2005 1090 2038 furiis

101 2067 135 2094 et
159 2060 237 2093 aliis
262 2060 429 2103 pestibus.
482 2059 532 2092 Ita
552 2058 716 2091 describit
737 2054 991 2090 Demosthenes
1007 2054 1088 2089 Ari-

102 2111 324 2153 stogitonem.
369 2109 465 2153 Quid
484 2116 598 2143 autem
615 2108 765 2141 alienius
782 2119 853 2141 csse
871 2109 975 2141 debet
991 2119 1090 2151 prae-

102 2161 220 2195 sertim
247 2162 291 2195 ab
317 2159 460 2194 homine
487 2162 608 2199 docto,
638 2159 799 2192 instituto
823 2159 865 2191 ad
891 2156 1091 2192 humanita-

103 2219 191 2253 tem,
226 2219 258 2246 et
284 2212 384 2246 cuius
403 2224 518 2245 mores
544 2218 577 2244 et
601 2210 753 2243 eruditio
774 2211 904 2243 debent
930 2211 1091 2253 prodesse
1118 2216 1119 2222 ¹

103 2262 258 2306 Reipub.
284 2263 389 2296 cuius
414 2269 485 2296 tota
513 2263 581 2295 vita
614 2262 715 2294 dehet
743 2273 814 2293 csse
843 2258 1039 2305 κοινωνικὴ
1061 2268 1091 2293 et

103 2314 206 2359 plena
225 2314 342 2353 officii,
367 2325 471 2358 quam
492 2313 556 2347 isto
573 2311 824 2355 Aristogitonis
841 2323 936 2344 more
953 2311 1094 2345 vivere?

103 2365 163 2410 qui
189 2364 331 2410 quidem
358 2364 522 2408 proprius
545 2370 594 2397 est
616 2360 932 2409 sycophantarum,
958 2363 1019 2407 qui
1045 2363 1092 2396 ir-

105 2423 214 2450 ruunt
230 2416 266 2448 in
285 2416 375 2449 bene
388 2415 541 2449 meritos.

206 2466 297 2500 Cum
326 2473 441 2500 autem
475 2463 564 2499 mibi
600 2465 742 2510 quidem
782 2463 998 2508 impossibile
1032 2465 1121 2503 511,ἶ

106 2517 386 2561 magnitudinem
403 2514 509 2550 huius
526 2528 647 2549 causae
667 2527 814 2560 aequare
834 2515 996 2555 dicendo,
1022 2528 1092 2549 non

106 2568 204 2602 volui
223 2581 294 2602 esse
311 2568 492 2613 prolixior.
538 2565 584 2601 Et
601 2573 718 2600 tamen
736 2564 819 2599 haec
837 2572 1018 2610 praecepta
1038 2567 1094 2599 in-

109 2620 248 2653 terdum
274 2620 481 2653 inculcanda
504 2626 586 2653 sunt
604 2618 902 2657 adolescentibus,
929 2624 960 2650 et
977 2624 1094 2651 osten-

108 2671 284 2711 dendum,
324 2677 453 2715 quanta
485 2670 530 2704 sit
557 2669 723 2702 vitiorum
755 2669 950 2712 turpitudo.
1013 2667 1095 2701 Ideo

762 135 920 174 DECL.
958 135 1031 172 DE
1067 135 1139 171 AR
1156 135 1461 175 ISTOTELE.

97 232 312 267 exautorato,
329 224 492 270 stigmata
510 224 678 266 inureret,
698 225 974 270 inscribet-etque
988 222 1088 256 fron-
1109 223 1114 251 1

1120 2408 1121 2413 1
1149 2365 1195 2397 les
1224 2362 1350 2396 intueri
1375 2362 1489 2399 viros,
1524 2361 1560 2393 in
1586 2362 1715 2406 quibus
1740 2363 1831 2395 lucet
1855 2361 2001 2405 egregia.

2050 139 2130 177 342

1804 223 1869 259 Est
1896 225 1989 259 enim
2023 226 2128 259 etiam

1443 277 1722 321 qualemcunque
1759 287 1900 321 operam
1933 274 2128 315 honestam,

1139 235 1228 268 quae
1259 229 1298 256 ut
1331 223 1417 256 boni
1451 225 1643 258 consulatis
1669 238 1744 260 oro,

1138 274 1227 317 grati
1264 274 1390 315 animi,

1109 355 1114 360 .
1139 325 1298 370 publicae
1317 325 1478 361 utilitatis
1495 338 1594 361 causa
1612 336 1818 374 susceptam,
1838 329 2000 373 probare.
2035 326 2128 360 Dixi.

1139 480 1202 514 No.
1219 479 1278 514 47.

1141 530 1270 540 Μ

1956 495 2003 514 an.
2024 484 2116 514 1537.

1952 528 2121 540 Μ

1443 564 1517 604 De
1553 563 1818 604 Aristotele.

1207 644 1311 669 Prodiit
1333 643 1490 678 separatim:
1523 643 1620 669 Oratio
1642 644 1674 668 de
1693 643 1742 667 vita
1763 643 1918 668 Aristotelis
1943 643 2014 670 1537.
2047 643 2070 668 8.
2095 657 2129 662 -

1242 679 1345 704 liecusa
1371 679 1440 711 apud
1459 679 1532 705 Crat.
1547 678 1614 703 Mil.
1641 688 1665 709 p.
1682 679 1730 702 ί280
1748 687 1820 711 sqq.,
1855 678 1880 702 in
1898 678 2023 702 Declam.
2049 677 2079 702 T.
2097 677 2130 703 ll.

1240 724 1267 781 g.
1279 713 1355 773 ξέἓη
1387 714 1412 738 iu
1430 714 1548 739 Seri-est.
1570 712 1602 738 T.
1620 712 1650 737 ll.
1672 722 1696 746 pt
1712 712 1769 738 370.
1785 718 1812 737 et
1828 711 1898 746 apud
1917 712 2040 738 Richant.
2060 712 2093 740 Τ,
2110 712 2131 739 Ι,

1139 823 1267 855 oratio
1290 818 1338 852 de
1364 820 1440 852 vita
1458 817 1691 860 Aristotelis,
1728 817 1831 851 dicta
1850 819 1889 851 in
1904 819 2131 860 promotione

1201 873 1341 917 sslayis!
1348 881 1471 903 rorum
1492 880 1514 902 α
1532 867 1630 902 Phil.
1646 869 1732 902 Mel.
1751 870 1859 902 MD.
1870 870 2035 902 XXXVI
2039 870 2067 902 Ι.

1139 934 1360 984 Frequentia
1386 945 1499 970 vestra
1518 936 1554 968 in
1570 933 1633 968 hac
1649 949 1774 980 pompa
1793 936 2024 980 promotionis
2043 933 2130 967 inihi

1142 990 1354 1035 periucunda
1373 994 1432 1026 est,
1456 994 1581 1019 etcum
1601 987 1716 1019 officio
1733 994 1847 1020 vestro
1865 988 2028 1025 delector,
2055 993 2129 1019 tum

1140 1053 1222 1074 vero
1252 1040 1364 1085 probo
1391 1038 1581 1078 iudicium,
1615 1039 1708 1082 quod
1733 1038 1934 1080 significatis
1961 1049 2021 1069 vos
2043 1037 2132 1070 hene

1141 1092 1269 1126 sentire
1292 1092 1334 1123 de
1359 1088 1425 1122 hoc
1450 1089 1592 1133 publico
1616 1101 1731 1128 more,
1771 1089 1806 1121 in
1832 1101 1919 1133 quo,
1962 1088 2023 1121 etsi
2047 1086 2131 1121 haec

1142 1155 1267 1188 pompa
1291 1139 1397 1174 habet
1421 1141 1522 1173 ludos
1547 1140 1714 1184 quosdam
1736 1140 1903 1183 pueriles,
1930 1146 2046 1172 tamen
2064 1139 2131 1172 sci-

1142 1195 1185 1228 tis
1209 1193 1414 1237 gravissimo
1433 1191 1580 1224 consilio
1600 1192 1726 1234 gradus
1744 1191 1834 1235 ipsos
1853 1191 2031 1224 institutos
2047 1201 2133 1227 esse,

1143 1253 1180 1279 ut
1195 1246 1284 1277 ordo
1302 1244 1337 1276 in
1358 1244 1524 1276 discendo
1540 1242 1855 1286 praescriberetur,
1881 1249 1913 1274 et
1929 1242 2132 1274 adolescen-

1143 1305 1192 1330 tes
1222 1297 1263 1328 ad
1294 1301 1422 1327 certam
1456 1294 1654 1326 studiorum
1685 1293 1857 1326 rationem
1883 1293 2133 1326 invitarentur.

1142 1347 1244 1381 Certe
1271 1347 1373 1378 nobis
1400 1346 1436 1376 in
1465 1342 1530 1376 hac
1554 1342 1682 1376 Schola
1707 1355 1772 1377 usu
1796 1344 1914 1381 venit,
1948 1350 1986 1375 ut
2011 1341 2046 1375 hi
2071 1342 2131 1387 qui

1143 1399 1289 1441 gradum
1321 1402 1459 1440 petunt,
1499 1394 1702 1437 diligentius
1723 1406 1758 1428 se
1782 1391 2034 1438 Philosophiae
2059 1400 2133 1426 stu-

1143 1449 1210 1482 diis
1233 1449 1382 1486 dedant,
1409 1458 1483 1479 eam
1509 1446 1554 1478 ob
1578 1458 1714 1478 causam
1733 1447 1860 1489 gradus
1880 1445 2031 1478 libenter
2048 1456 2134 1477 con-

1142 1509 1332 1532 servamus,
1386 1496 1523 1530 Deinde
1546 1496 1657 1529 animi
1678 1503 1728 1529 cst
1752 1509 1824 1529 non
1845 1493 2070 1529 abhorrentis
2090 1496 2134 1527 ab

1145 1548 1380 1588 humanitate,
1425 1545 1515 1579 hanc
1551 1545 1775 1580 harmoniam
1819 1547 2003 1583 ordinum,
2045 1557 2135 1591 quae

1144 1600 1284 1646 quidem
1308 1598 1461 1642 Reipub.
1494 1597 1596 1630 etiam
1628 1598 1797 1631 maximas
1829 1598 1999 1631 utilitates
2026 1597 2136 1637 affert,

1146 1651 1377 1694 magnifacere
1403 1656 1435 1681 et
1458 1661 1585 1683 amare.
1656 1648 1838 1682 Postremo
1865 1648 1948 1693 quid
1974 1646 2039 1680 hac
2061 1648 2134 1691 ipsa

1145 1701 1274 1735 horum
1307 1712 1529 1734 consessuum
1562 1699 1763 1733 celebritate
1788 1697 1972 1744 pulchrius
1997 1705 2063 1737 est,
2099 1699 2135 1731 in

1144 1754 1273 1798 quibus
1290 1750 1451 1785 homines
1466 1751 1629 1794 ingeniiS‚
1657 1751 1818 1783 doctrina
1835 1757 1868 1784 et
1885 1750 2015 1783 virtute
2033 1762 2135 1793 prae-

1144 1811 1273 1838 stantes
1294 1802 1530 1840 conveniunt,
1564 1808 1603 1834 ut
1625 1802 1771 1835 audiant
1796 1802 1832 1834 in
1856 1801 1985 1846 quibus
2010 1800 2136 1834 studiis

1145 1861 1301 1888 versetur
1324 1853 1510 1893 iuventus,
1545 1864 1632 1897 quos
1653 1853 1756 1886 saciat
1780 1864 1980 1896 processus,
2009 1851 2135 1884 iuven-

1146 1914 1199 1940 tus
1224 1906 1438 1938 admonetur
1462 1905 1504 1937 de
1529 1904 1650 1936 multis
1676 1904 1810 1947 magnis
1834 1904 1958 1942 rebus,
1987 1914 2134 1948 quarum

1145 1957 1298 2000 cognitio
1325 1956 1364 1987 ad
1391 1956 1497 1989 vitam
1521 1954 1708 1987 utilissima
1732 1963 1792 1989 est.
1848 1954 1982 2000 Si'vludi
2003 1953 2136 1996 gladia-

1146 2009 1226 2041 torii
1253 2007 1374 2039 tierent
1397 2013 1455 2039 aut
1475 2005 1504 2038 si
1523 2005 1725 2050 peregrinae
1742 2017 1893 2044 merces,
1920 2011 1979 2037 aut
1995 2004 2134 2037 belluae

1147 2057 1399 2092 exhiberentur
1415 2057 1640 2101 spectandae,
1669 2057 1728 2101 qui
1745 2067 1936 2089 concursus
1950 2053 2134 2089 hominum

1147 2117 1215 2143 tota
1251 2109 1337 2142 urbe
1368 2108 1513 2141 fierent?
1567 2106 1612 2140 At
1645 2119 1682 2140 re
1711 2120 1790 2140 vera
1818 2107 1956 2140 nullum
1982 2113 2032 2139 est
2055 2105 2136 2150 pul-

1146 2159 1264 2194 chrius
1288 2159 1541 2203 spectaculum,
1565 2170 1668 2202 quam
1695 2159 1870 2192 bonorum
1895 2165 1926 2191 et
1952 2158 2135 2191 doctorum

1147 2212 1306 2244 virorum
1339 2216 1474 2249 coetus3
1510 2209 1647 2241 nullum
1675 2210 1768 2242 enim
1792 2207 1896 2242 habet
1922 2207 2135 2251 Respublica

1148 2263 1259 2295 maius
1283 2267 1542 2294 ornamentum.
1595 2258 1641 2292 Et
1665 2273 1742 2293 cum
1763 2261 1891 2293 virtute
1909 2257 1999 2292 nibil
2016 2259 2059 2291 sit
2075 2259 2139 2291 acl-

1148 2312 1363 2350 mirabilius,
1392 2322 1517 2353 magna
1540 2311 1702 2354 voluptas
1724 2318 1774 2345 est
1794 2312 1910 2344 bonae
1926 2309 2056 2349 menti,
2086 2316 2137 2342 ta-

2069 2359 2137 2392 lta-

1148 2427 1215 2460 que
1234 2412 1420 2447 honestum
1440 2419 1491 2445 est
1508 2413 1609 2445 vobis
1626 2425 1643 2445 a
1658 2412 1800 2459 Cynicis
1818 2413 1887 2445 illis
1907 2411 2137 2455 opinionibus

1149 2465 1352 2503 dissentire,
1380 2475 1467 2507 quae
1488 2461 1551 2496 hos
1568 2476 1682 2497 mores
1702 2464 1930 2497 insulsissime
1947 2459 2137 2506 reprelien-

1149 2518 1251 2549 dunt.
1305 2512 1404 2548 Nihil
1430 2520 1544 2548 autem
1571 2515 1605 2547 in
1622 2527 1808 2556 congressu
1828 2515 2045 2548 eruditorum
2064 2524 2137 2543 ma-

1149 2568 1199 2611 gis
1224 2569 1341 2605 decet,
1369 2577 1473 2612 quam
1501 2566 1544 2598 de
1572 2567 1676 2599 rebus
1701 2567 1801 2600 bonis
1825 2566 1939 2599 dicere
1959 2565 2136 2608 disputare

1122 2637 1123 2665 3
1150 2618 1299 2663 aliquid.

1252 2668 1406 2701 Proinde
1429 2679 1506 2700 cum
1524 2665 1590 2699 hoc
1607 2674 1763 2711 tempore
1781 2665 1912 2710 publici
1931 2663 2035 2697 officii
2051 2661 2140 2695 ratio

108 2718 193 2755 haec
212 2733 320 2766 pauca
337 2723 380 2754 de
397 2721 665 2765 ingratitudine,
695 2717 760 2753 hoc
783 2726 937 2764 tempore
961 2719 1096 2764 collegi,
1121 2716 1123 2748 ι’
1150 2718 1237 2753 mihi
1262 2717 1323 2752 has
1342 2725 1454 2763 partes
1471 2718 1612 2751 dicendi
1632 2717 1856 2762 imposuerit,
1885 2722 1917 2748 et
1934 2715 1961 2748 si
1981 2724 2142 2757 agnosco,

1462 2768 1545 2803 22*
