2338 2958
212 136 308 173 1007
721 125 877 161 DECL.
919 123 992 159 DE
1027 121 1327 159 CAPNIONE
1361 120 1715 158 PHORCENSI.
2135 124 2232 159 1008

199 225 237 257 in
256 222 354 256 Italia
378 218 521 265 privatis
541 214 684 253 studiis,
710 211 894 245 sententiis
911 218 944 244 et
959 210 1097 254 scriptis
1112 221 1192 242 eum
1247 207 1347 241 Iubet
1366 207 1471 249 igitur
1487 207 1637 241 scribere
1647 206 1865 252 Capnionem
1882 209 1966 254 quid
1986 209 2123 244 sentiat.
2168 207 2237 242 Hic

201 274 449 309 defenderent,
476 279 548 301 uon
572 267 646 298 leve
669 264 790 297 odium
818 264 985 295 adversus
1002 258 1193 293 monachos
1246 260 1284 291 in
1311 258 1372 291 illo
1391 270 1454 290 suo
1474 255 1614 292 hortulo
1633 257 1856 301 Stutgardiae
1871 259 2032 300 latitans,
2059 271 2103 292 ne
2122 259 2237 303 suspi-

201 335 383 358 acceusum
413 326 481 357 est,
517 317 611 362 quod
642 321 760 359 postea
791 314 895 346 etiam
922 309 1091 344 nonnihil
1118 322 1195 342 mo-
1248 309 1319 342 cari
1345 309 1486 354 quidem
1510 309 1644 352 potuit,
1679 310 1858 354 quomodo
1882 306 1966 343 haec
1990 321 2044 343 res
2067 311 2238 343 instructa

201 375 311 409 menti
334 371 470 408 attulit,
497 375 536 401 ut
555 367 692 400 avidius
709 364 951 407 exciperemur
967 362 1094 405 scripta
1109 372 1195 394 con-
1249 365 1348 409 esset.
1400 356 1446 391 Et
1471 365 1586 391 tamen
1609 365 1768 392 metuens
1785 360 1944 402 linguae,
1970 360 2112 394 nolebat
2131 360 2239 392 libros

201 433 254 459 [ra
278 420 565 466 superstitiones,
592 428 681 462 quae
705 415 806 448 nervi
829 414 974 447 fuerunt
997 412 1097 455 regni
1119 423 1196 444 mo-
1250 409 1495 453 grammaticos
1525 416 1558 442 et
1582 410 1737 442 medicos
1760 410 1918 443 interire.
1979 408 2108 443 Scribit
2132 410 2239 453 igitur

203 475 338 509 nastici.
1251 459 1460 494 sententiam
1499 459 1602 502 longe
1642 461 1829 494 mitiorem.
1901 459 2082 493 Discernit
2119 461 2240 495 libros.

1251 511 1389 554 Scripta
1410 510 1622 543 nominatim
1638 518 1760 544 contra
1777 509 1957 544 Christum
1976 511 2073 544 iubet
2089 511 2240 545 abolere.

1252 573 1361 606 eaque
1383 562 1455 594 suis
1476 561 1588 593 titulis
1608 562 1779 595 nominat.
1831 560 2090 595 Grammaticos
2111 572 2192 593 vero
2207 568 2242 593 et

1253 613 1402 645 aliarum
1435 609 1660 644 honestarum
1691 611 1818 644 artium
1848 612 1958 645 libros
1979 612 2078 645 iubet
2102 622 2243 644 conser-

1255 674 1356 701 vare,
1391 673 1434 694 ne
1457 661 1578 704 lingua
1601 662 1794 695 necessaria
1815 660 1992 695 Ecclesiae
2019 661 2158 705 penitus
2181 662 2244 694 de-

1255 713 1378 746 leatur.
1421 710 1548 745 Censet
1564 712 1721 746 eruditos
1737 713 1772 745 in
1790 713 1909 755 lingua
1925 710 2146 745 adhibendos
2161 723 2245 746 esse.

1256 762 1351 797 Haec
1369 763 1541 795 sententia
1559 763 1705 807 aequior
1721 775 1799 796 cum
1819 762 2022 807 Imperatori
2039 762 2149 805 magis
2164 762 2245 806 pla-

1257 814 1401 852 cuisset,
1435 813 1518 846 libri
1546 813 1584 846 in
1614 813 1747 846 curiam
1769 812 2108 847 Francofordianain
2130 819 2247 846 trans—-

1258 865 1342 905 lati,
1370 863 1509 896 Iudaeis
1533 863 1788 904 restituuntur,
1815 871 1848 897 et
1873 865 1967 898 elusa
1991 864 2116 897 fraude
2132 863 2246 896 disce-

1258 916 1310 948 dit
1324 913 1533 959 inquisitor,
1560 920 1599 947 ut
1616 925 1741 947 corvus
1756 911 1869 947 hians.

308 548 424 582 Multa
456 551 537 579 sunt
569 550 684 577 autem
717 541 868 583 insignia
892 540 1048 584 exempla
1071 539 1108 571 in
1132 536 1197 570 hac

204 601 365 636 historia.
419 595 586 641 Inprimis
611 595 647 627 in
664 591 819 627 Ecclesia
844 589 911 624 hoc
935 591 1038 624 crebo
1062 589 1199 628 accidit,

204 660 245 685 nt
264 650 346 684 iusti
365 656 397 682 et
413 649 503 681 bene
520 645 654 683 meriti,
683 643 868 677 calumniis
886 640 1116 674 circumventi
1135 651 1199 683 op-

206 703 426 747 primantur,
466 705 506 732 ut
532 697 625 729 filius
654 695 741 734 Dei,
775 690 991 737 Prophetae,
1027 689 1201 734 Apostoli,

208 750 410 796 Stephanus
428 756 459 782 et
478 748 537 782 alii
557 745 657 779 multi
679 745 852 777 interfecti
870 749 963 777 sunt.
994 741 1063 775 Nec
1075 742 1202 774 desunt

210 803 340 836 similia
372 799 527 843 exempla
553 798 588 829 in
611 796 708 829 civili
727 793 1000 837 gubernatione,
1036 798 1076 826 ut
1099 791 1202 824 Pala—

210 853 341 890 medis,
371 849 544 886 Socratis,
572 844 765 880 Phocionis
788 844 962 878 interitus.
1016 841 1062 876 Et
1085 849 1202 876 tamen

211 904 340 937 veritas
361 907 479 945 postea
502 898 664 939 emergit,
690 903 730 929 ut
747 896 892 928 dicitur:
920 893 999 942 ἄγει
1016 890 1055 928 δὲ
1074 893 1108 931 ἐς
1124 894 1205 937 φῶς

211 954 280 999 τὴν
305 950 484 997 ἀλήθειαν
505 945 658 994 χρόνος,
695 958 796 990 saepe
819 953 935 979 autem
958 941 1205 990 Sycophantae

214 1004 315 1051 qnasi
340 1002 455 1042 venti,
483 1010 625 1042 magnas
649 998 684 1029 in
709 997 849 1041 Repub.
870 1001 1092 1040 tempestates
1114 992 1206 1026 exci-

211 1062 307 1098 tant,
333 1065 420 1099 quae
444 1057 562 1095 postea
590 1049 801 1081 mutationes
825 1053 857 1080 et
882 1046 1126 1079 distractiones
1151 1043 1208 1075 in-

215 1107 330 1139 finitas
354 1103 520 1136 efficiunt.
574 1099 627 1133 De
648 1097 703 1132 his
724 1098 826 1131 malis
844 1096 984 1130 brevius
1003 1096 1099 1135 dico,
1126 1094 1208 1139 quia

216 1164 335 1190 nostra
361 1161 454 1186 aetas
471 1152 628 1185 abundat
644 1148 828 1192 exemplis,
855 1155 894 1181 ut
910 1154 1026 1180 autem
1044 1143 1137 1178 nihil
1152 1144 1209 1176 di-

217 1219 291 1240 ram
319 1204 490 1241 atrocius,
523 1213 602 1235 cnm
628 1200 759 1232 iniuste
781 1203 1030 1241 oppugnarent
1053 1195 1209 1238 Capnio-

217 1269 298 1290 nem
323 1251 508 1293 monachi,
543 1259 580 1285 ut
604 1251 782 1283 Socratem
808 1249 967 1293 Anytus,
994 1255 1028 1280 et
1053 1246 1212 1285 Melitus,

218 1313 381 1341 texerunt
412 1315 494 1337 eum
524 1309 641 1335 tamen
672 1307 815 1345 propter
847 1299 1084 1332 eruditionem
1107 1296 1210 1330 multi

217 1358 303 1392 boni
327 1364 359 1389 et
382 1355 496 1393 docti,
523 1364 673 1398 quorum
701 1350 869 1384 autoritas
885 1349 1071 1394 impedivit
1086 1359 1212 1380 mona-

221 1407 370 1443 chorum
394 1407 529 1439 furores
553 1404 645 1447 apud
666 1401 917 1446 Imperatorem
942 1407 975 1433 et
993 1399 1213 1432 Pontificem-

220 1459 270 1493 171
297 1465 411 1491 autem
435 1455 593 1488 iuniores
609 1453 720 1487 sciant
737 1464 826 1497 quae
840 1452 949 1485 suerit
965 1449 1214 1489 controversia,

222 1511 336 1543 dicam
355 1517 454 1541 veras
470 1505 670 1539 occasiones
686 1503 760 1537 eius
779 1503 885 1538 rixae.

1362 1014 1466 1048 Tunc
1500 1021 1618 1048 autem
1648 1012 1823 1048 monacho
1852 1014 1956 1047 furiis
1978 1020 2150 1047 exarserat
2172 1021 2248 1047 atro

1260 1067 1340 1100 felle
1364 1066 1479 1099 dolor.
1531 1064 1638 1098 Lecto
1665 1066 1774 1108 igitur
1795 1063 1988 1109 Capnionis
2011 1065 2159 1109 scripto,
2194 1075 2252 1098 ca·-

1263 1116 1438 1150 lumniose
1454 1116 1605 1158 excerpit
1622 1116 1733 1152 dicta.
1761 1122 1794 1149 et
1809 1122 1882 1149 arte
1898 1117 2083 1159 depravat,
2109 1121 2142 1148 et
2159 1114 2252 1148 edita

1263 1167 1372 1201 atroci
1394 1166 1642 1199 criminatione
1664 1173 1799 1199 accusat
1817 1164 2037 1209 Capnionem
2062 1163 2254 1198 haereseos.

1264 1217 1470 1260 Moguntiae
1493 1216 1684 1258 corrogatis
1708 1216 1842 1261 aliquot
1859 1227 1940 1248 suae
1956 1216 2120 1249 factionis
2136 1213 2254 1248 homi-

1264 1269 1388 1308 nibus,
1421 1267 1598 1300 comburit
1620 1266 1752 1300 librum
1779 1265 1985 1310 CapnioniS.
2051 1265 2148 1298 Haec
2168 1265 2254 1299 belli

1266 1319 1361 1352 illius
1385 1317 1485 1351 initia
1509 1317 1663 1350 fuerunt.
1728 1315 1853 1350 Postea
1877 1314 2014 1360 Capnio
2039 1315 2254 1349 luculentam

1266 1369 1462 1403 orationem
1482 1367 1648 1401 Latinam
1673 1368 1716 1400 ad
1744 1366 1994 1411 Imperatorem
2024 1366 2147 1399 edidit.
2209 1363 2257 1399 Et

1267 1419 1517 1465 provocatione
1536 1419 1578 1452 ad
1599 1418 1727 1452 iudicia
1743 1417 1917 1461 legitima,
1942 1424 1976 1451 et
1991 1418 2033 1450 ad
2050 1416 2257 1450 Pontificem

1267 1483 1303 1504 se
1330 1469 1501 1503 defendit.
1554 1468 1717 1502 Pontifex
1740 1469 1902 1512 episcopo
1926 1467 2088 1512 Spirensi
2110 1467 2258 1500 manda-

1269 1522 1338 1561 vit,
1372 1526 1412 1554 ut
1442 1519 1717 1552 controversiam
1745 1525 1978 1562 cognosceret.
2038 1516 2106 1551 Hic
2130 1517 2259 1560 delegit

327 1583 412 1618 Fuit
453 1582 490 1616 in
518 1581 605 1615 urbe
634 1578 785 1614 Colonia
815 1576 1012 1623 Agrippina
1045 1577 1216 1621 impostor
1269 1571 1403 1606 iudices
1424 1570 1519 1604 viros
1541 1569 1714 1612 sapientes
1738 1576 1770 1602 et
1792 1569 1965 1607 eruditos,
1992 1565 2258 1608 Sualbachium,

225 1637 370 1683 qnidam
394 1633 563 1673 Iudaeus,
592 1631 652 1676 qui
677 1630 864 1664 simulabat
888 1641 924 1662 se
947 1628 1111 1672 amplecti
1133 1626 1218 1660 reli-
1271 1619 1466 1661 Truchses‚
1500 1627 1533 1654 et
1555 1618 1757 1663 'theologos
1778 1619 2006 1663 Capitonem,
2033 1625 2068 1653 et
2090 1617 2260 1652 Iodocum

226 1688 368 1731 gionem
389 1683 646 1722 Christianam,
681 1688 713 1714 et
737 1680 921 1713 familiaris
947 1686 1020 1713 erat
1042 1674 1216 1712 monacho
1272 1672 1437 1712 Gallum,
1464 1669 1637 1715 hospitem
1656 1669 1808 1704 Erasmi.
1862 1669 1909 1703 Hi
1929 1681 2009 1703 cum
2031 1669 2262 1713 pronuncias-

228 1735 450 1782 iuquisitori‚
492 1741 531 1767 ut
561 1733 768 1769 nominant,
812 1728 1042 1770 llochstratO,
1082 1735 1115 1762 et
1143 1727 1218 1761 eius
1272 1729 1349 1758 sent
1372 1734 1434 1766 pro
1451 1720 1653 1766 Capuione‚
1676 1717 1841 1755 monachi
1859 1731 1980 1753 rursus
1995 1720 2038 1753 ad
2055 1719 2261 1753 Pontificem

228 1787 358 1822 amicis.
411 1784 476 1818 His
501 1783 655 1817 ostendit
678 1793 839 1825 magnam
863 1781 1050 1825 pecuniam
1071 1777 1220 1812 honesta
1272 1779 1475 1819 provocant·
1534 1770 1671 1816 Capnio
1696 1770 1832 1805 Romae
1857 1771 1970 1804 multo
1994 1770 2264 1814 praestantiores

230 1839 344 1883 specie
369 1843 402 1869 et
426 1837 499 1868 sine
523 1846 649 1877 magno
676 1833 821 1876 negocio
847 1831 986 1865 ludaeis
999 1830 1087 1875 eripi
1107 1841 1220 1874 posse,
1274 1823 1398 1859 hahuit
1427 1829 1610 1867 patronos,
1648 1834 1752 1867 quam
1784 1822 1821 1853 in
1850 1819 2053 1854 Germania.
2127 1818 2263 1853 Indicio

229 1891 257 1922 si
284 1889 437 1922 edictum
465 1885 658 1931 Imperator
683 1890 875 1928 proponat,
899 1889 938 1916 ut
965 1881 1086 1915 Iudaei
1110 1881 1221 1913 libros
1275 1881 1432 1920 praeerat
1449 1872 1650 1906 Cardinalis
1669 1871 1862 1905 Grimanus
1880 1870 2034 1904 Venetus
2057 1870 2266 1904 excellenter

229 1951 353 1973 omnes
371 1939 530 1971 adferant
545 1937 581 1969 in
599 1935 753 1975 curiam,
781 1934 816 1967 in
834 1945 896 1967 suo
916 1933 1063 1978 quisque
1079 1931 1223 1975 oppido,
1246 1947 1251 2003 ς
1275 1928 1399 1960 doctus
1421 1925 1458 1957 in
1476 1923 1623 1963 Latina,
1657 1921 1812 1962 Graeca,
1846 1929 1878 1956 et
1894 1920 2010 1955 Ebrea
2035 1921 2167 1965 lingua.
2219 1918 2266 1954 Et

230 1998 270 2024 ut
303 1991 346 2023 ab
379 1987 649 2033 inquisitoribus
678 1985 805 2019 caeteri
829 1985 910 2019 libri
936 1990 1074 2028 praeter
1094 1982 1223 2021 Biblia,
1247 2005 1251 2031 1
1276 1975 1333 2010 hie
1347 1973 1509 2009 adhibuit
1526 1973 1670 2007 Petrum
1683 1972 1908 2013 Galatinum,
1935 1972 2035 2006 cuius
2049 1978 2167 2006 extant
2181 1971 2267 2005 scri-

231 2050 401 2085 tanquam
431 2038 618 2082 perniciosi
643 2034 864 2070 Christianae
891 2035 1053 2078 religioni
1078 2033 1225 2067 combu-
1277 2035 1347 2072 pta·
1409 2025 1565 2060 Mullum
1602 2025 1706 2058 eliam
1737 2025 1830 2067 apud
1862 2021 1957 2056 hunc
1987 2022 2202 2056 cardinalem
2235 2029 2268 2056 et

234 2099 371 2125 rantur.
426 2089 496 2122 Nec
529 2090 561 2121 id
594 2089 684 2122 serio
717 2088 888 2131 impostor
911 2086 969 2118 ille
992 2086 1045 2128 agi
1071 2084 1225 2123 volebat,
1278 2078 1371 2123 apud
1387 2077 1475 2110 alios
1492 2076 1627 2110 valebat
1645 2075 1832 2108 autoritate
1846 2086 1949 2107 senex
1964 2074 2122 2107 eruditus
2140 2081 2171 2107 et
2188 2084 2268 2107 sua-

235 2144 294 2176 sed
324 2141 470 2174 luntacos
500 2140 628 2173 sciebat
653 2138 767 2171 statim
794 2149 920 2180 magna
944 2135 1091 2180 pecunia
1115 2135 1226 2168 libros
1279 2130 1333 2162 vis
1363 2135 1465 2162 natus
1495 2127 1532 2160 in
1564 2126 1694 2170 oppido
1720 2125 1905 2171 Mysorum
1927 2124 2095 2167 Friberga
2122 2122 2269 2158 lacobus

234 2194 478 2235 redempturos
503 2203 584 2224 esse.
639 2188 691 2224 Eo
716 2189 822 2232 igitur
839 2200 912 2221 rem
931 2186 1056 2220 deduci
1077 2185 1227 2226 volebat,
1281 2179 1555 2223 Qffl’slt‘mbt'rg.
1590 2177 1649 2222 ‘11¹3
1680 2187 1814 2210 summa
1839 2176 1906 2209 fide
1929 2176 2094 2209 tuebatur
2115 2173 2271 2219 Capnio-

237 2251 276 2277 ut
300 2242 418 2276 ludaei
445 2242 626 2286 pecuniam
653 2240 839 2279 offerrent,
865 2236 956 2272 haur,
979 2237 1144 2282 praedam
1170 2248 1228 2269 ca-
1282 2243 1373 2264 nem.
1413 2223 2271 2263 CoinmendavitetErasmushanceausamLeoni

238 2295 358 2339 ptabat
397 2293 624 2325 dividendam
664 2292 755 2324 inter
798 2290 1024 2335 inquisitores
1052 2295 1084 2322 et
1116 2287 1228 2319 socios
1282 2290 1314 2316 et
1339 2280 1534 2326 praecipuis
1553 2279 1805 2312 cardinalibus-
1860 2277 1996 2311 Interea
2013 2277 2110 2310 lectis
2126 2276 2162 2310 in
2180 2275 2272 2310 Ger-

238 2343 346 2379 huius
372 2345 521 2376 consilii.
573 2342 648 2375 Hos
672 2343 778 2375 fuisse
801 2342 914 2374 fontes
938 2339 1070 2383 negotii
1095 2344 1227 2371 certum
1283 2333 1399 2366 inania
1415 2329 1770 2375 scriptisCzipiiitini5‚
1798 2329 1897 2361 multi
1915 2327 2171 2361 calumniarum
2189 2327 2273 2360 odio

240 2403 302 2430 est.
361 2394 489 2428 Petunt
511 2395 618 2437 igitur
642 2391 804 2427 monachi
830 2392 982 2425 edictum
1007 2391 1051 2424 ab
1074 2388 1229 2432 liopera-
1283 2397 1299 2417 a
1322 2380 1503 2416 monachis
1529 2382 1614 2414 fiunt
1638 2380 1836 2413 .··tim1im··›s.
1898 2377 1944 2412 Et
1967 2378 2066 2423 qnasi
2090 2378 2271 2412 classicum

240 2454 334 2486 tore,
361 2452 393 2478 et
420 2446 624 2486 religionem
650 2450 866 2488 praetexunt,
920 2440 1050 2475 Editur
1066 2440 1230 2479 edictum,
1283 2435 1431 2467 canebat
1454 2445 1516 2466 sno
1535 2431 1702 2465 sodalicio
1720 2430 1917 2468 lluttenus,
1945 2427 2002 2463 hic
2019 2426 2182 2462 monachi
2199 2439 2274 2461 ma-

241 2506 274 2531 ‹21
299 2497 571 2530 francofordiae
598 2496 676 2528 libri
703 2496 737 2528 in
763 2495 894 2527 curiam
919 2499 1110 2534 gestantur.
1171 2489 1231 2522 ln·
1284 2486 1333 2527 gis
1352 2486 1457 2518 otiam
1479 2485 1595 2517 furere
1611 2488 1796 2525 ceperunt,
1824 2482 2061 2514 vociferantur
2078 2480 2114 2512 in
2133 2478 2273 2512 concio-

242 2557 334 2581 terea
356 2554 393 2580 ut
417 2547 516 2579 mutii
541 2554 616 2579 snm
642 2546 776 2583 induci,
807 2558 878 2578 no..
903 2543 1014 2586 ignari
1034 2541 1231 2575 communis
1285 2538 1389 2569 nibus
1408 2541 1527 2568 contra
1546 2533 1785 2577 (Iapninnem.
1813 2530 1998 2566 Erasmum
2017 2537 2052 2565 et
2066 2529 2276 2570 Hnttenum,

242 2600 351 2636 vitae,
388 2598 422 2630 in
456 2598 534 2630 aula
566 2597 786 2640 inqu-ratoria
817 2608 898 2629 suos
929 2595 1031 2627 etiam
1066 2600 1232 2637 patronos
1285 2589 1393 2620 edunt
1423 2586 1596 2630 picturas,
1631 2584 1791 2617 sutilibus
1814 2582 2028 2627 argumentis
2053 2586 2275 2625 propugnant

244 2652 371 2682 adeunt
387 2676 395 2688 ‚
422 2649 481 2693 qni
507 2660 543 2681 re
567 2660 607 2679 eo
623 2650 798 2680 adducunt
812 2672 821 2685 ‚
850 2654 886 2679 ut
907 2645 1099 2689 Imperator
1115 2642 1231 2676 scisci·
1286 2651 1364 2671 snas
1379 2636 1662 2681 superstitiones.
1689 2647 1777 2679 quae
1794 2642 1874 2668 sunt
1889 2633 2036 2676 aucupia
2055 2632 2153 2677 impii
2170 2642 2276 2676 quae-

246 2709 378 2733 taretur
423 2699 551 2733 iudicia
602 2699 820 2731 eruditorum
863 2698 898 2729 in
948 2697 1066 2739 lingua
1107 2692 1232 2728 Ebrea.
1287 2697 1378 2729 stus,
1414 2688 1567 2732 denique
1597 2686 1725 2719 malam
1750 2696 1888 2719 causam
1913 2683 2116 2717 stultissime
2140 2682 2276 2727 agendo

2329 252 2338 882 .i---.-—-.-.-—m-—..-—n---—.-avu
2328 171 2338 201 ΑΛ.
