2338 2958
173 103 247 140 483

178 202 234 230 ra,
269 194 309 222 ut
336 199 416 221 cum
445 186 494 220 ait
524 181 704 218 Christus:
747 179 821 223 Qui
851 180 1029 213 confessus
1059 178 1168 214 fuerit

179 252 234 273 me
250 250 366 273 coram
384 235 604 274 hominibus,
631 231 825 266 confitebor
841 243 922 264 eum
940 241 1057 264 coram
1070 237 1168 275 patre

181 290 330 324 coelesti.
391 286 553 320 Breviter
576 282 730 317 indicavi
757 282 851 316 bona
868 293 974 326 opera
992 281 1170 315 emendati

181 340 339 374 latronis.
391 337 494 370 Nunc
517 346 664 381 quaeso,
693 340 734 367 ut
754 333 955 366 universam
977 330 1169 365 Ecclesiam

181 393 255 424 eius
279 388 445 432 temporis
469 385 711 420 consideretis:
748 383 862 417 Filius
893 383 957 417 Dei
981 384 1110 427 pendet
1132 382 1170 415 in

181 452 299 479 cruce,
333 450 406 471 non
431 438 500 470 iam
523 437 710 470 ostendens
725 435 917 479 potentiam
939 444 1038 467 suam
1058 433 1172 467 admi—

182 491 300 524 randis
315 489 413 522 factis
439 494 479 521 ut
496 494 615 528 antea,
642 497 749 532 quare
772 485 951 518 deridetur
967 496 1006 518 ac
1022 484 1172 528 despici-

183 549 240 575 tur
275 541 319 573 ab
353 539 479 583 impiis.
549 537 713 583 Apostoli
741 548 801 570 seu
829 535 1070 577 dubitatione,
1113 546 1173 568 seu

183 598 278 625 metu
310 590 437 634 dilapsi
470 596 578 622 erant.
638 587 776 621 Multos
807 586 984 620 auditores
1007 585 1117 619 movit
1141 591 1175 618 et

183 643 272 676 illud
290 642 384 686 quod
409 640 553 673 dicitur:
588 637 714 672 Exitus
731 645 806 671 acta
825 637 970 681 probat,
1001 636 1063 682 qui
1080 636 1174 679 cogi-

183 694 306 727 tabant
336 690 430 724 hunc
460 701 681 735 nequaquam
711 687 878 721 Messiam
908 698 998 727 esse,
1030 698 1109 720 cum
1137 686 1174 718 in

184 751 280 777 tanta
307 741 504 776 calamitate
529 741 707 773 videretur
730 750 749 771 a
774 738 850 772 Deo
873 738 1030 771 desertus
1057 743 1090 770 et
1112 738 1175 770 ab-

185 795 293 828 iectus
309 804 394 826 esse.
445 791 526 825 Sola
546 790 682 835 reliqua
699 796 750 823 est
766 788 881 822 Maria
898 795 1027 829 mater,
1054 788 1090 820 in
1108 799 1176 832 qua

185 846 276 879 lucet
293 845 393 876 fides:
421 841 517 875 Ilaec
533 846 688 885 expectat
698 840 802 874 aliam
819 836 1078 884 catastrophen:
1104 837 1177 872 Nec

186 895 280 928 enim
305 893 490 938 spectatrix
514 903 585 925 esse
609 897 745 935 poterat
769 888 877 923 huius
899 889 1084 934 supplicii,
1109 888 1177 921 nisi

186 947 254 979 fide
274 945 411 978 animus
433 950 566 977 erectus
588 942 721 977 fuisset.
773 941 843 975 Sed
868 941 950 987 quia
967 938 1130 985 Apostoli
1145 946 1180 973 et

189 995 313 1030 caeteri
332 992 494 1028 homines
511 999 644 1032 tacent,
672 992 741 1025 iam
757 998 827 1025 tota
844 1004 962 1025 rerum
980 998 1106 1025 natura
1122 991 1179 1024 in-

188 1047 274 1091 cipit
298 1045 520 1085 concionari,
553 1051 586 1077 et
604 1043 804 1078 testimonio
829 1055 892 1076 suo
910 1042 1022 1076 filium
1038 1041 1104 1075 Dei
1120 1054 1180 1075 or-

188 1110 290 1138 nare,
318 1103 350 1129 et
373 1096 409 1128 in
435 1102 529 1129 tanta
547 1092 721 1127 Ecclesiae
748 1093 1004 1137 trepidatione,
1030 1105 1074 1125 ne
1091 1092 1180 1125 (lesit

189 1148 437 1187 concionator,
471 1146 596 1179 excitat
631 1144 726 1178 Deus
760 1144 934 1177 latronem
966 1145 1009 1175 de
1034 1142 1180 1175 sublimi

190 1199 457 1232 concionantem
471 1196 534 1229 toti
551 1195 628 1228 orbi
646 1202 830 1227 terrarum.
883 1192 952 1225 llic
970 1193 1059 1225 latro
1077 1199 1178 1225 testa-

192 1257 249 1283 tur
277 1246 372 1281 hunc
397 1247 509 1279 lesum
535 1257 607 1278 esse
639 1245 849 1288 promissum
873 1243 1117 1280 liberatorem,
1149 1248 1183 1275 et

192 1307 349 1333 autorem
375 1309 487 1330 novae
510 1303 541 1329 et
561 1302 748 1339 perpetuae
771 1294 873 1327 vitae.
926 1292 1181 1326 Desinantiam

191 1350 396 1388 Pontifices,
422 1346 606 1391 Episcopi,
636 1342 802 1378 Monachi
822 1344 983 1387 gloriari,
1007 1355 1088 1376 suos
1104 1355 1183 1376 coe—

193 1409 266 1442 tus,
303 1411 390 1444 quos
416 1405 541 1431 vocant
566 1395 780 1435 Ecclesiam,
816 1407 932 1428 errare
964 1406 1036 1427 non
1070 1405 1183 1438 posse,

194 1465 271 1485 cum
295 1451 437 1483 videant
462 1456 590 1483 tantam
617 1446 870 1491 Apostolorum
902 1445 1184 1488 trepidationem.

193 1502 263 1537 Sed
288 1501 454 1547 quoniam
479 1497 626 1533 historia
656 1497 780 1530 mortis
803 1495 933 1530 Christi
957 1494 1051 1529 haud
1079 1495 1185 1529 dubie

195 1553 368 1597 significat
391 1551 575 1596 praecipue
598 1549 811 1582 calamitates
825 1545 1002 1580 Ecclesiae
1019 1546 1185 1590 postremi

195 1603 379 1648 temporis,
402 1603 578 1635 latronum
593 1599 806 1633 concertatio
821 1598 992 1642 quaedam
1008 1603 1058 1630 est
1073 1597 1185 1639 imago

197 1654 428 1688 certaminum
448 1650 555 1685 huius
572 1649 750 1694 temporis.
806 1647 1063 1682 Conviciantur
1081 1644 1186 1681 Chri-

197 1712 250 1739 sto
267 1704 473 1743 Pontifices,
499 1700 690 1741 Canonici,
717 1696 906 1739 Monachi,
934 1705 966 1732 et
990 1696 1115 1731 horum
1133 1709 1188 1730 sa-

199 1756 325 1790 tellites
347 1753 510 1800 tyranni,
537 1752 597 1797 qui
623 1751 686 1785 etsi
703 1750 827 1794 exiguo
849 1757 1004 1794 tempore
1021 1749 1189 1782 fruuntur

198 1807 268 1840 suis
286 1805 544 1848 voluptatibus,
572 1811 686 1836 tamen
713 1813 749 1834 re
771 1801 843 1844 ipsa
861 1801 1016 1843 pendent
1033 1799 1069 1832 in
1087 1811 1189 1832 cruce

201 1857 298 1901 impii
318 1855 483 1895 latronis,
510 1853 609 1887 brevi
625 1863 755 1897 poenas
772 1851 940 1884 scelerum
960 1850 1086 1883 daturi.
1129 1848 1189 1882 In-

199 1915 292 1942 terea
317 1918 395 1940 cum
418 1912 498 1939 ante
523 1905 627 1937 finem
654 1902 780 1936 mundi
804 1913 974 1935 renovare
993 1900 1190 1935 doctrinam

200 1966 234 1993 et
257 1957 510 1992 confessionem
537 1955 632 1989 Deus
654 1953 777 1993 vellet,
811 1952 994 1992 excitavit,
1029 1951 1142 1984 doctis
1158 1958 1190 1985 et

201 2009 336 2044 timidis
357 2007 589 2046 cessantibus,
623 2003 822 2038 Germanos
847 2002 996 2041 milites,
1029 1999 1191 2036 homines

203 2061 278 2094 sine
296 2057 471 2104 hypocrisi
487 2056 678 2100 sapientiae
692 2062 751 2088 aut
767 2053 934 2087 iusticiae.
984 2052 1063 2086 Non
1081 2059 1192 2097 potest

203 2111 296 2144 enim
321 2108 535 2143 dissimulari
560 2114 619 2141 aut
644 2106 763 2150 negari
789 2104 917 2138 multos
939 2104 1106 2137 articulos
1128 2104 1192 2136 do-

203 2162 336 2196 ctrinae
359 2159 577 2202 evangelicae
601 2158 646 2190 ita
664 2162 866 2201 repurgatus
882 2167 953 2188 esse
970 2167 1031 2198 per
1047 2153 1129 2194 hos,
1154 2161 1193 2187 ut

203 2213 285 2247 satis
301 2217 463 2255 appareat
482 2208 655 2242 divinitus
681 2205 770 2240 tnnc
789 2207 902 2239 lucem
922 2204 1097 2239 Ecclesiae
1113 2206 1192 2238 red-

205 2263 312 2296 ditam
338 2273 419 2294 esse.
482 2259 577 2293 ldem
612 2259 717 2302 igitur
744 2258 780 2290 in
805 2257 964 2290 doctrina
992 2263 1192 2290 nostrarum

204 2311 440 2346 Ecclesiarum
475 2310 643 2350 traditur,
684 2310 727 2341 de
766 2307 1052 2341 reconciliatione
1086 2313 1118 2341 et
1149 2307 1192 2340 de

205 2364 291 2403 fide,
319 2364 411 2407 quod
439 2362 486 2395 ibi
512 2361 619 2395 sentit
645 2361 745 2395 latro.
795 2356 867 2392 Nec
892 2359 997 2402 pudet
1017 2370 1080 2391 nos
1099 2355 1192 2391 hunc

205 2414 325 2447 audire
339 2412 565 2456 Apostolum,
590 2411 688 2445 cuius
702 2409 911 2444 seutentiam
928 2416 959 2442 et
975 2409 1075 2441 sutem
1087 2406 1193 2442 Chri-

206 2472 277 2498 stus
295 2464 477 2508 perspicuo
495 2462 694 2497 testimonio
710 2460 892 2505 approbat.
933 2459 1075 2493 tjtinam
1087 2457 1192 2492 Chri-

206 2522 296 2549 stum
316 2514 419 2547 etiam
438 2514 550 2547 simile
569 2514 635 2546 fule
653 2513 866 2545 invocemus.
919 2508 995 2544 Etsi
1020 2507 1108 2543 nihil
1127 2511 1192 2543 du-

205 2567 280 2600 bito
303 2565 431 2598 multos
457 2577 547 2600 esse,
575 2565 610 2596 in
635 2563 762 2609 quibus
778 2561 902 2595 similis
925 2561 1003 2593 fidei
1021 2561 1192 2595 scintillae

204 2617 339 2651 ardent.
393 2615 471 2649 Non
493 2615 584 2647 enim
610 2614 845 2648 dubitandum
870 2619 939 2653 est,
971 2612 1006 2645 in
1027 2624 1067 2645 eo
1092 2619 1191 2645 coetu

204 2680 275 2702 esse
291 2666 446 2702 membra
466 2677 565 2699 verae
576 2663 768 2705 Ecclesiae,
797 2664 832 2697 in
849 2676 918 2709 quo
935 2670 1025 2697 recte
1041 2663 1192 2698 traditur

693 93 855 131 DECL.
893 91 971 129 DE
1009 89 1346 136 EMENDATO
1380 90 1678 130 LATRONE.

2129 96 2205 132 484

1219 177 1473 222 Evangelium,
1513 185 1545 212 et
1577 178 1709 212 abolita
1738 186 1789 214 est
1817 178 2079 226 εἶδωλομανία.
2160 180 2209 216 Et

1220 231 1350 264 nostris
1375 228 1542 264 Ecclesiis
1572 240 1646 262 non
1676 230 1803 264 desunt
1830 232 2030 267 testimonia
2054 231 2210 276 Spiritus

1221 281 1349 322 sancti,
1383 280 1546 313 videmus
1573 279 1686 322 enim,
1721 288 1851 325 quanta
1885 283 2081 317 constantia
2107 282 2210 317 multi

1221 331 1273 376 pii
1289 330 1460 375 supplicia
1475 330 1663 375 perferant.
1711 330 1944 365 Meminimus
1957 330 2122 367 honestas
2138 345 2212 366 ma-

1223 390 1342 416 tronas
1360 382 1505 415 luctatas
1522 393 1600 414 cum
1622 381 1816 414 terroribus
1838 383 1980 423 mortis,
2011 384 2118 427 egisse
2133 383 2211 417 Deo

1224 433 1369 476 gratias,
1411 433 1507 477 quod
1543 432 1751 478 agnoverint
1785 430 1919 466 Christi
1951 434 2137 476 beneficia,
2179 441 2213 468 et

1224 495 1348 526 magna
1374 482 1630 528 tranquillitate
1653 483 1782 524 animi,
1814 484 1899 516 dum
1920 483 2068 517 recitant
2091 485 2214 519 laudes

1225 546 1265 568 ac
1290 533 1441 580 hymnos
1466 533 1562 574 Deo,
1588 533 1752 578 spiritum
1777 530 1974 572 exbalasse,
1997 540 2036 567 ut
2054 535 2135 568 satis
2151 547 2215 580 ap-

1226 592 1363 630 pareret
1382 585 1420 617 in
1437 584 1486 618 eis
1509 584 1694 618 coelestem
1720 584 1893 617 laeticiam
1911 582 2111 617 inchoatam
2130 596 2216 627 esse,

1227 643 1415 681 antequam
1440 647 1458 668 e
1482 646 1628 679 corpore
1650 635 1881 669 discederent.
1933 633 2045 670 Addit
2068 635 2167 669 Deus
2184 642 2218 670 et

1228 687 1295 720 alia
1319 686 1538 725 testimonia,
1570 687 1665 731 quod
1693 685 1904 719 mirabiliter
1925 692 2039 719 servat
2063 683 2125 718 has
2148 685 2219 720 Ee—

1229 737 1363 770 rlesias:
1397 744 1630 781 aspernantur
1652 748 1771 770 veram
1792 735 1989 769 doctrinam
2016 733 2133 769 hostes
2153 748 2220 769 no·

1228 787 1311 828 stri,
1337 794 1369 820 et
1386 788 1503 820 deesse
1521 787 1721 821 testimonia
1739 787 1993 820 miraculorum
2019 798 2079 820 seu
2098 787 2220 831 prodi-

1230 839 1367 882 giorum
1392 838 1591 879 clamitant,
1620 850 1699 871 cum
1724 837 1790 881 ipsi
1816 850 1878 871 nec
1902 844 1994 871 recte
2017 837 2126 878 facta,
2156 849 2221 870 nec

1230 889 1391 922 miranda
1413 886 1578 922 habeant.
1639 887 1684 922 Ut
1699 885 1863 922 Christus
1888 900 1983 922 nunc
2000 889 2158 932 pendens
2183 888 2222 920 in

1231 951 1349 980 cruce,
1384 951 1457 973 non
1486 939 1693 973 ostendebat
1722 939 1914 983 potentiam
1945 950 2056 974 suam.
2121 935 2222 972 Nihil

1231 990 1389 1024 inusitati
1415 990 1697 1035 conspiciebatur
1722 989 1759 1022 in
1783 989 1940 1030 latrone,
1967 997 2104 1034 praeter
2123 989 2221 1022 illam

1232 1041 1415 1086 pietatem,
1438 1053 1542 1086 quam
1564 1041 1723 1074 ridebant
1749 1038 1868 1075 ἄθεοι.
1921 1039 1972 1073 lta
1991 1052 2084 1073 nunc
2098 1037 2223 1072 Eccle-

1232 1092 1281 1124 sia
1303 1092 1443 1124 infirma
1467 1097 1531 1124 est:
1565 1098 1598 1124 et
1625 1098 1742 1124 tamen
1767 1091 1855 1124 mira
1874 1102 1927 1123 res
1944 1096 2037 1131 erat,
2063 1089 2123 1123 illa
2149 1090 2224 1134 ipsa

1232 1141 1379 1174 latronis
1404 1140 1615 1174 emendatio.
1672 1139 1774 1172 Talia
1805 1141 1975 1174 miracula
2000 1152 2073 1174 non
2097 1141 2225 1174 desunt

1232 1189 1288 1223 his
1312 1191 1543 1234 temporibus.
1603 1189 1673 1224 Sed
1697 1190 1724 1223 si
1747 1190 1873 1225 volunt
1895 1190 2018 1223 audire
2033 1190 2225 1224 adversarii

1233 1253 1294 1275 sua
1323 1241 1506 1285 prodigia,
1545 1252 1654 1285 pauca
1686 1241 1980 1277 commemorabo.
2047 1240 2108 1275 An
2144 1253 2224 1275 eum

1234 1299 1370 1325 coetum
1398 1298 1560 1335 putemus
1583 1289 1776 1324 Ecclesiam
1808 1302 1899 1330 esse,
1941 1291 2001 1336 qui
2037 1291 2226 1335 flagitiosas

1234 1342 1402 1375 libidines
1430 1348 1525 1375 tanta
1549 1341 1742 1386 pertinacia
1768 1341 1942 1382 defendit,
1976 1347 2016 1375 ut
2041 1342 2226 1376 interficiat

1236 1405 1312 1433 eos,
1344 1392 1403 1437 qui
1434 1399 1517 1426 sunt
1542 1391 1757 1432 hortatores,
1791 1399 1828 1425 ut
1853 1392 2047 1425 anteferant
2080 1390 2226 1426 honesta

1236 1443 1424 1485 coniugia?
1467 1442 1508 1476 ln
1537 1455 1606 1488 qua
1632 1455 1788 1488 unquam
1813 1442 1976 1476 barbarie
1998 1443 2158 1477 auditum
2177 1451 2228 1478 est
2274 1464 2281 1470 ·

1236 1494 1384 1527 interfici
1410 1492 1570 1528 homines
1594 1501 1738 1538 propter
1760 1491 1990 1538 reprehensas
2017 1505 2120 1537 vagas
2144 1494 2227 1528 libi-

1236 1546 1357 1588 dines,
1385 1551 1528 1589 propter
1546 1545 1684 1578 laudem
1704 1544 1885 1587 coniugii?
1936 1543 2102 1589 Prodigia
2120 1557 2227 1590 quae-

1236 1602 1383 1629 runtur:
1425 1593 1510 1629 haec
1548 1595 1749 1640 prodigiosa
1794 1595 1978 1639 turpitudo
2015 1602 2065 1630 est
2094 1603 2228 1630 certum

1237 1645 1498 1687 testimonium,
1532 1652 1644 1679 totum
1667 1645 1768 1678 illum
1788 1652 1925 1679 coetum
1947 1646 2228 1680 contaminatum

1237 1693 1503 1742 etdwmuaviq,
1544 1695 1725 1740 periuriis,
1762 1695 1994 1737 libidinibus,
2027 1697 2228 1740 parricidiis

1239 1745 1431 1787 Ecclesiae,
1458 1747 1580 1789 agitari
1600 1759 1618 1780 a
1636 1745 1800 1780 Diabolo.
1853 1745 1994 1780 Possem
2016 1747 2084 1780 alia
2103 1746 2230 1782 Ponti-

1238 1798 1341 1831 ficum
1361 1797 1520 1841 prodigia
1544 1798 1654 1830 multa
1672 1797 1836 1836 recitare,
1863 1809 1952 1842 quae
1977 1809 2071 1831 nunc
2085 1798 2228 1832 omitto:

1239 1861 1277 1881 ae
1303 1849 1408 1881 redeo
1429 1849 1472 1881 ad
1497 1848 1598 1881 illum
1626 1847 1836 1892 Apostolum
1863 1848 1906 1881 de
1922 1847 2066 1881 sublimi
2087 1849 2231 1883 concio-

1240 1906 1382 1933 nantem
1412 1905 1446 1933 et
1481 1899 1728 1932 defendentem
1758 1898 1907 1941 gloriam
1939 1895 2085 1936 Christi.
2147 1898 2230 1934 Non

1241 1956 1376 1994 poterat
1396 1949 1586 1983 semivivus
1610 1961 1650 1983 ac
1672 1949 1798 1993 ligatus
1814 1949 1977 1994 pietatem
1997 1960 2096 1983 suam
2113 1951 2231 1985 decla-

1242 2014 1276 2034 ra
1284 2013 1318 2033 re
1336 2000 1404 2034 iam
1420 2000 1500 2034 aliis
1514 2000 1657 2040 officiis,
1684 2001 1881 2044 gubernare
1890 1997 2065 2033 Ecclesias
2076 2027 2085 2041 ‚
2112 2007 2146 2034 et
2162 2001 2231 2036 late

1241 2064 1401 2096 spargere
1417 2051 1631 2085 doctrinam:
1666 2048 1733 2085 hoc
1754 2063 1864 2084 unum
1889 2056 2040 2093 poterat,
2066 2051 2232 2095 castigare

1242 2102 1525 2136 conviciatorem.
1591 2101 1645 2136 Ita
1673 2114 1756 2142 nos,
1791 2113 1870 2135 cum
1896 2098 2052 2134 habenas
2077 2100 2231 2147 Reipub.

1243 2160 1381 2187 teneant
1399 2153 1610 2191 adversarii,
1638 2165 1716 2186 cum
1734 2151 1837 2186 toties
1848 2152 1975 2185 frustra
1992 2153 2232 2196 rogaverimus

1243 2203 1374 2248 Reges,
1408 2211 1446 2237 ut
1470 2206 1513 2238 de
1531 2203 1718 2238 concordia
1735 2203 1949 2243 deliberent,
1973 2215 2052 2237 cum
2068 2216 2232 2239 revocare

1242 2267 1300 2288 eos
1324 2256 1369 2288 ab
1395 2267 1513 2289 errore
1536 2267 1608 2288 non
1633 2254 1824 2298 possimus,
1855 2251 1950 2287 huuc
1965 2260 2080 2288 tamen
2097 2255 2232 2290 cultum

1242 2304 1316 2339 Deo
1336 2312 1550 2351 praestemus
1563 2333 1572 2347 ,
1599 2305 1719 2349 lingua
1735 2312 1767 2339 et
1783 2305 1873 2351 stylo
1891 2305 2107 2340 celebremus
2124 2303 2232 2341 Chri-

1243 2365 1354 2395 stum,
1400 2357 1590 2391 refutemus
1629 2356 1868 2395 adversarios,
1919 2363 2073 2390 laxemus
2108 2357 2231 2401 impias

1243 2420 1363 2441 eorum
1390 2408 1498 2451 leges,
1529 2420 1566 2440 ac
1589 2404 1814 2452 hypocrisin.
1839 2415 1877 2441 ut
1904 2406 1951 2450 pii
1976 2407 2149 2441 admoniti
2174 2420 2231 2441 m-

1242 2465 1363 2499 want,
1398 2471 1441 2492 ne.
1464 2470 1584 2491 eorum
1608 2459 1771 2491 societate.
1794 2458 2011 2501 polluantur.
2065 2456 2134 2490 'l'ot
2161 2458 2229 2492 iam

1242 2522 1352 2543 annos
1376 2509 1494 2543 omnia
1511 2511 1689 2542 moderata
1713 2509 1859 2542 consilia
1878 2508 2062 2551 repudiant
2082 2507 2230 2543 Pontifi-

1242 2573 1312 2600 ces,
1349 2567 1484 2594 tantum
1510 2561 1552 2592 de
1576 2561 1678 2593 caede
1704 2559 1875 2603 cogitant,
1905 2558 2037 2592 faciunt
2069 2559 2176 2604 impia
2198 2568 2232 2595 et

1241 2611 1405 2654 sacrilega
1426 2612 1575 2644 foedera.
1618 2612 1732 2653 Quam
1745 2611 1787 2643 ad
1806 2609 1904 2642 rem?
1929 2610 1970 2642 ad
1989 2610 2230 2644 defensionem

1242 2662 1443 2696 manifestae
1461 2661 1720 2704 idobmaniae,
1754 2659 1990 2705 periuriorum
2005 2687 2012 2701 ,
2039 2661 2227 2705 flagitiosa-
