2338 2958
196 145 265 179 811

201 281 358 319 Diocles,
385 277 478 321 apud
496 271 714 308 Antiochum
732 269 978 309 Erasistratus,
1004 269 1098 313 apud
1115 267 1193 302 Au-

202 341 339 375 gustum
358 326 537 362 Antonius
554 323 671 362 Musa,
699 323 792 368 apud
804 321 1004 356 Antonium
1022 319 1194 360 Galenus,

202 391 235 417 et
253 383 310 415 alii
328 379 420 423 apud
436 378 536 412 alios.

304 456 352 492 Ut
375 462 491 489 autem
507 452 689 493 doctrina,
715 461 821 497 quam
839 448 1007 489 colimus,
1029 445 1195 481 Philoso-

203 508 306 554 phiae
323 519 402 552 pars
418 505 606 551 praecipua
623 510 696 545 est,
716 502 765 537 ita
781 508 812 535 et
831 500 994 534 voluntas
1010 498 1055 532 sit
1077 495 1195 542 philo-

204 558 358 605 sophica,
383 558 420 590 id
436 563 500 590 est:
524 553 675 589 Etiamsi
690 552 794 587 multi
812 551 942 595 ingrati
958 556 1054 590 sunt,
1077 556 1196 582 tamen

204 623 268 644 nos
286 616 428 653 propter
443 606 570 647 Deum,
596 613 630 639 et
646 604 788 639 virtutis
805 613 921 642 causa,
940 600 1197 645 possessionem

204 662 383 694 doctrinae
401 667 580 698 tueamur,
603 664 636 690 et
656 656 778 689 multis
799 652 1072 686 benefaciamus.
1125 649 1198 683 Ta-

205 715 247 745 lis
274 714 301 744 si
327 711 392 744 erit
416 710 596 745 voluntas,
625 705 701 740 Deo
720 705 831 739 nostri
851 704 988 737 labores
1008 709 1042 736 et
1059 707 1199 735 nostrae

205 764 359 797 familiae
378 773 479 795 curae
497 766 609 793 erunt.

310 836 381 867 Vns
399 842 514 868 autem
530 832 686 867 iuniores
709 827 898 870 adhortor,
923 834 964 862 ut
987 826 1199 870 cogitatione

208 888 368 921 utilitatis
394 893 428 920 et
447 883 628 928 dignitatis
651 888 792 916 nostrae
816 879 921 920 artis,
947 878 1053 912 simul
1075 878 1118 911 ad
1135 878 1201 911 do-

209 942 342 973 ctrinae
373 948 528 970 amorem
557 934 695 968 animos
726 930 945 971 exuscitetis,
978 929 1074 963 etin
1100 939 1200 973 aspe-

208 994 323 1023 cti-»u«-
343 996 507 1026 naturae,
534 985 679 1028 vestigia
699 982 767 1017 Dei
789 982 979 1026 diligenter
1000 981 1202 1013 considere-

210 1043 264 1084 tis,
287 1052 376 1085 quae
395 1050 486 1078 eum,
505 1044 545 1070 ut
561 1036 692 1069 Paulus
707 1033 837 1079 inquit,
854 1033 942 1066 adeo
957 1043 1067 1076 prope
1082 1031 1202 1064 adesse

210 1092 401 1126 ostendunt
412 1117 421 1130 ,
446 1099 536 1133 pene
553 1094 593 1120 ut
607 1085 771 1119 manibus
786 1083 997 1118 contrectari
1013 1083 1136 1126 possit,
1161 1088 1203 1115 ut

210 1151 241 1175 et
262 1142 436 1174 vindicem
452 1138 614 1172 metuatis
625 1165 634 1178 ‚
658 1144 692 1171 et
708 1137 802 1170 hona
819 1132 1034 1169 conscientia
1049 1144 1130 1167 eum
1147 1131 1203 1165 in-

211 1202 347 1227 vocetis.

313 1268 404 1301 Nol«)
423 1267 527 1300 etiam
544 1275 606 1298 vos
621 1263 665 1297 ad
682 1260 775 1295 lianc
796 1272 909 1294 meam
929 1259 1127 1294 orationem
1144 1269 1205 1291 ve-

211 1331 280 1355 stra
312 1326 391 1352 rota
417 1318 624 1359 adiungere:
661 1313 715 1347 Te
745 1312 950 1346 invocamus
979 1310 1206 1354 omnipotens

211 1373 327 1411 Deus,
355 1376 495 1403 aeterne
514 1366 620 1400 Pater
644 1363 793 1398 Domini
815 1362 930 1397 nostri
956 1360 1036 1395 Iesu
1059 1358 1205 1398 Christi,

213 1423 375 1457 conditor
398 1419 486 1453 coeli
506 1425 538 1451 et
563 1425 675 1451 terrae
698 1423 732 1449 et
755 1412 942 1448 bominum
972 1419 1007 1446 et
1029 1411 1206 1446 Ecclesiae

212 1485 308 1514 tune,
335 1483 404 1505 una
423 1482 501 1504 cum
518 1469 591 1501 filio
614 1475 676 1501 tuo
691 1465 847 1500 Domino
867 1470 990 1499 nostro
1009 1462 1086 1496 lesu
1099 1460 1206 1496 Chri-

212 1534 263 1559 sto
277 1553 284 1565 ‚
311 1532 344 1558 et
361 1522 497 1567 Spiritu
514 1525 634 1553 sancto
651 1524 729 1552 tuo:
754 1529 793 1550 ac
809 1526 972 1559 oramus,
1000 1521 1039 1548 ut
1063 1520 1207 1558 propter

212 1578 323 1609 filium
350 1581 451 1607 tuum
473 1570 671 1605 Dominum
696 1574 858 1601 nostrum
882 1566 997 1600 Iesum
1014 1563 1207 1602 Christum,

214 1639 318 1672 quem
336 1623 479 1656 voluisti
500 1634 564 1666 pro
581 1619 683 1653 nobis
705 1629 778 1652 esse
793 1617 992 1656 victimam,
1020 1613 1084 1649 καὶ
1104 1612 1208 1658 μεσί-

215 1691 281 1722 την
304 1674 364 1709 καὶ
383 1672 523 1718 ἱκέτην,
558 1682 622 1705 nos
647 1681 744 1713 regas
766 1667 904 1713 Spiritu
923 1673 1043 1700 sancto
1067 1673 1147 1704 tuo,
1175 1672 1209 1699 et

215 1728 330 1761 studia
348 1725 530 1758 doctrinae
546 1735 582 1755 oc
601 1719 824 1764 disciplinam
841 1719 1033 1762 gubernes,
1060 1723 1093 1750 et
1109 1723 1209 1749 tran-

217 1779 326 1824 quilla
346 1776 449 1809 nobis
467 1773 618 1817 hospitia
639 1771 824 1804 concedas:
855 1776 888 1802 et
911 1779 1026 1808 nunc,
1059 1774 1092 1801 et
1108 1767 1209 1799 dein-

214 1842 294 1873 ceps
319 1836 496 1861 aeternam
530 1824 594 1858 tibi
626 1823 718 1856 inter
743 1831 808 1854 nos
835 1818 1028 1854 Ecclesiam
1054 1817 1210 1862 colligas,

216 1881 308 1914 Dixi.

1041 2077 1089 2098 en,
1117 2066 1212 2099 1548.

1033 2111 1205 2125 w

220 2077 284 2110 Nx.
312 2075 392 2108 102.

231 2122 397 2137 ‘N

336 2176 406 2217 De
428 2171 592 2214 studiis
614 2169 683 2209 lie.
709 2180 800 2208 non
823 2165 1098 2208 deserendis.

291 2275 320 2299 ln
341 2272 429 2298 select.
444 2270 592 2295 neelami.
611 2267 644 2292 Τ.
655 2266 700 2292 lV.
715 2265 800 2296 Ρ.415
815 2273 892 2298 svp,
911 2262 1038 2289 nithard.
1055 2263 1087 2290 Ὶ”.
1103 2263 1121 2289 l.
1135 2273 1159 2297 p.
1170 2263 1213 2289 70.

326 2314 348 2332 rt
371 2317 397 2331 iu
418 2307 532 2330 scm-..c
552 2302 584 2327 Τ.
602 2301 646 2327 lv.
673 2311 695 2334 p.
712 2300 770 2325 377.
791 2313 822 2318 -
861 2298 964 2332 Μ)Ἰὶυ.ι
991 2299 1015 2323 in
1036 2299 1213 2333 chronologia

327 2347 449 2375 munstur.
466 2339 518 2364 Mel
549 2338 628 2363 reicit
645 2337 712 2361 hanc
727 2334 879 2360 ouationem
895 2333 926 2359 ad
941 2342 983 2360 an.
1000 2333 1073 2358 1545.

224 2435 349 2466 oratio
375 2429 420 2462 de
447 2426 582 2460 studiis
609 2427 809 2459 literarum
837 2433 906 2456 non
931 2421 1148 2456 deserendis
1175 2425 1213 2456 in

395 2479 464 2513 hm·
488 2475 703 2521 confusione
726 2473 821 2509 vrbis
845 2478 1043 2508 terrm-um.

224 2561 305 2599 Etsi
325 2564 459 2596 illustri·
478 2558 716 2592 testimoninm
733 2563 781 2590 est
803 2555 1046 2600 providentiae
1064 2555 1216 2597 divinae,

224 2615 482 2661 'ult-herminus
499 2612 586 2642 ordo
605 2609 794 2640 multarum
812 2619 928 2640 rerum
948 2606 984 2639 in
1001 2614 1147 2647 natura,
1178 2616 1214 2641 ut

226 2670 297 2711 31⁶³
323 2663 446 2698 numdi
472 2663 600 2703 figura,
629 2668 661 2692 ct
689 2659 822 2703 positus
850 2670 1038 2702 corporum
1066 2659 1216 2691 certissi-

225 2732 300 2752 ma..
321 2718 411 2755 10gos
427 2721 586 2747 motuum
606 2710 826 2747 coelestium.
849 2709 940 2743 vices
955 2716 1154 2753 temporum
1173 2711 1216 2744 ad

575 134 736 173 DECL.
782 131 856 170 DE
888 129 1127 169 STUDIIS
1157 128 1269 167 LtT.
1303 126 1421 166 NON
1454 126 1840 168 DESEPAENDIS.

199 230 289 274 apud
323 225 562 263 Alexandrum
591 219 799 266 Philippus,
841 218 935 264 apud
968 214 1189 262 Antigonum
1240 215 1428 250 utilitatem
1451 226 1569 255 rerum
1593 214 1812 249 nascentium
1829 216 2132 258 accommodatae,
2161 223 2234 251 ter·
2281 236 2286 242 ·

1242 279 1301 300 rae
1317 266 1555 307 foecunditas,
1582 266 1777 311 specierum
1801 267 2036 312 perpetuitas,
2060 278 2234 313 propaga-
2283 268 2286 274 '

2157 131 2232 168 812

1243 318 1292 352 tio
1319 324 1353 352 et
1379 317 1617 362 generationis
1641 317 1788 358 modus,
1822 317 1974 362 denique
1996 330 2096 352 mens
2116 317 2236 352 homi-

1244 369 1318 410 nis,
1346 368 1506 413 numeri,
1531 375 1567 402 et
1591 367 1680 401 aliae
1701 367 1835 413 primae
1861 369 2030 409 noticiae,
2057 376 2091 404 et
2115 369 2236 404 lumen

1245 421 1282 453 in
1299 420 1480 453 mentibus
1495 425 1638 453 aeterno
1656 426 1754 463 septo
1771 419 1943 452 dirimens
1958 417 2104 454 honesta
2122 433 2140 454 a
2160 427 2237 454 tur-

1245 472 1370 516 pibns‚
1397 470 1570 504 iudicium
1593 470 1828 504 conscientiae
1850 469 1888 502 in
1906 477 1998 504 recte
2019 477 2052 504 et
2068 482 2164 505 secus
2182 471 2238 505 fa-

1247 523 1327 555 ctis:
1365 534 1455 567 quae
1484 520 1603 554 omnia
1628 532 1708 555 cnm
1731 520 1938 565 aspicimus,
1971 521 2073 555 fateri
2096 529 2239 566 cogunt,

1248 585 1320 606 non
1337 585 1416 607 casn
1433 572 1585 606 extitisse
1602 568 1699 605 hunc
1716 572 1903 612 mundum,
1926 572 1986 605 sed
2003 579 2155 606 mentem
2172 573 2239 606 ali-

1249 636 1354 669 quam
1380 631 1556 657 aeternam
1587 623 1694 656 suisse
1720 619 2032 656 architectatricem
2062 630 2097 657 et
2122 621 2240 657 homi-

1250 687 1356 714 num,
1389 682 1422 709 et
1447 673 1554 708 huius
1579 670 1808 718 pulcherrimi
1839 673 2010 707 domicilii
2044 674 2174 714 nostri,
2206 680 2242 707 et

1250 723 1341 758 hanc
1365 724 1610 770 inspectricem
1635 731 1668 758 et
1694 724 1847 758 iudicem
1870 735 1942 757 esse
1963 732 2166 759 nostrornm
2189 726 2242 758 fa-

1250 783 1404 810 ctorum:
1433 783 1467 810 et
1482 773 1574 809 lianc
1591 776 1634 809 de
1649 775 1724 810 Deo
1739 775 1906 808 noticiam
1927 775 2069 810 insitam
2086 787 2159 810 esse
2175 773 2244 809 hu-

1251 827 1365 861 manis
1380 827 1519 866 animis‚
1547 826 1594 860 ita
1611 827 1846 870 agnoscimuS,
1872 832 1911 859 ut
1926 838 2155 861 numerorum
2173 826 2244 859 ini-

1251 879 1300 913 tia
1325 878 1363 912 in
1388 878 1490 912 nobis
1511 877 1705 911 cernimus:
1732 884 1850 912 tamen
1863 883 1960 911 tanta
1977 884 2029 912 est
2043 878 2244 911 animorum

1252 941 1313 964 seu
1331 929 1530 968 mobilitas,
1555 940 1616 962 seu
1641 928 1782 967 levitas,
1806 934 1846 962 ut
1869 929 2023 962 assensio
2045 929 2244 973 languefiat‚

1253 993 1331 1014 cnm
1359 978 1546 1014 hominum
1562 979 1648 1013 vitia
1670 985 1705 1013 et
1726 979 1889 1012 fortunae
1905 980 2108 1013 varietatem
2128 980 2247 1014 intue-

1252 1044 1344 1067 mur.
1396 1030 1509 1065 Nemo
1529 1030 1605 1064 sine
1621 1030 1801 1064 erroribus
1815 1037 1849 1064 et
1865 1029 1941 1063 sine
1960 1031 2078 1076 aliqua
2101 1031 2178 1065 labe
2193 1030 2247 1062 vi-

1253 1083 1321 1117 vit:
1347 1089 1380 1116 et
1403 1081 1604 1122 Palamedi,
1636 1080 1791 1121 Socrati,
1825 1087 1859 1114 et
1880 1081 2058 1115 similibus
2080 1088 2173 1116 recte
2193 1080 2247 1114 fa-

1254 1133 1429 1168 cientibus
1447 1144 1518 1166 non
1535 1133 1679 1177 prodest
1695 1131 1835 1165 virtutis
1853 1133 2021 1166 studium.
2074 1129 2108 1166 E
2124 1139 2248 1166 contra

1255 1183 1381 1229 Apicio
1401 1190 1434 1218 et
1455 1182 1578 1217 multis
1595 1182 1786 1223 similibus,
1814 1183 1876 1227 qui
1899 1194 1934 1216 se
1955 1183 2108 1228 turpiter
2127 1183 2249 1229 inqui·

1255 1241 1388 1269 narunt
1410 1233 1673 1279 voluptatibus,
1703 1233 1918 1279 tranquillus
1941 1240 1992 1267 est
2010 1234 2099 1268 vitae
2125 1245 2249 1268 cursus

1256 1287 1297 1319 ad
1325 1285 1488 1319 ultimam
1513 1295 1625 1328 usque
1646 1291 1836 1318 senectam.
1888 1283 2011 1330 Itaque
2034 1296 2107 1318 non
2133 1284 2248 1319 solum

1255 1336 1479 1371 Democritus
1494 1343 1527 1369 et
1545 1333 1722 1379 Epicurus
1739 1335 1876 1379 fingunt
1898 1335 1974 1368 sine
1990 1342 2107 1370 mente
2125 1336 2250 1370 condi-

1256 1388 1342 1422 trice
1375 1384 1461 1420 haec
1494 1386 1622 1419 mundi
1658 1397 1807 1429 corpora
1841 1397 2016 1420 concursu
2049 1394 2251 1421 atomorum

1257 1446 1387 1473 temere
1410 1437 1564 1471 conflata
1591 1447 1685 1476 esse,
1715 1443 1749 1470 et
1772 1442 1903 1470 temere
1927 1437 2013 1471 serti
2041 1450 2081 1471 ac
2102 1438 2252 1475 moveri,

1258 1501 1321 1523 nec
1350 1495 1504 1522 mentem
1535 1487 1690 1533 aliquam
1715 1487 1896 1522 rectricem
1920 1499 1993 1522 csse
2016 1488 2154 1532 generis
2182 1486 2250 1523 hu-

1257 1540 1365 1579 mani,
1390 1540 1449 1573 sed
1467 1539 1573 1573 etiam
1595 1538 1874 1572 innumerabiles
1895 1539 1953 1572 alii
1969 1537 2143 1579 homines,
2170 1551 2251 1574 cum

1257 1603 1396 1625 morum
1412 1590 1649 1630 confusiones,
1671 1589 1895 1629 Pulhiarum,
1922 1603 2012 1636 quae
2027 1591 2254 1625 mediocriter

1257 1643 1397 1675 fuerant
1417 1641 1647 1681 constitutae,
1673 1640 1942 1685 dissipationes,
1969 1642 2163 1685 potentiam
2184 1642 2252 1676 flo-

1258 1699 1391 1726 rentem
1418 1703 1539 1725 eorum
1564 1691 1625 1736 qui
1650 1691 1833 1724 veritatem
1863 1698 1895 1725 ct
1928 1692 2102 1726 iusticiam
2130 1693 2254 1737 oppri-

1260 1751 1375 1781 munt,
1402 1742 1590 1787 aspiciunt,
1611 1741 1747 1775 etiamsi
1763 1754 1836 1775 non
1854 1742 2019 1776 dubitant
2033 1754 2106 1777 esse
2125 1743 2254 1785 Deum,

1260 1794 1479 1828 conditorem
1497 1798 1530 1825 et
1545 1793 1818 1835 gubernatorem
1834 1804 1969 1833 rerum,
1995 1788 2111 1827 tam‘en
2131 1795 2253 1830 remit·

1260 1852 1340 1879 tunt
1363 1844 1518 1877 studium
1538 1843 1702 1882 virtutis,
1729 1844 1823 1888 quod
1850 1843 2052 1878 existimant
2070 1857 2197 1890 magna
2212 1858 2254 1880 ex

1262 1902 1359 1940 parte
1383 1894 1510 1928 inutile
1534 1906 1618 1928 esse.
1676 1892 1816 1927 Deinde.
1840 1894 1876 1927 in
1899 1893 2075 1936 Ecclesia,
2107 1908 2188 1930 cum
2213 1909 2254 1931 ex

1262 1946 1378 1981 studio
1404 1945 1560 1979 veritatis
1591 1945 1751 1988 ingentes
1783 1951 1900 1979 motus
1930 1947 2059 1980 exoriri
2083 1947 2256 1990 videmus,

1261 1998 1332 2031 imo
1358 1997 1554 2042 sapientum
1578 2008 1719 2041 quoque
1743 1996 1886 2029 iudiciis
1915 1996 2108 2042 improbari
2134 2011 2255 2034 curam

1262 2049 1483 2093 quaerendae
1500 2047 1673 2079 veritatis:
1704 2044 1761 2080 hic
1779 2059 1861 2080 vero
1880 2060 1952 2080 non
1971 2048 2086 2082 solnm
2112 2050 2256 2086 inutiles

1263 2100 1401 2135 literae,
1429 2101 1486 2131 sed
1507 2098 1611 2131 etiam
1629 2098 1845 2141 perniciosae
1860 2110 1932 2131 esse
1951 2099 2146 2142 ducuntur,
2168 2109 2201 2136 et
2218 2103 2255 2136 in

1262 2151 1384 2183 odium
1405 2150 1569 2182 veniunt:
1603 2155 1639 2181 ut
1666 2161 1718 2181 res
1740 2149 1811 2193 ipsa
1835 2151 1988 2184 ostendit
2010 2148 2099 2185 hanc
2116 2164 2256 2187 causam

1264 2214 1353 2240 esse,
1382 2213 1444 2234 cur
1458 2200 1560 2233 multi
1580 2200 1777 2233 doctrinam
1795 2212 1857 2232 cen
1877 2208 2006 2244 pestem
2023 2202 2178 2249 aliquam
2200 2205 2257 2239 su—

1264 2253 1356 2295 giam
1370 2279 1378 2293 ,
1405 2251 1507 2285 multi
1529 2253 1745 2294 degustatam
1761 2251 1939 2285 abiiciant.

1366 2350 1440 2386 Etsi
1459 2358 1574 2384 :intem
1591 2351 1692 2383 valde
1709 2351 1852 2384 difficile
1880 2358 1927 2385 est
1940 2380 1947 2390 ,
1974 2353 2111 2390 animos
2131 2354 2184 2392 his
2203 2370 2258 2393 re-

1266 2406 1373 2437 moris
1389 2402 1577 2447 impeditos
1595 2403 1737 2443 erigere,
1756 2409 1858 2447 :itque
1875 2404 2077 2444 ‹must-itare.
2096 2407 2257 2445 ntDeum

1266 2455 1455 2499 aspiciant,
1481 2466 1519 2485 :ic
1538 2453 1754 2486 voluntatem
1779 2453 1853 2486 eins
1878 2455 2073 2490 anteferant
2091 2460 2259 2496 omnihus

1269 2505 1322 2539 his
1344 2503 1614 2538 ‹»t]'··1=si‹uuit·us:
1645 2512 1760 2537 (mm—n
1787 2505 1934 2537 (minino
1951 2510 2179 2550 pugnandum
2197 2521 2246 2548 est

1269 2571 1311 2590 ιιι·
1336 2557 1430 2590 salsis
1449 2555 1680 2599 opinionibus
1699 2556 1793 2588 wint
1811 2563 1997 2589 ventorum
2022 2557 2154 2603 impetu
2170 2575 2189 2596 a
2205 2541 2259 2599 re:

1268 2616 1319 2641 cta
1340 2608 1394 2640 xia
1413 2607 1645 2650 depellantur.

1269 2661 1317 2692 dit
1349 2659 1384 2691 in
1418 2659 1526 2691 ardua
1555 2670 1566 2688 x
1579 2657 1676 2691 irtus.

1696 2604 1847 2639 Difficile
1863 2614 1930 2646 est,
1954 2607 2081 2647 fateor,
2104 2612 2165 2646 sed
2182 2621 2260 2649 ten·
2311 2627 2315 2636 ⁴

1739 2655 1813 2690 Etsi
1842 2665 1957 2691 autern
1984 2660 2118 2695 nullius
2143 2667 2260 2701 oratio

1271 2711 1414 2754 iguaxos
1435 2715 1495 2742 ant
1518 2708 1629 2741 malos
1653 2707 1804 2741 excitare
1829 2715 1962 2752 potest,
1997 2717 2113 2746 tamen
2145 2715 2260 2752 bonae
2295 2751 2298 2755 ,
