2338 2958
85 132 155 168 361

87 228 184 258 num,
210 213 412 258 dissipantis
427 213 584 247 divinam
600 215 873 259 ordinationem,
903 215 950 249 sic
967 215 1077 248 sciant

87 277 208 301 omnes
241 265 359 308 legum
393 272 670 310 contemptores,
707 279 741 300 se
768 265 910 300 Diaboli
945 277 1076 309 organa

87 328 176 357 esse,
199 322 232 349 et
247 316 391 349 daturos
411 314 485 349 Deo
502 328 644 361 poenas,
670 317 762 351 sicut
777 318 879 350 toties
898 317 990 350 Deus
1007 316 1076 349 mi-

86 374 210 405 natur,
253 372 288 400 et
321 372 494 400 testantur
529 368 685 412 exempla
723 368 882 401 omnium
913 374 1076 402 aetatum.

84 416 205 452 Cernit
224 416 316 450 Deus
332 418 491 451 omnium
512 419 658 459 vindex,
684 425 716 452 et
732 419 786 451 vel
805 418 1076 462 Magistratuum

85 467 267 502 sententiis
293 469 435 512 praebet
460 469 657 512 puniendos
689 469 889 513 improbos,
925 469 979 501 vel
1004 469 1076 512 ipse

85 518 163 553 aliis
188 515 375 552 horrendis
400 520 523 563 poeuis
542 532 598 553 eos
619 520 803 554 excruciat.
857 519 937 552 Non
958 518 1077 562 Magi-

85 575 212 603 stratus
229 566 413 603 cohercere
431 569 596 604 Clodium
613 577 794 615 poterant,
822 569 913 603 Milo
933 571 1074 603 tandem

85 617 282 655 cohercuit:
318 632 391 653 non
407 619 605 655 Antonium
625 622 727 664 leges,
754 633 825 654 non
843 621 993 655 Senatus
1012 633 1076 654 au-

84 671 224 709 toritas,
261 683 334 703 non
359 672 497 704 foedera
529 671 746 705 sanctissima
774 672 925 706 retinere
950 678 1075 715 potue—

83 727 185 762 runt,
209 733 279 767 quo
296 721 414 754 minus
432 722 522 755 bella
539 722 657 755 civilia
677 729 844 757 moveret.
883 721 1003 767 ltaque
1021 730 1074 767 ty-

83 783 218 805 rannus
236 773 376 805 tandem
395 784 467 805 non
489 772 671 816 impetrata
690 773 759 805 vita
782 784 800 805 a
818 773 967 811 victore,
995 785 1074 806 cum

84 823 191 855 miser
220 822 364 856 vidisset
394 823 548 865 reginam
576 822 796 867 Cleopatram
830 824 897 857 sibi
926 831 1073 857 mortem

84 872 372 913 consciscentem,
392 873 527 916 ingenti
547 874 670 907 dolore
694 881 728 908 et
746 874 819 918 ipse
839 886 911 908 sese
927 874 1074 918 iugulat.

82 922 165 957 Non
189 921 274 956 haec
298 934 379 956 casu
404 924 499 962 fieri,
527 923 797 965 Adolescentes,
824 925 1074 966 existimemus,

82 975 143 1007 sed
164 973 391 1007 ordinatione
414 974 498 1016 Dei,
532 976 593 1020 qui
615 976 665 1009 sic
680 976 862 1009 ulciscitur
888 974 1071 1009 hominum

81 1024 258 1063 furorem,
292 1025 352 1070 qui
388 1025 480 1068 leges
509 1033 758 1068 contemnunt,
787 1033 820 1060 et
850 1024 1073 1060 harmoniam

82 1075 256 1109 societatis
284 1073 460 1109 humanae
482 1077 526 1110 ab
542 1077 617 1120 ipso
634 1077 830 1112 institutam
848 1078 1073 1112 conturbant.

85 1125 206 1170 Quare
222 1137 295 1159 non
311 1133 448 1160 tantum
466 1139 506 1160 ex
524 1125 681 1161 historiis
697 1128 854 1172 exempla
872 1129 1071 1173 quaerenda

83 1183 185 1218 sunt,
233 1177 293 1210 sed
331 1189 496 1221 praesens
531 1179 602 1212 vita
639 1179 839 1223 suppeditat
874 1180 1072 1213 innumera.

83 1226 203 1271 Quare
226 1228 340 1261 vereri
364 1228 456 1271 leges
481 1235 514 1262 et
536 1241 653 1263 amare
673 1230 833 1275 tuerique
850 1231 1073 1274 disciplinam

82 1278 277 1320 diseamus,
313 1285 347 1312 et
371 1279 520 1313 sciamus
544 1292 602 1313 eos
628 1280 688 1325 qui
720 1293 791 1314 non
818 1282 1074 1324 obtemperant,

81 1340 157 1363 non
174 1335 311 1362 tantum
328 1341 406 1363 cum
423 1327 649 1372 hominibus,
674 1333 733 1365 sed
751 1344 830 1365 cum
846 1332 920 1365 Deo
939 1343 1074 1376 pugna-

82 1391 138 1420 re,
165 1386 199 1413 et
214 1386 418 1420 concutere,
443 1381 542 1426 quasi
563 1383 708 1415 domum
726 1382 897 1416 divinitus
922 1383 1074 1416 fabrica-

85 1437 175 1471 tam,
200 1427 292 1463 hanc
314 1431 472 1474 politiam
496 1444 563 1477 qua
583 1433 817 1468 continemur.
871 1433 940 1467 Sed
960 1433 1073 1466 dicam

82 1492 179 1514 nunc
200 1481 243 1513 de
264 1481 372 1514 altera
396 1489 513 1526 parte,
546 1483 712 1517 videlicet
736 1485 779 1516 de
799 1483 964 1518 Romano
988 1483 1074 1523 iure,

83 1543 191 1578 quare
209 1531 245 1565 id
262 1531 483 1575 potissimum
498 1534 654 1577 amplexa
671 1533 882 1578 sitRespub.
912 1534 1074 1568 Iudaicae

81 1583 175 1626 leges
198 1594 271 1615 uon
295 1582 363 1615 nisi
387 1583 441 1616 illi
461 1584 596 1617 nationi
611 1585 772 1619 conditae
789 1593 888 1626 sunt,
915 1597 978 1618 nec
993 1596 1074 1629 pos-

84 1640 165 1668 sunt
180 1633 371 1666 convenire
387 1634 548 1678 pluribus
560 1635 744 1670 Gentibus.
772 1634 963 1679 Assignant
980 1636 1072 1668 enim

82 1691 193 1718 certas
213 1685 311 1717 sedes
337 1685 439 1719 certis
462 1686 627 1727 familiis,
653 1693 686 1720 et
705 1684 766 1720 has
788 1694 907 1721 vetant
926 1686 1073 1726 mutari,

84 1733 150 1769 hoc
188 1746 261 1768 non
294 1741 408 1779 potest
438 1736 507 1769 nisi
538 1737 574 1769 in
611 1744 758 1780 angusto
795 1738 872 1771 loco
905 1737 1073 1772 obtineri.

82 1785 277 1830 Spartanae
299 1786 391 1830 leges
415 1799 488 1820 non
512 1788 679 1821 dividunt
705 1799 826 1832 agros,
860 1790 920 1821 sed
950 1789 1074 1821 iubent

83 1836 318 1871 communiter
336 1837 419 1878 coli,
447 1844 481 1871 et
496 1846 614 1882 postea
633 1840 768 1872 fructus
787 1839 916 1872 dividi:
946 1851 990 1872 ne
1007 1837 1073 1871 hoc

83 1887 226 1933 quidem
244 1887 313 1919 nisi
331 1887 424 1921 inter
439 1900 567 1932 paucos
586 1889 740 1923 obtineri
757 1896 880 1933 potest.
932 1888 1075 1923 Habent

83 1946 117 1972 et
134 1938 204 1971 alia
219 1938 344 1971 vitiosa
360 1938 519 1973 instituta
544 1941 587 1972 de
603 1940 801 1976 connubiis.
829 1939 965 1974 Atticae
980 1941 1072 1983 leges

81 1989 229 2035 propius
251 1990 296 2022 ad
314 1988 513 2023 Romanam
537 1991 688 2024 sormam
711 1992 898 2032 accedunt,
920 1992 979 2025 sed
998 1990 1074 2025 Ro-

83 2052 207 2073 manae
233 2040 311 2084 plus
334 2041 515 2084 gravitatis
534 2038 664 2075 habent
683 2042 720 2074 in
745 2042 921 2087 plerisque
939 2042 1074 2075 delictis

83 2091 290 2136 puniendis;
311 2091 438 2125 melius
453 2091 556 2125 etiam
574 2093 779 2126 describunt
795 2093 871 2126 iura
887 2099 1074 2127 testamen-

83 2148 222 2180 torum,
256 2141 462 2176 discernunt
488 2140 736 2185 haereditates,
782 2144 862 2176 fidei
891 2144 1073 2177 commissa

83 2193 213 2235 legata3
256 2193 409 2239 denique
442 2193 586 2227 uberior
618 2201 669 2228 est
703 2194 863 2228 doctrina
889 2193 1073 2229 Romanis.

84 2242 196 2286 Saepe
225 2243 319 2276 enim
343 2244 456 2277 miror
487 2244 711 2290 insolentiam
735 2246 979 2291 quorundam,
1013 2245 1074 2291 qui

85 2292 286 2327 existimant
303 2293 392 2328 iusta
416 2302 449 2328 et
465 2307 590 2340 aequa,
618 2297 692 2329 sine
708 2303 782 2330 arte
800 2303 832 2330 et
850 2296 924 2329 sine
943 2297 1074 2330 doctri-

85 2356 130 2378 na
147 2344 298 2390 perspici
324 2346 476 2379 naturali
494 2348 646 2391 quodam
665 2359 767 2381 sensu
779 2372 787 2386 ‚
815 2347 904 2381 sicut
921 2359 1002 2391 apes
1019 2359 1075 2380 ar-

85 2392 353 2429 chitectonicam
382 2403 516 2430 norunt
543 2398 618 2431 sine
641 2399 819 2438 doctrina,
853 2399 911 2431 sed
938 2395 975 2431 hi
1003 2405 1073 2432 tota

85 2446 142 2479 via
158 2453 288 2481 errant.
339 2444 482 2480 Etenim
499 2454 537 2481 ut
552 2448 588 2480 in
605 2449 683 2482 aliis
697 2450 832 2483 artibus
851 2449 949 2482 initia
967 2461 1075 2495 quae—

85 2497 167 2530 dam
186 2503 357 2531 monstrat
372 2505 515 2539 natura,
539 2505 577 2532 ut
595 2499 630 2531 in
655 2500 828 2533 mensuris
846 2500 1074 2541 admirandis,

87 2547 214 2580 deinde
237 2549 304 2582 arti
331 2549 490 2583 doctrina
516 2550 667 2593 proficit:
705 2551 750 2584 ita
776 2552 813 2584 in
835 2548 899 2584 hac
929 2551 1015 2585 iuris
1042 2559 1075 2586 et
1098 2554 1099 2558 ’

84 2609 224 2632 morum
253 2600 507 2643 gubernatione
530 2600 629 2634 initia
656 2613 675 2634 a
706 2609 831 2635 natura
857 2613 929 2635 esse
952 2602 1074 2636 fateor.

85 2646 232 2682 Necesse
254 2657 303 2684 est
328 2651 422 2684 enim
445 2663 516 2685 esse
545 2658 636 2685 certa
660 2652 852 2697 principia,
883 2653 943 2686 sed
965 2665 1004 2686 ex
1019 2650 1074 2686 his
1096 2681 1099 2716 Ι

85 2699 242 2734 fontibus
266 2701 347 2735 duci
369 2703 508 2746 regulae
531 2702 605 2736 sine
628 2703 788 2737 doctrina
818 2715 891 2737 non
916 2711 1073 2748 possunt.

648 127 807 165 DECL.
858 127 931 165 DE
964 127 1301 164 DIGNITATE
1334 128 1556 165 LEGUM.

2047 131 2122 167 362

1127 212 1276 256 Quoties
1301 215 1453 248 affinitas
1476 215 1605 259 decipit
1636 212 1825 248 homines'.>
1869 215 1916 250 Ut
1940 213 2006 249 hoc
2033 224 2123 251 tem-

1127 276 1210 307 pore
1229 277 1334 309 quam
1351 266 1501 308 turpiter
1517 267 1730 310 praetexitur
1748 266 1933 306 interesse,
1956 267 2121 301 immani-

1127 316 1191 348 bus
1210 315 1336 354 usuris,
1356 316 1534 349 interdum
1552 317 1639 349 salso
1657 324 1837 360 praetextu
1855 317 2039 358 societatis,
2066 319 2122 351 in-

1126 367 1264 399 terdum
1285 366 1459 399 simulatis
1478 368 1715 410 emptionibus
1733 369 1916 412 voragines
1931 380 2121 403 usurarum

1127 422 1303 459 teguntur.
1354 416 1449 450 Ilaec
1466 415 1682 460 deprehendi
1702 425 1734 451 et
1751 419 1931 452 emendari
1949 420 2023 452 sine
2041 432 2122 454 eru-

1126 467 1282 508 ditione,
1308 468 1487 508 doctrina,
1518 480 1589 500 non
1619 476 1775 512 possunt.
1830 470 1930 513 Quae
1955 471 2121 504 tenebrae

1128 524 1242 551 essent
1270 518 1501 559 iudiciorum,
1531 531 1618 563 quae
1648 520 1827 558 confusio,
1855 522 1883 553 si
1908 533 1980 554 non
2007 529 2122 555 essent

1127 575 1199 602 arte
1225 569 1353 603 tradita
1378 569 1582 602 discrimina
1606 570 1811 603 actionum?
1851 571 1938 613 Quis
1962 572 2037 605 sine
2055 574 2120 606 do-

1127 619 1238 652 ctrina
1257 620 1408 660 videret,
1437 633 1498 653 cur
1520 632 1537 653 a
1558 621 1608 653 rei
1627 621 1864 654 vindicatione
1892 623 2120 665 publicanum

1126 670 1297 713 distingui
1318 671 1501 715 oporteat?
1536 678 1569 704 et
1585 668 1651 704 hoc
1670 683 1778 714 genus
1796 672 1861 704 alia
1879 673 2014 705 inulta?
2048 673 2120 707 Res

1127 721 1235 763 igitur
1252 722 1343 764 cogit
1361 722 1481 762 fateri,
1508 723 1739 755 necessariam
1767 733 1838 755 esse
1857 729 1966 755 artem
1991 731 2022 757 et
2040 736 2120 757 eru-

1127 771 1293 805 ditiorem
1309 773 1517 813 doctrinam,
1545 774 1587 806 ad
1605 773 1831 806 diiudicanda
1848 773 1936 807 iusta
1954 781 1986 807 et
2000 786 2121 819 aequa,

1126 834 1272 867 eamque
1297 824 1520 867 praecipuam
1545 835 1617 856 esse
1642 830 1777 868 partem
1795 824 1940 857 moralis
1956 822 2120 857 Philoso-

1125 871 1238 917 phiae.
1291 872 1392 907 Nihil
1419 881 1470 908 est
1492 874 1675 918 indignius
1699 872 1843 908 homine
1864 875 1985 916 docto,
2012 887 2118 920 quam

1125 924 1209 957 artis
1225 935 1307 958 suae
1325 925 1465 958 laudem
1484 937 1609 968 augere
1626 926 1774 959 aliarum
1793 926 1921 959 artium
1939 926 2117 970 vitupera·

1124 975 1239 1016 tione3
1275 982 1359 1009 sunt
1393 975 1486 1013 enim
1521 988 1643 1010 omnes
1679 977 1882 1010 excellentia
1911 975 1978 1010 Dei
2005 978 2118 1017 dona,

1125 1037 1233 1070 quare
1269 1038 1390 1059 omnes
1414 1027 1578 1060 venerariv
1610 1034 1644 1061 et
1671 1039 1786 1060 amare
1813 1028 1992 1062 debemus.
2045 1027 2115 1060 Sed

1126 1088 1206 1109 cum
1232 1076 1275 1110 sit
1293 1077 1503 1111 admirabile
1524 1090 1611 1122 opus
1627 1077 1693 1111 Dei
1712 1078 1749 1110 in
1770 1078 1897 1111 animis
1916 1075 2117 1115 hominum,

1125 1139 1227 1160 nosse
1247 1139 1414 1162 numeros
1437 1135 1471 1162 et
1494 1129 1674 1169 ordinem,
1699 1129 1794 1162 unde
1812 1129 1965 1162 existunt
1985 1129 2117 1162 multae

1125 1184 1235 1219 artes,
1267 1177 1501 1213 Arithmetica
1528 1187 1562 1213 et
1587 1178 1796 1220 Dialectica,
1831 1191 1893 1212 cur
1918 1191 1991 1213 non
2014 1179 2119 1213 etiam

1125 1229 1343 1262 admiramur
1360 1230 1438 1263 illas
1455 1231 1622 1271 noticias,
1650 1242 1739 1275 quae
1755 1231 1960 1264 discernunt
1977 1230 2067 1264 iusta
2086 1237 2119 1264 et

1124 1280 1254 1314 iniusta
1265 1305 1276 1321 ,
1306 1292 1344 1313 ac
1359 1281 1503 1325 pariunt
1520 1281 1717 1314 doctrinam
1732 1281 1844 1314 iuris?
1876 1280 1953 1314 Hae
1968 1281 2119 1315 noticiae

1125 1337 1208 1364 sunt
1232 1332 1401 1375 quaedam
1426 1332 1538 1375 imago
1565 1331 1652 1372 Dei,
1676 1339 1709 1365 et
1727 1332 1836 1375 magis
1857 1338 1981 1375 regunt
1998 1332 2120 1371 vitam,

1126 1393 1231 1425 quam
1251 1381 1339 1414 aliae
1356 1382 1506 1415 noticiae
1522 1394 1583 1416 seu
1599 1382 1696 1415 ideae
1713 1383 1853 1417 artium.
1906 1380 1960 1415 Ex
1975 1379 2041 1415 hac
2056 1383 2119 1415 ad—

1126 1432 1286 1465 miranda
1312 1433 1390 1465 luce
1415 1439 1447 1466 et
1470 1433 1535 1467 Dei
1568 1433 1738 1476 imagine,
1773 1440 1849 1466 orta
1874 1433 2034 1466 doctrina
2058 1431 2119 1466 Iu—

1126 1482 1437 1523 risconsultorum‚
1464 1496 1537 1516 non
1560 1484 1678 1517 minus
1702 1491 1752 1517 est
1776 1495 1848 1524 ars,
1877 1495 1980 1528 quam
2006 1490 2119 1517 caete-

1125 1544 1183 1565 rae
1201 1533 1417 1576 disciplinae.
1470 1533 1593 1578 Itaque
1615 1546 1694 1567 cum
1720 1534 1766 1568 sit
1791 1541 1862 1567 arte
1879 1535 1996 1579 aliqua
2018 1545 2119 1579 opus,

1126 1584 1170 1616 ad
1198 1584 1428 1627 intelligenda
1463 1591 1497 1618 et
1530 1585 1761 1618 discernenda
1795 1585 1884 1618 iusta
1912 1592 1945 1618 et
1977 1585 2118 1623 iniusta,

1126 1646 1214 1679 quos
1232 1635 1319 1667 alios
1337 1635 1503 1674 artifices,
1531 1635 1601 1669 nisi
1621 1635 1860 1675 doctissimos,
1886 1635 2117 1680 peritissimos

1127 1683 1298 1727 homines,
1319 1687 1380 1730 qui
1398 1686 1433 1718 in
1450 1686 1716 1730 sapientissimis
1732 1686 1889 1720 consiliis
1906 1687 2034 1719 summi
2052 1686 2119 1719 im-

1126 1736 1213 1780 perii
1232 1734 1298 1769 hoc
1315 1737 1600 1780 disputaverunt,
1628 1738 1876 1782 sequeremur?
1926 1736 2034 1771 Recte
2051 1737 2118 1780 igi-

1126 1793 1184 1820 tur
1209 1786 1374 1821 Romano
1398 1788 1474 1821 iure
1496 1788 1640 1823 utimur.
1701 1787 1884 1830 Quantum
1911 1788 2016 1822 fuerit
2042 1794 2118 1821 stu-

1127 1837 1225 1871 dium
1249 1838 1431 1871 doctlinae
1456 1839 1538 1871 inde
1560 1850 1670 1884 usque
1697 1839 1741 1872 ab
1764 1837 1923 1882 Augusto
1947 1839 1988 1871 ad
2012 1837 2119 1872 Iusti-

1126 1888 1292 1929 manum,
1317 1889 1427 1922 multa
1445 1896 1527 1923 sunt
1549 1889 1732 1934 perspicua
1753 1889 1870 1933 signa,
1897 1890 1954 1922 sed
1983 1896 2116 1922 caetera

1126 1939 1303 1981 omittam;
1339 1938 1519 1983 Augustus
1546 1953 1626 1973 cum
1648 1941 1791 1985 quidem
1816 1940 1997 1974 excelleret
2021 1940 2117 1973 civili

1128 1990 1299 2034 sapientia
1322 1991 1358 2023 in
1387 1992 1652 2035 quaestionibus
1677 1991 1782 2031 iuris,
1809 2003 1914 2036 quam
1939 1991 2048 2024 multa
2074 1992 2117 2023 de

1126 2040 1310 2082 Trebatii,
1337 2041 1557 2082 Tuberonis,
1583 2042 1758 2075 Labeonis
1781 2048 1813 2074 et
1830 2040 2012 2085 Capitonis
2038 2053 2118 2074 sen-

1126 2092 1246 2126 tentiis
1261 2093 1467 2127 constituit?
1496 2093 1650 2126 Labeoni
1669 2093 1772 2126 etiam
1790 2093 1899 2125 libere
1916 2093 2117 2126 adversanti

1127 2154 1226 2187 saepe
1244 2143 1356 2177 cessit.
1399 2144 1489 2183 Sed,
1516 2151 1551 2177 ut
1571 2150 1652 2177 sunt
1667 2143 1797 2176 morosi
1816 2143 1994 2177 interdum
2013 2143 2117 2177 etiam

1126 2193 1198 2227 leni
1216 2200 1249 2227 et
1267 2195 1439 2228 moderati
1456 2194 1651 2238 Principes,
1676 2193 1856 2237 Augustus
1873 2194 1935 2228 etsi
1955 2206 2026 2227 non
2047 2194 2117 2226 lae-

1127 2245 1171 2278 sit
1196 2244 1417 2284 Labeonem,
1454 2253 1570 2278 tamen
1605 2245 1736 2278 offendi
1773 2257 1808 2278 se
1844 2245 1920 2278 eius
1956 2245 2116 2278 libertate

1126 2296 1352 2339 significavit,
1379 2308 1489 2341 eoque
1503 2296 1667 2340 Capitoni
1693 2295 1824 2329 minori
1844 2303 1930 2330 natu
1953 2296 2117 2329 consula-

1126 2353 1200 2380 tum
1225 2347 1331 2380 dedit.
1385 2345 1627 2381 Retinuerunt
1649 2345 1799 2392 Augusti
1824 2358 1957 2380 morem
1981 2354 2014 2380 et
2040 2353 2117 2390 post

1126 2410 1205 2431 eum
1223 2397 1425 2441 Principes,
1459 2410 1522 2430 nec
1546 2397 1620 2430 sine
1648 2396 1911 2431 Iurisconsultis
1936 2398 2027 2431 ultra
2055 2399 2116 2430 de-

1126 2455 1216 2482 creta
1237 2448 1273 2480 iu
1291 2449 1453 2481 civilibus
1478 2449 1744 2493 quaestionibus
1763 2448 1947 2483 faciebant.
2000 2448 2115 2481 Nerva

1126 2507 1157 2533 ct
1175 2498 1314 2533 Cassius
1330 2500 1519 2533 adsuerunt
1539 2499 1703 2537 Tiberio,
1732 2499 1869 2533 Cassius
1889 2498 2116 2543 Vespasiano,

1125 2550 1281 2583 Traiano
1299 2558 1331 2585 et
1350 2549 1507 2583 Adriano
1525 2550 1665 2587 Celsus,
1693 2557 1724 2584 et
1743 2550 1901 2595 plerique
1920 2550 1991 2584 alii.
2046 2549 2115 2582 Ne-

1125 2614 1193 2647 que
1211 2608 1327 2635 tamen
1345 2601 1381 2634 in
1401 2601 1587 2641 consilium
1605 2601 1748 2634 admissi
1766 2608 1848 2634 sunt
1865 2601 1927 2633 ulli
1940 2625 1949 2638 ‚
1975 2600 2041 2632 nisi
2061 2599 2114 2631 iu-

1125 2653 1219 2686 dicio
1250 2651 1399 2686 Senatus
1428 2651 1582 2686 Romani
1617 2659 1728 2685 essent
1759 2651 1983 2694 Principibus
2019 2661 2114 2681 com—

1125 2704 1293 2737 mendati.
1348 2702 1469 2737 Postea
1488 2703 1664 2737 Antonini
1690 2702 1774 2735 Pius
1792 2709 1824 2735 et
1842 2701 1982 2734 Marcus
2001 2700 2114 2733 multo
