2338 2958
181 131 252 167 971

184 216 286 262 genia
315 220 508 250 ostentare,
543 208 602 242 sed
633 204 831 240 doctrinam
866 201 958 236 vitae
987 199 1178 259 salutarem

187 267 394 314 quaerebat,
426 271 571 305 eamque
596 259 640 292 ad
662 267 766 290 usum
792 255 829 288 in
847 253 1073 287 invocatione
1089 257 1122 284 et
1142 261 1181 283 in

187 319 280 353 vitae
300 313 552 361 gubernatione
566 307 807 342 transferebat.

290 375 336 409 Et
350 370 512 407 materias
532 369 657 402 electas
675 367 712 399 in
737 363 880 409 optimis
898 360 1038 406 scriptis
1053 358 1186 393 descri-

191 429 228 462 bi
248 427 315 461 sibi
333 423 498 462 curabat,
524 426 564 454 ut
582 429 638 452 eas
656 427 757 460 saepe
781 415 967 457 relegeret,
995 411 1090 457 quod
1106 409 1185 466 qui-

193 481 271 513 dem
295 474 444 509 faciebat
468 472 506 504 in
535 469 686 513 templo,
721 466 784 500 ubi
808 462 1040 498 concionibus
1056 461 1188 494 auditis

195 527 354 562 ardentia
371 530 451 558 vota
467 530 500 557 et
515 520 664 566 gemitus
687 530 750 563 pro
774 528 866 556 sese,
892 526 956 559 pro
973 520 1045 547 tota
1063 509 1188 568 chle‘:

196 580 262 619 sia,
288 590 352 622 pro
376 574 509 620 patria,
545 583 606 616 pro
633 568 848 603 Germaniae
880 566 1010 602 salute,
1044 563 1191 617 lectioni

197 629 375 663 miscebat.
428 623 544 658 Fratri
562 623 666 655 etiam
690 626 722 653 et
739 615 951 652 consiliariis
968 615 1088 648 eadem
1105 624 1192 645 scri-

197 687 255 724 pta
272 676 554 713 commendabat.

302 738 343 771 ln
371 736 458 770 iuris
474 732 628 767 dictione
651 741 733 762 vero
752 727 815 761 etsi
839 726 1006 759 iniustam
1025 721 1194 766 asperita-

200 799 269 825 tem
296 789 433 824 oderat,
468 791 584 818 tamen
609 790 832 825 nequaquam
853 777 969 809 lentus
989 780 1073 808 erat.
1124 771 1195 828 La—

201 839 351 874 trocinia
376 837 463 870 adeo
481 844 597 867 severe
612 830 772 875 punivit,
799 835 837 861 ut
854 825 1043 870 sumpserit
1059 822 1197 866 suppli-

204 893 255 925 cia
273 891 376 923 etiam
391 888 433 920 de
451 883 660 930 quibusdam
674 906 682 920 ,
711 880 772 925 qui
794 879 831 912 in
853 876 1004 911 familiis
1015 873 1198 930 nobilibus

204 950 237 975 et
261 939 387 984 amplis
408 936 481 970 nati
505 936 656 968 fuerant.
716 931 795 964 lNon
824 935 957 966 metus,
985 937 1057 983 iio-n
1075 930 1200 981 &fa-”³³

204 1004 277 1026 non
294 989 466 1034 cupiditas
482 985 554 1019 nlla
569 994 648 1017 eum
665 981 819 1021 inflexit,
843 983 1013 1013 utcontra
1031 981 1199 1009 iustitlam

206 1044 344 1076 faceret.

309 1095 578 1134 controversias
607 1102 695 1137 quae
726 1090 762 1123 in
795 1089 912 1122 aulam
939 1085 1203 1122 adferebantur,

209 1164 334 1195 magna
352 1147 537 1182 sedulitate
553 1141 800 1185 cognoscebat,
828 1146 859 1171 et
879 1149 915 1170 re
931 1137 1108 1192 disputata
1124 1145 1204 1166 cum

211 1201 358 1237 eruditis
374 1198 549 1243 sapienter
565 1192 773 1228 dirimebat,
806 1189 892 1222 etin
911 1191 1205 1242 compositionum

211 1251 374 1288 formulis
398 1258 524 1293 magna
551 1255 632 1278 cura
659 1241 791 1273 vitabat
807 1238 970 1281 ambigue
988 1237 1080 1269 dicta
1097 1241 1130 1268 et
1148 1245 1208 1291 cp-

213 1300 384 1339 tliurnos,
419 1298 540 1331 dicens
566 1295 648 1327 inde
670 1289 881 1324 inflammari
907 1294 939 1321 et
963 1286 1041 1320 lites
1065 1292 1097 1318 et
1116 1285 1209 1325 odia,

215 1365 287 1387 non
308 1348 474 1393 extingui.

317 1409 478 1453 Cumque
509 1411 634 1438 natura
670 1401 814 1434 modum
843 1399 878 1431 in
907 1397 1012 1431 rebus
1043 1395 1211 1429 omnibus

216 1468 368 1501 amaret,
404 1456 625 1503 profusiones
648 1453 791 1490 oderat,
819 1457 852 1483 et
868 1447 1103 1493 frequentiam
1122 1445 1213 1480 auli-

218 1525 292 1548 cam
318 1510 510 1556 prudenter
525 1504 785 1539 moderabatur.
840 1500 975 1533 lnterea
1000 1505 1115 1531 tamen
1133 1507 1212 1539 erga

218 1564 380 1599 homines
391 1560 567 1593 modestos
583 1562 615 1588 et
627 1561 766 1597 egentes
778 1548 1042 1584 beneficentiam
1059 1560 1122 1581 nec
1137 1559 1214 1581 sor-

221 1616 303 1649 dide
320 1624 383 1646 nec
403 1608 587 1644 ambitiose
605 1604 802 1642 exercebat,
828 1603 886 1634 sed
907 1601 1100 1644 prudenter
1117 1599 1214 1630 vide-

221 1668 302 1705 bat,
324 1663 385 1697 nbi
405 1659 579 1704 egentium
598 1653 742 1689 utilitati
762 1665 841 1685 vere
859 1651 1123 1706 consulere-tur..
1146 1647 1216 1681 De-

222 1718 330 1761 nique
348 1715 383 1746 in
409 1709 573 1745 omnibns
592 1704 744 1749 negociis
762 1703 953 1736 bonitatem
977 1706 1146 1744 sapientia
1163 1710 1218 1731 re-

224 1768 342 1810 gebat,
378 1775 421 1796 ne
451 1768 510 1794 aut
540 1757 740 1801 asperitate,
782 1760 841 1786 aut
875 1752 1015 1785 lenitate
1049 1755 1217 1794 peccaret.

223 1817 380 1861 Eratque
396 1819 466 1847 tota
479 1811 553 1843 eius
570 1805 778 1851 gubernatio
795 1803 992 1845 exemplum
1008 1801 1091 1834 dicti
1104 1798 1221 1839 liuius,

227 1869 320 1914 quod
352 1865 454 1898 valde
485 1860 604 1894 laudat
640 1855 845 1900 antiquitas:
886 1851 935 1890 ώς
974 1849 1041 1896 ιζδὴ
1079 1848 1220 1894 σηνίσει

225 1913 428 1965 γιησγόιῃς
459 1906 683 1954 κεκραμένῃ,
719 1905 832 1951 qualis
859 1902 979 1943 Arati,
1014 1900 1162 1944 Augusti
1189 1906 1222 1933 et

229 1948 420 2015 paticorum
436 1962 605 1997 similium
625 1956 833 2001 gubernatio
853 1954 931 1988 fuit.

333 2027 426 2060 lrani
449 2033 583 2055 summa
609 2030 690 2051 cura
715 2016 894 2051 frenabat,
922 2025 959 2046 ac
976 2011 1150 2057 siquando
1169 2011 1224 2042 in-

231 2078 478 2114 ‹liwnationnm
504 2072 661 2104 flammas
688 2067 814 2104 sensit,
844 2076 1015 2097 secessum
1041 2061 1226 2107 qnaesivit,

234 2109 296 2165 ..ss-”c
320 2125 473 2161 ‹teci-exit
498 2123 688 2167 quidquam
717 2119 827 2150 donec
853 2115 912 2147 illa
938 2113 1100 2147 incendia
1117 2112 1226 2145 (lessa-

234 2186 386 2225 grassem
399 2205 406 2217 ,
433 2188 469 2209 ac
487 2185 585 2216 saepe
603 2184 649 2203 rei
664 2170 770 2202 itabat
788 2167 936 2200 dictum:
969 2165 1022 2199 lra
1042 2163 1107 2196 viri
1128 2163 1226 2197 iusti-

236 2235 318 2267 tiam
339 2229 402 2263 Dei
423 2239 493 2259 non
512 2229 688 2268 operatur.

340 2291 518 2323 ,tax-orsus
542 2281 715 2314 xiudictae
739 2277 967 2320 cupiditatem
993 2273 1146 2318 primum
1165 2271 1229 2305 Dei

239 2340 449 2378 reuerentia,
485 2335 612 2367 dein-le
638 2342 755 2364 amore
774 2328 934 2371 publicae.
954 2323 1233 2369 tranquillitatis,

241 2402 415 2440 postis-um
441 2395 469 2419 et
490 2394 633 2418 naturae.
656 2380 811 2414 bonitate
831 2377 989 2411 munitus
1003 2382 1093 2414 erat,
1121 2387 1158 2407 ac
1180 2386 1231 2406 re-

241 2445 363 2479 citabat
395 2439 569 2472 interdum
606 2440 720 2465 wtera
748 2437 778 2462 et
808 2428 958 2462 recentia
984 2426 1073 2459 bella
1096 2433 1171 2459 orta
1194 2436 1234 2457 ex

242 2494 388 2542 priuatis
413 2490 502 2522 odiis
525 2494 554 2518 et
583 2496 679 2517 caeca
708 2481 881 2514 xindirtae
916 2477 1125 2521 cupiditate,
1161 2476 1235 2508 sine

244 2547 343 2581 iustis
363 2541 491 2576 causis,
528 2545 557 2569 rt
593 2546 691 2578 saepe
723 2533 876 2576 privatas
901 2529 1047 2563 iniurias
1077 2527 1237 2571 publirae

246 2598 319 2642 pari
340 2590 590 2627 condonamlas
613 2599 683 2617 esse
699 2583 915 2617 adfirmabat.
971 2579 1150 2612 Laudabat
1172 2577 1238 2610 Fa-

249 2651 365 2684 lfwm,
394 2654 421 2676 vt
445 2650 581 2673 xersnm
601 2635 781 2669 recitabat:

400 2699 465 2728 Non
486 2694 612 2734 ponebat
633 2700 710 2719 enim
730 2698 863 2717 rumores
883 2693 948 2714 ant-v
968 2687 1104 2715 salntem.

649 117 813 155 DECL.
854 113 928 151 DE
962 109 1300 150 FRIDERICO
1333 108 1489 148 DUCE
1525 108 1646 148 SAX.
1677 109 1761 149 EL.

2153 111 2228 148 972

1331 194 1390 232 Ab
1414 196 1608 231 ambitione
1630 207 1715 230 vero
1736 196 1974 234 alienissimus
1998 197 2085 239 fuit,
2119 209 2227 243 quam

1230 246 1323 283 nihil
1346 247 1416 282 nisi
1432 247 1607 281 insaniam
1633 259 1706 281 esse
1722 248 1839 293 palam
1865 249 2014 285 dicebat.
2076 248 2231 282 Videbat

1233 305 1364 346 quanta
1387 299 1499 332 moles
1525 298 1570 332 sit
1586 297 1691 331 etiam
1715 298 1858 343 exiguae
1884 299 2172 342 gubernationis,
2198 304 2233 331 et

1235 357 1366 396 quanta
1393 349 1439 383 sit
1455 349 1642 382 infirmitas
1663 347 1838 383 humanae
1861 351 2007 389 mentis,
2041 362 2148 395 quam
2174 361 2234 382 su-

1236 402 1328 435 bitae
1354 399 1600 433 conversiones
1617 399 1799 440 fortunae,
1835 412 1941 444 quam
1961 400 2088 434 infidae
2116 399 2234 434 homi·-

1237 463 1323 485 num
1340 451 1538 483 voluntates
1549 476 1559 491 ,
1585 449 1660 482 sine
1675 462 1828 494 quorum
1840 451 2003 484 societate
2018 461 2072 483 res
2087 461 2235 494 magnae

1239 502 1311 546 geri
1330 513 1403 534 non
1421 506 1578 545 possunt.

1241 561 1310 587 tam
1338 558 1458 585 nactus
1482 563 1537 590 es,
1572 550 1664 583 hanc
1689 563 1788 586 orna.

1242 614 1315 636 non
1332 603 1445 636 solum
1464 600 1649 644 Evangelii
1667 613 1855 646 preconem
1879 602 2103 635 excellentem
2122 602 2239 641 fuisse,

1243 654 1300 686 sed
1330 653 1434 686 etiam
1465 652 1657 696 sapientem
1689 652 1900 685 monitorem
1930 652 2134 695 politicum,
2175 651 2237 696 qui

1243 703 1414 749 praecipit
1439 703 1594 737 studium
1618 703 1765 747 quietis,
1799 709 1832 736 et
1857 709 1895 736 ut
1922 703 2066 747 propria
2090 702 2239 747 quisque

1630 499 1813 535 Laudabat
1830 501 1920 535 illud
1946 501 2096 534 dictum:
2125 501 2236 545 Spar-

1849 549 1898 585 Et
1917 551 2068 584 Paulum
2089 551 2237 591 dicebat,

1248 755 1363 788 saciat.

1347 802 1425 838 Etsi
1441 810 1556 837 autem
1572 810 1649 847 post
1664 803 1786 838 Caroli
1802 803 2009 838 electionem
2027 803 2115 838 vixit
2130 813 2243 837 annos

1247 856 1319 888 sere
1334 866 1409 895 sex,
1435 861 1554 888 tamen
1577 854 1784 898 periculosis
1806 855 1939 888 morbis
1955 854 2142 899 aliquoties
2151 855 2244 887 'con—

1249 906 1400 939 flictatus
1421 911 1482 938 est.
1544 904 1672 938 Statim
1695 917 1714 938 a
1739 904 2042 939 Francofordiano
2067 910 2246 939 conventu

1250 963 1322 991 tota
1348 953 1474 1001 hyeme
1499 961 1570 988 tam
1595 967 1698 989 saevo
1715 956 1839 989 morbo
1856 955 2046 996 laboravit,
2071 962 2109 989 ut
2124 954 2245 988 existi-

1251 1013 1407 1040 maretur
1424 1017 1598 1039 venenum
1617 1003 1792 1045 hausisse,
1819 1007 1878 1039 sed
1903 1018 2133 1051 quaecunque
2151 1017 2247 1038 mor-

1253 1058 1290 1091 bi
1307 1069 1409 1091 causa
1429 1057 1515 1095 suit,
1543 1064 1736 1091 venenatus
1753 1054 1882 1090 humor
1903 1056 2069 1100 depulsus
2091 1057 2128 1089 in
2143 1056 2248 1099 pedes

1255 1108 1303 1141 ita
1319 1119 1398 1140 eum
1416 1106 1570 1146 adflixit,
1595 1113 1633 1140 ut
1650 1107 1767 1150 planta
1783 1113 1897 1141 cutem
1911 1107 2094 1148 abiecerit,
2119 1112 2152 1140 et
2168 1117 2250 1140 cru-

1256 1159 1321 1191 dae
1343 1157 1439 1190 carni
1465 1157 1591 1190 similis
1617 1157 1706 1190 facta
1731 1157 1787 1191 sit.
1846 1157 2032 1192 Cruciatus
2055 1157 2161 1191 fuisse
2177 1168 2251 1190 non

1257 1209 1350 1241 leves
1372 1208 1455 1241 inde
1477 1207 1627 1241 iudicari
1652 1213 1787 1251 potest,
1820 1207 1914 1253 quod
1932 1208 2072 1242 dicebat
2095 1208 2188 1251 ipse,
2215 1218 2252 1240 se

1258 1258 1351 1293 nulli
1368 1257 1596 1291 inimicorum
1620 1269 1764 1291 suorum
1782 1257 1831 1292 ita
1847 1258 1972 1300 irasci,
1998 1265 2039 1292 ut
2057 1265 2154 1302 optet
2172 1269 2254 1291 eum

1261 1309 1393 1343 similes
1417 1308 1591 1342 cruciatus
1613 1308 1800 1343 sustinere.
1858 1307 2050 1353 Postquam
2073 1315 2254 1353 utcunque

1263 1359 1463 1400 convaluit,
1495 1359 1612 1393 statim
1641 1371 1734 1392 nova
1766 1359 1892 1393 itinera
1921 1365 1955 1393 et
1983 1357 2255 1393 deliberationes

1263 1412 1306 1445 de
1331 1410 1480 1455 imperio
1505 1417 1642 1444 secutae
1664 1416 1764 1451 sunt,
1798 1410 1846 1444 ita
1871 1409 2041 1454 paulatim
2060 1409 2258 1449 laboribus,

1264 1461 1357 1496 curis
1380 1468 1413 1495 et
1437 1461 1572 1495 morbis
1596 1461 1816 1505 languefacto
1843 1472 2006 1505 corpore,
2042 1461 2185 1495 tandem
2211 1460 2258 1493 li-

1265 1510 1369 1546 thiasi
1393 1512 1565 1546 extinctus
1590 1518 1650 1545 est.
1704 1510 1865 1557 Cumque
1888 1523 1987 1545 mens
2002 1522 2113 1557 usque
2136 1511 2180 1545 ad
2198 1523 2257 1545 ex-

1266 1571 1416 1598 tremum
1439 1560 1588 1597 halitum
1611 1562 1743 1605 integra
1764 1569 1874 1603 esset,
1906 1569 1939 1596 et
1962 1562 2031 1596 side
2053 1574 2093 1596 ae
2117 1562 2261 1596 invoca-

1269 1614 1364 1648 tione
1388 1613 1452 1646 filii
1478 1612 1543 1646 Dei
1568 1611 1714 1646 Domini
1741 1613 1851 1646 nostri
1879 1611 1958 1646 Iesu
1978 1610 2110 1647 Christi
2137 1620 2261 1653 erecta,

1268 1663 1405 1709 placide
1429 1664 1602 1697 cruciatus
1628 1664 1776 1701 serebat,
1812 1670 1845 1696 et
1869 1670 2048 1697 aeternam
2067 1660 2262 1696 Ecclesiam

1272 1716 1431 1755 intuens,
1467 1726 1538 1747 non
1569 1714 1738 1758 gravatim
1769 1725 1810 1747 ex
1836 1710 1942 1747 liuius
1967 1714 2059 1747 vitae
2083 1714 2262 1746 aerumnis

1270 1765 1480 1799 discedebat.
1550 1763 1701 1798 Iusserat
1735 1763 1958 1807 Spalatinum
2003 1764 2264 1807 grandiusculis

1272 1815 1382 1849 literis
1406 1815 1558 1848 scribere
1589 1812 1651 1847 has
1677 1814 1884 1848 sententias:
1921 1813 1980 1848 Sic
2012 1813 2109 1847 Deus
2141 1814 2265 1848 ditexit

1274 1867 1468 1906 mnndum,
1508 1872 1547 1899 ut
1575 1865 1686 1898 filium
1713 1864 1936 1907 unigenitum
1972 1865 2127 1904 dederit;
2165 1865 2264 1898 item:

1274 1915 1369 1949 Haec
1394 1922 1442 1949 est
1464 1915 1627 1948 voluntas
1649 1915 1775 1957 patris,
1810 1921 1848 1948 ut
1870 1914 1987 1948 omnis
2011 1915 2072 1960 qui
2096 1915 2207 1949 credit
2229 1915 2267 1948 in

1277 1967 1406 2003 filiuni,
1450 1964 1574 1998 habeat
1612 1965 1718 1998 vitam
1753 1972 1928 1999 aeternam
1958 1973 2019 2000 etc.
2086 1964 2143 1999 Ad
2183 1963 2267 2000 haec

1278 2018 1369 2050 dicta
1392 2016 1595 2060 §palatinus
1622 2022 1656 2049 et
1681 2015 1749 2048 alia
1773 2017 1945 2060 quaedam
1964 2016 2113 2051 addidit.
2167 2015 2268 2050 Hanc

1280 2067 1440 2112 paginam
1468 2067 1617 2100 tabellae
1648 2066 1694 2099 ita
1729 2066 1868 2107 adfixit,
1902 2074 1941 2100 ut
1967 2078 2103 2110 semper
2128 2080 2204 2100 eam
2233 2068 2269 2101 in

1279 2125 1468 2163 conspectu
1493 2115 1655 2156 haberet,
1689 2124 1721 2150 et
1744 2117 1881 2150 veniam
1899 2128 2043 2150 suorum
2061 2118 2270 2152 delictorum

1280 2183 1299 2204 a
1325 2168 1399 2202 Deo
1436 2175 1579 2213 propter
1609 2168 1720 2201 filium
1744 2168 1889 2201 adsidue
1914 2168 2055 2211 petivit,
2090 2176 2122 2202 et
2144 2169 2270 2203 fiducia

1282 2220 1342 2253 filii
1369 2219 1433 2253 Dei
1457 2219 1542 2262 erigi
1565 2231 1600 2252 se
1624 2219 1740 2253 sensit.
1800 2216 1961 2263 Cumque
1985 2226 2016 2252 et
2041 2219 2134 2253 iuxta
2152 2232 2272 2253 vocem

1283 2270 1466 2313 Evangelii
1491 2270 1748 2304 absolutionem
1770 2269 1978 2309 audivisset,
2012 2276 2043 2303 et
2071 2282 2177 2304 coena
2202 2269 2275 2304 Do-

1284 2322 1411 2354 minica
1444 2321 1670 2354 contii-inatus
1694 2327 1801 2360 esset,
1841 2320 2097 2354 consessionem
2135 2322 2275 2366 plenam

1286 2372 1553 2417 pietatisedidit.
1594 2371 1720 2409 Credo,
1743 2370 1869 2415 inquit,
1891 2377 1963 2405 toto
1982 2377 2130 2414 pectore,
2158 2372 2275 2414 colligi

1286 2431 1462 2457 aeternam
1480 2421 1671 2456 Ecclesiam
1692 2435 1710 2454 a
1728 2420 1803 2454 Deo
1823 2423 1856 2454 in
1874 2434 1999 2463 genere
2017 2419 2173 2456 humano
2193 2434 2276 2467 pro-

1289 2482 1363 2518 pter
1395 2474 1527 2514 filium,
1560 2480 1591 2506 et
1621 2485 1700 2505 vere
1731 2484 1803 2505 esse
1829 2473 1985 2506 membra
2015 2471 2189 2506 Ecclesiae
2214 2471 2279 2507 Dei

1288 2537 1409 2558 onim-s
1453 2525 1513 2569 qui
1549 2524 1809 2567 amplectuntur
1847 2535 1966 2556 vocem
2001 2520 2205 2565 Evangelii,
2248 2533 2280 2559 et

1290 2578 1400 2609 filium
1430 2575 1494 2609 Dei
1524 2575 1717 2609 Dominum
1753 2581 1912 2607 nostrum
1952 2573 2063 2606 lesum
2098 2572 2280 2609 Christum

1291 2634 1483 2668 agnoscunt
1502 2626 1593 2659 iuxta
1611 2624 1808 2658 doctrinam
1821 2625 1856 2657 in
1869 2621 2124 2667 Prophetarum
2143 2633 2173 2660 et
2186 2625 2282 2671 Apo-

1292 2678 1462 2711 stolorum
1487 2677 1643 2720 scriptis,
1672 2683 1701 2708 et
1727 2677 1761 2708 in
1788 2675 1957 2720 symbolis
1986 2674 2283 2720 comprehensam,
