2338 2958
109 131 183 165 957

108 227 256 261 possem.
299 215 453 249 Tantum
470 215 622 249 breviter
637 216 912 249 commonefacio
930 215 1096 255 iuniores,

107 275 145 301 ut
164 267 292 305 sciant,
320 264 374 299 his
390 266 500 299 initiis
516 267 697 299 doctrinae
715 264 876 311 physicae
901 266 937 298 in
965 265 1095 299 inulta-

107 329 186 351 rum
204 329 320 350 rerum
339 317 554 360 expositione
571 317 609 351 in
629 315 783 349 Ecclesia
802 328 889 360 opus
905 327 989 348 esse.

209 366 387 400 Hactenus
410 369 452 400 de
478 368 581 400 rebus
600 367 744 400 minime
765 366 920 399 obscuris
941 365 1031 405 dixi,
1056 364 1092 397 in

107 417 235 463 quibus
267 418 427 450 adiuvari
463 418 634 451 discentes
667 415 729 450 hac
761 417 886 461 puerili
920 416 1092 455 doctrina,

106 480 194 513 quae
211 468 248 500 in
266 465 418 513 physicis
436 469 563 500 libellis
580 469 741 508 traditur,
765 469 989 500 manifestum
1005 473 1065 500 est.

207 517 283 551 Etsi
300 525 415 552 autem
433 519 503 552 scio
519 519 724 562 sapientiam
743 519 786 550 de
806 517 951 551 essentia
976 523 1009 549 et
1029 529 1091 547 vo—

105 569 240 602 luntate
258 567 323 601 Dei
343 569 444 612 longe
460 569 607 613 positam
626 580 697 601 esse
715 580 819 612 supra
838 575 870 601 et
889 574 983 600 extra
1003 578 1090 599 con-

105 625 261 663 spectum
279 620 438 652 omniurn
462 620 685 662 angelorum,
712 626 814 663 atque
839 618 997 651 omniurn
1025 615 1089 649 lio-

103 670 260 709 minum,
309 681 371 702 nec
405 668 655 714 comprehendi
690 669 788 702 illam
820 668 1089 701 immensitatem

103 717 258 764 physicis
274 720 420 753 libellis:
443 727 476 753 et
494 720 584 763 ipsas
600 720 847 763 patefactiones
859 718 923 751 Dei
940 719 1087 751 audien-

103 771 166 803 das
184 781 276 810 esse,
306 782 369 803 nec
387 771 470 803 alias
487 770 673 814 opiniones
688 771 730 802 de
746 768 821 802 Deo
838 769 1087 802 adsumendas:

102 828 218 854 tamen
248 827 433 865 postquam
460 832 540 854 vcra
571 821 765 853 reverentia
791 833 908 852 vocem
935 818 998 852 Dei
1026 832 1087 851 au-

103 872 220 905 dimus
243 878 275 904 et
299 871 559 914 amplectimur,
597 878 629 903 et
652 869 747 904 Deus
778 878 897 902 nostro
929 881 1088 902 sermone

101 929 223 962 utens,
250 922 421 964 significat
439 922 574 966 aliquid
592 922 633 954 de
651 921 722 953 illis
740 922 874 953 arcanis
899 920 1088 965 mysteriis,

101 979 136 1006 et
151 972 227 1005 vult
243 972 392 1004 discerni
410 971 547 1005 Patrem
559 998 568 1012 ‚
595 971 725 1004 Filium
738 997 746 1011 ,
773 978 804 1004 et
818 971 990 1014 Spiritum
1007 983 1087 1002 san-

102 1029 214 1063 ctum,
249 1022 460 1055 adiuvamur
484 1029 575 1055 certe
598 1022 634 1054 in
660 1021 876 1066 expositione
900 1021 1084 1054 nominum

101 1074 145 1107 ab
161 1071 224 1106 hac
242 1073 412 1107 doctrina.

203 1122 433 1156 Manifestum
453 1129 502 1155 est
528 1122 563 1154 in
587 1122 702 1154 anima
729 1122 816 1154 duas
837 1132 908 1154 esse
934 1131 1087 1153 summas

100 1173 283 1218 potentias,
308 1179 572 1215 cognoscentem
591 1179 625 1205 et
641 1172 829 1205 volentem.
865 1170 1087 1214 Cognoscens

100 1225 227 1257 format
246 1223 432 1266 imagines,
455 1222 501 1256 ita
519 1235 597 1255 cum
623 1223 716 1254 filius
740 1222 872 1255 aeterni
894 1222 1001 1265 patris
1021 1234 1086 1254 no-

99 1275 273 1313 minetur,
307 1281 340 1307 et
363 1270 488 1319 λόγος,
524 1280 556 1306 et
580 1273 692 1315 imago
723 1273 850 1316 patris,
876 1273 1085 1315 cogitatione

101 1337 181 1357 eum
210 1325 303 1367 gigni
329 1323 546 1367 intelligitur.
615 1322 661 1356 Et
685 1323 828 1366 spiritus
853 1323 1000 1365 agitator
1025 1330 1085 1361 est,

101 1383 131 1407 et
162 1375 258 1419 quasi
285 1375 444 1413 ssannna,
484 1386 550 1418 qua
575 1381 735 1406 aeternus
764 1382 861 1417 pater
887 1374 1016 1413 filium,
1053 1380 1084 1405 et

99 1426 192 1458 filius
210 1432 341 1468 patrem
362 1424 602 1467 amplectitur,
631 1425 700 1456 imo
721 1437 790 1468 qno
810 1431 971 1457 aeternus
990 1431 1086 1467 pater

100 1483 131 1509 et
156 1476 248 1508 filius
273 1482 390 1508 nostra
414 1475 481 1508 sibi
507 1482 646 1518 pectora
671 1475 847 1518 copulant.
903 1474 943 1507 [t
968 1482 1082 1508 antem

99 1526 262 1568 cogitatio
291 1533 340 1559 est
369 1526 543 1569 potentiae
569 1526 824 1568 cognoscentis,
869 1525 913 1557 ita
943 1525 1082 1566 agitatio

98 1577 290 1609 voluntatis
320 1583 381 1611 est.
452 1576 570 1620 ltaque
600 1576 743 1619 spiritns
768 1577 897 1610 aeterni
920 1576 1028 1618 patris
1052 1583 1083 1608 et

97 1627 174 1667 filii,
201 1627 322 1659 fovens
340 1634 512 1665 naturam,
538 1633 571 1659 et
589 1633 704 1659 nostra
724 1634 861 1669 pectora
881 1627 1084 1666 accendens,

97 1690 117 1711 a
143 1677 322 1710 voluntate
346 1684 407 1711 est.
465 1676 524 1710 Sic
547 1689 586 1709 ex
616 1677 818 1709 discrimine
847 1677 1080 1719 potentiarum
1109 1651 1112 1717 l

98 1728 288 1761 declaratio
323 1727 474 1760 sumitur
499 1728 542 1759 de
569 1727 639 1759 silio
667 1734 699 1760 et
723 1728 764 1759 de
787 1727 923 1770 Spiritu
948 1735 1082 1759 sancto:
1109 1720 1112 1764 l

98 1791 186 1824 quae
205 1779 338 1812 etiamsi
357 1785 407 1810 est
424 1779 584 1817 obscura,
612 1785 644 1810 et
660 1779 717 1809 vix
737 1778 851 1810 tenuis
869 1778 1004 1817 umbra,
1030 1784 1084 1810 ta-

97 1841 178 1861 men
201 1840 316 1861 sermo
338 1828 480 1860 divinus
496 1825 581 1859 haec
600 1827 781 1869 significat.
835 1827 950 1860 Metae
967 1834 1082 1860 autem

97 1878 271 1913 divinitus
294 1878 462 1915 traditae,
485 1877 688 1910 retinendae
709 1883 801 1910 sunt.
855 1875 901 1909 Et
926 1878 1082 1910 retinen-

96 1936 156 1963 tur
173 1929 326 1969 firmius,
353 1940 431 1961 cum
451 1934 541 1960 recte
562 1934 720 1971 percepta
738 1933 785 1959 est
802 1927 971 1962 doctrina.
1011 1927 1080 1960 Ne·-

97 1991 190 2013 cesse
214 1986 265 2013 est
288 1985 402 2012 tamen
427 1978 613 2011 discrimen
634 1976 764 2014 Patris,
794 1976 891 2014 filii,
920 1986 951 2011 et
967 1978 1080 2021 Spiri-

97 2038 155 2066 tus
178 2030 289 2063 sancti
318 2029 353 2061 in
378 2028 600 2061 invocatione
625 2027 781 2070 cogitari.
841 2027 1079 2061 Discernenda

96 2088 148 2115 est
165 2081 258 2114 enim
275 2087 392 2113 nostra
412 2078 585 2112 invocatio
603 2079 647 2111 ab
665 2075 812 2110 ethnica.
862 2077 1000 2111 Deinde
1015 2077 1081 2112 hoc

96 2143 237 2177 qnoque
254 2131 526 2164 consideremus.
560 2127 649 2166 Cum
668 2129 777 2161 multa
794 2128 861 2161 sint
883 2130 1078 2162 testimonia
1105 2145 1110 2432 Ι

96 2183 140 2216 de
157 2182 236 2215 Deo
255 2181 291 2213 in
309 2181 470 2214 universa
495 2187 639 2217 natura,
663 2191 752 2225 qnae
775 2179 989 2213 convincunt
1014 2178 1080 2214 hu-

95 2244 218 2266 manas
234 2238 385 2270 mentes,
411 2238 450 2264 ut
469 2231 570 2264 fateri
591 2237 759 2273 cogantur
782 2241 853 2262 esse
870 2230 1000 2263 Deum:
1029 2238 1081 2264 ta-

95 2295 177 2316 men
203 2281 268 2316 hae
298 2281 491 2326 potentiae,
517 2292 729 2325 cognoscens
756 2287 788 2314 et
811 2280 919 2313 libere
939 2281 1080 2324 eligens,

95 2340 129 2367 et
144 2333 315 2373 noticiae,
363 2343 450 2377 quae
492 2339 573 2365 sunt
607 2331 793 2365 immotum
830 2337 863 2364 et
898 2338 1078 2365 aeternum

95 2391 250 2428 septum,
275 2395 345 2428 quo
362 2380 508 2416 honesta
526 2390 558 2416 et
577 2382 691 2426 turpia
706 2381 942 2421 divelluntur,
970 2383 1079 2415 maxi-

93 2447 151 2468 me
174 2435 385 2471 ostendunt,
424 2431 584 2466 homines
609 2445 681 2465 non
707 2432 858 2465 extitisse
883 2445 982 2472 casn,
1016 2445 1079 2466 nec

94 2498 114 2520 a
131 2485 233 2519 bruta
249 2484 392 2517 materia
411 2483 509 2518 oriri.
559 2482 639 2516 Non
658 2483 750 2515 enim
769 2489 878 2526 potest
895 2483 1077 2516 fortuitum

94 2547 167 2571 esse
185 2533 252 2569 hoc
269 2535 456 2568 discrimen
479 2531 707 2566 honestorum
725 2540 755 2566 et
775 2533 948 2576 turpium:
983 2535 1077 2578 quod

94 2587 237 2634 quidem
254 2585 435 2619 confirmat
461 2585 498 2617 in
525 2584 670 2626 singulis
696 2583 930 2617 conscientiae
951 2585 1080 2617 severi-

94 2646 164 2677 taS,
197 2648 286 2681 quae
310 2636 406 2670 testis
430 2642 477 2668 est
504 2634 740 2668 certitudinis.
799 2633 889 2674 Nam
914 2646 971 2667 rea
995 2646 1080 2668 con·

94 2687 258 2728 scientia,
300 2687 532 2722 etiamsinon
561 2685 826 2729 magistratuum
861 2685 966 2726 iram,
1006 2697 1079 2719 non

656 128 814 165 DECL.
847 128 921 165 DE
955 128 1265 166 DOCTRINA
1299 130 1564 170 PIIYSICA.

2058 139 2137 176 938

1150 216 1318 259 supplicia
1358 218 1518 261 publica,
1561 231 1632 252 non
1665 220 1790 254 famam
1823 229 1974 262 metuat,

1148 274 1264 299 sontes
1282 269 1419 300 tandem
1441 266 1616 303 horrendo
1636 272 1788 305 cruciatu
1807 272 1982 306 interficit.

1250 318 1369 362 Itaque
1385 320 1616 353 certissinnnn
1631 329 1701 362 est,
1731 329 1761 356 et
1776 334 1847 355 esse
1864 322 1977 356 Deum
1992 324 2134 366 sapien-

1148 373 1214 399 tem
1233 369 1463 407 conditorem,
1484 377 1515 402 et
1534 372 1663 403 iustum
1682 384 1719 404 ac
1738 373 1910 406 vindicem
1927 386 2010 407 esse.
2038 373 2134 408 Haec

1146 415 1286 461 physica
1305 420 1525 452 ratiocinatio
1551 421 1646 454 utilis
1671 430 1719 456 est
1745 424 1857 456 bonae
1880 425 2008 465 menti,
2044 437 2134 469 quae

1145 467 1249 499 simul
1269 470 1403 512 quaerit
1422 470 1619 503 testimonia
1646 473 1885 514 pate-factionis
1910 475 1944 507 in
1962 474 2130 510 Ecclesia.

1144 516 1233 549 Nam
1266 530 1344 550 cum
1375 520 1606 553 certissimum
1632 522 1693 561 sit,
1735 535 1806 556 esse
1831 523 1962 565 Deum,
2004 532 2036 559 et
2062 523 2128 559 hoc

1144 568 1257 611 ipsum
1272 569 1504 602 conscientiae
1522 571 1690 603 iudiciuin
1710 575 1885 611 ostendat,
1914 587 1976 607 nos
1995 577 2035 607 ad
2053 575 2129 608 eius

1142 619 1356 660 agnitionem
1376 621 1535 653 conditos
1550 633 1637 661 esse,
1665 629 1755 656 extat
1774 623 1808 655 in
1828 635 1952 665 genere
1972 622 2128 659 humano

1143 681 1222 701 vera
1241 670 1282 701 de
1300 682 1338 702 eo
1357 671 1516 703 doctrina
1538 671 1734 705 illustribus
1757 674 1966 707 testimoniis
1990 676 2129 709 tradita.

1142 718 1240 752 Talis
1259 726 1309 753 est
1328 721 1437 763 prima
1457 721 1515 753 illa
1533 734 1592 765 per
1604 721 1731 761 Patres,
1758 722 1959 767 Prophetas,
1983 724 2129 766 Filium,

1142 768 1330 813 Apostolos
1355 772 1502 812 tradita,
1528 780 1559 806 et
1583 773 1881 808 resuscitationem
1907 782 2128 809 mortuorum

1141 821 1360 854 confirmata.

1245 870 1315 903 lam
1350 869 1433 904 haec
1463 873 1715 915 consideratio,
1757 875 1793 908 in
1827 888 1892 921 qua
1929 877 2126 910 similitudo

1140 921 1267 954 mentis
1292 921 1431 955 (livinae
1455 930 1487 955 et
1509 921 1682 957 humanae
1706 927 1939 969 conspicitur,
1967 928 2126 960 testimo-

1140 971 1239 1005 nium
1257 979 1322 1011 est,
1345 985 1426 1005 vere
1443 970 1531 1007 hanc
1548 982 1708 1008 naturam
1726 977 1768 1008 ab
1788 977 1861 1020 ipso
1882 977 1992 1020 diligi,
2019 978 2067 1010 sic
2083 978 2127 1011 ab

1141 1034 1180 1054 eo
1198 1029 1377 1060 ornatam,
1405 1030 1439 1056 ut
1462 1036 1577 1056 rernm
1601 1026 1811 1069 optimarum
1840 1027 1875 1059 in
1905 1027 1997 1071 ipso,
2024 1039 2126 1060 men—

1141 1072 1202 1112 tis,
1233 1073 1422 1113 libertatis,
1460 1075 1665 1118 sapientiae,
1700 1083 1732 1109 et
1765 1077 1922 1110 iusticiae
1946 1078 2063 1111 radios
2089 1078 2125 1110 in

1140 1133 1205 1155 nos
1237 1123 1475 1159 transfuderit.
1543 1125 1659 1170 Atque
1692 1124 1748 1160 hic
1778 1140 1876 1160 amor
1909 1134 2026 1172 postea
2058 1128 2127 1160 mi-

1141 1174 1247 1205 randa
1267 1177 1405 1219 στοργῇ
1425 1175 1617 1208 declaratus
1634 1183 1700 1216 est,
1736 1190 1814 1210 cnm
1833 1178 1925 1211 silius
1943 1191 2005 1222 pro
2022 1179 2127 1211 nobis

1140 1223 1278 1256 victima
1305 1225 1414 1256 factus
1440 1232 1507 1265 est,
1534 1239 1683 1271 cumque
1702 1239 1821 1260 rursus
1837 1229 1872 1260 in
1892 1241 1956 1261 nos
1972 1229 2125 1262 transfu-

1138 1286 1195 1306 sus
1213 1281 1261 1306 est
1279 1274 1432 1317 Spiritus
1447 1283 1606 1317 sanctus,
1632 1285 1671 1310 nt
1695 1279 1840 1311 societas
1863 1286 2005 1312 naturae
2031 1280 2124 1311 divi-

1138 1336 1202 1356 nae
1221 1324 1257 1356 in
1278 1325 1396 1363 nobis,
1424 1332 1455 1358 et
1485 1326 1574 1364 vita,
1607 1327 1775 1370 sapientia
1804 1335 1836 1361 et
1861 1329 1995 1362 iusticia
2022 1329 2125 1363 resti-

1138 1382 1304 1408 tueretur.
1361 1376 1455 1416 Quid
1484 1377 1596 1409 maius
1624 1379 1705 1410 dare
1732 1378 1845 1421 potuit
1868 1378 1982 1417 Deus,
2016 1392 2123 1424 quam

1139 1425 1240 1458 initio
1264 1425 1532 1458 similitudinem
1557 1440 1675 1460 earnm
1701 1441 1838 1469 rerum,
1869 1441 1956 1474 quae
1981 1437 2061 1463 sunt
2086 1430 2123 1462 in

1138 1476 1212 1518 ipso
1230 1476 1409 1519 optimae?
1434 1475 1571 1510 Deinde
1589 1479 1710 1518 filium,
1732 1491 1771 1512 ac
1788 1491 1909 1513 rursus
1922 1481 2123 1514 societatem

1137 1538 1218 1559 suae
1236 1534 1398 1566 naturae,
1424 1527 1533 1560 effuso
1550 1528 1586 1560 in
1607 1541 1669 1562 nos
1686 1528 1821 1573 Spiritu
1839 1542 1900 1563 suo
1917 1531 2061 1564 sancto?

1240 1576 1333 1609 Haec
1360 1584 1453 1609 tanta
1480 1579 1569 1610 dona
1598 1587 1797 1613 reverenter
1821 1581 2004 1624 cogitanda
2029 1587 2124 1622 sunt,

1137 1633 1174 1659 nt
1199 1627 1374 1669 gratitudo
1401 1628 1549 1660 vicissim
1578 1629 1613 1660 in
1642 1631 1745 1662 nobis
1771 1632 1990 1664 accendatur.
2042 1630 2121 1665 Etsi

1137 1684 1252 1709 autem
1279 1675 1362 1710 haec
1389 1679 1557 1721 sapientia
1579 1680 1762 1723 praecipue
1786 1681 1933 1714 discitur
1956 1693 1995 1714 ex
2021 1682 2123 1714 libris

1137 1727 1286 1770 divinis,
1313 1735 1428 1760 tamen
1453 1730 1493 1761 ad
1517 1732 1792 1772 cognoscendam
1818 1740 1977 1765 naturam
2005 1730 2123 1764 homi-

1137 1778 1207 1814 nis,
1233 1775 1372 1822 physica
1392 1779 1550 1811 doctrina
1572 1781 1721 1813 multum
1739 1782 1915 1816 conducit.
1957 1782 2121 1815 Iuniores

1136 1827 1325 1861 bonitatem
1350 1835 1383 1861 et
1402 1829 1608 1871 dignitatem
1629 1831 1756 1863 artium
1785 1833 1945 1865 nondum
1975 1833 2123 1876 perinde

1136 1884 1285 1910 cernunt
1299 1885 1337 1912 ut
1356 1889 1454 1911 senes
1467 1906 1476 1919 ,
1508 1880 1567 1924 qui
1588 1881 1655 1913 iam
1676 1881 1820 1925 propius
1837 1894 1893 1915 eas
1909 1884 2123 1926 adspiciunt,

1135 1935 1168 1961 et
1185 1929 1317 1960 sontem
1338 1941 1410 1961 esse
1429 1930 1544 1962 sciunt
1561 1931 1858 1973 sapientiamDei,
1881 1946 1919 1966 ac
1933 1934 2120 1977 deplorant

1135 1985 1288 2011 nostram
1314 1979 1487 2013 inscitiam
1516 1992 1554 2013 ac
1578 1981 1878 2023 ingratitudinem.
1946 1983 1991 2018 Ut
2014 1984 2122 2027 igitur

1134 2041 1255 2062 senum
1274 2030 1426 2063 officium
1443 2038 1508 2071 est,
1537 2031 1707 2065 instillare
1726 2033 1852 2066 teneris
1867 2034 1994 2067 animis
2010 2042 2121 2067 rectas

1134 2080 1318 2122 opiniones
1345 2082 1388 2114 de
1416 2082 1550 2114 artibus
1577 2089 1608 2115 et
1642 2095 1760 2115 earum
1791 2096 1943 2117 amorem
1977 2092 2122 2129 propter

1133 2130 1280 2171 gloriam
1299 2129 1379 2163 Dei:
1415 2132 1460 2165 ita
1485 2140 1638 2165 vestrum
1665 2139 1734 2171 est,
1763 2135 1939 2173 iuniores,
1968 2133 2029 2168 has
2053 2148 2118 2167 no—

1132 2187 1220 2213 stras
1242 2182 1501 2214 admonitiones
1521 2183 1661 2225 infigere
1683 2185 1828 2222 animis,
1858 2192 1888 2218 et
1907 2197 2006 2229 saepe
2024 2186 2119 2227 cogi-

1134 2238 1223 2271 tare,
1261 2243 1392 2276 vosque.
1424 2233 1467 2265 ad
1503 2233 1709 2266 discendnm
1743 2236 1952 2276 exuscitare,
1985 2243 2018 2269 et
2045 2243 2119 2269 toto

1135 2288 1270 2324 pectore
1288 2283 1332 2315 ab
1351 2279 1404 2314 his
1422 2283 1481 2326 qui
1497 2291 1588 2317 artes
1604 2285 1821 2327 vituperant,
1847 2293 1906 2318 ant
1924 2293 2016 2319 recte
2032 2299 2118 2319 con—

1133 2332 1286 2372 stitutas,
1319 2333 1513 2377 praestigiis
1540 2331 1795 2375 sophismatum
1827 2336 2035 2369 labefactare
2059 2350 2119 2370 co—

1135 2389 1280 2422 nantur,
1314 2380 1515 2416 abhorrere.
1584 2383 1678 2417 Haec
1705 2392 1816 2418 vestra
1839 2386 2019 2429 diligentia
2043 2386 2120 2420 Deo

1133 2438 1247 2475 grata,
1281 2439 1312 2466 et
1328 2431 1504 2466 Ecclesiae
1528 2446 1566 2467 ac
1594 2435 1685 2467 vitae
1710 2437 1888 2469 communi
1917 2437 2014 2470 utilis
2041 2438 2119 2472 erit.

1133 2484 1353 2525 Quaeramus
1382 2485 1536 2518 modeste
1559 2490 1592 2517 et
1616 2493 1817 2519 reverenter
1849 2487 2052 2527 veritatem,
2086 2494 2119 2519 et

1133 2534 1282 2566 sciamus
1307 2541 1415 2575 arteS,
1451 2547 1529 2567 cum
1554 2542 1644 2569 recte
1667 2537 1876 2577 traduntur,
1910 2539 2002 2581 qnod
2027 2543 2121 2570 certe

1134 2583 1283 2616 fideliter
1305 2584 1418 2617 facere
1441 2586 1641 2624 studemus,
1668 2586 1802 2619 rivulos
1820 2599 1892 2620 esse
1907 2588 2047 2619 divinae
2065 2598 2120 2619 sa-

1133 2634 1304 2677 pientiae,
1331 2642 1364 2668 et
1391 2636 1743 2670 comnionefactiones
1769 2639 1811 2670 de
1827 2638 1921 2671 Deo:
1949 2645 1981 2670 et
2004 2637 2122 2678 agnita

1134 2685 1295 2727 veritate,
1323 2685 1359 2717 in
1387 2698 1424 2719 ea
1451 2686 1729 2731 acquiescamus,
1756 2700 1829 2720 uon
1849 2687 2040 2721 ambitione
2062 2694 2122 2721 aut

2022 230 2137 257 tamen
