2338 2958
198 135 272 173 847

197 223 267 258 rati
288 228 382 257 sunt.
441 218 488 253 Et
513 217 608 261 apud
632 213 774 250 Esaiam
799 214 935 249 dictum
963 220 1031 247 est:
1075 212 1194 246 Verba

197 286 276 308 mea
300 272 403 319 posui
427 271 465 303 in
487 280 548 302 ore
573 275 653 308 tuo,
676 273 709 301 et
727 266 853 300 umbra
873 276 999 298 manus
1014 275 1091 298 mea
1112 275 1196 308 pro-

199 332 315 369 tegam
339 331 391 362 te,
426 327 466 354 ut
494 320 631 364 plantes
662 317 797 358 coelos,
829 316 864 349 id
897 323 966 356 est,
999 313 1195 349 Ecclesiam

201 388 290 422 quae
313 380 363 407 est
387 371 546 406 coelestis
574 367 716 409 hortus,
756 368 794 401 in
826 379 898 413 quo
925 366 1018 400 filius
1040 364 1108 400 Dei
1131 376 1196 398 nos

200 434 369 471 tanquam
387 421 564 467 plantulas
588 420 688 460 serit,
722 419 838 459 fovet,
873 415 1059 462 provehit,
1094 416 1197 460 rigat,

201 475 364 521 protegit.
426 472 493 506 His
519 470 816 516 promissionibus
838 468 970 503 divinis
996 480 1060 502 nos
1090 467 1197 513 (quae

201 536 426 573 nequaquam
445 531 527 557 sunt
541 523 664 556 inania
681 533 866 555 murmura
878 547 888 561 ,
915 520 974 553 sed
999 518 1199 553 verissimas

203 589 277 613 esse
300 575 540 621 experiemur,
567 573 596 607 si
612 585 686 606 non
705 573 904 606 deseremus
920 568 1125 615 stationem)
1141 580 1200 602 su-

204 636 408 664 stentemus.
457 624 511 660 Ac
527 624 684 669 profecto
709 623 738 656 si
762 623 840 668 quis
859 628 958 666 putat
972 621 1056 654 solis
1072 618 1200 653 huma-

202 680 259 714 nis
280 677 438 713 consiliis
461 675 593 709 servari
618 685 727 718 genus
759 671 974 714 humanum,
1018 682 1145 715 magna
1168 676 1203 704 et

206 729 376 765 horribili
391 727 543 762 amentia
562 726 712 761 laborat.

311 796 394 830 Ideo
411 795 504 828 filius
518 793 584 828 Dei
600 790 792 826 humanam
813 797 977 825 naturam
995 788 1203 833 adsumpsit,

209 856 243 883 et
261 846 370 882 homo
389 847 501 879 factus
517 851 588 885 est,
615 851 655 877 ut
678 843 848 876 sciremus
872 849 1054 875 aeternum
1079 841 1205 874 foedus

207 911 279 934 esse
297 900 390 932 inter
408 897 524 942 ipsum
543 902 574 929 et
592 906 677 935 nOS,
703 901 737 927 et
753 905 818 926 nos
834 905 916 926 vere
935 893 968 926 ei
993 904 1096 926 curae
1120 902 1205 926 esse.

208 951 293 984 Ideo
328 948 526 982 effunditur
567 946 604 978 in
643 947 750 979 corda
794 944 1014 978 credentium
1050 942 1206 987 Spiritus

207 1007 368 1040 sanctus,
397 1005 431 1033 et
447 997 620 1031 efficimur
637 995 858 1029 domicilium
882 1001 916 1028 et
936 995 1108 1039 templum
1126 992 1206 1031 Dei,

207 1059 247 1087 ut
266 1050 458 1086 certissime
475 1055 669 1082 statuamus
686 1045 801 1081 Deum
824 1043 931 1079 huius
954 1046 1008 1079 sui
1033 1043 1207 1078 domicilii

210 1112 243 1138 et
259 1101 383 1146 templi
402 1101 584 1134 custodem
602 1099 688 1131 fore.

310 1167 388 1202 Hae
425 1164 685 1200 consolationes
717 1163 878 1209 quotidie
912 1162 950 1195 in
983 1161 1209 1195 invocatione

213 1219 420 1264 cogitandae
445 1224 546 1257 sunt,
585 1223 619 1249 et
647 1215 823 1260 plerisque
845 1220 1001 1247 vestrum
1025 1213 1097 1245 scio
1124 1210 1210 1245 haec

211 1271 294 1306 fidei
311 1269 474 1304 exercitia
490 1274 573 1301 nota
592 1278 676 1302 esse.
729 1265 914 1299 Postremo
933 1274 1093 1310 expresse
1111 1269 1144 1296 et
1167 1263 1210 1296 de

213 1322 368 1357 castitate
388 1319 579 1364 praecipit,
606 1330 696 1363 quae
721 1323 772 1350 est
793 1316 924 1356 virtus,
960 1326 1050 1361 quae
1073 1321 1148 1348 tum
1172 1314 1208 1346 in

213 1372 400 1416 coniugio,
433 1377 509 1404 tum
529 1369 566 1402 in
583 1369 654 1402 vita
673 1368 807 1401 coelibe
830 1367 919 1401 vitat
941 1377 1064 1399 omnes
1088 1364 1212 1398 libidi-

214 1437 295 1463 nes,
323 1434 384 1456 seu
409 1432 598 1466 corporum
626 1419 896 1453 commixtiones
920 1429 939 1450 a
956 1417 1030 1451 Deo
1047 1414 1212 1461 prohibi-

214 1484 282 1515 tas,
309 1481 347 1508 ut
366 1483 595 1517 agnoscamus
610 1469 725 1504 Deum
741 1476 895 1503 mentem
914 1475 1043 1502 castam
1063 1479 1152 1508 esse,
1180 1473 1214 1500 et

214 1525 485 1561 discernendam
508 1524 552 1556 ab
578 1522 744 1556 omnibus
766 1520 902 1554 naturis
927 1519 1139 1559 immundis,
1181 1524 1214 1551 et

214 1576 438 1612 horribiliter
465 1575 674 1608 irascentem
699 1572 794 1615 vagis
821 1570 1046 1605 libidinibus.
1114 1569 1215 1603 Sicut

216 1629 388 1673 scriptum
409 1632 475 1659 est:
504 1624 622 1658 Nolite
649 1635 786 1663 errare,
820 1628 1030 1655 scortatores
1055 1627 1089 1654 et
1112 1620 1214 1652 adul-

218 1681 283 1714 teri
311 1690 385 1711 non
409 1675 643 1721 possidebunt
669 1685 818 1716 regnum
842 1672 918 1707 Dei.
973 1669 1018 1705 Et
1043 1670 1214 1716 quoniam

218 1729 381 1776 plerique
413 1728 450 1760 in
483 1725 649 1768 coniugio
685 1724 823 1764 vivitis,
862 1721 939 1756 Deo
963 1722 1092 1765 gratias
1115 1722 1216 1765 agite,

219 1781 314 1828 quod
333 1791 393 1813 vos
414 1778 451 1810 in
467 1777 559 1809 vitae
571 1787 680 1819 genus
698 1774 902 1815 collocavit,
930 1774 964 1806 in
984 1786 1053 1818 quo
1069 1773 1144 1806 sine
1160 1772 1217 1805 in-

219 1829 460 1879 quinamentis
478 1828 629 1861 retinere
648 1825 883 1859 conscientiae
900 1825 1090 1868 puritatem
1116 1830 1216 1868 pote-

219 1884 298 1923 stis,
327 1889 359 1915 et
378 1881 488 1915 Deum
507 1879 598 1912 bona
620 1876 833 1911 conscientia
854 1877 1018 1909 invocare
1037 1882 1069 1909 et
1092 1875 1218 1910 colere.

220 1934 267 1969 Et
283 1932 349 1967 hoc
366 1938 504 1965 tantum
528 1929 737 1963 beneficium
764 1940 837 1961 non
861 1927 1076 1971 corrumpite
1103 1932 1216 1959 vestra

221 1983 448 2029 negligentia.

307 2051 446 2085 Videtis
464 2061 593 2095 poenas
610 2048 801 2082 libidinum
823 2048 858 2080 in
876 2047 1042 2091 exemplis
1056 2046 1217 2080 omnium

225 2104 453 2140 historiarum
480 2100 692 2146 propositas:
729 2111 793 2132 nec
815 2099 963 2132 dubium
991 2105 1061 2139 est,
1097 2097 1219 2130 libidi-

227 2169 311 2190 num
332 2162 363 2188 et
381 2153 624 2187 idolatriarum
642 2162 772 2195 poenas
787 2162 857 2183 esse
874 2149 1061 2182 maximam
1086 2155 1218 2193 partem

228 2207 466 2241 calamitatum
502 2201 738 2235 humanarum
777 2207 809 2234 et
846 2201 1074 2244 privatarum.
1137 2198 1219 2232 ldeo

228 2259 444 2291 voluntatem
461 2254 525 2288 Dei
544 2260 744 2287 reverenter
766 2251 933 2295 cogitate,
968 2259 999 2284 et
1024 2257 1137 2284 amate
1164 2262 1220 2283 ca-

230 2311 380 2343 stitatem
394 2333 401 2343 ,
431 2317 576 2350 eamque
593 2305 780 2347 diligenter
799 2302 982 2336 custodite.
1034 2303 1113 2344 Qua
1132 2302 1166 2334 in
1185 2313 1221 2333 re

229 2361 332 2394 etiam
352 2356 455 2390 huius
472 2369 604 2400 poenae
620 2362 714 2387 metu
734 2353 945 2387 moveamini
959 2378 966 2389 ,
993 2354 1087 2397 quod
1114 2351 1223 2385 veris-

232 2411 360 2445 simum
380 2416 439 2446 est,
467 2409 500 2439 in
520 2407 640 2440 sobole.
661 2405 778 2450 puniri
800 2412 936 2448 peecata
955 2404 1109 2437 seminis.
1137 2403 1223 2436 Par-

231 2463 296 2496 cite
317 2468 448 2493 vestrae
467 2458 598 2496 soboli,
627 2465 659 2490 et
683 2456 782 2489 vobis
810 2456 910 2499 ipsis,
937 2456 1019 2500 quia
1043 2455 1069 2488 si
1097 2453 1221 2499 polluti

232 2512 348 2549 eritis,
394 2517 510 2554 postea
548 2508 761 2541 calamitates
796 2507 830 2539 in
867 2507 987 2539 sobole
1023 2511 1225 2551 sequentur,

232 2576 319 2609 quae
346 2562 446 2594 voluis
470 2561 625 2600 ingentes
650 2559 824 2592 cruciatus
854 2558 1028 2590 adferent:
1074 2564 1111 2590 ut
1145 2568 1223 2589 eum

528 131 688 168 DECL.
727 127 802 164 DE
834 126 1035 164 DICTO:
1080 124 1322 163 PROBET
1357 125 1784 170 UNUSQUISQUE
1815 136 1901 165 ETC.

2161 123 2238 161 848

1246 219 1338 247 cesta
1375 211 1596 246 consuetudo
1630 224 1710 246 cum
1745 212 1856 257 patris
1888 213 2069 249 uxoribus.
2134 211 2240 246 Talia

1247 263 1405 308 exempla
1420 263 1459 296 in
1475 260 1635 297 historiis
1652 263 1791 297 infinita
1809 270 1902 305 sunt,
1927 271 1962 299 et
1975 265 2014 298 in
2030 263 2241 311 quotidiana

1248 315 1320 348 vita
1344 313 1501 358 conspici
1530 314 1641 348 multa
1666 320 1832 358 possunt:
1867 314 1950 360 quia
1974 314 2242 360 regulacertis-

1249 365 1336 398 sima
1351 371 1419 406 est,
1439 364 1560 409 puniri
1576 365 1614 398 in
1632 365 1765 398 semine
1783 371 1818 399 et
1832 365 1964 406 sobole,
1989 366 2118 402 delicta
2134 365 2242 400 semi-

1250 416 1306 449 nis
1325 416 1439 450 abusu
1460 416 1567 449 facta:
1607 416 1691 461 quia
1715 415 1810 449 Deus
1835 428 1915 449 cum
1942 417 1988 451 sit
2015 429 2115 452 mens
2138 422 2243 458 casta,

1251 465 1472 501 horribiliter
1488 465 1652 500 irascitur
1671 466 1858 500 violationi
1876 467 2054 501 castitatis.

1353 534 1450 568 Haec
1476 535 1520 568 de
1547 534 1720 569 sententia
1739 534 1841 569 Pauli
1867 536 1959 575 dixi,
1996 536 2078 582 quia
2102 537 2246 581 prodest

1252 586 1339 620 tales
1364 586 1556 620 sententias
1576 597 1678 630 saepe
1701 587 1879 621 recordari
1903 598 2036 633 vosque
2065 584 2247 629 adhortor,
2297 579 2303 585 '

1253 643 1293 670 ut
1314 634 1421 671 hodie
1446 637 1658 680 cogitatione
1683 637 1758 671 eius
1783 650 1843 671 vos
1865 638 1909 671 ad
1935 638 2130 673 voluntatis
2153 638 2248 672 divi
2300 662 2304 669 ,

1245 700 1321 728 nae
1350 695 1383 723 et
1408 688 1514 722 officii
1552 688 1658 722 vestri
1688 689 2009 723 considerationem
2036 689 2248 731 exuscitetis,

1257 751 1326 784 qua
1350 739 1494 773 accendi
1518 739 1779 773 invocationem
1805 746 1954 785 oportet.
2014 740 2105 774 Nam
2129 752 2149 773 a
2171 739 2248 774 Deo

1257 791 1448 834 petendum
1473 797 1523 824 est
1546 791 1737 832 auxilium,
1778 798 1816 825 ut
1841 792 1926 825 tales
1949 791 2104 826 ministri
2127 791 2251 832 simus,

1258 842 1379 886 quales
1405 841 1479 886 ipse
1511 853 1583 874 esse
1613 841 1721 877 iubet.
1791 841 1844 876 Te
1867 842 1976 886 igitur
2001 843 2051 876 fili
2074 842 2145 878 Dei
2172 841 2250 876 lesu

1258 890 1418 933 Christe,
1455 892 1617 926 crucifixe
1643 905 1707 936 pro
1732 893 1836 927 nobis
1857 900 1890 928 et
1912 894 2133 935 resuscitate,

1461 940 1556 978 diffie
1713 940 1863 990 ,
1890 946 2014 978 sedens
2031 945 2073 978 ad
2091 945 2250 980 dextram

1259 995 1394 1028 aeterni
1418 995 1546 1038 patris,
1575 1001 1615 1028 ut
1637 995 1780 1039 colligas
1803 1002 1835 1029 et
1860 1007 1975 1030 serves
1994 993 2189 1030 Ecclesiam
2214 1000 2252 1028 in

1260 1057 1387 1089 genere
1411 1043 1588 1086 humano,
1615 1046 1824 1081 ardentibus
1847 1046 1939 1081 votis
1963 1058 2126 1089 orarum,
2156 1053 2197 1081 ut
2220 1052 2255 1080 et

1261 1097 1297 1130 in
1317 1094 1370 1130 his
1387 1096 1592 1140 regionibus
1608 1097 1701 1131 inter
1719 1109 1783 1131 nos
1800 1104 1969 1142 perpetuo
1979 1096 2171 1132 Ecclesiam
2187 1096 2254 1132 tibi

1261 1148 1405 1191 colligas
1438 1154 1471 1181 et
1501 1148 1696 1191 gubernes,
1737 1155 1771 1182 et
1803 1149 1917 1182 lucem
1940 1146 2127 1193 Evangelii
2161 1149 2256 1182 inter

1261 1210 1326 1231 nos
1351 1199 1506 1242 extingui
1534 1211 1607 1232 non
1631 1199 1745 1240 sinas,
1779 1206 1813 1233 et
1839 1211 1903 1233 nos
1926 1199 2021 1244 ipsos
2045 1200 2107 1246 qui
2133 1211 2254 1234 vocem

1261 1247 1447 1292 Evangelii
1463 1249 1517 1283 tui
1532 1261 1716 1290 sonamus,
1744 1249 1879 1294 Spiritu
1895 1257 2014 1284 sancto
2030 1256 2091 1285 tuo
2108 1262 2206 1295 regas
2223 1257 2257 1284 et

1263 1300 1418 1341 adiuves,
1446 1307 1479 1334 et
1493 1311 1558 1334 nos
1573 1312 1655 1334 vasa
1670 1300 1933 1334 misericordiae
1948 1301 2089 1340 efficias,
2112 1308 2257 1346 propter

1263 1359 1359 1386 tuam
1377 1351 1525 1394 gloriam
1545 1358 1580 1386 et
1599 1351 1748 1385 salutem
1768 1352 1974 1386 multorum.
2019 1349 2258 1386 Obsecramus
2300 1363 2309 1394 j.

1264 1410 1296 1436 te
1314 1403 1504 1447 supplices,
1528 1402 1578 1435 fili
1597 1401 1682 1443 Dei,
1710 1403 1916 1447 coniungito
1935 1402 2118 1447 dissipatas
2134 1401 2259 1438 Eccle-

1264 1453 1352 1493 sias,
1385 1465 1450 1487 nec
1473 1453 1580 1488 sinito
1606 1453 1680 1487 fieri
1712 1454 1862 1488 maiores
1894 1453 2162 1498 dissipationes,
2195 1455 2254 1488 sed

1265 1516 1362 1538 serva
1380 1502 1443 1538 has
1459 1512 1537 1538 tuas
1555 1505 1723 1550 reliquias
1742 1505 1835 1539 inter
1852 1517 1934 1546 ,
1970 1511 2004 1539 et
2028 1517 2085 1540 eas
2111 1517 2184 1539 non
2211 1505 2259 1539 si

1264 1556 1339 1589 nito
1357 1556 1521 1600 dispergi.
1564 1555 1682 1589 Tuere
1699 1556 1755 1600 pia
1774 1556 1888 1590 studia
1905 1556 2087 1590 doctrinae
2103 1563 2136 1591 et
2151 1556 2260 1590 disci-

1265 1606 1400 1650 plinae,
1428 1614 1461 1641 et
1475 1604 1538 1639 has
1556 1607 1716 1650 politias,
1744 1619 1834 1652 quae
1859 1614 1940 1642 sunt
1965 1605 2117 1652 hospitia
2134 1605 2260 1641 Eccle-

1265 1657 1353 1698 siae,
1391 1665 1423 1691 et
1448 1657 1643 1691 multorum
1671 1664 1811 1701 pectora
1839 1658 2043 1699 accendite,
2082 1665 2122 1692 ut
2148 1665 2261 1692 aeter-

1265 1721 1351 1742 num
1376 1715 1510 1752 patrem
1534 1715 1634 1742 tuum
1655 1715 1686 1742 et
1705 1717 1736 1741 te
1759 1709 1834 1742 lesu
1861 1706 2001 1743 Christe
2029 1715 2062 1742 et
2085 1708 2260 1753 Spiritum

1266 1767 1424 1793 sanctum
1455 1771 1536 1792 vera
1562 1759 1785 1793 invocatione
1813 1766 1847 1794 et
1873 1771 1953 1793 vera
1976 1760 2180 1794 obedientia
2203 1772 2262 1794 co
2304 1793 2309 1801 ,

1404 1809 1498 1843 Dixi.

1268 1810 1352 1843 lant.

2099 2035 2148 2054 an.
2171 2024 2266 2057 1549.

2107 2069 2254 2081 m

1269 2018 1334 2053 No.
1350 2018 1434 2054 107.

1324 2131 1398 2172 De
1430 2131 1575 2171 dieto:
1614 2129 1783 2172 Probet
1816 2133 2117 2186 unusquisque
2136 2139 2218 2176 etc.

1342 2212 1370 2237 ln
1384 2211 1433 2237 sel.
1450 2211 1528 2237 Decl.
1542 2211 1572 2236 .
1591 2210 1635 2236 .
1651 2220 1677 2244 p.
1692 2210 1744 2234 622
1760 2220 1832 2244 sqq..
1853 2211 1879 2236 in
1898 2211 2023 2239 nithard.
2040 2213 2071 2239 .
2090 2213 2134 2240 .
2155 2225 2180 2249 .
2197 2215 2268 2242 391..

1373 2246 1487 2272 Sei-vest.
1499 2245 1545 2271 .
1561 2246 1654 2280 [589.
1694 2245 1759 2269 item
1770 2247 1795 2270 in
1806 2246 1917 2279 (veorgii
1932 2246 2065 2281 Principis
2079 2250 2268 2277 Antan-con

1377 2281 1502 2306 tionibus
1519 2286 1542 2305 et
1560 2279 1666 2313 scripti:
1683 2289 1707 2313 p.
1725 2279 1775 2304 429
1788 2279 1812 2305 .
1856 2281 2016 2306 Melantbon
2035 2284 2102 2310 hanc
2117 2286 2267 2311 ontionem

1377 2315 1500 2349 Geor-gio
1518 2315 1663 2340 Anhanino
1678 2314 1748 2339 misit
1766 2314 1791 2339 d.
1805 2315 1829 2339 si.
1849 2315 1912 2341 Oct.
1940 2316 2007 2347 (vid.
2023 2316 2102 2352 Epp.)

1275 2407 1404 2439 Oratio
1415 2403 1624 2450 [synodica]
1642 2403 1687 2437 (Ie
1706 2403 1806 2437 dicto
1827 2405 1986 2439 Pauli:
2014 2406 2142 2442 Probet
2154 2419 2270 2443 umas-
2300 2407 2317 2419 ''

1276 2461 1431 2502 quisque
1462 2467 1554 2501 opus
1587 2466 1714 2496 suum:
1769 2457 1806 2489 in
1841 2467 1916 2500 qua
1953 2455 2172 2503 refutantur
2203 2471 2270 2494 ea

1569 2508 1736 2541 Immune
1756 2508 1970 2542 Flavianae.

236 2614 346 2649 Dfuid
376 2626 408 2645 se
431 2612 603 2643 adulterio
626 2610 825 2653 polluisset,
854 2616 970 2653 postea
996 2608 1087 2640 silius
1112 2606 1223 2641 sorori
1279 2597 1388 2636 {nitio
1424 2603 1552 2645 gratias
1577 2603 1712 2644 agimus
1742 2601 1811 2635 lleo
1836 2609 1977 2635 aeterno
2008 2604 2096 2646 patri
2123 2603 2267 2639 Domini

235 2674 394 2709 stuprum
417 2664 529 2694 olli-rt.
587 2661 724 2693 Deinde
748 2667 883 2692 seeutae
911 2667 992 2692 sunt
1016 2658 1226 2692 domesticae
1250 2653 1253 2708 1
1279 2655 1387 2687 nostri
1414 2653 1488 2686 lesu
1508 2651 1660 2690 Christi,
1689 2652 1864 2685 conditori
1891 2650 2066 2686 Ecclesiae
2093 2656 2269 2699 angelicae

236 2719 372 2750 mmm,
403 2714 527 2747 seditio
547 2712 647 2757 pleni
673 2712 865 2744 multorum
887 2711 1077 2750 scelerum,
1113 2717 1144 2743 et
1172 2709 1226 2741 in-
1279 2714 1308 2739 et
1333 2704 1526 2742 humanae.
1563 2706 1656 2749 qumi
1684 2701 1869 2740 haetenus,
1910 2717 2111 2750 quanquam
2135 2709 2271 2751 magnis

2302 2366 2316 2393 .
2296 1938 2319 2341 -.-ae,-*:7Q
2308 1892 2313 1899 .
