2338 2958
0 829 5 866 Ϊ
52 840 154 869 rum,
180 835 213 863 et
232 827 285 862 his
304 830 428 862 studiis
447 830 584 864 fortiter
603 837 728 865 statuo,

0 990 3 1014 ῑ
51 991 152 1013 meus
168 981 337 1021 dilectus,
366 979 461 1015 hunc
478 983 607 1018 audite.

64 138 139 174 777

62 223 171 258 tentia
186 221 447 266 gravissimam,
473 222 533 255 sed
550 222 654 256 etiam
673 222 950 256 consolationem
969 222 1051 255 dul-

62 273 257 312 cissimam,
288 271 331 305 iis
350 273 410 317 qui
428 279 571 317 propter
585 274 700 307 studia
722 279 804 307 sunt
823 273 861 306 in
887 273 989 314 odio,
1019 279 1052 307 et

60 323 195 367 magnis
213 323 390 355 aerumnis
407 331 622 358 exercentur.
681 323 742 357 Me
767 325 909 369 quidem
936 324 1050 367 ipsum

13 387 16 395 ·
60 385 159 416 saepe
193 373 230 405 in
262 370 317 406 his
349 374 480 407 nostris
508 375 672 418 periculis
702 381 734 408 et
764 374 915 407 miseriis
942 373 1050 407 erexit

58 421 144 457 haec
161 423 234 467 ipsa
253 425 542 458 commonefactio
555 453 564 466 ‚
598 426 834 469 disputantem
856 437 918 458 cur
933 424 1048 458 studia

57 473 239 508 doctrinae
273 475 405 516 colam,
451 488 540 520 quae
574 476 712 509 irritent
740 477 819 509 odia
849 473 1048 515 hominum,

55 536 136 558 cum
155 525 327 568 possimus
347 526 382 558 in
402 527 659 571 tranquillitate
680 533 711 559 et
731 526 901 569 dignitate
919 526 1047 566 vivere,

55 574 167 608 literis
185 576 350 609 omnibus
369 577 538 610 abiectis?
573 576 665 610 Huic
683 575 948 621 reprehensioni
966 588 1045 609 cum

55 637 198 670 oppono
217 628 422 660 mandatnm
433 626 518 666 Dei,
545 628 605 672 qui
622 628 790 671 praecipit
807 627 892 670 legi,
919 627 1045 667 audiri,

53 677 230 720 cognosci,
253 678 362 710 amari
381 678 488 712 libros
498 676 692 721 Evangelii,
717 689 837 711 rursus
854 678 1045 722 acquiesco,

54 733 89 760 et
104 739 178 760 non
195 728 309 761 solum
327 729 480 762 delector
505 728 621 761 studio
635 756 643 769 ‚
679 729 737 762 sed
761 728 865 762 etiam
889 726 1042 761 humana

53 778 175 811 omnia
193 780 434 823 postponenda
452 791 522 812 esse
541 779 682 813 lectioni
703 780 905 812 coelestium
933 780 1044 812 libro-

791 827 954 874 Mihique
970 830 1043 874 ipse

53 879 202 912 subiicio
230 877 295 913 hoc
314 879 416 913 Pauli
439 881 588 914 dictum:
625 881 681 915 Sis
705 881 863 914 intentus
887 881 1041 919 lectioni,

51 936 86 963 et
110 929 189 963 illas
212 941 313 963 voces
337 930 431 964 idem
455 931 724 976 praecipientes:
774 930 841 964 Hic
868 938 919 964 est
950 932 1042 964 filius

0 1023 1 1026 Ἴ
658 982 762 1016 Item:
798 982 871 1024 Qui
888 994 959 1015 non
978 994 1042 1015 au-

0 1031 5 1070 J,
51 1030 174 1071 dierit‚
202 1043 263 1074 ego
279 1032 375 1065 ultor
391 1045 462 1068 ero.
509 1032 673 1078 Denique
691 1039 825 1066 constat
841 1033 1040 1077 saepissime

0 1078 1 1081 ¹
50 1081 237 1125 repetitum
254 1094 326 1116 esse
346 1081 410 1117 boc
429 1091 650 1128 praeceptum
675 1084 717 1116 de
738 1084 903 1116 discendo
921 1081 1042 1117 Evan—

4 1141 5 1147 ’
50 1132 154 1175 gelio.

0 1196 3 1234 j
152 1183 194 1216 In
217 1180 280 1216 bac
297 1183 507 1227 cogitatione
523 1184 629 1217 simul
645 1185 747 1218 etiam
773 1191 898 1217 tetram
922 1184 1041 1227 ingra—

2 1269 3 1277 1
48 1232 239 1267 titudinem
255 1240 289 1267 et
303 1235 557 1269 contumaciam
575 1235 710 1278 generis
729 1232 876 1268 humani
895 1236 1039 1279 deploro

0 1326 2 1330 Ι
49 1291 84 1318 et
107 1285 278 1325 detestor,
310 1297 390 1319 cum
414 1285 592 1329 singulare
617 1293 648 1319 et
673 1297 850 1319 summum
873 1285 1040 1319 honitatis

0 1377 2 1380 v
49 1334 193 1368 divinae
219 1336 394 1378 specimen
425 1336 487 1375 sit,
529 1337 623 1381 quod
652 1349 692 1369 ex
720 1348 845 1369 arcana
873 1349 934 1370 sua
960 1337 1040 1369 sede

49 1385 237 1428 prodiens,
262 1386 363 1418 nubis
378 1398 413 1418 se
430 1387 610 1430 patefecit,
639 1399 702 1419 1105
725 1387 925 1419 dulcissime
951 1387 1040 1419 allo-

1 1451 3 1464 1
49 1435 190 1480 quitur,
231 1442 265 1469 et
295 1438 424 1480 profert
453 1437 661 1480 sapientiam
691 1437 845 1480 ignotam
875 1438 1040 1470 omnibus

47 1486 237 1526 creaturis,
263 1499 352 1531 quae
371 1488 472 1520 unica
490 1488 685 1521 remedium
705 1495 837 1521 certum
866 1495 897 1520 et
922 1488 1039 1521 efficax

0 1550 2 1556 ’
47 1543 99 1570 est
115 1536 310 1580 ingentium
328 1539 502 1571 malorum
520 1539 657 1581 generis
675 1536 833 1572 humani.
868 1537 935 1570 Hic
954 1538 1039 1583 quid

47 1594 98 1621 est
113 1587 312 1630 indignius,
339 1601 443 1634 quam
455 1587 567 1621 Deum
585 1601 648 1622 nos
664 1589 901 1634 alloquentem
918 1589 1039 1621 audire

0 1636 1 1644 ¹
47 1638 165 1678 nolle,
191 1650 230 1671 ac
248 1645 379 1672 tantam
399 1639 590 1672 bonitatem
608 1640 814 1683 aspernari?
849 1651 938 1684 (11138
955 1651 1040 1672 con—

46 1688 193 1733 spicitur
211 1686 272 1722 hac
288 1689 359 1733 ipsa
377 1690 414 1722 in
434 1702 488 1729 re,
515 1691 609 1735 quod
627 1690 730 1724 toties
749 1697 818 1723 tam
842 1690 1040 1723 illustribus

46 1739 257 1773 testimoniis
279 1751 314 1773 se
335 1741 524 1783 patefecit?
580 1740 670 1783 Quis
695 1739 785 1773 hanc
812 1741 1038 1783 ingratitudi-

45 1802 128 1823 nem
152 1802 223 1822 non
251 1791 423 1824 existimet
447 1792 589 1836 dignam
614 1802 686 1824 esse
709 1791 934 1824 atrocissimis
955 1802 1038 1833 poe-

47 1839 127 1873 nis?
178 1838 230 1873 Ac
257 1841 440 1884 multiplex
463 1848 513 1874 est
540 1841 773 1882 ingratitudo,
810 1841 915 1874 multi
932 1838 1037 1873 Athei

46 1889 278 1924 audacissime
301 1891 478 1925 affirmant
503 1891 682 1924 fabulosos
709 1903 782 1924 esse
816 1892 926 1924 libros
956 1904 1038 1935 pro-

46 1939 206 1985 pheticos
224 1948 257 1974 et
276 1942 505 1985 apostolicos,
533 1953 660 1986 eosque
678 1942 742 1984 legi
764 1939 973 1985 prohibent,
999 1948 1038 1975 ut

45 1990 263 2025 Politianum
282 1993 388 2025 audio
406 1993 549 2032 dixisse,
577 1992 830 2034 interrogatum
847 2005 891 2025 an
910 1993 1039 2035 legeret

45 2053 162 2076 sacros
175 2042 309 2076 libros?
335 2043 441 2076 semel
460 2055 496 2076 se
514 2043 653 2085 legisse,
681 2055 745 2076 nec
762 2049 896 2086 tempus
908 2043 979 2075 ulla
1000 2043 1037 2075 in

45 2093 197 2128 lectione
213 2092 312 2136 peius
327 2105 361 2127 se
379 2094 545 2137 posuisse.
596 2091 642 2126 Et
659 2093 747 2126 alius
766 2094 908 2138 quidam
926 2094 1036 2127 inter—

45 2151 188 2187 rogatus
204 2144 247 2176 de
262 2145 368 2177 sacris
384 2145 503 2184 libris,
531 2142 639 2184 nihil,
667 2144 802 2189 inquit,
829 2156 913 2177 curo
931 2144 1036 2189 quin-

45 2207 115 2240 que
146 2195 257 2228 libros
288 2194 426 2240 Moysi,
472 2193 537 2228 hoc
572 2207 675 2235 curo,
723 2195 900 2240 quomodo
932 2206 1036 2239 pagos

45 2245 205 2290 quinque
221 2244 308 2278 meis
326 2246 476 2289 praediis
493 2247 619 2279 addere
638 2246 778 2289 possim.
832 2245 929 2278 Talis
953 2257 1037 2278 con—

46 2302 199 2339 temptus
216 2307 288 2328 non
308 2297 421 2329 solum
439 2297 655 2339 ingratitudo
676 2303 744 2334 est,
778 2298 836 2330 sed
856 2294 1036 2330 horribilis

44 2347 146 2379 furor
173 2352 206 2380 et
232 2344 468 2389 blasphemia,
511 2359 600 2392 quae
633 2347 816 2390 praecipua
844 2358 946 2380 causa
987 2353 1036 2380 est

45 2397 284 2430 calamitatum
313 2398 534 2440 publicarum
564 2398 600 2430 in
631 2395 694 2431 hac
721 2398 810 2437 vita,
849 2405 881 2431 et
907 2398 1035 2431 deinde

45 2447 121 2482 sine
142 2447 214 2481 ulla
242 2447 464 2482 dubitatione
490 2449 673 2493 suppliciis
696 2449 848 2482 aeternis
871 2461 1035 2493 compen-

46 2498 191 2532 sabitur.

149 2547 281 2582 Verum
314 2561 386 2582 non
417 2556 552 2583 tantum
575 2547 770 2593 Epicureos
796 2551 876 2584 illos
896 2560 1035 2583 accuse-

45 2609 141 2639 mus,
174 2600 233 2632 sed
259 2606 419 2633 nostrum
442 2600 552 2644 frigus
575 2600 678 2634 etiam
701 2612 945 2644 agnoscamus,
988 2611 1033 2632 ne

46 2660 111 2682 nos
125 2649 268 2694 quidem
283 2652 446 2684 ardemus
461 2652 578 2685 studio
593 2651 730 2693 legendi
747 2658 780 2685 et
796 2651 1033 2687 meditationis

45 2711 148 2741 cura,
177 2700 268 2734 sicut
293 2702 416 2735 ardere
435 2715 500 2737 nos
518 2702 711 2747 oportebat.
766 2701 863 2737 Raro
882 2701 1033 2748 pagellas

537 134 695 172 DECL.
738 135 810 172 DE
843 134 1047 172 DICTO:
1090 136 1167 173 SIS
1200 136 1496 173 INTENTUS
1526 148 1610 173 E'rc.

2031 142 2102 176 778

1105 234 1233 266 paucas
1251 224 1457 264 evolvimus,
1486 231 1518 258 et
1537 225 1685 267 legimus
1701 224 1777 258 sine
1794 224 1996 265 attentione,
2023 226 2098 260 sine

1103 273 1314 315 cogitatione
1334 274 1474 307 divinae
1497 275 1710 316 voluntatis,
1737 275 1884 321 perinde
1905 282 1944 309 ut
1966 275 2096 318 ignavi,

1102 330 1134 357 et
1156 321 1296 357 hebetes
1312 325 1432 368 legunt
1450 327 1620 369 poemata.

1205 373 1254 408 [t
1272 375 1378 417 igitur
1394 382 1532 418 pectora
1549 384 1666 410 nostra
1684 377 1920 410 accendantur
1933 377 1976 409 ad
1993 388 2091 409 amo-

1099 436 1173 457 rem
1201 426 1327 463 studii‚
1362 425 1545 467 infigamus
1570 427 1707 460 animus
1734 425 1799 461 boc
1816 427 1917 461 Pauli
1941 427 2091 461 dictum:

1099 474 1156 508 Sis
1172 474 1328 508 intentus
1343 476 1506 515 lectioni,
1535 478 1629 521 quod
1648 484 1685 510 ut
1705 478 1845 521 planius
1863 478 2091 521 intelligatur,

1099 526 1256 558 continet
1274 526 1367 558 enim
1387 527 1658 560 eruditissimam
1685 528 1926 570 partitionem,
1961 530 2089 561 addam

1098 575 1356 609 enarrationem
1368 604 1377 617 ,
1403 583 1443 610 ut
1460 589 1580 621 spem,
1606 590 1679 610 non
1696 577 1866 621 ingratam
1885 578 2062 613 studiosis.

1200 626 1286 660 Tria
1304 628 1461 661 membra
1481 634 1579 662 sunt:
1608 627 1708 662 Iubet
1729 628 1860 672 legere,
1885 630 2030 670 docere,
2053 637 2088 663 et

1096 678 1284 712 consolari.

1199 726 1272 762 Cur
1288 735 1402 762 autem
1422 741 1439 761 a
1458 728 1607 763 lectione
1624 729 1786 762 orditur?
1818 728 1886 762 Hic
1905 736 1939 763 et
1956 730 2085 763 discer-

1096 779 1149 812 nit
1165 780 1349 813 coelestem
1371 780 1567 813 doctrinam
1584 792 1601 812 a
1621 777 1872 825 Philosophia,
1908 787 1941 814 et
1964 787 2084 813 monet

1094 830 1272 873 alligatam
1291 841 1362 863 esse
1379 828 1571 863 Ecclesiam
1594 831 1636 862 ad
1665 831 1775 864 libros
1802 828 2025 875 propheticos
2050 837 2085 864 et

1095 881 1317 924 apostolic-0⁵.
1379 879 1543 915 Caeterae
1563 887 1672 922 artes,
1707 889 1745 915 ut
1763 879 2016 922 Arithmetica,
2050 887 2084 914 et

1094 931 1210 974 legum
1245 931 1404 965 doctrina
1440 938 1651 965 extruuntur
1678 944 1717 965 ex
1745 933 1930 976 principiis
1958 939 2082 965 natura

1094 982 1205 1023 notis,
1233 994 1306 1015 non
1325 989 1468 1016 sumunt
1494 982 1636 1015 initium
1663 995 1681 1015 3
1706 983 1873 1023 lectione,
1910 984 1969 1016 sed
1999 995 2082 1026 pro-

1093 1033 1212 1066 missio
1228 1031 1413 1076 Evangelii
1438 1033 1596 1077 propria,
1631 1033 1808 1067 decretum
1825 1032 1892 1066 Dei
1916 1045 2081 1066 arcanum

1092 1083 1176 1124 fuit,
1216 1084 1339 1126 procul
1369 1095 1474 1127 supra
1498 1091 1529 1117 et
1553 1090 1647 1116 extra
1673 1091 1897 1128 conspectum
1920 1083 2081 1117 omnium

1093 1133 1312 1178 Angelorum
1348 1141 1380 1167 et
1416 1132 1601 1167 hominum
1636 1134 1811 1178 positum,
1860 1135 1953 1179 quod
1982 1141 2080 1178 pate—

1092 1185 1220 1218 factum
1235 1185 1331 1218 Deus
1347 1185 1492 1218 tradidit
1508 1184 1672 1217 Patribus
1690 1192 1721 1218 et
1731 1183 1936 1229 Prophetis,
1961 1197 1999 1218 ac
2019 1197 2081 1218 vo-

1093 1235 1160 1268 luit
1177 1235 1338 1268 mandari
1355 1235 1486 1275 literis,
1513 1242 1546 1268 et
1570 1235 1743 1268 librorum
1769 1236 2081 1269 custodiendorum

1092 1298 1210 1318 curam
1227 1284 1403 1319 Ecclesiae
1420 1297 1500 1318 suae
1517 1286 1708 1320 mandavit.
1761 1287 1873 1319 Immo
1885 1311 1894 1325 ‚
1923 1287 2001 1319 ideo
2018 1298 2083 1330 po-

1091 1337 1184 1369 litias
1202 1337 1337 1381 aliquas
1356 1343 1487 1376 servat,
1517 1343 1555 1369 ut
1574 1336 1644 1369 sint
1661 1337 1755 1369 velut
1774 1334 2008 1370 bibliothecae
2027 1348 2082 1369 sa—

1092 1399 1231 1419 crorum
1250 1387 1491 1427 voluminum,
1526 1393 1565 1420 ut
1581 1387 1702 1430 politia
1721 1384 1838 1432 Bonsi
1858 1388 1960 1420 annis
1983 1387 2081 1420 mille

1092 1437 1293 1481 quingentis
1311 1435 1372 1470 has
1389 1438 1434 1470 ob
1453 1448 1571 1470 causas
1586 1438 1725 1471 defensa
1737 1465 1746 1478 ,
1781 1438 1912 1471 servata
1924 1465 1933 1478 ‚
1968 1445 2000 1471 et
2024 1438 2079 1470 ‹li-

1091 1488 1182 1520 vinis
1201 1487 1410 1521 testimoniis
1429 1494 1551 1521 ornata
1569 1495 1630 1526 est,
1658 1496 1696 1521 ut
1715 1496 1745 1522 et
1758 1487 1971 1522 bibliotheca
1991 1495 2080 1521 esset

1090 1539 1250 1571 codicum
1278 1536 1586 1582 propheticorum,
1613 1545 1645 1572 et
1662 1540 1756 1573 testis
1776 1546 1880 1577 esset,
1908 1539 2081 1572 divinitus

1090 1596 1265 1632 acceptam
1283 1600 1356 1621 esse
1376 1600 1450 1621 83111
1470 1590 1679 1624 doctrinam.
1732 1588 1821 1623 Cum
1840 1589 1947 1632 igitur
1958 1588 2079 1622 Eccle-

1090 1639 1158 1671 siae
1173 1639 1332 1672 doctrina
1355 1651 1427 1671 non
1453 1640 1587 1672 oriatur
1613 1651 1631 1672 a
1657 1640 1734 1673 luce
1760 1640 1892 1683 ingenii
1919 1638 2079 1680 humani,

1089 1691 1150 1722 sed
1173 1702 1211 1722 ex
1237 1701 1321 1722 voce
1337 1687 1402 1722 Dei
1432 1691 1593 1723 mandata
1621 1690 1732 1723 literis
1754 1691 1994 1734 cognoscenda
2023 1691 2078 1727 sit,

1090 1740 1318 1772 necessariam
1330 1751 1402 1772 esse
1420 1740 1604 1772 lectionem
1621 1741 1842 1774 manifestum
1866 1749 1934 1781 est,
1968 1748 2000 1774 et
2023 1753 2078 1774 sa-

1089 1790 1224 1833 pienter
1257 1789 1389 1822 Paulus
1430 1790 1583 1833 primum
1628 1792 1670 1823 de
1707 1791 1855 1824 lectione
1899 1792 2078 1836 praecipit.

1089 1841 1194 1883 Quod
1214 1852 1292 1873 811111
1309 1840 1354 1873 ita
1372 1840 1434 1880 sit,
1465 1841 1733 1874 assuefaciamus
1752 1849 1787 1876 et
1809 1854 1873 1875 nos
1898 1842 2010 1886 ipsos,
2044 1848 2078 1876 et

1089 1898 1245 1929 nostros,
1266 1897 1305 1924 ut
1321 1890 1477 1924 studiose
1494 1891 1647 1934 legamus
1665 1892 1806 1925 divinos
1821 1893 1941 1926 libros.
1968 1891 2077 1926 Cum-

1088 1953 1156 1986 que
1172 1953 1310 1975 necesse
1329 1941 1373 1974 sit
1387 1942 1539 1981 servari,
1572 1949 1606 1975 et
1622 1943 1689 1985 legi
1706 1940 1770 1976 hos
1788 1944 1916 1984 libros,
1954 1943 2077 1977 litera-

1088 2005 1165 2025 rum
1184 1992 1297 2026 studia
1316 2003 1472 2025 amemus
1490 1999 1522 2026 et
1539 1993 1706 2028 colamus.
1758 1993 1805 2027 Et
1821 2007 2019 2039 quanquam
2039 1994 2075 2026 in

1088 2042 1170 2075 odio
1185 2048 1288 2083 sunt,
1314 2049 1430 2075 tamen
1451 2049 1589 2076 nostros
1609 2044 1745 2077 labores
1762 2043 1835 2077 Deo
1856 2046 2009 2088 placere,
2044 2052 2077 2078 et

1087 2105 1189 2126 curae
1208 2104 1280 2126 esse
1297 2093 1457 2126 sciamus.
1518 2092 1613 2126 Haec
1635 2096 1828 2128 consolatio
1856 2107 1957 2139 saepe
1982 2095 2077 2136 cogi-

1087 2145 1192 2176 tanda
1210 2151 1243 2178 et
1258 2144 1446 2187 repetenda
1467 2150 1535 2184 est,
1559 2144 1640 2188 quia
1660 2146 1776 2178 miuus
1792 2147 1911 2179 suavia
1929 2147 2016 2180 fiunt
2034 2146 2075 2178 li-

1087 2201 1239 2228 terarum
1257 2194 1371 2227 studia
1391 2191 1456 2226 hoc
1471 2201 1639 2237 tempore,
1660 2208 1738 2228 cum
1757 2209 1828 2230 11011
1847 2198 1960 2230 solum
1979 2208 2079 2240 prac-

1087 2245 1155 2277 mia
1174 2245 1272 2278 nulla
1288 2251 1371 2278 sunt
1390 2241 1627 2278 honestissimi
1647 2246 1787 2286 laboris,
1815 2248 1873 2280 sed
1891 2248 1994 2281 etiam
2014 2259 2078 2291 po-

1086 2302 1222 2329 tentum
1249 2302 1281 2329 et
1304 2295 1501 2339 sapientum
1537 2296 1676 2329 iudiciis
1710 2304 1937 2340 premuntur,
1974 2304 2007 2330 et
2038 2299 2075 2330 in

1086 2346 1207 2379 odium
1224 2347 1467 2385 adducuntur,
1494 2345 1555 2390 qui
1575 2346 1693 2379 literas
1719 2348 1852 2381 semina
1880 2360 1952 2381 esse
1975 2347 2077 2381 dissi-

1087 2397 1228 2430 diorum
1250 2396 1444 2430 clamitant.
1508 2396 1689 2430 Adversus
1714 2398 1795 2431 talia
1822 2399 1950 2432 iudicia
1976 2411 2076 2443 prae-

1086 2447 1195 2491 ceptis
1213 2447 1275 2482 Dei
1295 2458 1359 2479 nos
1386 2447 1629 2488 consolemur,
1664 2460 1752 2492 quae
1775 2449 1884 2483 libros
1905 2461 2018 2484 sacros
2044 2456 2075 2481 et

1086 2498 1153 2541 legi
1170 2505 1205 2532 et
1221 2497 1383 2541 cognosci
1402 2497 1620 2531 severissime
1636 2498 1770 2533 iubent.

1187 2547 1268 2582 Dixi
1285 2559 1389 2592 supra
1407 2547 1632 2591 partitionem
1652 2550 1825 2584 eruditam
1848 2562 1938 2591 esse,
1965 2556 1996 2582 et
2013 2561 2076 2581 cur

1086 2599 1238 2643 primum
1256 2600 1343 2632 facta
1361 2599 1404 2631 sit
1427 2599 1559 2632 mentio
1587 2599 1764 2642 lectionis,
1797 2602 1951 2634 breviter
1970 2611 2076 2642 expo-

1085 2651 1150 2683 sui.
1209 2649 1349 2683 Addam
1373 2657 1404 2682 et
1428 2656 1562 2682 caetera
1587 2652 1756 2685 membra.
1814 2651 1894 2685 Non
1917 2650 1998 2683 satis
2026 2656 2076 2682 cst

1083 2700 1196 2744 legere
1211 2712 1326 2735 sacros
1341 2700 1463 2741 libros,
1488 2701 1547 2733 sed
1567 2702 1707 2735 accedat
1724 2702 1894 2735 doctrina.
1949 2699 1989 2734 Id
2008 2707 2076 2733 est:
