2338 2958
199 131 273 169 859

203 220 288 254 item
318 215 531 253 sententiae,
566 209 693 255 quibus
723 206 885 240 mirabile
917 205 1056 249 pondus
1089 203 1194 236 inest:

204 272 372 316 pleraque
402 265 496 299 enim
521 274 560 295 ex
585 256 799 304 propheticis
825 256 962 300 scriptis
987 256 1193 299 deprompta

205 327 303 360 sunt,
328 327 436 361 eaque
459 311 661 347 incredibili
685 316 789 354 atque
815 306 1018 340 inimitabili
1039 305 1146 338 verbo
1163 311 1195 337 et

205 374 281 406 luce
297 375 401 413 atque
417 361 574 408 emphasi
592 361 728 395 reddita
740 387 748 401 ‚
776 365 808 392 et
826 365 896 391 tota
915 356 1068 401 denique
1084 355 1194 389 oratio

205 423 312 466 spirat
341 415 557 451 reconditam
590 412 768 458 quandam
802 422 839 442 ac
872 409 1029 441 divinam
1055 406 1194 451 sapien-

205 473 306 506 tiam:
335 480 408 501 non
431 465 622 509 vulgariter
644 469 734 496 certe
757 460 916 493 eruditus
936 457 1197 492 Grammaticus

206 535 224 556 a
241 533 296 554 me
314 517 530 556 censebitur,
558 514 619 560 qui
635 524 767 547 novum
783 510 1051 544 Testamentum
1068 507 1197 552 poterit

205 573 327 606 saltem
357 567 602 613 grammatice,
637 566 756 597 dextre
784 573 822 595 ac
845 567 937 594 recte
963 558 1198 603 interpretari,

207 631 239 657 et
269 623 367 655 illam
399 617 571 653 sermonis
593 616 665 648 vim
689 621 793 658 atque
817 612 994 655 energiam
1019 616 1198 654 utcunque

206 672 413 718 explicando
440 667 585 713 assequi.
639 665 718 698 Huc
740 663 890 703 accedit,
917 662 1011 706 quod
1033 658 1117 693 haec
1135 671 1199 692 na-

205 725 255 759 tio
287 729 406 767 postea
431 730 589 765 qnoque,
625 716 759 761 primae
781 712 958 746 Ecclesiae
983 724 1021 744 ac
1045 710 1199 755 purioris

207 774 388 809 doctrinae
405 773 565 805 doctores
581 775 683 812 atque
699 765 907 808 interpretes
922 762 1121 806 complures
1137 759 1199 794 ha-

205 826 283 860 buit
309 824 385 868 pios
408 834 445 855 ac
471 826 626 859 sanctos,
655 816 714 862 qui
739 827 817 849 cum
841 812 1027 847 historiam
1046 812 1198 857 primum

205 875 380 910 nascentis
414 871 589 905 Ecclesiae
622 867 773 901 fideliter
802 865 1080 908 descripserunt,
1126 869 1198 896 tum

206 939 290 961 vero
305 923 452 959 eruditis
470 918 820 965 interpretationibus
837 916 984 949 eandem
1001 913 1199 947 doctrinam

206 988 339 1012 sacram
363 974 497 1008 utiliter
522 972 757 1004 illustrarunt.
816 966 1068 1000 Destituuntur
1094 964 1202 1007 igitur

208 1036 240 1063 et
259 1027 417 1061 fontibus
437 1023 536 1068 ipsis,
562 1029 594 1055 et
613 1019 804 1053 sinceriore
822 1017 1054 1062 explicatione
1071 1015 1200 1048 multa—

206 1091 287 1113 rum
316 1075 422 1110 huius
453 1073 634 1107 doctrinae
666 1070 840 1115 partium,
877 1068 938 1113 qui
970 1079 1036 1111 ope
1062 1067 1201 1109 linguae

208 1129 362 1163 Graecae
393 1126 644 1159 destituuntur.
705 1120 794 1154 Nam
822 1120 917 1164 quod
950 1119 992 1150 ad
1023 1117 1201 1150 versiones

207 1181 346 1216 attinet,
384 1177 537 1209 vidimus
561 1180 691 1218 quanta
715 1171 854 1203 miseria
878 1170 940 1209 sit,
974 1168 1000 1200 si
1025 1168 1104 1212 quis
1130 1167 1202 1200 illis

206 1231 289 1265 solis
319 1228 385 1261 niti
417 1231 572 1268 cogatur.
626 1222 716 1255 Nam
745 1226 989 1265 praeterquam
1020 1219 1114 1262 quod
1143 1218 1201 1250 vix

206 1281 281 1315 fieri
306 1283 439 1323 potest,
464 1282 503 1309 ut
525 1273 698 1307 sententia
720 1271 853 1315 ubique
876 1270 995 1303 eadem
1014 1268 1202 1302 foelicitate

206 1345 245 1365 ac
261 1328 510 1376 perspicuitate
525 1326 562 1358 in
578 1324 729 1358 alienam
744 1322 901 1365 linguam
916 1320 1201 1354 transfundatur:

206 1383 317 1416 multa
344 1379 447 1413 etiam
472 1377 539 1410 alia
566 1374 791 1408 incommoda
816 1371 1123 1416 interpretationes
1148 1381 1202 1403 se-

207 1439 384 1478 quuntur,
412 1431 518 1473 fitque
542 1438 642 1470 saepe
664 1432 703 1459 ut
720 1424 775 1457 vel
791 1424 882 1456 inter
899 1422 1121 1455 reddendum
1139 1432 1203 1453 na-

206 1484 300 1517 tivus
324 1491 444 1514 sensus
468 1479 696 1515 obscuretur,
731 1475 785 1507 vel
810 1474 846 1506 in
870 1473 974 1506 aliam
999 1472 1099 1517 quasi
1123 1483 1203 1516 spe-

208 1535 296 1568 ciem
319 1531 605 1568 transformetur,
632 1535 734 1572 atque
757 1526 803 1559 ita
821 1530 1062 1569 pervertatur,
1089 1529 1129 1556 ut
1146 1523 1203 1555 vix

209 1586 365 1619 eundum
388 1591 574 1625 agnoscere.
599 1578 729 1622 possis,
757 1584 790 1610 et
814 1586 887 1608 non
910 1587 989 1607 raro
1012 1585 1078 1607 usu
1096 1574 1204 1614 venit,

208 1643 249 1669 ut
282 1635 398 1668 verius
429 1627 749 1673 metamorphosin,
803 1637 909 1670 quam
942 1624 1203 1668 interpretatio-

208 1699 307 1726 nem,
339 1685 440 1717 talem
457 1681 655 1714 versionem
674 1678 788 1712 dicere
808 1677 934 1720 possis:
963 1675 999 1708 id
1018 1675 1112 1719 quod
1130 1686 1203 1707 non

209 1738 323 1771 solum
348 1735 383 1767 in
407 1732 512 1766 sacris
538 1731 669 1770 literis,
697 1730 754 1762 sed
782 1728 819 1760 in
842 1727 920 1760 aliis
938 1738 1079 1771 quoque
1099 1725 1203 1758 disci-

209 1788 316 1832 plinis
335 1785 489 1818 accidere
506 1782 603 1814 solet.

314 1836 430 1879 Quam
454 1833 555 1866 dulce
575 1831 682 1874 igitur
698 1835 767 1867 est,
796 1829 865 1860 imo
884 1839 966 1860 vero
984 1833 1114 1871 quanta
1131 1826 1204 1858 foe-

210 1890 322 1922 licitas
346 1893 414 1923 051,
443 1895 541 1929 posse
564 1894 642 1915 cum
667 1881 738 1913 filio
758 1879 842 1917 Dei,
872 1891 951 1911 cum
970 1875 1205 1920 Evangelistis

210 1950 242 1973 et
265 1937 446 1983 Apostolis
472 1935 574 1979 ipsis,
602 1944 680 1965 cum
705 1931 787 1963 divo
806 1929 916 1963 Paulo
941 1929 1072 1973 absque
1095 1929 1204 1960 inter-

211 1997 306 2035 prete
332 1987 446 2033 loqui,
481 1993 513 2019 et
538 1995 635 2017 veras
659 1982 826 2026 vivasque.
851 1980 972 2013 audire
997 1991 1034 2011 ac
1059 1979 1206 2011 reddere

212 2041 339 2075 voces'?

315 2090 418 2132 Quod
444 2089 470 2120 si
490 2093 624 2120 tantum
646 2083 835 2117 tribuimus
852 2093 1110 2125 nonnunquam
1128 2092 1204 2122 gra-

213 2144 280 2175 tiae
298 2154 334 2173 ar
351 2139 460 2172 favori
479 2137 626 2170 alicuius
644 2135 733 2176 regis
751 2140 809 2166 aut
827 2133 1015 2177 principis,
1045 2139 1083 2165 nt
1098 2131 1206 2174 ipsius

215 2205 331 2228 causa,
360 2198 463 2235 atque,
485 2196 519 2221 ut
540 2188 670 2231 absque
691 2186 880 2228 interprete
899 2196 976 2217 cum
995 2195 1033 2215 011
1051 2181 1205 2226 colloqui

214 2243 406 2287 possimus,
447 2239 664 2272 barbaricam
698 2237 852 2281 aliquam
888 2235 1044 2276 linguam
1074 2233 1207 2266 discere

215 2307 286 2326 non
312 2293 530 2325 dubitemus:
560 2291 628 2321 imo
646 2300 728 2320 vero
746 2287 770 2319 si
788 2285 900 2330 turpis
919 2286 1006 2318 lueri
1024 2296 1084 2329 spe
1096 2295 1208 2328 saepe,

215 2357 285 2378 non
312 2357 379 2375 uua
407 2341 586 2375 barbarica
614 2340 751 2380 lingua,
776 2350 854 2370 cum
882 2336 1014 2378 ingenti
1040 2335 1208 2379 temporis

217 2397 364 2434 iactura,
393 2406 454 2426 ner
475 2393 550 2424 sine
571 2391 660 2423 vitae
680 2389 836 2434 periculo
855 2388 1012 2420 discitur.
1067 2387 1173 2429 Quod
1190 2399 1207 2418 .’1

216 2445 468 2479 mercatoribus
489 2443 559 2476 sic-ri
581 2443 756 2478 videmus,
784 2439 842 2484 qui
863 2440 991 2471 liberos
1009 2450 1089 2471 suos
1109 2449 1207 2481 pere-

216 2498 333 2540 grinas
359 2496 494 2533 linguas
519 2502 637 2526 tenere
661 2492 804 2528 volunt,
835 2503 905 2522 111111
932 2490 1035 2522 3113111
1060 2490 1106 2521 1111
1125 2500 1205 2520 eau-

217 2562 306 2584 53111,
335 2559 439 2591 quam
457 2553 492 2577 111
512 2557 588 2576 rum
610 2544 677 2575 illis
695 2543 874 2583 gentibus,
902 2548 1019 2584 postea
1036 2551 1207 2572 011111111οτ-

216 2601 267 2631 cia
288 2597 416 2630 11311010
438 2595 590 2640 possint,
618 2595 711 2625 uude
729 2593 862 2637 aliqnid
884 2592 970 2624 lueri
991 2603 1207 2623 accessurum

218 2657 373 2694 sperant:
405 2650 448 2679 ita
468 2647 559 2678 lexes
577 2656 675 2687 saepe
693 2656 813 2676 causae
833 2644 1018 2686 impellunt
1038 2639 1209 2679 homines,

218 2711 250 2734 111
280 2701 383 2731 etiam
414 2699 635 2730 indui-tarino
663 2702 691 2726 et
719 2695 982 2727 barbaricarum
1008 2694 1207 2735 linguarum
1233 2702 1236 2726 1
1264 2692 1388 2724 inentis
1415 2688 1504 2723 113111·
1532 2690 1687 2731 linguam
1713 2686 1864 2720 refersit:
1903 2694 1938 2719 ut
1965 2687 2049 2720 dum
2075 2687 2152 2721 illas
2177 2688 2253 2721 ille-

635 121 793 159 DECL.
827 117 904 155 DE
937 116 1178 154 STUDIIS
1210 114 1477 152 LINGU'AE
1512 115 1797 153 GRAECAE.

1246 201 1483 246 cognitionem
1513 202 1691 246 adpetant.
1759 201 1903 244 Quanto
1932 203 2043 246 magis
2074 208 2235 235 aeternae

1245 253 1444 287 foelicitatis
1474 264 1512 285 ac
1537 252 1659 285 salutis
1683 264 1764 285 cura
1788 265 1852 286 nos
1873 254 2019 288 incitare
2041 253 2165 291 debet,
2198 260 2238 286 ut
2277 286 2284 290 ,

1247 305 1406 348 linguam
1437 303 1596 336 omnium
1627 302 1888 344 dulcissimam,
1922 311 1956 338 et
1979 317 2058 338 cum
2086 310 2137 337 tot
2160 303 2240 347 pul-

1247 353 1502 388 cherrimarum
1537 353 1666 387 artium
1692 354 1914 397 magistram,
1948 361 2023 388 tum
2049 367 2133 387 vero
2160 366 2240 387 coe-

1249 406 1344 440 lestis
1375 405 1557 438 doctrinae
1590 404 1776 445 nunciam,
1810 416 1849 437 ac
1881 411 2041 438 aeternae
2063 405 2185 438 salutis
2209 411 2244 438 et

1248 464 1427 491 tantorum
1455 455 1702 489 beneficiorum
1727 455 1931 489 divinorum
1956 455 2240 493 conciliatricem,

1249 506 1524 552 amplectamur?

1351 558 1432 592 Non
1455 558 1586 602 absque
1608 556 1779 599 singulari
1803 557 1952 590 consilio
1971 556 2095 589 divino
2112 556 2241 590 factum

1251 616 1321 648 est,
1356 609 1449 654 quod
1480 606 1661 650 Evangelii
1694 607 1873 648 doctrina,
1909 614 1943 641 et
1974 607 2002 640 si
2036 619 2097 651 per
2131 615 2242 641 totum

1251 661 1373 693 orbem
1401 659 1515 704 spargi
1543 658 1684 697 debuit,
1719 665 1836 692 tamen
1860 656 1966 692 buius
1987 658 2100 702 gentis
2126 658 2244 701 lingua

1251 711 1406 755 primum
1423 723 1460 743 ac
1479 709 1700 753 potissimum
1720 710 1910 753 descripta,
1937 715 2041 753 atque
2056 709 2103 743 ita
2119 710 2162 742 ad
2182 721 2245 752 po-

1251 768 1361 794 steros
1383 761 1583 794 transmissa
1607 767 1668 793 est.
1720 759 1810 793 Cum
1827 760 1919 792 enim
1937 757 2021 793 haec
2039 761 2157 803 lingua
2176 760 2244 792 iam

1253 819 1332 845 ante
1356 812 1553 844 doctrinam
1578 823 1734 849 morum,
1762 811 1970 854 disciplinae
1994 818 2027 844 et
2043 809 2245 844 humanita—

1252 863 1316 903 tis,
1339 860 1406 896 hoc
1425 869 1493 899 est,
1522 861 1607 904 legis
1627 861 1786 901 divinae,
1813 861 2028 902 contineret,
2054 873 2133 894 eum
2153 861 2246 905 opti-

1252 925 1389 946 marum
1413 913 1561 952 artium,
1589 912 1750 956 vitaeque
1773 909 1948 945 humanae
1971 923 2106 946 summe
2126 922 2246 945 neces-

1253 964 1424 997 sariarum
1449 962 1611 1005 magistra
1638 970 1746 1003 esset,
1773 975 1852 996 curn
1877 975 1994 996 rerum
2020 969 2194 1006 gestarum
2215 969 2247 996 et

1253 1013 1421 1048 historiae
1455 1013 1579 1047 mundi
1609 1013 1777 1057 ταμεῖοππ
1812 1013 1925 1047 voluit
1957 1012 2055 1048 Deus
2083 1021 2117 1047 et
2152 1011 2247 1046 bunc

1254 1063 1457 1100 thesaurum
1483 1076 1547 1108 per
1573 1064 1727 1097 eiusdem
1752 1064 1893 1107 linguae
1918 1064 2154 1098 ministerium
2178 1061 2246 1097 hu-

1253 1129 1359 1149 mano
1378 1116 1496 1157 generi
1517 1115 1709 1158 impertiri,
1738 1122 1777 1148 ut
1793 1115 1994 1149 ostenderet
2008 1115 2101 1148 inter
2116 1121 2248 1148 caetera

1253 1167 1422 1200 beneficia
1448 1178 1507 1198 sua
1530 1163 1597 1198 hoc
1615 1165 1842 1205 beneficium,
1870 1166 1924 1198 vel
1943 1166 2128 1210 praecipue
2145 1176 2248 1210 expe-

1254 1219 1403 1252 tendum
1421 1224 1526 1261 atque
1543 1215 1825 1259 amplectendum
1843 1227 1925 1250 esse.

1357 1266 1602 1311 Quapropter,
1630 1266 1658 1298 si
1680 1265 1755 1299 fieri
1770 1273 1906 1310 posset,
1934 1267 2131 1310 optandum
2147 1267 2250 1305 soret,

1253 1326 1293 1353 ut
1308 1330 1430 1352 omnes
1448 1317 1614 1350 mortales
1630 1316 1722 1350 hanc
1741 1317 1899 1360 linguam
1916 1317 2048 1350 discere
2066 1329 2104 1350 ac
2121 1323 2251 1357 tenere,

1255 1377 1421 1414 tantaque
1439 1368 1687 1402 commoditate
1705 1368 1838 1412 perfrui
1856 1374 2008 1412 possent.
2050 1366 2119 1401 Sed
2137 1379 2251 1412 quan-

1256 1422 1301 1454 do
1325 1421 1359 1454 id
1385 1420 1442 1452 vix
1458 1419 1533 1452 fieri
1553 1425 1685 1463 potest,
1713 1419 1765 1451 illi
1784 1425 1874 1452 certe
1893 1430 1980 1464 quos
1994 1417 2091 1453 Deus
2107 1419 2149 1452 ad
2172 1418 2250 1453 lite-

1255 1483 1375 1505 rarum
1400 1483 1438 1504 ac
1463 1470 1645 1503 doctrinae
1667 1470 1822 1503 studium
1849 1469 2046 1510 sevocavit,
2079 1467 2146 1503 hoc
2170 1476 2249 1502 tan-

1256 1530 1331 1556 tum
1354 1521 1564 1555 beneficium
1590 1521 1752 1553 divinum
1772 1520 1978 1565 neutiquam
1996 1520 2171 1564 negligere
2190 1520 2252 1553 de-

1256 1575 1350 1606 bent.
1404 1572 1485 1605 Non
1506 1572 1636 1605 mirum
1655 1571 1749 1604 enim
1767 1579 1835 1609 est,
1864 1571 2076 1605 infoeliciter
2092 1582 2151 1604 eos
2167 1571 2253 1604 alias

1257 1624 1434 1657 doctrinas
1458 1629 1624 1662 tractare,
1652 1622 1711 1667 qui
1735 1619 1800 1655 hac
1825 1622 1901 1655 luce
1925 1622 2071 1662 amissa,
2099 1622 2135 1655 in
2156 1628 2252 1655 tene-

1257 1674 1329 1707 bris
1347 1673 1477 1706 versari
1494 1673 1643 1705 1113111111.

1359 1724 1447 1757 Nam
1472 1723 1586 1758 videte
1604 1723 1802 1755 mirabilem
1823 1722 2084 1756 clementissimi
2106 1721 2168 1756 Dei
2190 1723 2253 1755 bo-

1257 1776 1423 1813 nitatem,
1458 1773 1738 1818 providentiam,
1766 1785 1803 1806 ac
1827 1774 2056 1816 cupiditatem
2082 1773 2250 1815 largiendi

1258 1827 1350 1859 1111113
1369 1837 1430 1858 5113
1446 1822 1653 1857 1111111ἰηὶ11115
1669 1824 1955 1859 inenarrabilem.
2005 1823 2077 1866 Qui
2094 1830 2132 1856 ut
2148 1835 2251 1868 quam

1259 1877 1431 1921 plurimos
1448 1873 1610 1908 homines
1629 1875 1672 1907 ad
1691 1872 1782 1907 hanc
1802 1875 1957 1918 linguam
1976 1873 2179 1908 discendam
2197 1875 2252 1907 in·

1259 1928 1401 1965 vitaret,
1430 1927 1551 1959 multis
1575 1937 1651 1957 eam
1678 1925 1870 1964 illecebris,
1896 1925 2018 1958 multis
2039 1925 2253 1958 invitamen-

1259 1979 1303 2012 tis
1333 1978 1492 2021 undique.
1524 1976 1727 2010 cumulavit.
1780 1975 1941 2009 Primum
1971 1975 2065 2009 euim
2089 1987 2161 2008 non
2185 1976 2252 2009 alia

1260 2029 1377 2070 lingua
1394 2028 1533 2061 dulcior
1548 2034 1597 2060 est
1610 2054 1619 2064 ,
1648 2039 1718 2059 non
1739 2027 1804 2059 alia
1824 2027 1986 2060 sum-iore
2005 2038 2092 2059 sono
2110 2027 2254 2060 auribus

1259 2080 1430 2113 illabitur.
1490 2077 1566 2111 Etsi
1594 2089 1716 2110 verum
1743 2084 1810 2115 ost,
1846 2078 1940 2122 quod
1968 2076 2172 2110 Ilerodotus
2194 2079 2255 2117 311,

1260 2131 1430 2164 Animum
1449 2130 1484 2162 in
1503 2129 1648 2162 auribus
1666 2126 1833 2166 1131111310,
1859 2141 1928 2160 111111
1947 2129 2015 2161 3113
2035 2136 2125 2161 certe
2142 2129 2254 2162 maio-

1260 2194 1332 2215 rem
1357 2181 1427 2213 vim
1452 2178 1595 2213 babebit
1620 2181 1662 2212 ad
1685 2180 1938 2213 demulcendos
1955 2191 1993 2212 ac
2014 2179 2254 2223 percellendos

1259 2233 1395 2266 animos
1415 2229 1612 2264 bominum.

1363 2282 1501 2315 Deinde
1525 2281 1642 2326 pueris
1664 2287 1703 2313 ut
1724 2280 1877 2313 crustula
1902 2280 2024 2313 blandi
2050 2281 2134 2314 dant
2153 2293 2253 2326 prae-

1261 2342 1434 2378 ceptores,
1464 2341 1501 2367 ut
1527 2332 1669 2375 benigni
1695 2338 1856 2376 parentes
1881 2344 1917 2363 ac
1935 2331 2145 2376 propinqui,
2173 2332 2254 2365 dul-

1261 2386 1396 2420 riariis,
1431 2385 1578 2428 aliisque
1616 2383 1649 2414 id
1685 2394 1793 2425 genus
1818 2383 2037 2415 munusculis
2060 2394 2186 2426 pueros
2210 2384 2252 2415 ad

1261 2449 1294 2469 se
1322 2437 1471 2469 invitare
1498 2435 1629 2471 solent,
1657 2446 1728 2465 nou
1753 2433 1856 2465 aliam
1881 2433 2023 2478 quidem
2041 2433 2087 2465 ob
2105 2445 2255 2472 causam,

1262 2488 1328 2520 uisi
1355 2487 1435 2532 quia
1458 2498 1516 2519 eos
1536 2493 1672 2522 31113111,
1699 2491 1729 2517 01
1748 2484 1899 2517 1101551111
1919 2485 1963 2517 ab
1980 2484 2028 2517 eis
2045 2483 2173 2520 amari,
2201 2491 2253 2518 31-
2300 2508 2306 2517 .

1262 2551 1328 2583 que
1353 2538 1437 2582 ipsis
1462 2537 1665 2569 benefacere
1684 2535 1851 2579 cupiunt,
1879 2532 1945 2567 hoc
1962 2534 2032 2567 illis
2050 2534 2178 2578 volupe
2195 2542 2256 2573 est,

1263 2589 1327 2622 boe
1365 2588 1513 2621 maxime
1552 2588 1715 2620 delectat:
1768 2586 1813 2619 ita
1849 2584 1943 2618 Deus
1981 2585 2255 2627 benignissimus

1263 2648 1379 2685 pater,
1418 2639 1621 2671 multifariis
1653 2637 1936 2670 dulcissimarum
1970 2637 2098 2668 artium
2131 2637 2254 2670 condi·

2163 116 2237 151 860
2282 112 2297 124 ·’
2337 106 2338 115 ’
