2338 2958
85 116 158 151 333

88 253 179 297 spise-'i
197 262 319 301 potest.

87 315 126 343 ‘et
143 307 275 347 claudi,
298 312 337 339 ut
353 306 485 340 mutuis
502 307 625 340 officiis
641 307 870 350 cogitaremus
888 305 1076 339 iuvandam

91 369 165 393 esse
178 356 356 401 Rempub.
373 368 446 390 non
464 358 650 391 acerbitate
667 357 865 390 animorum
881 357 1077 389 dilaceran-
1102 382 1103 402 ἶ

246 406 383 441 Rornae
400 408 602 451 Scipionem
619 408 750 452 optime
768 408 932 440 meritum
954 408 997 440 de
1016 418 1076 451 pa—
1102 403 1103 409 ¹

91 411 170 443 dam
182 408 198 440 ἶ)

89 460 173 500 tria,
197 458 309 491 invidi
327 459 419 491 cives
435 459 545 504 aliqui
563 459 789 496 allatrarunt,
815 458 943 502 quibus
960 458 1018 490 ille
1037 469 1076 490 ex

88 511 176 544 urbe
191 510 312 542 cedere
330 509 471 550 maluit,
495 521 599 555 quam
616 509 763 543 excitare
781 509 929 541 maiores
945 508 1077 542 tumul-

89 567 145 594 tus
170 557 412 593 vehementius
436 561 680 594 concertandO.
745 559 794 592 lta
818 571 897 592 cum
923 571 995 591 non
1015 559 1076 591 ab-

90 613 232 645 duceret
249 623 328 644 eum
346 611 491 645 ambitio
507 623 525 644 a
542 610 798 650 moderatione,
825 609 1003 642 communi
1022 621 1077 641 sa-

89 661 157 696 luti
184 673 222 695 ac
254 662 502 706 tranquillitati
532 661 663 705 optime
691 661 880 695 consuluit.
944 659 1076 693 Contra

88 713 259 757 flagitiose
276 712 431 753 Marius,
467 712 527 757 qui
546 724 623 745 cum
641 719 803 746 ureretur
819 711 929 754 gloria
949 710 1077 756 Syllae,

89 770 236 798 conatus
253 770 304 796 est
325 775 403 796 eum
427 762 462 795 vi
477 762 589 806 spolia
605 774 642 795 re
661 763 813 796 exercitu
833 769 865 795 et
885 761 1076 805 provincia,

87 815 237 859 patriam
272 813 447 856 implicuit
478 813 720 846 crudelissimo
748 813 1076 857 luctuosissimoque

87 866 194 901 bello.
246 864 314 899 Sed
339 864 496 897 omnium
514 864 711 897 seculorum
727 871 831 909 atque
852 870 1003 896 aetatum
1020 860 1076 895 hi-

88 917 214 951 storiae
238 916 361 959 plenae
381 921 462 947 sunt
486 915 742 958 exemplorum,
776 915 812 947 in
835 914 964 960 quibus
991 926 1075 946 con-
1101 942 1102 951 ,

89 967 174 1012 spici
191 972 319 1009 potest,
341 976 441 1009 saepe
457 966 646 999 certamina
663 977 805 999 accensa
817 993 825 1006 ,
848 977 908 998 seu
925 966 1074 1010 quadam
1101 959 1103 988 5

88 1017 293 1051 morositate
328 1016 571 1059 ingeniorum,
612 1028 673 1050 seu
708 1017 798 1050 odiis
832 1023 892 1049 aut
929 1015 1076 1055 invidia,

87 1067 222 1111 magnis
244 1066 405 1111 Imperiis
427 1079 467 1100 ac
489 1067 689 1100 civitatibus
707 1067 812 1101 exitio
835 1067 961 1107 suisse3
995 1078 1075 1099 rur·

87 1131 146 1153 sus
161 1119 263 1151 etiam
283 1118 530 1151 commoditate
551 1119 812 1151 moderatorum
836 1117 988 1155 civium,
1015 1116 1074 1161 qui
1100 1121 1102 1154 1»

86 1170 237 1214 impetus
264 1169 415 1202 aliorum
443 1168 579 1202 ratione
604 1168 800 1209 lenierunt,
827 1175 979 1202 servatas
1003 1179 1074 1200 esse

87 1219 328 1264 Respublicas.
388 1218 484 1252 Haec
513 1220 668 1263 exempla
694 1232 772 1253 cum
798 1220 945 1263 legimus
973 1226 1075 1263 atque

86 1271 268 1308 audimus,
295 1281 359 1303 nos
378 1282 518 1315 quoque
539 1271 580 1302 ad
599 1270 878 1304 moderationem
903 1277 936 1303 et
952 1281 1071 1313 regen-

87 1323 151 1355 dos
173 1321 374 1354 animorum
406 1321 559 1365 impetus
589 1317 786 1354 hortentur.
847 1320 955 1354 Decet
981 1320 1074 1353 enim

87 1371 274 1417 praecipue
307 1372 463 1404 literatos
497 1369 658 1404 homines
692 1372 888 1405 doctrinam
924 1370 1076 1410 virtutis,

86 1424 131 1457 ad
154 1433 270 1454 mores
292 1428 396 1466 atque
422 1433 524 1455 usum
549 1423 728 1455 tansferre.
787 1421 926 1455 Deinde
943 1433 1076 1465 nequa—

86 1484 191 1519 quam
206 1473 496 1506 committendum
514 1479 579 1512 est,
606 1480 643 1506 ut
656 1473 952 1517 quemadmodum
965 1471 1076 1508 navis,

88 1534 231 1557 excusso
248 1523 501 1566 gubernatore,
528 1523 603 1555 sine
621 1524 697 1556 velo
709 1551 717 1565 ,
744 1524 820 1556 sine
838 1522 1075 1566 gubernaculo
1100 1533 1102 1540 ⁴

87 1574 202 1607 ventis
218 1574 381 1614 iactatur,
406 1574 454 1606 ita
470 1585 534 1606 nos
551 1574 699 1607 extincta
718 1575 871 1613 ratione,
898 1574 1077 1617 rapiamur
1100 1580 1102 1586 ·

85 1624 286 1664 affectibus,
312 1636 376 1657 nec
395 1624 655 1657 consideremus
673 1625 757 1669 quid
777 1625 937 1668 expediat
953 1622 1075 1657 Eccle-
1100 1635 1102 1641 ·

86 1677 176 1716 siae,
203 1675 288 1720 quid
311 1674 464 1719 Reipub.
490 1687 579 1720 quae
603 1675 759 1719 exempla
782 1681 930 1708 noceant
946 1675 1075 1708 iuven-

85 1727 170 1766 tuti,
206 1727 292 1771 quid
323 1726 476 1770 publicis
506 1726 631 1759 studiis
655 1727 764 1770 prosit
787 1733 848 1759 aut
869 1726 982 1765 obsit,
1017 1726 1074 1757 sed

87 1789 156 1824 qua
175 1777 364 1820 impellunt
380 1776 515 1810 turbidi
531 1776 693 1817 affectus,
728 1789 828 1810 caeco
846 1777 977 1820 impetu
995 1788 1075 1808 rua-

88 1839 176 1862 mus.
229 1827 317 1861 Tale
330 1827 420 1860 vitae
435 1839 544 1870 genus
562 1839 624 1860 nec
636 1825 870 1871 Philosopho,
898 1839 960 1859 nec
971 1824 1074 1859 Chri-

88 1879 202 1913 stiano
234 1878 417 1918 convenit3
466 1890 547 1910 nam
583 1878 637 1910 vel
673 1879 822 1911 maxime
855 1875 1077 1911 Christianus

89 1929 207 1962 omnia
231 1941 290 1962 sua
310 1929 471 1968 consilia,
499 1930 540 1961 ad
564 1928 710 1971 gloriam
728 1927 812 1969 Dei,
840 1929 882 1961 ad
902 1927 1077 1962 Ecclesiae

87 1980 364 2014 aedificationem
382 1986 413 2012 et
431 1980 473 2011 ad
494 1979 686 2012 iuventutis
704 1979 850 2012 salutem
870 1979 999 2012 referre
1016 1979 1078 2010 de—

89 2031 158 2065 bet.
212 2030 284 2064 Nec
303 2043 384 2062 vero
401 2030 473 2062 fieri
494 2036 605 2073 potest
626 2030 661 2062 in
681 2036 775 2063 tanta
794 2030 996 2063 infirmitate
1013 2026 1077 2061 ho-

89 2081 249 2124 minum,
277 2081 363 2126 quin
381 2081 541 2115 incidant
567 2092 701 2113 errores
724 2087 827 2126 atque
846 2081 1078 2113 offensiones:

89 2130 137 2166 Et
163 2132 324 2165 diabolus
351 2143 451 2176 saepe
479 2132 590 2174 igneis
616 2132 711 2171 telis,
745 2139 783 2164 ut
816 2138 915 2165 vocat
936 2130 1078 2171 Paulus,

90 2183 222 2215 sauciat
251 2183 406 2227 animos,
429 2189 462 2216 et
480 2182 673 2216 inflammat
693 2182 802 2222 odiis,
831 2189 870 2215 ut
885 2180 1076 2215 Ecclesiam

90 2239 151 2266 aut
173 2231 350 2277 Rempub.
378 2233 532 2277 dissipet.
598 2231 671 2266 Has
703 2233 930 2266 dissidiorum
959 2245 1078 2266 causas

90 2283 288 2326 intelligere
305 2281 525 2318 Christianos
543 2284 662 2324 decet,
688 2291 727 2317 ut
741 2284 909 2325 singulari
928 2284 1078 2327 diligen—

91 2334 155 2375 tia,
185 2341 218 2367 et
235 2333 398 2368 muniant
415 2341 553 2378 pectora
569 2335 736 2368 adversus
753 2335 812 2367 illa
830 2335 915 2375 tela,
942 2342 976 2368 et
994 2335 1078 2367 affe-

92 2385 205 2420 ctibus
220 2385 358 2418 frenum
376 2385 547 2418 iniiciant.
600 2384 638 2419 Si
654 2386 738 2430 quid
757 2386 793 2418 in
810 2385 879 2418 alio
891 2385 1077 2429 desideras,

92 2436 204 2480 cogita
228 2448 296 2480 qua
318 2435 454 2468 ratione
476 2436 609 2469 mederi
632 2437 761 2479 possis,
797 2448 868 2469 non
889 2443 927 2469 ut
943 2436 1078 2470 exulce-

92 2498 159 2521 res.
211 2483 422 2520 Plutarchus
438 2484 519 2529 περὶ
541 2484 784 2532 φιλαδελφίας
807 2488 927 2520 scribit
945 2499 1077 2520 morem

93 2537 198 2571 fuisse
220 2536 375 2571 Graecae
395 2537 525 2580 gentis,
563 2549 640 2569 cum
664 2538 733 2571 duo
758 2539 880 2571 fratres
899 2549 967 2570 una
984 2538 1079 2571 ince-

94 2588 243 2628 debant,
278 2595 311 2622 et
334 2589 376 2621 ad
397 2588 549 2632 lapidem
575 2588 726 2632 aliquem
754 2589 938 2622 excitatum
961 2588 1079 2621 venie-

94 2638 198 2679 bant,
229 2650 273 2671 ne
296 2639 445 2672 seiuncti
469 2639 631 2672 cederent
652 2638 808 2672 medium
827 2639 942 2672 locum
961 2639 1080 2683 lapidi,

94 2689 154 2722 sed
177 2695 215 2722 ut
237 2689 340 2723 ambo
363 2690 468 2723 simul
494 2690 536 2723 ad
564 2689 656 2723 idem
679 2689 768 2723 latus
785 2690 973 2724 circuirent
990 2690 1079 2735 lapi-

704 113 861 152 DECL.
895 114 967 152 DE
1001 115 1350 156 CONCORDIA
1383 129 1466 156 rie.

86 210 136 237 tes
151 205 343 242 turnultus,
370 215 521 248 quorum
540 204 651 238 exitus
666 215 710 237 ne
726 216 821 238 nunc
837 205 978 250 quidem
996 216 1079 248 pro—
1103 205 1106 248 l
1131 208 1221 241 dem,

370 254 443 288 Cur
466 252 525 288 hic
547 268 621 289 non
637 255 734 289 venit
756 256 793 288 in
817 263 968 289 mentem
985 254 1077 288 caeci
1103 273 1104 277 =

1101 2255 1106 2516 Ι

2046 117 2119 150 334

1274 205 1488 239 Huiusmodi
1505 206 1593 239 ritus
1609 205 1724 238 varios
1741 204 1897 248 singulae
1918 211 2036 246 gentes
2053 202 2116 237 ba-

1130 259 1232 295 bent,
1261 257 1319 301 qui
1347 263 1378 289 et
1403 257 1532 300 recepti
1558 264 1589 290 et
1607 256 1800 290 conservati
1819 261 1918 295 sunt,
1950 255 2030 299 quia
2051 255 2116 287 ali-

1130 308 1213 353 quid
1235 307 1450 340 demoribus
1465 308 1718 349 significabant.
1780 306 2028 339 Accommodat
2051 305 2115 347 igi-

1130 367 1187 393 tur
1198 356 1409 391 Plutarchus
1425 355 1520 391 hunc
1538 358 1643 390 ritum
1655 359 1695 390 ad
1715 358 1861 390 fratrum
1879 355 2116 395 concordiam,

1130 422 1167 442 ac
1193 409 1330 441 moneri
1358 421 1415 441 eos
1440 405 1506 441 hoc
1528 408 1683 451 exemplo
1708 409 1773 446 ait,
1808 414 1846 441 ut
1876 413 2039 448 caveant,
2071 418 2115 439 ne

1130 460 1208 505 quis
1223 460 1329 503 lapis,
1356 457 1420 491 hoc
1435 465 1502 496 est,
1525 471 1569 490 ne
1584 459 1654 491 ulla
1671 459 1819 491 offensio
1837 458 1979 491 divellat
1993 469 2115 491 eorum

1130 511 1281 550 animos;
1311 517 1342 543 et
1363 510 1391 542 si
1409 522 1475 554 qua
1495 509 1658 542 inciderit
1675 509 1820 541 offensio
1834 536 1842 548 ‚
1863 515 1902 542 ut
1918 509 2014 542 illam
2031 521 2116 541 con-

1130 561 1239 594 iuncti
1260 561 1490 599 circumeant,
1519 557 1586 592 hoc
1604 567 1672 599 est,
1706 559 1948 600 dissimulent,
1976 560 2117 592 deleant

1129 625 1168 645 ex
1185 612 1303 645 animo
1330 619 1362 645 et
1388 612 1602 653 extinguant.
1662 609 1758 643 Haec
1783 610 1894 643 virtus
1910 622 1981 643 non
2001 611 2115 642 solum

1130 663 1276 707 privatis
1300 662 1460 703 familiis,
1495 663 1555 694 sed
1577 660 1729 705 Reipub.
1754 667 1787 694 et
1804 659 1978 693 Ecclesiae
1996 672 2116 693 neces·

1130 714 1220 746 saria
1236 720 1296 748 est.
1350 712 1472 758 ltaque
1489 719 1608 746 extant
1623 712 1661 744 in
1679 712 1817 755 scriptis
1838 711 2118 755 sapientissimo-

1129 777 1207 798 rum
1231 762 1416 797 hominum
1443 763 1667 807 gravissimae
1691 763 1895 802 conciones,
1928 774 2016 807 quae
2031 760 2118 794 hor-

1129 823 1269 855 tantur,
1303 822 1342 848 ut
1366 815 1589 847 concordiam
1616 821 1795 853 tueamur,
1830 820 1869 846 ut
1896 813 2025 857 placari
2052 824 2117 845 nos

1129 867 1303 904 sinamus,
1337 872 1376 899 ut
1392 867 1574 898 redeamus
1597 865 1633 897 in
1653 865 1800 907 gratiam
1828 875 1905 896 cum
1929 863 1992 906 iis,
2028 876 2117 908 quo-

1129 930 1207 951 rum
1223 916 1332 950 animi
1356 923 1437 950 sunt
1455 916 1637 950 sanabiles.
1690 914 1779 948 Cum
1797 921 1913 947 autem
1932 915 1974 947 de
1991 912 2045 947 his
2061 926 2117 946 re-

1130 970 1211 1008 bus,
1237 967 1305 1000 loci
1327 967 1579 1011 scripturarum
1598 966 1698 999 vobis
1719 966 1792 999 noti
1811 965 1897 1005 sint,
1925 965 2023 997 nolui
2045 976 2116 997 esse

1130 1018 1308 1064 prolixior.
1362 1017 1518 1052 Tantum
1536 1017 1623 1050 illud
1637 1029 1786 1056 moneo,
1813 1016 1907 1060 quod
1930 1017 2020 1059 apud
2040 1014 2117 1048 Ho-

1128 1082 1263 1103 merum
1288 1075 1359 1108 est,
1391 1069 1451 1113 qui
1486 1069 1585 1109 fingit
1607 1066 1700 1101 Aten
1733 1067 1949 1100 validissimo
1972 1078 2116 1110 corpore

1128 1121 1341 1160 discurrere,
1376 1126 1409 1154 et
1432 1119 1576 1152 dissidia
1598 1119 1764 1158 excitare,
1801 1117 1899 1162 sequi
1923 1129 2004 1150 vero
2020 1116 2117 1149 Litas

1128 1171 1299 1205 divinitus
1315 1170 1455 1211 missas,
1481 1181 1569 1215 quae
1588 1167 1796 1209 hortantur,
1832 1175 1871 1202 ut
1889 1169 2034 1201 redeant
2052 1165 2117 1200 ho-

1129 1223 1239 1255 mines
1256 1222 1291 1253 in
1311 1229 1467 1254 mutuam
1486 1220 1641 1264 gratiam.
1693 1219 1741 1254 Et
1757 1220 1854 1252 addit
1869 1218 1994 1257 Poeta,
2021 1217 2117 1251 Litas

1100 1268 1101 1282 ³
1127 1285 1250 1315 magna
1268 1272 1435 1304 beneficia
1451 1271 1630 1315 impertire
1644 1270 1986 1314 obtemperantibus,
2014 1275 2046 1301 et
2064 1269 2118 1300 vi·

1128 1325 1242 1356 cissim
1268 1335 1326 1355 eos
1351 1322 1530 1362 exaudiri,
1565 1322 1594 1354 si
1619 1322 1704 1366 quid
1726 1333 1743 1354 a
1763 1320 1837 1354 Deo
1863 1326 1997 1363 petant;
2038 1319 2116 1352 aliis

1128 1386 1210 1407 vero
1228 1373 1287 1418 qui
1306 1385 1377 1406 non
1394 1373 1657 1415 obtemperant,
1692 1371 1895 1414 imprecari,
1926 1378 1963 1404 ut
1983 1369 2051 1403 Ate
2073 1371 2116 1402 de

1129 1425 1176 1457 eis
1192 1435 1321 1468 poenas
1339 1430 1466 1456 sumat.
1519 1421 1590 1456 Nec
1613 1434 1695 1455 vero
1720 1428 1838 1465 putate
1860 1419 1950 1454 hanc
1967 1419 2116 1453 Homeri

1128 1476 1332 1508 concionem
1353 1474 1547 1506 fabulosam
1567 1485 1650 1508 esse.
1702 1472 1918 1506 Sententiam
1936 1469 2031 1505 haud
2048 1472 2116 1504 du-

1128 1526 1184 1558 bie
1205 1538 1222 1557 a
1247 1524 1489 1557 vetustissimis
1516 1524 1586 1556 illis
1616 1524 1839 1567 parentibus,
1876 1523 2006 1568 quibus
2035 1534 2116 1555 vera

1128 1576 1250 1616 religio
1279 1582 1361 1607 nota
1384 1574 1471 1614 suit,
1498 1582 1671 1617 acceptam
1692 1574 1866 1607 recensuit
1890 1580 1923 1606 et
1940 1572 2116 1606 Poeticam

1129 1627 1262 1659 :addidit
1286 1626 1471 1669 picturam.
1532 1624 1627 1666 Quid
1650 1625 1743 1656 enim
1768 1624 1844 1658 vult
1868 1624 1984 1664 aliud,
2011 1635 2116 1668 quam

1128 1678 1221 1722 quod
1250 1677 1350 1709 toties
1378 1676 1599 1720 praecipiunt
1626 1687 1741 1708 sacrae
1769 1675 1905 1715 literae,
1944 1681 1982 1707 ut
2008 1675 2116 1706 simus

1129 1728 1335 1772 placabiles,
1369 1734 1407 1760 ut
1431 1726 1682 1759 obliviscamur
1705 1726 1874 1758 iniurias?
1911 1723 1978 1758 hoc
2002 1725 2116 1758 officio

1128 1780 1172 1812 ita
1200 1778 1365 1810 delectari
1390 1777 1522 1816 Deum,
1557 1784 1595 1810 ut
1620 1777 1772 1809 vicissim
1789 1776 1891 1809 nobis
1908 1776 2117 1817 rogantibus

1128 1831 1184 1862 det
1196 1835 1392 1861 erratorum
1407 1828 1545 1860 veniam
1556 1855 1564 1867 ,
1581 1828 1732 1860 etmulta
1744 1827 1912 1870 largiatur
1926 1826 2117 1859 beneficia?

1129 1880 1266 1914 Rursus
1298 1885 1412 1911 autem
1447 1878 1731 1921 implacabilibus
1769 1877 1899 1921 placari
1928 1878 2042 1915 nolle,
2082 1883 2115 1910 et

1129 1943 1248 1963 eorum
1276 1929 1501 1972 pertinaciam
1525 1929 1818 1973 asperitatemque
1833 1928 2031 1961 animorum
2050 1940 2115 1971 pu-

1130 1982 1229 2014 nire?
1282 1979 1377 2013 Haec
1410 1980 1580 2013 sententia
1605 1992 1826 2024 nequaquam
1850 1976 2032 2023 prophana
2057 1985 2116 2018 est,

1128 2031 1353 2075 manavitque
1368 2028 1461 2064 haud
1478 2031 1585 2063 dubie
1601 2043 1618 2063 a
1645 2031 1711 2074 piis
1732 2030 1925 2063 maioribus
1941 2031 1982 2063 ad
2001 2035 2117 2073 poste-

1128 2095 1196 2117 r05.
1271 2081 1376 2115 Scitis
1410 2081 1505 2114 enim
1542 2094 1560 2114 a
1587 2078 1729 2114 Christo
1764 2081 1868 2113 nobis
1902 2080 2117 2113 severissime

1128 2133 1412 2167 commendatum
1441 2144 1512 2165 esse
1537 2129 1602 2165 hoc
1625 2132 1729 2164 officii
1755 2142 1879 2174 genus:
1921 2130 2117 2171 Remittite,

1129 2191 1161 2218 et
1179 2184 1414 2216 remmittetur
1430 2183 1541 2216 vobis.
1596 2181 1691 2215 Haec
1711 2189 1912 2226 praecepta,
1938 2183 1963 2214 si
1981 2182 2116 2223 magni-

1129 2235 1274 2269 facimus
1292 2233 1405 2267 Deum
1428 2240 1603 2273 autorem,
1630 2233 1658 2265 si
1681 2245 1836 2266 amamus
1855 2233 2030 2276 publicam
2049 2230 2117 2265 Ec—

1128 2286 1250 2319 clesiae
1269 2284 1558 2330 tranquillitatem
1573 2311 1581 2324 ,
1608 2284 1634 2316 si
1654 2283 1806 2328 Reipub.
1825 2284 1917 2316 salus
1937 2283 2039 2316 nobis
2057 2295 2117 2315 cu-

1128 2349 1186 2370 rae
1209 2343 1276 2375 est,
1310 2342 1384 2368 toto
1410 2341 1549 2379 pectore
1571 2335 1800 2377 accipiamus,
1836 2341 1869 2367 et
1893 2345 2115 2367 communem

1128 2386 1351 2421 concordiam
1374 2392 1546 2420 tueamur.
1603 2385 1640 2419 Si
1663 2398 1729 2430 qua
1755 2391 1837 2419 sunt
1859 2385 1894 2417 in
1916 2385 2036 2418 amicis
2061 2384 2117 2416 in-

1128 2438 1332 2476 commoda,
1361 2444 1420 2469 aut
1446 2437 1638 2481 prudenter
1661 2447 1841 2476 sanemus,
1875 2442 1933 2469 aut
1953 2436 2115 2468 comitate

1128 2495 1245 2522 nostra
1272 2494 1447 2530 tegamus,
1481 2487 1760 2532 cogitemusque,
1794 2498 1893 2530 saepe
1919 2486 1955 2518 in
1974 2486 2041 2518 vita
2064 2486 2115 2517 lo-

1128 2552 1206 2573 cum
1224 2537 1353 2571 habere
1371 2538 1457 2571 illud
1479 2539 1572 2583 quod
1591 2539 1638 2572 ait
1655 2537 1809 2571 Plinius:
1839 2536 1909 2579 Qui
1928 2537 2011 2570 vitia
2030 2536 2114 2574 odit,

1128 2588 1290 2623 homines
1307 2588 1393 2623 odit.
1451 2587 1553 2622 Certe
1581 2589 1617 2621 in
1636 2586 1754 2621 schola
1778 2589 1825 2621 sic
1846 2588 1981 2626 vivere,
2008 2594 2045 2620 ut
2061 2586 2113 2617 vi-

1128 2647 1216 2674 vunt
1240 2641 1276 2672 in
1299 2651 1401 2672 arena
1426 2639 1656 2683 gladiatores,
1690 2646 1792 2683 turpe
1809 2651 1846 2671 ac
1863 2639 2026 2671 miserum
2053 2643 2112 2670 est.

1129 2691 1297 2725 Ferarum
1322 2689 1415 2723 enim
1439 2697 1489 2724 est
1510 2690 1588 2724 talis
1604 2701 1828 2733 congressus,
1854 2689 1920 2721 nisi
1937 2687 2030 2732 qnod
2049 2683 2113 2719 hae
