2338 2958
89 125 161 161 197

84 224 156 245 non
177 210 304 257 quibus
326 221 405 244 cum
440 209 525 243 boni
550 209 616 242 viri
641 209 790 253 litigent.
855 208 927 243 Vos
951 208 1080 254 quibus

84 262 210 296 melior
233 272 330 293 mens
354 267 387 294 et
418 257 601 294 honestior
623 261 762 294 animus
784 266 852 300 est,
878 259 939 305 qui
960 259 1078 302 digni-

85 319 172 352 tate,
212 312 400 354 splendore
441 318 473 345 et
504 311 683 345 maiestate
714 311 927 344 naturalium
959 322 1076 343 rerum

83 369 264 401 movetur,
305 362 563 407 amplectimini
597 361 836 399 BIedicinam,
877 374 944 406 qua
983 358 1075 393 nibil

83 413 228 453 melius,
259 424 372 458 neque
392 411 596 458 pulchrius,
623 424 737 457 neque
760 412 872 445 maius
889 412 992 445 rebus
1008 409 1075 444 hu-

84 464 197 497 manis
221 463 395 498 divinitus
419 464 582 508 contigit3
611 475 698 508 quae
724 469 757 496 et
781 463 831 495 rei
857 463 1075 506 amplifican-

83 515 148 548 dae
171 515 436 558 compendiaria
463 515 518 548 via
536 522 604 555 est,
626 521 660 547 et
678 519 813 546 tautum
830 513 1073 546 oblectationis

83 565 346 606 subministrat,
381 573 552 611 quantum
584 562 761 598 humanus
784 563 924 596 animus
952 575 1074 606 capere

83 622 209 659 potest.
270 615 349 649 Non
383 617 476 649 enim
507 613 583 656 hic,
619 622 658 648 nt
690 615 727 647 in
763 614 918 658 pictura,
953 615 1073 646 inanes

83 666 231 700 umbrae
255 673 287 699 et
319 679 428 700 vanae
460 678 647 710 corporum
681 665 850 707 imagines
881 677 945 698 nos
974 665 1072 697 oble-

84 723 197 757 ctant,
226 718 285 750 sed
310 729 364 750 res
390 717 522 750 solidae
545 723 577 749 et
603 717 722 748 vivum
743 723 888 749 naturae
908 727 1015 759 opus,
1041 723 1072 749 et

85 767 293 800 incredibile
326 775 359 802 et
388 767 526 801 varium
556 767 630 799 eius
661 767 786 807 decus,
827 778 905 799 cum
937 778 1071 799 summa

85 819 265 861 voluptate
288 824 480 862 spectatur3
513 825 587 850 tum
612 817 710 857 facit,
741 823 779 850 ut
803 814 858 849 his
883 817 984 850 bonis
1007 817 1073 849 sso-

84 880 240 909 reamus,
275 869 403 914 quibus
434 875 473 902 ut
497 869 676 902 abundare
704 868 990 908 soelicissimum,
1025 868 1072 901 ita

84 925 118 953 et
135 931 252 952 carere
270 919 506 952 miserrimum
524 926 583 953 est.
639 918 758 961 Quare
775 918 835 962 qni
858 919 946 951 beati
967 930 1070 963 quam

83 969 203 1002 miseri
232 981 304 1003 esse
335 970 488 1009 malunt,
527 967 564 1002 bi
598 976 721 1014 putent
754 969 820 1002 sibi
856 968 1071 1002 Medicinam

83 1020 248 1054 omnibns
265 1021 379 1054 modis
395 1021 671 1064 amplexandam.
724 1018 818 1053 Dixi.

84 1192 149 1228 No.
161 1192 221 1226 24.

82 1242 201 1253 Μ

687 1197 748 1235 (an.
767 1198 858 1227 1529.
875 1200 921 1227 vel
940 1196 1074 1234 1530.?)

288 1301 560 1344 Encomium
589 1302 866 1345 Medicinae.

153 1391 233 1424 Apud
253 1389 327 1415 Cra«.
347 1390 416 1423 Myt.
443 1399 469 1424 p.
483 1390 533 1415 244
546 1399 620 1424 sqq„
654 1391 681 1416 in
701 1390 850 1417 Declamat.
874 1391 906 1417 T.
921 1391 941 1416 l.
969 1401 993 1425 p.
1009 1390 1076 1421 302„

188 1424 304 1450 Servest.
323 1423 354 1450 T.
370 1424 390 1449 l.
411 1433 439 1458 p.
451 1424 512 1450 260.
532 1430 558 1450 et
577 1425 702 1451 Richard.
723 1426 755 1450 T.
772 1425 805 1451 ΙΙ.
826 1436 850 1461 p.
868 1426 923 1451 104.

143 1504 229 1538 Alia
251 1506 373 1538 oratio
394 1503 545 1538 laudem
566 1504 784 1539 Medicinae
810 1507 1016 1538 continens.

85 1573 146 1613 Re
167 1578 241 1623 ipsa
263 1578 441 1622 comperio
465 1578 685 1612 verissimum
710 1590 802 1617 esse,
830 1579 922 1624 quod
940 1577 1078 1622 scripsit

85 1630 229 1677 quidam
251 1627 374 1662 Poeta:

193 1681 307 1713 Omnia
322 1690 390 1712 suut
405 1685 518 1722 ingrata
529 1706 537 1720 ‚
565 1684 643 1713 nibil
659 1684 763 1713 fecisse
777 1684 904 1722 benigne
920 1689 972 1712 est.

88 1731 179 1765 Nam
202 1742 281 1763 cum
305 1743 378 1763 non
398 1731 465 1764 alia
482 1742 537 1764 ars
554 1732 597 1764 de
614 1731 718 1764 nobis
732 1731 876 1765 uberius
893 1736 1077 1769 mereatur,

90 1794 195 1827 quam
211 1780 409 1822 Bledicina,
437 1788 555 1815 tamen
571 1782 625 1814 vel
642 1782 676 1814 in
694 1782 815 1826 primis
833 1779 914 1814 huic
932 1781 1079 1825 pessima

91 1832 202 1875 gratia
234 1843 251 1863 a
278 1832 451 1876 plerisque
477 1833 679 1865 mortalium
705 1833 880 1871 redditur,
916 1833 977 1877 qui
1000 1839 1079 1864 tan-

95 1890 167 1916 tum
187 1881 300 1919 abest,
328 1888 365 1914 ut
382 1889 570 1924 agnoscant
588 1880 692 1915 liuius
712 1883 895 1922 beneficia,
922 1889 959 1915 ut
981 1882 1078 1914 nullo

93 1944 166 1965 non
192 1943 317 1975 genere
337 1932 594 1972 convitiorum,
621 1945 699 1965 cum
722 1939 830 1965 artem
850 1933 976 1976 ipsam,
1005 1939 1078 1965 tum

92 1995 173 2022 nos,
209 1983 270 2027 qui
293 1982 328 2014 in
356 1983 600 2027 perquirendis
624 1980 678 2015 his
704 1984 825 2023 rebus,
861 1996 948 2028 quae
972 1985 1078 2017 vitam

93 2040 301 2078 prorogant,
327 2045 416 2078 quae
440 2033 677 2067 valetudinem
705 2040 913 2067 conservant
929 2047 967 2068 ac
984 2046 1080 2067 mor-

94 2085 157 2118 bos
179 2091 314 2124 arcent,
341 2095 483 2127 operam
508 2085 700 2125 collocant,
728 2085 967 2119 conscindant.
1023 2084 1080 2118 ld-

94 2146 162 2180 que
192 2133 322 2167 faciunt
353 2133 409 2175 bi,
442 2135 502 2180 qui
533 2136 669 2180 quoties
698 2136 823 2179 pituita
849 2136 993 2169 molesta
1020 2143 1080 2175 est,

95 2192 167 2220 tota
197 2186 301 2218 domo
331 2185 529 2230 myropolia
562 2193 746 2225 coemunt,
780 2198 900 2218 omnes
923 2187 1080 2231 undique

97 2235 256 2269 Medicos
280 2237 502 2277 conducunt,
540 2237 768 2270 veterinarios
791 2237 910 2270 etiam:
946 2245 979 2270 et
1002 2249 1081 2270 cum

96 2286 296 2320 Medicinae
312 2298 378 2331 ope
392 2287 654 2327 convaluerint,
684 2288 791 2320 animi
810 2288 970 2320 morbum
987 2299 1083 2320 exer-

97 2345 216 2376 ceant,
250 2337 287 2369 in
318 2339 509 2371 accusanda
538 2338 676 2372 inscitia
703 2337 854 2379 Medici,
887 2339 924 2370 in
948 2339 1083 2382 vitupe-

97 2387 219 2421 randis
242 2388 385 2422 exoticis
408 2389 580 2422 remediis.
639 2387 693 2422 Ea
717 2396 766 2423 est
790 2388 943 2427 insania,
975 2396 1014 2422 ut
1041 2400 1083 2421 ne

99 2439 242 2484 quidem
275 2439 406 2483 experti
438 2439 522 2473 artis
554 2440 741 2482 beneficia,
776 2439 905 2484 placari
937 2439 1084 2484 possint.

97 2489 187 2524 Cum
213 2486 306 2522 hisce
328 2490 484 2523 rixemur
506 2502 550 2523 ue
573 2491 698 2531 modo,
725 2498 908 2535 postquam
931 2502 970 2523 ex
989 2501 1085 2523 more

100 2539 350 2573 deMedicinae
366 2541 531 2574 laudibus
545 2541 679 2585 aliquid
697 2542 884 2575 dicendum
903 2541 976 2575 est?
1011 2539 1085 2583 Ego

102 2601 183 2622 vero
207 2592 288 2624 satis
307 2591 377 2624 scio
399 2604 470 2625 non
489 2604 561 2625 esse
581 2598 711 2626 tantam
729 2593 868 2626 dicendi
887 2592 1085 2625 facultatem

102 2637 280 2680 mihi„ut
298 2642 376 2674 illos
395 2655 469 2675 mea
486 2643 646 2676 oratione
663 2643 703 2676 ad
722 2644 906 2677 sanitatem
924 2653 1086 2676 revocare

102 2702 158 2723 me
177 2702 274 2733 posse
291 2693 475 2727 confidam.

630 120 787 160 DECL.
823 121 898 158 DE
932 119 1209 158 ENCOMIO
1246 121 1591 160 MEDICINAE.

2049 125 2120 160 198

1232 206 1467 254 Pythagoram
1512 209 1611 243 aiunt
1656 209 1894 243 adulescentes
1935 211 2115 254 quosdam,

1131 272 1209 293 cum
1231 257 1395 292 honestae
1419 261 1557 292 cuidam
1584 260 1756 293 foeminae
1782 261 1817 293 in
1844 261 2007 294 convivio
2031 261 2114 294 libi—

1129 310 1212 343 dine
1235 309 1457 349 inflammati,
1483 311 1553 342 vim
1578 312 1701 344 afferre
1723 317 1953 351 conarentur,
1980 318 2112 345 mutato

1128 368 1233 394 cantu
1258 361 1423 394 tibiarum
1449 359 1527 406 (qui
1552 361 1587 393 in
1607 362 1778 395 conviviis
1796 374 1835 395 ex
1853 374 1949 394 more
1965 360 2113 395 adhibe-

1128 412 1248 457 batur)
1280 411 1466 455 spondaeis
1499 412 1722 445 tardiusculis
1755 413 1906 453 ssexisse,
1947 419 1986 445 ut
2016 425 2113 445 com-

1127 473 1243 506 pressa
1267 461 1415 496 libidine
1434 462 1477 494 ab
1495 461 1632 505 incepto
1649 463 1867 496 desisterent.
1922 461 1970 497 At
1987 460 2022 495 hi
2039 476 2111 495 non

1126 520 1262 546 tantum
1287 525 1359 546 non
1382 513 1542 545 oratione
1566 513 1635 545 ulla
1662 513 1790 556 placari
1816 526 1914 556 posse
1937 513 2112 553 videntur,

1126 565 1183 596 sed
1222 564 1342 597 multis
1378 560 1549 595 hellebori
1585 563 1763 605 iugeribus
1795 566 1835 596 ad
1870 564 2110 597 medicandam

1126 614 1314 648 stulticiam
1344 626 1431 656 opus
1459 611 1604 647 habent:
1641 626 1747 658 quare
1771 626 1850 646 cum
1873 611 1926 647 bis
1950 615 1986 646 in
2012 627 2113 657 prae-

1125 665 1237 698 sentia
1270 678 1341 698 non
1375 672 1424 697 est
1454 665 1566 697 visum
1598 664 1796 707 digladiari.
1849 664 1916 697 Sed
1948 665 2050 697 bonis
2074 677 2113 698 ac

1124 716 1289 749 studiosis
1315 715 1512 748 liberalium
1537 715 1665 748 artium
1686 715 1985 754 adulescentibus,
2013 716 2113 758 cupi-

1125 778 1201 799 mus
1227 767 1329 799 fidem
1356 767 1482 799 facere:
1511 778 1582 799 uon
1603 766 1705 798 aliam
1723 772 1831 798 artem
1850 778 1889 798 ex
1908 763 2112 809 prophaniS‚

1125 825 1184 851 aut
1207 818 1325 861 plures
1350 817 1518 850 utilitates
1534 818 1574 850 ad
1596 817 1701 849 vitam
1722 816 1865 855 afferre,
1894 823 1955 849 aut
1974 817 2113 858 ‹lignio-

1125 881 1197 901 rem
1220 880 1311 907 esse,
1337 868 1373 900 in
1392 880 1458 912 qua
1477 868 1738 910 cognoscenda,
1766 867 1967 912 quicunque
1986 867 2113 900 libera-

1125 920 1219 952 libus
1243 918 1393 961 ingeniis
1413 918 1560 961 praediti
1579 925 1682 958 sunt,
1707 929 1847 961 operam
1863 925 2014 952 sumant.
2067 915 2113 950 Et

1125 981 1326 1014 quanquam
1359 969 1394 1001 in
1427 966 1493 1001 hoc
1520 975 1726 1011 argumento
1750 974 1906 1011 optarem
1930 965 2016 1000 mihi
2042 979 2113 1000 esse

1125 1032 1201 1053 eam
1225 1020 1445 1059 facultatem,
1472 1032 1560 1063 quae
1587 1031 1650 1063 pro
1674 1019 1842 1061 dignitate
1859 1030 2049 1062 exponere,
2082 1025 2115 1050 et

1125 1082 1252 1104 ornare
1282 1083 1336 1103 res
1367 1070 1588 1112 dignissimas
1621 1070 1723 1102 laude
1757 1076 1887 1113 posset:
1920 1076 2037 1102 tamen
2069 1068 2113 1100 ita

1125 1128 1243 1155 extant
1267 1122 1313 1154 ob
1338 1121 1474 1161 oculos,
1502 1120 1548 1153 ita
1572 1128 1756 1153 versantur
1779 1120 1870 1153 inter
1892 1130 2018 1152 manus
2036 1118 2115 1152 Me-

1126 1172 1265 1206 dicinae
1290 1172 1493 1211 commoda,
1520 1178 1558 1205 ut
1582 1172 1623 1204 ad
1649 1183 1723 1203 eam
1749 1171 2018 1214 praedicandam
2041 1181 2114 1202 non

1126 1224 1316 1256 admodum
1341 1221 1505 1255 uberiore
1522 1221 1722 1266 eloquentia
1739 1233 1826 1264 opus
1844 1221 1899 1255 sit.
1951 1218 1996 1253 Et
2014 1220 2040 1252 si
2057 1231 2115 1252 us-

1127 1287 1231 1319 quam
1260 1285 1382 1306 verum
1414 1279 1464 1306 est
1485 1273 1578 1317 quod
1604 1272 1720 1312 aiunt,
1756 1272 1885 1315 probae
1910 1270 2016 1303 merci
2041 1283 2115 1303 non

1127 1337 1199 1358 esse
1231 1335 1401 1366 praecone
1431 1335 1538 1366 opus,
1573 1323 1718 1354 minime
1748 1323 1908 1355 omnium
1937 1321 2113 1354 Medicina

1128 1375 1280 1418 postulat
1305 1373 1460 1416 vulgaria
1486 1373 1688 1415 praeconia,
1721 1373 1820 1405 cuius
1845 1371 1978 1405 utilitas
2002 1371 2114 1415 posita

1129 1426 1165 1458 in
1199 1430 1386 1467 conspectu
1416 1430 1555 1462 nostro,
1588 1423 1747 1455 omnium
1775 1422 1976 1455 mortalium
2001 1421 2114 1455 studia

1128 1476 1353 1519 favoremque
1371 1480 1536 1508 meretur.

1231 1549 1330 1592 Quae
1354 1549 1448 1582 enim
1473 1549 1538 1581 alia
1559 1560 1632 1587 ars,
1660 1555 1719 1581 aut
1740 1549 1859 1591 plura,
1887 1556 1946 1582 aut
1963 1550 2113 1592 gratiora

1129 1603 1220 1634 vitae
1236 1600 1406 1634 foeliciter
1422 1600 1598 1643 degendae
1616 1599 1827 1632 adminicula
1848 1599 1951 1632 nobis
1970 1600 2116 1643 promit-

1129 1653 1196 1687 tit'?
1250 1651 1356 1694 Quod
1382 1663 1460 1683 cum
1483 1650 1799 1683 animadverterent
1822 1657 1974 1690 veteres,
2001 1657 2117 1684 tanto-

1129 1715 1211 1749 pere
1242 1708 1418 1747 praestare
1449 1713 1523 1734 eam
1556 1700 1634 1733 aliis
1664 1701 1797 1734 artibus
1820 1701 2004 1741 omnibus,
2036 1714 2115 1734 cum

1130 1755 1273 1800 quidem
1298 1752 1457 1786 omnium
1484 1752 1632 1784 aliarum
1653 1751 1919 1794 disciplinarum
1940 1751 2117 1785 inventio-

1131 1817 1232 1843 nem,
1267 1806 1375 1837 immo
1399 1809 1431 1836 et
1457 1803 1635 1836 literarum
1660 1809 1693 1835 et
1719 1802 1831 1845 legum
1860 1801 2053 1845 primordia
2080 1802 2117 1834 in

1131 1854 1292 1889 homines
1309 1860 1467 1887 auctores
1484 1853 1670 1893 referrent,
1698 1853 1734 1885 in
1752 1864 1821 1886 una
1842 1852 2019 1885 Medicina
2037 1864 2117 1885 sen-

1132 1914 1251 1941 serunt
1277 1911 1410 1939 tantam
1435 1916 1507 1937 esse
1531 1903 1621 1941 vim,
1649 1911 1685 1936 ut
1710 1903 1886 1936 neminem
1914 1903 2115 1936 mortalium

1131 1958 1278 2001 dignum
1309 1957 1498 1995 ducerent,
1533 1955 1588 1987 cui
1618 1961 1752 1987 tantum
1784 1953 1990 1986 beneficium
2023 1966 2119 1986 acce-

1132 2016 1229 2054 ptum
1256 2008 1406 2046 ferrent,
1441 2007 1499 2038 sed
1526 2016 1651 2047 magno
1675 2015 1845 2037 consensu
1871 2003 2075 2037 iudicarunt
2097 2016 2116 2038 a

1133 2060 1206 2093 Deo
1239 2064 1410 2102 repertam
1442 2053 1702 2100 exliibitamque
1727 2055 1828 2087 nobis
1852 2066 1933 2087 esse.
1996 2052 2041 2087 Et
2069 2061 2119 2087 est

1132 2117 1227 2144 tanta
1253 2107 1416 2141 scientiae
1442 2106 1607 2146 varietas,
1635 2117 1737 2150 quam
1764 2104 1941 2138 Medicina
1965 2105 2120 2148 comple-

1133 2161 1256 2200 ctitur,
1288 2166 1326 2192 ut
1359 2156 1513 2190 humano
1547 2156 1688 2197 ingenio
1718 2153 1933 2198 deprehendi
1961 2167 2031 2187 non
2057 2168 2120 2199 po-

1133 2211 1246 2245 mvi-it.
1297 2207 1438 2242 Etenim
1456 2208 1491 2239 iu
1509 2214 1576 2241 tam
1592 2206 1703 2248 fugaci
1723 2206 1791 2238 vita
1806 2233 1814 2245 ,
1842 2206 2001 2250 quamvis
2018 2206 2118 2238 multi

1134 2274 1205 2294 nou
1239 2266 1399 2304 poterant
1431 2264 1482 2290 tot
1512 2258 1717 2289 morborum
1750 2269 1873 2298 genera
1902 2268 2120 2299 cognoscere,

1134 2322 1203 2347 tam
1224 2311 1316 2343 varia
1337 2309 1507 2346 remedia,
1537 2305 1723 2340 herbarum
1744 2306 1997 2339 dissimillimas
2016 2314 2119 2339 natu-

1136 2375 1189 2396 ras
1219 2360 1387 2405 experiri,
1428 2356 1511 2391 haec
1544 2358 1763 2400 cogitabant,
1805 2358 1932 2401 opinor
1963 2355 2019 2396 hi,
2061 2357 2121 2401 qui

1136 2412 1289 2457 optimae
1308 2411 1391 2444 artis
1410 2409 1648 2442 inventionem
1668 2407 1742 2441 Deo
1761 2409 2023 2451 asscripsernnt.
2078 2405 2123 2440 Et

1138 2462 1224 2497 mihi
1250 2463 1334 2496 libet
1357 2461 1495 2494 credere
1516 2459 1687 2493 divinitus
1707 2465 1879 2492 ostensam
1902 2470 1973 2491 esse
1993 2465 2122 2490 morta-

1139 2516 1230 2548 libus
1253 2511 1345 2545 hanc
1365 2518 1491 2550 artem,
1522 2516 1554 2543 et
1579 2522 1597 2543 a
1622 2509 1744 2553 primis
1764 2509 1835 2542 illis
1861 2509 2042 2542 autoribus
2067 2520 2123 2551 ge—

1139 2565 1232 2599 neris
1253 2561 1418 2601 humani,
1445 2560 1697 2609 traditamgsse
1716 2572 1777 2604 per
1800 2571 1922 2592 manus
1942 2560 2098 2603 posteris,

1240 2637 1311 2672 Nec
1348 2633 1434 2671 mihi
1472 2635 1565 2669 ullus
1597 2634 1754 2669 mortalis
1786 2634 1886 2666 labor
1919 2634 2126 2665 suffecturus

1140 2690 1244 2723 fuisse
1274 2688 1413 2722 videtur
1445 2695 1514 2721 tam
1546 2686 1649 2718 variis
1676 2697 1863 2729 corporum
1889 2683 2042 2724 naturis,
2077 2690 2126 2717 tot

1500 2737 1592 2769 13*
