2338 2958
164 139 238 176 563

167 221 378 268 Hieronymi
397 226 505 254 aetate
526 218 561 249 in
580 215 743 247 manibus
767 213 907 258 piorum
928 213 1090 250 suerunt,
1116 215 1157 243 ut

169 275 242 318 ipse
261 276 521 307 commemorat.
573 265 695 299 Postea
714 271 828 298 secuta
848 270 897 296 est
921 269 1013 296 aetas
1036 262 1157 293 ineru-

170 325 265 363 dita,
299 334 386 367 quae
412 324 576 362 occupata
603 315 814 354 ambitione,
849 314 966 347 literas
997 311 1158 355 neglexit,

171 383 204 409 et
221 381 332 407 vetera
350 375 576 403 monumenta
594 367 742 410 turpiter
756 365 881 399 amisit.

261 431 418 463 Primum
438 434 552 461 autem
570 433 726 470 tempora
744 425 1022 459 consideremus:
1051 420 1158 456 Anno

173 481 360 516 centesimo
377 477 631 523 septuagesimo
649 484 725 521 post
740 474 873 509 Christi
892 474 1056 514 natalem,
1074 472 1160 505 scri-

172 534 223 566 bit
239 530 414 564 Eusebius
430 528 663 574 Polycarpum
682 527 901 560 intersectum
918 537 1007 565 esse,
1034 523 1161 556 videli-

171 590 223 617 cet
249 580 504 625 imperantibus
519 578 641 612 Marco
657 585 690 611 et
709 577 801 609 Vero
819 576 996 609 fratribus.
1049 574 1161 607 Porro

173 646 191 666 a
218 631 363 666 Traiani
386 631 488 663 initio
515 631 557 661 ad
585 635 731 661 mortem
759 626 944 671 polycarpi
972 633 1054 658 sunt
1078 623 1162 656 anni

173 683 404 727 septuaginta.
456 680 627 714 Audierat
654 679 759 719 igitur
785 675 979 710 Iohannem
994 675 1162 720 Polycar-

173 746 238 778 pus
267 740 346 766 ante
373 743 485 765 annos
513 729 749 774 septuaginta3
787 740 867 760 nam
897 724 1071 759 lohannes
1099 725 1163 757 ali-

174 790 306 829 quanto
325 791 401 826 post
418 781 563 815 Traiani
581 780 720 812 initium
739 778 895 811 decessit.
949 775 1164 809 Adolescens

174 835 280 877 igitur
291 833 505 879 polycarpus
523 843 612 875 pene
629 831 670 863 ad
685 829 890 862 vicesimum
907 839 1039 860 annum
1055 837 1165 871 usqne

176 883 345 918 Iohannis
360 883 500 917 auditor
514 882 591 922 fuit,
619 893 708 926 qnae
725 886 816 913 aetas
832 879 869 911 in
886 878 989 911 bonis
1005 877 1166 921 ingeniis,

175 947 254 969 cum
272 935 406 968 accedit
423 939 514 967 recta
532 931 719 971 institutio,
748 931 816 963 iam
835 929 1033 963 doctrinam
1046 927 1165 961 Evan-

175 986 257 1030 gelii
282 997 405 1029 puram
429 983 644 1026 intelligere,
673 989 706 1016 et
722 983 765 1015 de
783 980 1007 1024 dogmatibus
1024 985 1165 1013 contra-

175 1037 238 1072 riis
255 1047 436 1069 censuram
454 1046 552 1078 agere
569 1040 692 1078 potest.

278 1094 436 1128 Fuerunt
457 1094 580 1126 eodem
604 1098 763 1136 tempore
788 1089 966 1123 auditores
987 1086 1168 1127 Iohannis,

179 1145 354 1189 lgnatius,
383 1144 441 1189 qui
468 1150 586 1188 postea
608 1142 756 1186 praefuit
779 1140 955 1174 Ecclesiae
975 1136 1169 1173 Antioche-

178 1208 260 1236 nae‚
288 1203 321 1229 et
338 1196 497 1228 adfirmat
523 1205 558 1227 se
573 1191 753 1227 Christum
781 1198 857 1233 post
877 1190 1168 1223 resurrectionem

178 1247 322 1279 vidisse:
359 1252 393 1278 et
417 1245 558 1288 Papias,
587 1243 647 1288 qni
674 1243 761 1275 rexit
781 1240 969 1274 Ecclesiam
989 1240 1024 1272 in
1042 1238 1170 1272 Hiera-

178 1297 270 1341 poli,
297 1309 334 1329 ac
351 1296 481 1328 dicitnr
498 1294 644 1338 praefari
666 1293 736 1325 snis
763 1292 921 1335 scriptis,
949 1303 983 1323 se
1004 1291 1170 1322 mandare

179 1347 288 1381 literis
310 1358 365 1387 ea,
393 1358 481 1391 qnae
505 1346 548 1378 ab
566 1343 746 1388 Apostolis
763 1342 842 1375 viva
862 1354 946 1375 voce
964 1340 1144 1384 acceperit.

282 1405 353 1438 lam
384 1405 534 1447 cogitato
558 1403 659 1449 quale
693 1402 799 1435 suerit
828 1401 1048 1437 sodalitium,
1083 1410 1171 1444 qnae

181 1457 294 1490 studia
313 1456 493 1489 doctrinae
510 1461 541 1488 et
559 1454 700 1488 virtutis
716 1453 751 1485 in
767 1450 832 1485 hac
850 1449 968 1485 schola
982 1448 1171 1494 Ephesina,

182 1520 221 1540 ex
238 1518 306 1553 qna
323 1513 418 1540 tanta
439 1506 573 1539 lumina
591 1503 810 1549 prodierunt.
861 1501 989 1535 Narrat
1009 1501 1172 1534 irenaeus

181 1558 415 1604 Polycarpum
432 1557 574 1590 solitum
598 1555 708 1589 multa
731 1565 875 1587 narrare
894 1550 1064 1585 Iohannis
1081 1551 1171 1584 dicta

183 1616 216 1642 et
241 1609 350 1648 facta,
377 1607 488 1640 multa
511 1607 592 1640 item
617 1617 704 1650 qnae
725 1602 900 1637 lohannes
920 1613 1172 1635 commemora-

183 1665 280 1692 verat
303 1660 345 1691 de
369 1655 500 1691 Christi
530 1656 632 1690 dictis
654 1662 687 1689 et
712 1654 826 1693 factis,
855 1666 923 1698 qno
950 1665 988 1685 ex
1013 1663 1173 1685 sermone

185 1709 334 1752 intelligi
354 1715 466 1752 potest
485 1707 722 1741 dulcissimam
743 1705 848 1739 fuisse
870 1702 995 1736 horum
1015 1703 1171 1736 virorum

184 1760 487 1794 consuetudinem.
1198 1770 1201 1812 Ξ
1230 1780 1350 1817 pturae
1367 1771 1593 1809 testimoniis,
1619 1779 1651 1804 et
1669 1771 1856 1804 autoritate
1870 1771 2015 1813 allegata
2039 1768 2219 1810 Iohannis,

287 1817 381 1851 Haec
407 1817 560 1861 primum
585 1815 685 1848 initia
705 1815 849 1848 fuerunt
867 1812 1113 1855 collegiorum,
1138 1810 1174 1843 in

187 1869 315 1915 quibus
333 1879 427 1901 nunc
445 1879 506 1912 pro
526 1866 681 1910 ignatus,
710 1864 923 1910 Polyi-arpis,
947 1870 1028 1896 sunt
1047 1861 1175 1907 Cyclo—

187 1931 267 1965 pes,
297 1927 327 1953 et
347 1918 516 1952 Centauri
541 1917 650 1960 ignari
672 1929 742 1949 non
762 1917 866 1947 modo
883 1913 1081 1957 religionis,
1115 1913 1173 1945 sed

188 1971 290 2004 etiarn
308 1970 465 2003 civilium
484 1969 696 2006 officiorum,
723 1967 836 1999 studia
853 1963 982 1998 scholis
997 1974 1176 1997 commen-

189 2023 267 2055 data
285 2027 384 2060 sunt,
414 2021 471 2052 scd
492 2020 525 2052 in
546 2017 598 2052 his
616 2030 756 2063 <pioque
773 2016 981 2059 disciplinae
999 2014 1098 2046 nervi
1120 2013 1177 2045 ni-
1200 2037 1204 2044 .

576 2069 655 2103 [³¹⁰⁵
672 2076 786 2101 ‘'¹⁰¹⁰'‘
805 2074 833 2099 ¹⁵¹
855 2069 1030 2099 ⁵¹¹¹‘¹¹¹'⁵⁰⁵
1047 2061 1178 2097 ‘'dh‘'s‘
1202 2081 1204 2091 '
1231 2077 1419 2109 amicitiant
1438 2075 1620 2120 polycarpi
1640 2076 1778 2113 volens,
1805 2077 1846 2107 ad
1873 2088 1953 2108 eum
1970 2075 2130 2113 accessit,
2158 2075 2219 2108 lte·

190 2073 298 2104 mium
321 2071 420 2104 laxati
438 2079 530 2105 sunt.

191 2130 265 2161 tor,
304 2129 338 2154 ut
365 2122 515 2163 cogitent
543 2121 620 2153 illos
648 2128 778 2153 vetera-s
806 2125 923 2150 rot-tus
951 2113 1117 2149 lobannis
1147 2121 1178 2147 et

189 2185 446 2209 successorum,
485 2179 516 2205 et
541 2173 582 2204 ad
614 2171 709 2203 illam
738 2168 923 2212 imaginent
956 2179 1036 2201 snos
1064 2177 1178 2198 mores
1203 2183 1205 2206 i
1232 2179 1296 2211 svis
1320 2190 1375 2210 lm,
1398 2176 1605 2220 polycarpe.
1642 2177 1821 2220 respondit
1846 2189 1947 2209 svnvx
1976 2177 2083 2209 imum
2108 2177 2220 2220 impo-

192 2229 417 2268 componant.

293 2281 372 2314 Dixi
400 2282 442 2313 de
475 2278 682 2312 rudimentis
715 2284 744 2310 et
777 2277 948 2322 tyrocinio
984 2274 1180 2321 polycarpi,

1079 2326 1179 2359 Nunc

196 2384 357 2424 igiturde
386 2383 493 2425 ipsius
522 2381 645 2413 militia
674 2386 702 2411 et
735 2381 837 2411 rebus
864 2379 966 2419 gestis
995 2378 1107 2410 dicam
1131 2388 1181 2416 ca,

195 2446 283 2479 quae
310 2434 456 2477 reperio.

195 2492 224 2517 et
246 2485 396 2527 perit-ula
419 2484 520 2515 annis
539 2481 756 2525 septuaginta
780 2481 812 2513 in
832 2479 1087 2521 gntwrnntiauo
1105 2490 1179 2511 sns-
1204 2496 1205 2502 κ

197 2535 355 2571 tinuerit,
383 2547 450 2566 nnn
469 2534 609 2565 difficile
626 2540 671 2565 est
692 2532 886 2564 existimari·
905 2531 964 2568 iis,
987 2530 1046 2575 qui
1066 2529 1180 2562 sciunt

194 2593 365 2632 quantum
386 2596 475 2616 nnus
494 2584 533 2615 sit
557 2581 728 2615 licvit-siai·
745 2582 963 2623 gubernatio.

194 2334 284 2378 qnod
305 2339 470 2376 ‹ptantavn
488 2331 556 2362 vini
579 2329 700 2361 ltalwat
715 2356 721 2366 ,
752 2341 820 2360 non
847 2328 1024 2368 ignoratis.

512 2433 672 2473 Quantos
699 2430 854 2468 labores,
879 2442 966 2473 qnae
990 2428 1178 2461 cvrtavnina

821 130 980 166 DECL.
1033 127 1105 164 DE
1148 120 1519 163 POLYCARPO.

295 2644 450 2677 Sam-iria
469 2640 734 2674 inChristianos
751 2655 766 2673 a
781 2641 916 2674 Norunt·
932 2646 1020 2678 orta,
1042 2639 1103 2672 etsi
1125 2639 1179 2670 in—

194 2698 329 2729 terdurn
348 2693 469 2727 habuit
487 2693 667 2725 intervalla
689 2699 717 2723 vt
739 2692 834 2736 qnasi
856 2691 1032 2728 inducias,
1062 2697 1177 2722 tamen
1203 2678 1207 2717 i

2120 120 2195 156 564

1209 206 1359 241 subinde
1387 209 1553 236 renovata
1580 209 1638 236 est.
1701 202 1776 236 Sub
1800 203 2004 238 Domitiano
2032 215 2110 236 cum
2139 202 2199 235 atii

1209 257 1311 290 multi
1330 253 1502 287 interfecti
1521 259 1650 292 essent,
1678 250 1852 287 lohannes
1866 255 1902 286 in
1920 255 2096 299 quandam
2115 253 2199 286 soli-

1210 308 1392 344 tudinem,
1426 311 1459 337 et
1483 303 1644 347 scopulos
1669 303 1804 336 insulae
1829 302 1966 337 Pathmi
1997 306 2200 348 deportatus

1212 365 1272 391 est.
1327 356 1401 389 Sub
1421 354 1578 388 Traiano
1605 353 1759 396 Ignatius
1782 354 1950 387 laceratus
1968 362 2017 388 est
2035 368 2051 388 a
2070 355 2200 389 bestiis.

1215 408 1312 440 Vidit
1339 406 1447 449 igitur
1471 404 1684 450 polycarpus
1707 411 1739 438 et
1765 405 1944 444 doctores,
1968 412 2000 438 et
2027 406 2201 438 commili-

1213 466 1336 493 tonum
1373 466 1578 493 aerumnas,
1621 466 1710 499 quae
1743 455 1878 487 etiamsi
1913 455 1996 499 ipsis
2030 456 2202 498 gloriosae

1215 515 1330 549 erant,
1353 514 1470 540 tamen
1491 505 1686 539 amicorum
1711 505 1838 538 animis
1862 517 2028 548 magnum
2045 506 2202 541 dolorem

1215 559 1438 598 adferebant,
1473 557 1531 602 qui
1557 557 1761 595 orbitatem,
1794 562 1826 589 et
1851 567 1948 589 suam
1973 563 2005 589 et
2029 554 2205 590 Ecclesiae

1217 611 1345 645 talibus
1363 609 1446 641 viris
1462 607 1616 645 amissis,
1644 607 1886 650 deplorabant.

1319 660 1370 693 Ac
1396 659 1510 703 ipsum
1533 659 1675 703 quidem
1701 663 1908 701 exceperunt
1940 657 2073 690 acriora
2096 663 2207 691 certa-

1217 711 1312 744 mina
1326 721 1403 743 cum
1423 709 1632 748 HaereticiS,
1660 721 1737 741 cum
1756 709 1824 740 iam
1841 708 2068 753 Smyrnaeam
2086 707 2207 741 Eccle-

1218 762 1304 794 siam
1329 766 1478 803 regeret:
1520 759 1685 792 delirium
1712 758 1908 792 Marcionis
1935 758 2002 792 late
2027 760 2207 802 grassaba-

1219 820 1276 846 tur
1294 823 1366 844 non
1383 811 1496 842 solum
1513 810 1550 842 in
1568 809 1661 850 Asia,
1687 810 1744 842 sed
1762 810 1865 844 etiam
1886 810 1921 841 in
1941 809 2012 852 ipsa
2029 810 2116 842 urhe
2132 808 2207 843 Ro-

1219 875 1292 900 ma,
1329 869 1362 895 et
1385 872 1549 904 magnum
1574 857 1680 893 chaos
1709 868 1780 894 erat
1809 860 2040 893 fanaticarum
2067 860 2209 903 opinio-

1220 924 1304 946 num
1317 939 1326 953 ,
1353 924 1391 945 ac
1409 911 1471 944 diu
1489 911 1633 956 quidem
1656 908 1767 944 haesit
1789 911 1824 943 in
1842 909 2009 946 Ecclesia.
2063 909 2152 945 Nam
2170 923 2210 945 ex

1220 962 1287 997 hoc
1310 964 1405 996 sonte
1431 959 1632 995 Manichaei
1656 962 1723 995 orti
1748 969 1846 1002 sunt,
1875 968 1907 995 et
1929 962 2018 995 aliae
2043 962 2211 1006 supersti-

1222 1016 1350 1048 tiones:
1379 1011 1416 1046 hi
1437 1012 1528 1045 Deos
1547 1012 1724 1055 fingebant
1741 1013 1849 1049 dnos,
1877 1012 1969 1045 inter
1990 1024 2026 1045 se
2051 1024 2205 1056 pugnan-

1222 1073 1271 1099 tes
1291 1065 1420 1108 pariter
1437 1071 1607 1103 aeternos,
1634 1063 1753 1095 lumen
1772 1070 1805 1096 et
1821 1063 1991 1096 tenebras.
2031 1062 2058 1096 A
2078 1063 2212 1096 luniiue

1222 1116 1387 1149 dicebant
1412 1114 1570 1147 conditas
1593 1125 1665 1146 esse
1690 1114 1800 1146 bonas
1827 1121 2002 1146 creaturas
2026 1120 2058 1147 et
2084 1114 2212 1148 beatas.

1222 1166 1253 1200 A
1271 1166 1362 1199 malo
1380 1165 1546 1198 dicebant
1563 1161 1667 1209 hylen
1685 1175 1768 1204 esse,
1791 1171 1820 1197 et
1838 1161 2023 1197 hominum
2040 1165 2214 1197 damnan-

1223 1218 1348 1249 dorum
1369 1223 1521 1254 naturas,
1545 1227 1632 1258 quae
1648 1215 1739 1248 flecti
1755 1215 1796 1247 ad
1814 1215 1948 1248 bonum
1965 1227 2037 1247 non
2055 1221 2212 1259 possent:

1225 1267 1307 1300 item
1322 1265 1480 1309 imperia,
1507 1265 1695 1305 connubia,
1722 1265 1818 1297 cibos
1836 1266 2048 1300 immundos.
2101 1264 2214 1298 Deni-

1224 1329 1291 1363 que
1309 1317 1397 1349 mira
1418 1323 1491 1350 erat
1508 1315 1718 1359 opinionum
1738 1315 1914 1348 confusio:
1949 1315 2098 1360 fecitque
2115 1315 2215 1349 Mar-

1225 1369 1324 1407 cion,
1360 1368 1455 1412 qnod
1491 1367 1604 1399 solent
1638 1367 1749 1399 facere
1778 1366 1898 1405 multi,
1938 1366 2000 1399 din
2028 1366 2216 1406 dubitavit,

1225 1418 1350 1463 sparsit
1369 1417 1498 1450 erroris
1516 1417 1668 1457 semina,
1696 1423 1812 1460 postea
1830 1416 1935 1450 rediit
1950 1418 1991 1449 ad
2014 1414 2216 1455 Ecclesiam,

1225 1470 1404 1502 consessus
1422 1475 1471 1501 est
1491 1479 1644 1500 errorem
1656 1491 1667 1510 ,
1693 1475 1724 1501 et
1742 1467 1895 1502 ostendit
1911 1479 1946 1500 se
1967 1474 2120 1500 mutasse
2136 1479 2217 1501 seu·

1226 1520 1382 1553 tentiam.
1434 1518 1629 1564 Aliquanto
1659 1525 1734 1562 post
1760 1519 1882 1551 eadem
1911 1518 2036 1550 deliria
2059 1525 2217 1553 renovat.

1226 1571 1301 1605 liae
1320 1569 1559 1602 dubitationes
1579 1576 1610 1602 et
1635 1569 1881 1604 fluctuationes
1899 1569 2010 1602 animi
2027 1580 2128 1614 saepe
2153 1580 2217 1602 no-

1227 1627 1306 1654 cent
1322 1620 1424 1652 etiam
1442 1620 1690 1652 mediocribus-

1322 1669 1426 1702 Venit
1443 1670 1548 1712 igitur
1564 1668 1715 1704 Romam
1734 1668 1962 1714 polycarpus,
1987 1676 2025 1702 ut
2046 1670 2217 1713 grassanti

1227 1721 1318 1755 malo
1335 1721 1550 1754 mederetur:
1578 1721 1812 1765 refutavitque
1827 1719 2057 1761 Marcionem,
2082 1727 2115 1754 et
2132 1720 2219 1754 scri-

1229 1824 1328 1856 ruius
1345 1822 1554 1855 sententiam
1571 1822 1637 1854 sibi
1658 1823 1764 1864 probe
1779 1828 1896 1855 notam
1913 1833 1984 1854 esse
2002 1822 2220 1855 adfirmabat.

1230 1876 1348 1917 Quare
1374 1872 1592 1905 Marcionem
1618 1883 1743 1914 magna
1773 1884 1851 1916 pars
1882 1879 2093 1906 sectatorum
2117 1873 2220 1906 dese-

1231 1925 1318 1962 ruit,
1347 1924 1505 1956 oratione
1525 1930 1557 1956 et
1576 1923 1762 1957 autoritate
1786 1924 1864 1957 talis
1886 1923 1953 1956 viri
1976 1925 2018 1956 ad
2045 1924 2219 1957 saniorem

1230 1975 1436 2008 sententiam
1456 1981 1622 2007 revocata.

1334 2025 1537 2070 Aliquando
1565 2031 1598 2058 et
1631 2025 1702 2068 ipse
1728 2023 1886 2058 Marcion
1921 2024 2100 2057 insinnare
2123 2036 2158 2057 se
2183 2023 2219 2058 in

1234 2127 1513 2168 nignesalntans.
1541 2126 1700 2171 Cumque
1719 2127 1979 2167 interrogasset:
2005 2124 2097 2158 Num
2110 2138 2221 2169 agno·

1233 2229 1316 2261 stori
1344 2236 1374 2262 et
1399 2228 1610 2260 sinntlatoii:
1652 2225 1727 2269 Ego
1753 2239 1832 2260 vero
1857 2234 1888 2259 ti·
1914 2239 2063 2269 agnosco
2088 2227 2219 2261 foetum

1234 2280 1458 2323 praecipuum
1476 2278 1619 2310 diaboli.
1663 2277 1736 2310 llac
1754 2290 1835 2311 voce
1851 2278 2038 2311 declaravit
2056 2290 2125 2322 qno
2142 2277 2220 2310 ani-

1234 2344 1289 2362 mo
1316 2342 1393 2371 erga
1419 2342 1475 2362 eos
1497 2340 1568 2361 essi*
1585 2329 1793 2368 debeamus,
1821 2329 1880 2373 qui
1906 2329 2121 2373 corruptelas
2146 2328 2222 2373 piae

1204 2409 1206 2418 ,
1233 2381 1412 2414 doctrina«-
1430 2387 1579 2413 struunt.

1330 2432 1489 2464 lrenaens
1505 2431 1606 2463 etiam
1626 2430 1751 2474 inquit,
1767 2430 1908 2463 solitum
1925 2442 2025 2463 aures
2041 2429 2222 2462 obstruere

1235 2482 1477 2528 Polycarpum,
1505 2481 1531 2513 si
1549 2483 1690 2525 ‹ptando
1710 2482 1833 2524 impias
1850 2479 2102 2513 haeriticorum
2122 2489 2222 2511 voces

1234 2535 1409 2573 audiebat,
1440 2533 1511 2564 lora
1531 2540 1632 2563 anam
1652 2532 1770 2569 vitare,
1798 2531 1894 2576 quasi
1915 2531 2060 2574 polluta,
2090 2530 2124 2562 in
2144 2529 2222 2574 qni-

1235 2585 1298 2616 bns
1318 2585 1396 2617 ittae
1414 2585 1524 2615 dictat·
1543 2590 1650 2615 crant,
1705 2581 1860 2615 Tantum
1879 2581 1941 2614 snit
1962 2581 2116 2614 studium
2138 2579 2221 2614 reti·

1234 2637 1370 2668 ncndae
1388 2634 1560 2670 veritatis,
1596 2645 1639 2666 ne
1658 2633 1766 2675 gloria
1784 2632 1845 2665 Dei
1867 2632 2075 2666 laederetur.
2130 2630 2222 2665 luvit

1236 2686 1426 2720 Ecclesiam
1447 2692 1478 2718 ct
1497 2684 1652 2728 scriptis,
1679 2697 1766 2729 qnae
1786 2683 1920 2715 utinam
1938 2689 2105 2716 extarent.
