2338 2958
137 139 210 175 975

137 229 171 258 et
187 221 302 257 Deum
319 221 444 255 fiducia
459 221 524 255 filii
540 222 718 257 invocant.
757 220 804 257 Et
820 223 1005 268 opiniones
1021 233 1124 267 quas-

137 285 277 319 cunque
311 279 507 317 pugnantes
541 285 621 307 cum
654 272 848 317 Evangelio
883 280 916 307 et
955 272 1123 319 symbolis

136 329 336 358 constanter
360 323 500 364 reiicio,
530 323 650 357 reiicio
676 330 709 357 et
729 334 863 357 errores
880 324 941 369 qui
960 329 1123 357 taxantur

133 374 173 407 in
198 372 364 407 Ecclesiis
390 371 494 407 huius
521 374 668 407 ditionis
693 374 750 407 cui
776 386 830 407 me
848 374 1062 418 praefecisti,
1090 379 1123 406 et

133 424 198 457 tibi
215 429 354 457 aeterne
372 421 467 456 Deus
483 430 581 467 pater
597 424 741 458 Domini
757 425 868 458 nostri
887 423 964 458 Iesu
978 421 1122 464 Christi,

135 473 197 519 qui
215 481 248 507 te
263 473 431 507 immensa
449 474 606 508 bonitate
621 475 829 518 patefecisti,
855 475 1018 509 conditor
1032 473 1121 507 coeli

134 531 168 558 et
193 531 304 557 terrae
326 531 359 557 et
382 521 567 557 hominum
586 531 617 558 et
633 523 810 558 Ecclesiae
827 531 927 566 tuae,
954 537 1023 558 una
1041 535 1119 557 cum

132 574 206 607 filio
229 581 290 608 tuo
312 573 467 607 Domino
492 581 612 608 nostro
636 574 713 608 lesu
737 573 898 614 Christo,
932 581 964 608 et
981 574 1120 618 Spiritu

133 631 274 664 sancto,
308 624 464 668 sapiens,
496 625 606 666 bone,
634 637 754 666 verax,
778 625 884 666 iuste,
911 626 1036 665 iudex,
1063 636 1119 657 ca—

133 682 203 716 ste,
236 675 432 715 liberrime,
466 675 680 715 misericors,
715 676 842 718 gratias
859 686 940 718 ago,
967 676 1062 720 quod
1086 681 1119 708 te

131 722 288 758 humano
305 725 423 767 generi
441 725 650 768 patefecisti,
677 726 772 770 quod
790 725 900 758 filium
917 725 1059 767 misisti,
1085 731 1118 758 et

131 774 325 809 Ecclesiam
348 775 413 809 tibi
429 775 580 818 colligis,
608 777 703 820 quod
721 788 774 808 me
789 777 830 808 ad
847 774 1022 810 Ecclesiae
1039 782 1118 809 tuae

131 825 332 859 societatem
349 825 497 863 vocasti,
524 826 618 870 quod
637 838 691 858 me
714 832 747 859 et
764 826 911 871 patriam
930 827 1118 859 clementer

129 876 331 919 protexisti,
366 881 467 920 teque
492 876 636 920 supplex
660 888 740 916 oro,
775 883 814 910 ut
837 883 979 921 propter
1005 876 1115 910 filium

131 933 231 959 tuum
251 925 444 959 Dominum
467 933 627 959 nostrum
656 926 769 959 lesum
786 925 986 967 Christum,
1013 938 1116 972 quem

128 975 361 1009 inenarrabili
376 976 524 1009 consilio
540 976 767 1010 mediatorem
781 978 992 1011 constituisti
1004 1005 1012 1018 ‚
1037 989 1116 1021 pec-

129 1033 205 1060 cata
220 1038 295 1059 mea
313 1026 431 1059 omnia
448 1023 536 1058 mihi
555 1027 726 1068 remittas,
752 1034 786 1061 et
801 1039 854 1060 me
872 1035 1014 1072 propter
1024 1040 1116 1066 eum,

129 1075 267 1120 Spiritu
284 1083 403 1110 sancto
418 1078 462 1109 ad
485 1077 591 1110 vitam
610 1084 786 1110 aeternam
810 1079 1020 1117 sanctifices,
1050 1078 1115 1111 tibi

129 1138 186 1159 me
218 1133 251 1160 et
277 1125 488 1167 Ecclesiam,
527 1133 560 1160 et
594 1138 708 1160 meum
736 1128 877 1160 fratrem
906 1134 939 1161 et
965 1127 1114 1171 patriam

128 1178 349 1212 commendo.
400 1175 448 1209 Et
471 1176 628 1209 exaudiri
653 1189 672 1210 a
699 1183 732 1210 te
759 1174 844 1210 haec
866 1190 941 1211 mea
957 1184 1056 1218 vota,
1083 1184 1115 1210 et

127 1238 224 1260 meos
259 1226 408 1269 gemitus
439 1233 583 1270 propter
610 1227 721 1260 filium
755 1228 876 1268 credo,
913 1228 974 1272 qui
1010 1228 1113 1261 dixit:

127 1276 313 1321 Quidquid
332 1277 501 1320 petieritis
519 1284 652 1320 patrem
678 1277 716 1310 in
734 1278 879 1310 nomine
895 1291 970 1311 meo
983 1305 991 1318 ‚
1018 1278 1114 1312 dabit

126 1327 239 1360 vobis.
292 1324 328 1360 Ο
345 1325 421 1360 Iesu
435 1324 586 1368 Christe,
607 1327 658 1360 fili
673 1326 739 1361 Dei
754 1329 914 1361 crucifixe
930 1340 993 1372 pro
1012 1329 1114 1361 nobis

127 1385 160 1411 et
177 1376 395 1418 resuscitate,
420 1377 610 1418 mediator,
635 1379 698 1422 qui
714 1378 847 1411 dixisti:
877 1378 988 1412 Nemo
1004 1379 1113 1423 rapiet

125 1440 208 1461 oves
233 1438 325 1460 meas
350 1439 389 1460 ex
412 1428 575 1462 manibus
602 1429 706 1469 meis,
734 1441 788 1461 me
812 1430 876 1462 tibi
894 1431 1114 1469 commendo,

125 1485 163 1512 tu
188 1489 252 1522 pro
276 1489 331 1511 me
356 1479 563 1512 intercedito
579 1480 671 1522 apud
691 1485 871 1512 aeternum
896 1486 1048 1523 patrem,
1076 1486 1112 1513 tu

125 1530 171 1563 sis
187 1528 432 1562 umbraculum
448 1530 614 1562 adversus
631 1529 736 1570 iram,
762 1537 800 1563 tu
815 1528 903 1562 mibi
922 1531 1060 1570 adesto,
1082 1537 1114 1563 et

124 1591 181 1613 me
201 1579 375 1612 sanctifica
400 1579 536 1624 Spiritu
554 1587 614 1613 tuo
637 1587 768 1613 sancto.
820 1579 868 1614 Et
884 1581 1041 1613 exaudiri
1058 1593 1113 1613 me

123 1642 143 1663 a
160 1638 192 1663 te
214 1631 337 1669 credo,
365 1630 447 1674 quia
469 1630 604 1663 dixisti:
633 1629 759 1663 Venite
782 1631 824 1663 ad
843 1642 898 1663 me
915 1642 1036 1664 omnes
1053 1631 1111 1676 qui

123 1680 292 1714 laboratis
307 1686 340 1713 et
357 1681 494 1713 onerati
508 1681 597 1714 'estis
610 1707 619 1721 ‚
655 1691 716 1724 ego
734 1681 884 1714 reficiam
904 1693 975 1716 v05.

221 1755 324 1788 Hanc
342 1755 600 1789 invocationem
619 1768 697 1789 cum
720 1768 821 1800 saepe
834 1763 1003 1800 repeteret
1021 1757 1110 1790 clara

121 1817 206 1839 voce
223 1817 284 1849 per
298 1805 433 1849 aliquot
450 1806 536 1846 dies,
564 1806 784 1841 adstantibus
795 1807 915 1839 multis
932 1814 1111 1850 praestan-

121 1856 216 1898 tibus
233 1855 336 1895 viris,
363 1856 503 1888 tandem
527 1855 622 1889 Deus
641 1856 794 1889 animam
811 1856 886 1890 eius
911 1869 950 1889 ex
966 1857 1110 1889 ruinoso

121 1905 303 1940 domicilio
327 1904 458 1940 eduxit.
517 1903 607 1938 Cum
633 1906 739 1948 igitur
761 1913 795 1939 et
819 1906 950 1939 multae
967 1917 1111 1948 magnae

120 1957 268 1990 virtutes
291 1954 463 1989 Friderici
490 1955 639 1995 suerint,
665 1960 698 1987 et
719 1956 795 1988 eius
813 1956 1022 1998 gubernatio
1041 1955 1110 1990 Ec-

120 2007 243 2040 clesiae
269 2012 302 2039 et
326 2005 458 2049 patriae
477 2005 639 2038 salutaris
656 2005 779 2046 fuerit,
807 2012 840 2039 et
865 2018 946 2039 vera
966 2006 1108 2040 invoca-

121 2058 217 2091 tione
231 2056 346 2090 Deum
365 2056 511 2089 coluerit
534 2055 624 2099 ipse,
651 2062 685 2089 et
702 2055 738 2088 in
761 2057 853 2089 exitu
871 2068 912 2089 ex
936 2054 998 2090 hac
1013 2070 1107 2090 mor-

120 2108 180 2142 tali
198 2108 268 2142 vita
286 2118 321 2139 se
339 2106 411 2139 filio
433 2104 499 2139 Dei
516 2107 834 2146 commendaverit,
863 2107 1013 2151 primum
1033 2107 1107 2141 Deo

119 2157 247 2202 gratias
277 2168 439 2198 agamus,
473 2157 565 2201 quod
602 2157 795 2200 principem
826 2154 881 2190 his
906 2158 1108 2200 regionibus

119 2208 305 2242 salutarem
330 2207 444 2246 dedit,
480 2215 513 2241 et
538 2209 630 2251 quod
656 2207 764 2251 ipsius
789 2214 908 2250 pectus
927 2210 970 2241 ad
990 2221 1105 2241 veram

118 2259 282 2303 pietatem
306 2257 476 2292 accendit.
533 2255 580 2292 Et
611 2259 756 2291 virtutes
786 2255 848 2291 has
883 2259 1107 2300 admiremur,

119 2316 153 2343 et
177 2309 314 2342 labores
339 2306 448 2352 ipsius
471 2308 560 2351 grati
584 2308 842 2352 praedicemus,
873 2320 912 2342 ac
931 2309 1006 2343 vult
1021 2311 1106 2343 deus

117 2356 173 2392 his
190 2371 329 2405 quoque
348 2370 411 2402 per
427 2370 515 2404 quos
534 2358 699 2393 beneficia
719 2358 893 2403 impertit,
919 2361 1105 2403 gratitudi-

116 2422 197 2443 nem
215 2409 394 2454 praestari.

217 2483 264 2518 Et
285 2495 486 2529 quanquam
509 2483 576 2516 alia
601 2484 757 2528 exempla
781 2484 858 2516 aliis
875 2484 1103 2523 conveniunt,

116 2547 179 2569 nec
195 2536 287 2568 vires
302 2541 441 2568 nostrae
466 2534 593 2567 imitari
616 2535 822 2568 excellentes
840 2535 1006 2578 imagines
1023 2547 1102 2579 pos-

115 2592 216 2623 sunt,
243 2592 359 2619 tamen
377 2584 507 2618 multae
532 2591 615 2618 sunt
631 2584 777 2618 virtutes
796 2597 884 2629 qnae
902 2597 1102 2619 communes

114 2635 274 2670 omnium
299 2648 371 2669 esse
387 2637 536 2675 debent,
563 2647 711 2679 quarum
731 2636 964 2670 consideratio
980 2637 1100 2680 singu-

113 2687 157 2721 lis
174 2688 218 2720 ad
236 2686 608 2720 commonefactionem
626 2687 778 2730 prodest,

595 136 755 173 DECL.
796 135 873 173 DE
907 133 1238 173 FRlDERICO
1273 132 1426 170 DUCE
1459 132 1580 171 SAX.
1612 134 1693 170 EL.

2090 138 2163 172 974

1277 219 1360 253 Ideo
1383 219 1506 253 divino
1527 221 1674 254 consilio
1699 219 1866 255 historiae
1884 222 1994 255 literis
2011 224 2159 255 manda-

1174 278 1228 305 tae
1244 278 1342 311 sunt,
1367 270 1438 304 imo
1462 270 1540 304 ideo
1558 273 1751 314 spectacula
1768 272 1878 306 tristia
1904 280 1937 306 et
1951 273 2040 318 laeta
2064 272 2158 306 Deus

1175 321 1339 365 proponit
1363 321 1526 354 omnibus
1553 323 1788 366 temporibus,
1814 330 1853 357 ut
1871 324 1941 357 sint
1956 335 2157 355 commone—

1173 372 1340 404 factiones
1357 372 1520 404 universo
1537 373 1656 414 generi
1676 371 1843 408 humano.
1884 373 2004 416 Quare
2022 380 2054 406 et
2068 371 2157 405 hanc

1174 420 1345 454 Friderici
1363 419 1543 454 historiam
1559 422 1737 456 interdum
1755 425 1957 466 cogitemus.

1274 471 1389 504 Multa
1415 469 1470 504 hic
1489 478 1522 504 et
1545 473 1588 504 de
1608 473 1681 505 eius
1698 481 1904 507 testamento
1931 474 2068 507 narrari
2093 485 2157 517 po—

1172 527 1305 562 terant,
1340 521 1376 553 in
1400 534 1470 565 quo
1491 521 1594 554 etiam
1619 523 1728 556 multa
1751 524 1847 566 signa
1867 525 2076 568 sapientiae,
2103 536 2157 556 re-

1171 571 1346 605 verentiae
1364 583 1443 614 erga
1454 570 1585 610 Deum,
1611 574 1739 605 amoris
1755 586 1834 617 erga
1850 575 2010 615 fratrem,
2036 582 2067 608 et
2085 574 2157 617 pie-

1171 622 1251 656 tatis
1271 634 1349 665 erga
1369 622 1516 665 patriam
1533 622 1850 667 conspiciebantur.

1272 673 1381 706 Initio
1398 672 1478 705 fidei
1494 684 1576 705 suae
1594 674 1848 707 consessionem
1868 674 1988 709 recitat
2007 686 2156 717 congru-

1171 729 1285 756 entem
1313 735 1391 756 cum
1416 722 1477 756 illa
1500 723 1743 764 invocatione,
1769 737 1882 770 quam
1907 731 1986 757 ante
2010 732 2156 757 mortem

1171 785 1271 817 saepe
1288 773 1379 806 clara
1402 785 1485 806 voce
1507 773 1678 816 repetivit.
1730 773 1776 808 Et
1792 776 1889 808 addit
1911 775 2157 819 precationem.

1169 824 1306 858 Deinde
1324 824 1423 857 fratri
1441 824 1547 857 tradit
1563 825 1850 867 gubernationem
1862 853 1870 866 ,
1898 833 1930 859 et
1946 825 2156 859 nominatim

1171 875 1201 907 ei
1239 875 1460 907 commendat
1485 873 1677 913 Ecclesias‚
1720 888 1869 921 eumque
1904 874 2084 916 hortatur,
2118 883 2157 908 ut

1169 925 1316 969 gloriam
1341 925 1407 960 Dei
1430 924 1620 965 illustrari,
1656 932 1689 959 et
1720 927 1889 970 populum
1922 933 2012 959 recte
2038 926 2156 959 doceri

1170 982 1288 1016 curet,
1315 987 1377 1008 nec
1400 975 1539 1009 dubitet
1558 975 1669 1008 filium
1693 976 1759 1010 Dei
1783 974 1844 1010 has
1868 977 1958 1021 ipsas
1973 975 2157 1016 Ecclesias‚

1169 1027 1207 1059 in
1231 1026 1359 1070 quibus
1382 1038 1448 1059 vox
1475 1023 1660 1069 Evangelii
1689 1034 1788 1060 sonat
1814 1027 2040 1071 incorrupta,
2074 1039 2156 1071 pro—

1169 1082 1342 1109 tecturum
1360 1087 1444 1110 esse.

1271 1123 1440 1159 Prohibet
1464 1133 1497 1159 et
1519 1125 1607 1159 ritus
1628 1127 1793 1159 funebres
1816 1127 2031 1171 improbatos
2047 1128 2082 1160 in
2102 1126 2157 1160 his

1167 1174 1344 1209 Ecclesiis.
1404 1175 1474 1209 Sed
1499 1188 1691 1219 pauperum
1718 1177 1815 1210 iubet
1833 1178 2003 1211 rationem
2023 1175 2155 1217 haberi,

1168 1226 1297 1271 quibus
1321 1233 1353 1259 et
1376 1232 1461 1259 tunc
1481 1226 1517 1258 in
1543 1226 1666 1260 funere
1685 1227 1762 1260 dari
1778 1234 1905 1260 certam
1922 1229 2106 1272 pecuniam
2123 1235 2155 1261 et

1168 1283 1278 1309 vestes
1302 1277 1456 1309 mandat.
1517 1274 1565 1310 Et
1588 1279 1686 1311 addit
1709 1278 1806 1311 aliud
1833 1290 1960 1311 munus
1977 1279 2064 1312 utile
2079 1279 2154 1311 sine

1168 1327 1412 1360 ostentatione.
1466 1324 1572 1360 Anno
1591 1335 1670 1361 ante
1688 1335 1835 1361 mortem
1856 1328 1964 1371 ipsius
1982 1329 2154 1373 proximo,

1168 1378 1329 1410 videlicet
1354 1389 1447 1410 anno
1479 1385 1517 1411 ut
1547 1390 1772 1411 numeramus
1799 1377 1908 1414 1524.
1938 1391 2056 1412 mense
2088 1380 2154 1413 Fe-

1169 1428 1329 1467 bruario,
1360 1427 1498 1461 fuerant
1515 1428 1582 1461 diri
1601 1440 1804 1472 congressus
1821 1430 1980 1462 omnium
1998 1431 2154 1473 planeta-

1169 1491 1247 1511 rum
1268 1478 1304 1510 in
1322 1477 1493 1513 Piscibus.
1554 1479 1643 1512 Cum
1665 1480 1771 1522 igitur
1786 1480 1918 1525 ubique
1933 1480 2080 1514 flumina
2097 1481 2153 1514 in-

1168 1536 1398 1562 tumescerent
1432 1535 1466 1562 et
1499 1528 1536 1561 in
1564 1541 1664 1572 agros
1699 1530 1981 1572 effunderentur,
2023 1538 2153 1574 segetes

1167 1579 1402 1622 strangulatae
1417 1585 1509 1614 suut.
1562 1578 1708 1623 Semper
1723 1587 1838 1614 autem
1855 1582 1896 1614 ad
1916 1593 2018 1614 usum
2035 1582 2153 1625 publi-

1166 1641 1245 1662 cum
1262 1627 1414 1662 habebat
1436 1629 1602 1663 instructa
1625 1631 1784 1673 granaria
1804 1631 2013 1664 Fridericus.
2066 1632 2152 1664 lnde

1166 1692 1243 1713 cum
1258 1680 1473 1713 frumentum
1492 1680 1622 1723 populo
1642 1683 1792 1722 deesset,
1816 1689 1947 1715 certum
1966 1694 2152 1715 numerum

1165 1730 1426 1762 medimnorum
1445 1730 1562 1773 precio
1580 1731 1746 1764 mediocri
1767 1733 1869 1764 vendi
1887 1732 1997 1766 iussit.
2046 1733 2152 1775 Agri-

1165 1780 1250 1813 colis
1277 1792 1358 1812 vero
1381 1780 1596 1813 frumentum
1621 1783 1663 1813 ad
1685 1782 1836 1815 familias
1858 1783 2020 1823 alendas,
2054 1790 2085 1816 et
2107 1785 2149 1816 ad

1164 1831 1372 1870 serendum,
1406 1831 1482 1863 dari
1515 1837 1638 1864 mutuo
1668 1831 1769 1865 iussit
1795 1844 1833 1865 ea
1855 1833 2076 1874 conditione,
2113 1843 2150 1866 ut

1164 1886 1242 1923 post
1274 1880 1417 1913 alteram
1451 1891 1595 1912 messem
1627 1882 1814 1916 redderent
1843 1885 2048 1917 tantundem
2076 1885 2151 1917 sru—

1163 1930 1284 1964 menti.
1355 1929 1390 1962 ld
1419 1930 1457 1963 in
1489 1937 1713 1972 testamento,
1747 1945 1827 1966 cum
1855 1941 1968 1967 essent
1997 1935 2061 1968 tria
2090 1942 2149 1968 aut

1163 1987 1315 2025 quatuor
1356 1981 1467 2013 millia
1510 1981 1787 2023 medimnorum,
1839 1985 1882 2017 iis
1924 1985 1984 2029 qui
2026 1992 2148 2018 mutuo

1162 2038 1400 2075 sumpserant,
1429 2031 1591 2072 donavit,
1628 2039 1660 2066 et
1683 2034 1790 2077 repeti
1816 2035 1937 2069 vetnit.

1263 2080 1412 2114 Talibus
1438 2082 1614 2115 beneficiis
1641 2091 1672 2117 et
1694 2092 1792 2116 antea
1821 2093 2000 2129 paternam
2024 2092 2057 2119 et
2075 2098 2147 2118 non

1161 2131 1309 2165 fucatam
1331 2132 1610 2173 benevolentiam
1635 2146 1712 2176 erga
1739 2146 1819 2168 suos
1842 2136 1963 2169 crebro
1992 2136 2147 2169 declara-

1161 2188 1278 2222 verat,
1304 2182 1341 2214 in
1366 2183 1494 2227 quibus
1516 2183 1661 2217 utilitati
1683 2186 1802 2228 populi
1827 2187 2046 2227 consulebat,
2075 2200 2145 2219 non

1160 2232 1344 2266 ambitiose
1362 2233 1566 2267 offundebat
1579 2232 1762 2267 hominurn
1781 2237 1892 2270 oculis
1909 2237 2048 2269 inanem
2067 2249 2146 2281 spe·

1159 2282 1247 2316 ciem
1275 2283 1571 2325 magnificentiae,
1614 2291 1652 2318 ut
1685 2285 1721 2318 fit
1758 2286 1794 2318 iu
1822 2287 2044 2331 spectaculis,
2085 2295 2147 2321 aut

1158 2333 1372 2376 sumptuosis
1395 2333 1583 2366 conviviiss

1260 2382 1361 2417 Hanc
1376 2384 1515 2417 brevem
1539 2381 1719 2417 historiam
1738 2384 1909 2420 Friderici
1933 2400 1974 2421 eo
1993 2390 2144 2430 recitavi,

1157 2434 1238 2479 quia
1263 2435 1403 2477 prodest
1426 2441 1460 2469 et
1483 2435 1640 2477 exempla
1666 2435 1839 2469 bonorum
1867 2438 2083 2482 principum,
2111 2448 2143 2473 ct

1157 2484 1300 2518 consilia
1340 2497 1458 2517 rerum
1500 2485 1730 2518 maximarum
1771 2488 1890 2521 multis
1933 2497 2015 2522 nota
2060 2501 2141 2525 esse.

1155 2535 1336 2577 Quaedam
1354 2535 1457 2568 etiam
1481 2535 1707 2578 gratitudinis
1723 2537 1929 2579 significatio
1951 2547 2021 2579 est,
2048 2540 2142 2573 dele—

1154 2585 1238 2620 ctari
1270 2586 1358 2618 bene
1383 2585 1590 2619 meritorum
1624 2588 1885 2628 recordatione,
1917 2590 1960 2622 de
1991 2602 2140 2633 qnorum

1152 2636 1340 2679 sapientia,
1389 2637 1648 2677 moderatione,
1693 2638 1847 2672 bonitate
1889 2646 1921 2672 et
1961 2641 2140 2675 voluntate

1152 2697 1230 2730 erga
1263 2686 1430 2730 patriam,
1470 2693 1508 2720 ut
1545 2688 1680 2731 saepius
1708 2689 1916 2731 cogitemus,
1957 2702 2140 2725 movemur
