2338 2958
175 107 245 143 105

171 190 377 226 tractatione
403 190 583 224 literarum
608 190 741 223 insania
767 196 835 229 est,
870 190 1041 233 attingere
1057 195 1158 223 auto-

171 255 263 283 rem,
290 242 350 287 qui
372 242 499 274 nostris
521 241 644 274 studiis
668 238 759 273 nihil
780 241 946 276 foeneret.
998 239 1158 273 Primum

172 294 289 338 itaque
313 292 595 326 constituendum
620 297 689 332 est,
723 304 952 336 quaecunque
976 291 1065 324 ratio
1084 297 1159 324 stu-

171 344 312 377 diorum
333 349 488 386 suscepta
508 341 633 381 fuerit,
660 354 763 387 quem
790 343 942 376 fructum
962 342 1063 374 nobis
1081 341 1159 385 pol-

171 395 343 428 liceantur
359 394 487 426 literae.
530 390 606 434 Ego
623 404 704 426 vero
724 405 824 437 saepe
839 393 923 426 alias
940 392 1081 432 monui,
1112 391 1157 424 ita

172 444 427 478 instituendum
452 454 523 475 esse
544 443 723 484 animum,
755 451 796 477 ut
813 445 899 476 duas
922 441 985 475 has
1002 443 1160 482 virtutes,

170 495 350 529 scientiam
369 493 549 526 iudicandi
571 495 614 526 ‹le
637 495 742 527 rebus
757 491 944 533 humanis,
966 499 999 526 et
1014 492 1160 526 faculta—

171 554 238 580 tem
265 544 426 585 dicendi,
460 545 660 578 meminerit
681 545 749 578 sibi
771 545 938 577 omnibus
954 544 1071 576 nervis
1095 555 1160 587 pa-

171 597 297 629 randas
325 607 409 628 esse.
476 593 523 628 Et
552 596 594 628 ad
624 593 702 636 lias,
737 603 905 640 tanquam
933 596 975 627 ad
1005 606 1161 637 scopum,

171 653 308 691 oportet
338 646 468 678 referre
498 646 654 688 vigilias,
688 646 969 685 lucubrationes,
1008 645 1161 689 denique

170 697 284 730 studia
304 697 433 729 omnia.
486 696 575 729 Nam
599 697 657 741 qui
677 704 736 730 aut
762 709 833 729 non
852 697 1049 730 formarunt
1067 695 1160 727 iudi-

169 749 262 781 cium
279 748 408 784 literis,
432 754 470 781 ut
485 747 683 790 intelligant
700 759 816 780 rerum
829 759 866 780 ac
882 759 1019 779 morum
1036 745 1160 779 discri-

170 799 286 838 mina,
320 810 478 843 quaeque
503 798 537 829 in
565 798 684 838 bonis,
716 810 804 842 quae
828 797 863 830 in
881 798 982 830 malis
1000 797 1159 830 ducenda

170 850 258 888 sint,
283 857 341 881 aut
359 861 428 880 non
448 855 594 892 possunt
610 861 646 881 ea
667 861 755 893 quae
773 849 948 886 sentiunt,
976 847 1160 891 perspicuo

170 912 332 934 sermone
347 901 491 936 docere,
519 896 552 931 hi
572 897 659 931 mihi
679 907 812 942 praeter
828 899 985 942 corporis
1000 899 1161 942 speciem,

170 948 261 983 nihil
288 948 435 982 humani
462 948 590 982 habere
617 950 792 984 videntur.
847 948 985 983 Deinde
1004 950 1049 982 ita
1069 949 1162 982 inter

170 1014 205 1035 se
234 1001 465 1034 coniurarunt
483 1000 648 1034 Eruditio
675 1007 703 1033 et
730 999 964 1045 Eloquentia,
990 1006 1029 1032 ut
1049 999 1160 1031 divel-

170 1052 240 1085 lere
258 1052 358 1084 nullo
377 1053 481 1084 modo
500 1052 618 1095 possis.
671 1050 760 1085 Nam
781 1058 811 1084 et
829 1052 1024 1084 orationem
1043 1061 1159 1082 rerum

170 1102 312 1136 scientia
338 1115 375 1134 ex
401 1114 435 1134 se.
462 1102 569 1135 veluti
587 1103 725 1145 genuit,
754 1109 786 1135 et
805 1102 916 1134 oratio
939 1101 1089 1134 vicissim
1108 1111 1162 1133 res

170 1153 336 1186 ostendit.
399 1152 470 1185 Iam
496 1153 667 1186 caecutire
692 1153 727 1186 in
756 1153 860 1186 rebus
877 1152 1076 1185 iudicandis
1100 1163 1162 1183 ne-

170 1215 262 1237 cesse
286 1211 335 1237 est
356 1215 433 1244 eos,
458 1204 517 1248 qni
538 1211 627 1237 recte
644 1204 784 1236 dicendi
809 1216 890 1236 cura
907 1210 1052 1243 vacant,
1079 1214 1162 1246 pro-

171 1262 288 1299 pterea
310 1256 403 1299 quod
431 1252 520 1286 nihil
546 1255 693 1297 perinde
712 1261 862 1287 mentem
880 1254 992 1294 acuit,
1019 1260 1049 1285 et
1070 1253 1162 1285 exci-

170 1313 236 1346 tat,
263 1313 366 1350 atque
388 1306 566 1338 contentio
591 1306 649 1338 illa
668 1312 701 1338 et
725 1305 879 1338 studium
900 1311 990 1337 recte
1009 1303 1162 1336 dicendi.

170 1356 250 1389 'Non
268 1357 423 1400 estquod
447 1356 566 1399 procul
587 1356 743 1399 exempla
764 1362 870 1398 petas.
932 1354 1052 1397 Nuper
1075 1355 1161 1386 adeo

171 1407 231 1452 qui
263 1403 528 1449 Philosophiam
561 1407 833 1449 profitebantur,
869 1417 939 1437 non
976 1405 1058 1437 satis
1084 1415 1163 1447 per·

171 1464 360 1502 spexcrunt
378 1457 447 1488 vim
466 1469 584 1490 earum
611 1457 739 1501 artium
759 1467 843 1500 quas
861 1456 1053 1494 docebant,
1081 1453 1162 1498 quia

171 1520 344 1552 exponere
362 1508 541 1551 perspicua
559 1507 719 1540 oratione
736 1519 773 1539 ea
790 1517 878 1551 quae
897 1505 1162 1549 profitebantur,

172 1571 276 1592 nemo
301 1558 505 1592 conabatur.
565 1556 720 1590 Proinde
753 1557 813 1601 qui
838 1568 873 1590 se
896 1557 938 1588 ad
968 1556 1086 1589 literas
1109 1555 1165 1587 di-

172 1610 318 1643 scendas
350 1609 595 1649 contulerunt,
645 1606 681 1641 hi
721 1608 789 1641 sibi
835 1607 1085 1651 persuadeant,
1132 1611 1165 1638 et

172 1661 310 1701 oleum,
355 1660 448 1704 quod
480 1660 600 1699 aiunt,
641 1666 673 1692 et
708 1670 849 1703 operam
877 1658 943 1691 sibi
973 1657 1162 1702 perituram

173 1723 263 1751 esse,
305 1711 371 1743 nisi
401 1722 479 1743 cum
508 1722 625 1743 rerum
664 1710 809 1743 scientia
838 1709 994 1742 studium
1023 1707 1163 1740 dicendi

174 1761 435 1796 coniunxerint.
500 1760 617 1806 Atque
651 1759 715 1795 hac
749 1762 792 1793 de
825 1771 862 1793 re
888 1760 974 1792 alias
1000 1758 1165 1791 diximus.

174 1812 286 1846 Porro
323 1810 448 1845 harum
484 1813 684 1845 orationum
718 1811 872 1852 cognitio
908 1812 949 1842 ad
987 1817 1165 1853 utrunque

175 1864 324 1897 multum
348 1863 525 1898 conducit.
585 1862 674 1896 Nam
701 1870 738 1896 ut
754 1859 963 1905 Philosophi
984 1866 1164 1904 praecepta

175 1917 218 1948 de
237 1915 394 1947 moribus
419 1914 612 1952 tradidere,
647 1914 692 1948 ita
712 1911 776 1946 hae
794 1913 972 1945 orationes
991 1913 1163 1945 bonorum

176 1978 214 1999 ac
249 1966 422 1998 malorum
460 1964 589 1997 civium
623 1965 778 2008 exempla
815 1971 1036 2008 proponunt,
1078 1972 1166 2007 quae

175 2017 286 2050 multo
313 2016 484 2049 efficacius
511 2015 651 2048 virtutis
675 2015 830 2049 studium
857 2014 959 2047 nohis
984 2024 1166 2046 commen-

177 2068 278 2106 dant,
307 2079 410 2111 quam
433 2066 578 2107 frigidae
596 2067 675 2099 illae
698 2065 1036 2110 praeceptiunculae.
1090 2063 1167 2096 Sci-

179 2119 319 2162 pionem
346 2125 375 2149 et
404 2118 586 2162 plerosque
609 2118 696 2150 alios
719 2118 871 2150 illustres
887 2117 980 2148 viros
996 2116 1038 2148 ait
1062 2114 1166 2147 Satu-

179 2169 265 2202 stius
297 2169 410 2201 dicere
435 2168 574 2207 solitos,
609 2181 686 2201 cum
719 2168 885 2209 imagines
912 2167 1085 2199 maiorum
1113 2165 1166 2197 in—

179 2227 378 2258 tuerentur,
404 2217 709 2251 vehementissime
732 2219 887 2251 animum
909 2218 975 2250 sihi
994 2219 1034 2249 ad
1056 2217 1167 2249 virtu-

180 2278 248 2304 tem
277 2270 428 2303 accendi.
489 2271 588 2311 Quae
616 2279 731 2303 autem
757 2271 849 2302 hone
869 2268 961 2301 Dens
982 2279 1168 2306 marmora,

179 2333 268 2367 quae
294 2328 425 2354 statuae
450 2321 599 2353 conferri
618 2334 695 2353 cnm
716 2319 770 2353 his
789 2320 1009 2353 orationihus
1030 2331 1167 2351 mercn-

180 2373 260 2406 tur'?
308 2384 396 2416 quae
421 2371 506 2403 alias
537 2371 776 2415 improborum
811 2371 941 2404 rixiuin
973 2369 1166 2413 perniciosa

180 2423 346 2461 consilia,
389 2423 473 2455 alias
501 2420 662 2455 honestas
689 2424 886 2455 voluntates
920 2423 1093 2454 bonorum
1120 2421 1168 2452 ci-

182 2475 277 2507 vium
307 2474 350 2505 ita
375 2474 566 2515 depingunt
594 2474 883 2518 expriuiuntcpw,
910 2480 944 2505 ut
967 2473 1099 2505 nullius
1117 2472 1167 2503 sa-

181 2526 267 2558 riem
290 2525 418 2556 imitari
439 2524 580 2567 propius
598 2523 737 2568 ,tw-llos
757 2525 919 2567 potui-rit.
976 2525 1097 2565 Quare
1122 2522 1166 2554 ita

181 2576 338 2610 statuetis
358 2577 399 2606 dc·
419 2573 472 2606 liis
490 2576 625 2607 dualuis
642 2576 879 2610 orationihus.
908 2574 1167 2608 alisolntissiuui
1192 2580 1196 2613 Ι

615 102 773 139 DECL.
813 102 886 139 DE
920 100 1121 139 PRAEF.
1159 101 1216 138 IN
1255 100 1456 139 AESCH.
1490 99 1564 136 ET
1605 99 1744 139 DEM.

2125 103 2199 140 104

1212 187 1318 221 nibus
1334 187 1492 220 moribus
1508 194 1686 222 mereatur
1700 188 1859 229 laudem,
1882 193 1942 222 aut
1956 185 2202 232 reprehensio-

1212 251 1305 273 nem.
1375 237 1466 271 Nam
1490 238 1527 270 in
1559 238 1763 272 insectando
1788 236 2045 278 Demosthene,
2081 251 2202 273 veram

1213 289 1392 334 quandam
1409 289 1596 332 imaginem
1609 289 1793 323 sceleratae
1804 289 1931 323 mentis
1946 287 2202 333 fingitAeschi-

1213 351 1284 373 nes.
1345 337 1479 373 Contra
1503 339 1581 380 ille,
1621 351 1700 372 cum
1723 340 1941 373 voluntatem
1963 340 2087 384 optimi
2116 340 2202 374 civis

1213 397 1315 433 negat
1349 390 1416 423 sibi
1451 390 1602 423 defuisse
1632 402 1810 434 unquam,
1851 390 1937 423 boni
1983 391 2051 424 viri
2089 391 2201 424 simu-

1214 438 1372 473 lachrum
1394 441 1551 485 sculpere
1572 441 1722 473 videtur.
1772 439 2006 484 Explicantur
2023 448 2203 485 praeterea

1213 491 1325 524 multa
1345 492 1517 524 maiorum
1540 491 1721 531 instituta,
1756 491 1848 534 leges
1865 503 1904 525 ac
1929 503 2063 532 mores,
2091 492 2203 525 multa

1213 542 1388 585 exempla,
1418 554 1508 587 quae
1531 549 1612 575 sunt
1631 542 1746 575 obiter
1767 552 1889 575 causae
1907 553 2066 586 aspersa,
2093 542 2130 574 in
2147 539 2203 575 his

1214 593 1434 626 orationibus
1464 592 1633 628 invenies.
1695 591 1760 626 Est
1791 591 1887 625 enim
1917 603 2024 626 sonus
2054 593 2204 626 sorensis

1215 641 1320 676 huius
1346 643 1532 684 dictionis,
1565 643 1709 676 classico
1730 642 1876 683 similis,
1910 649 1942 676 et
1972 643 2108 686 plenior
2138 643 2205 676 ali-

1214 701 1364 738 quanto,
1392 706 1497 738 quam
1515 691 1693 727 historiae.
1744 692 1907 738 Denique
1931 690 2019 726 mihi
2035 694 2205 728 videntur

1214 755 1336 777 omnes
1352 743 1505 788 Reipub.
1519 746 1690 787 gerendae
1707 745 1860 777 rationes
1877 744 2003 777 melius
2025 742 2082 777 hic
2098 744 2204 786 tradi,

1214 807 1317 839 quani
1337 795 1373 827 in
1393 796 1474 827 ullis
1491 792 1788 839 Philosophorum
1806 795 2116 838 disputationibus.
2157 793 2205 828 Et

1214 857 1292 878 cum
1316 843 1500 879 historiam
1518 858 1621 879 nemo
1647 858 1719 878 non
1740 842 1805 878 hoc
1823 845 1966 878 nomine
1988 845 2132 890 plurimi
2149 842 2216 878 fa?

1214 895 1299 935 ciat,
1336 897 1429 940 quod
1457 897 1616 929 omnium
1639 896 1796 929 civilium
1827 896 2024 929 officiorum
2048 896 2205 940 exempla

1214 948 1344 986 tradat,
1387 947 1470 991 qnid
1499 944 1582 979 huic
1612 946 1813 979 orationum
1843 947 1962 989 generi
1994 947 2206 988 tribuemus,

1215 997 1250 1029 in
1268 1009 1338 1042 qno
1354 997 1512 1041 exempla
1536 997 1596 1030 illa
1615 1004 1648 1030 et
1665 996 1810 1030 consilia
1831 1008 1948 1030 rerum
1969 998 2204 1040 gerendarum

1213 1048 1408 1081 accuratius
1439 1055 1471 1080 et
1505 1048 1702 1091 copiosius?
1754 1046 1842 1080 Nam
1876 1059 1955 1081 cum
1979 1048 2022 1080 ad
2050 1059 2206 1092 pugnam

1213 1096 1271 1131 hic
1290 1098 1486 1131 instruatur
1504 1099 1636 1138 oratio,
1663 1099 1720 1139 fit,
1751 1104 1790 1131 ut
1806 1097 1939 1131 maiore
1962 1098 2107 1141 negocio
2121 1099 2206 1132 illu-

1213 1155 1370 1183 strentur
1386 1149 1504 1181 omnia
1529 1156 1619 1182 recte
1635 1155 1694 1182 aut
1718 1160 1816 1181 secus
1832 1149 1932 1182 sacta.
1982 1148 2105 1194 =Neque
2122 1160 2205 1182 vero

1215 1206 1414 1244 praesentes
1445 1206 1582 1233 tantum
1610 1200 1788 1233 auditores
1819 1199 2037 1243 spectabant,
2072 1200 2133 1232 sed
2151 1200 2204 1232 rad

1215 1258 1371 1295 posteros
1395 1257 1510 1283 extare
1534 1248 1596 1295 has
1624 1250 1804 1284 orationes
1826 1250 1969 1283 voluere
1991 1256 2094 1283 testes
2122 1262 2207 1283 suo-

1215 1313 1292 1334 rum
1319 1301 1570 1342 consiliorum,
1601 1302 1891 1346 reliqueruntque
1910 1297 2014 1338 haec,
2040 1307 2079 1334 ut
2098 1297 2208 1334 habe-

1215 1358 1291 1384 rent
1315 1351 1442 1394 posteri
1466 1364 1540 1383 non
1557 1353 1679 1390 modo,
1708 1358 1746 1384 ut
1763 1351 1810 1384 ait
1831 1349 2078 1396 Thucydides,
2105 1349 2206 1398 ἀγω-

1213 1399 1396 1445 νίσματα,
1447 1402 1504 1434 sed
1545 1398 1735 1446 κτήματα,
1780 1398 1847 1434 hoc
1884 1407 1954 1439 est,
2001 1398 2206 1435 thesaurum

1215 1452 1466 1495 exemplorum.
1527 1450 1623 1493 Quid
1650 1459 1766 1484 autem
1789 1453 1832 1484 de
1856 1451 2055 1496 eloquentia
2077 1449 2205 1486 horum

1214 1502 1351 1535 dicam?
1402 1501 1492 1534 Nam
1515 1499 1599 1535 haec
1618 1502 1802 1545 praecipua
1821 1502 1896 1534 laus
1915 1508 1964 1534 est
1981 1499 2105 1535 barum
2125 1515 2207 1536 ora-

1216 1553 1363 1586 tionum.
1425 1550 1602 1597 Equidem
1628 1552 1820 1592 insaniam,
1846 1552 1874 1584 si
1896 1564 1974 1584 meo
1991 1553 2208 1595 testimonio,

1214 1614 1362 1648 meaque
1388 1615 1491 1641 voce,
1526 1604 1688 1636 accedere
1707 1603 1842 1647 aliquid
1873 1602 2018 1635 illorum
2042 1603 2209 1638 laudibus

1215 1654 1419 1689 existimem.
1481 1652 1600 1697 Quare
1630 1653 1817 1698 praeconio
1842 1652 2024 1687 Ciceronis
2049 1655 2208 1690 contenti

1215 1705 1367 1743 erimus,
1395 1704 1455 1749 qui
1474 1716 1552 1737 cum
1569 1701 1780 1738 Aeschinem
1800 1704 2027 1748 amplissimis
2042 1705 2209 1740 laudibus

1215 1762 1336 1796 ornat,
1369 1762 1485 1788 tamen
1510 1755 1545 1788 in
1563 1753 1835 1789 Demosthenica
1860 1755 2039 1796 oratione,
2074 1763 2206 1790 tantam

1216 1806 1452 1851 eloquentiam
1477 1818 1549 1839 esse
1577 1806 1726 1844 iudicat,
1762 1812 1893 1850 quanta
1913 1805 2048 1839 includi
2070 1806 2105 1839 in
2129 1807 2207 1840 ani-

1216 1857 1282 1890 mis
1298 1855 1483 1889 hominum
1501 1856 1620 1900 possit.
1672 1856 1785 1890 Locos
1808 1856 1973 1889 nonnulli
1993 1857 2208 1901 decerpsere,

1217 1909 1310 1941 unde
1333 1908 1509 1952 specimen
1535 1908 1677 1952 aliquod
1698 1907 1919 1952 eloquentiae
1938 1907 2085 1941 istorum
2105 1920 2209 1952 cape-

1217 1967 1330 1999 retur,
1358 1959 1415 1991 sed
1439 1959 1554 1999 velut,
1578 1958 1606 1991 si
1630 1958 1842 2001 praeclaram
1857 1964 2006 1991 statuam
2025 1958 2208 2000 dissolvas,

1216 2022 1418 2056 quanquam
1445 2009 1528 2043 insit
1552 2009 1588 2041 in
1617 2009 1765 2052 singulis
1793 2008 1960 2041 membris
1983 2020 2067 2042 snus
2091 2009 2208 2051 decor,

1217 2069 1331 2095 tamen
1357 2061 1473 2093 minus
1496 2061 1586 2094 clare
1608 2059 1740 2104 percipi
1762 2071 1800 2092 ac
1825 2058 1947 2092 sentiri
1967 2066 2128 2093 venustas
2154 2060 2208 2094 vi-

1217 2114 1340 2152 detur,
1376 2123 1480 2156 qnam
1510 2112 1536 2145 si
1565 2110 1698 2154 integra
1725 2117 1856 2150 statua,
1882 2110 2001 2142 videas
2019 2121 2081 2143 suo
2098 2123 2207 2156 quae-

1218 2176 1283 2209 que
1301 2163 1376 2195 loco
1393 2163 1568 2196 collocata.
1624 2160 1673 2195 lta
1690 2161 1810 2194 malim
1829 2172 1889 2193 vos
1906 2160 2057 2203 integras
2072 2161 2207 2195 oratio-

1218 2227 1278 2247 nes
1306 2214 1417 2246 oculis
1439 2220 1542 2258 atque
1567 2213 1684 2246 animo
1708 2212 1959 2256 contemplari,
1994 2225 2098 2256 quam
2126 2224 2207 2246 scn-

1219 2265 1381 2299 tentiulas
1416 2266 1583 2309 quasdam
1621 2275 1821 2307 excerpere,
1865 2275 1882 2295 e
1913 2262 2043 2307 quihus
2071 2263 2206 2308 reliqua

1218 2316 1330 2349 oratio
1356 2315 1574 2352 aestum-tur,
1610 2321 1644 2346 ut
1671 2327 1709 2347 ex
1739 2313 1915 2354 unguibus
1934 2314 2070 2347 leonem
2096 2315 2206 2348 aiunt.

1219 2368 1306 2400 ,Nam
1327 2366 1353 2399 si
1378 2366 1576 2398 universam
1597 2366 1659 2398 tibi
1682 2365 1925 2408 proposueris,
1953 2365 2000 2397 ilii
2023 2377 2104 2397 vero
2126 2377 2206 2398 scu-

1219 2419 1300 2457 tics,
1332 2431 1402 2449 non
1430 2418 1535 2449 modo
1561 2417 1688 2461 quilius
1716 2417 1902 2448 verborum
1927 2422 1985 2449 aut
2011 2416 2206 2449 senteutia-

1220 2482 1296 2502 rum
1317 2468 1454 2510 liguris,
1489 2469 1546 2500 scd
1568 2481 1636 2511 qun
1663 2467 1810 2499 consilio
1829 2467 1950 2505 ctiam,
1981 2473 2012 2499 rt
2035 2479 2101 2511 qua
2119 2467 2205 2499 soli-

1219 2520 1374 2553 ritudiuc
1398 2519 1566 2552 dixerint.
1601 2531 1704 2563 qu.un
1732 2518 1856 2550 callide
1884 2517 1917 2549 iu
1953 2518 2071 2561 populi
2105 2529 2205 2551 aures

1221 2573 1391 2615 irrepant.
1426 2583 1529 2615 qui-'uu
1550 2570 1735 2610 dilig-*nter
1759 2581 1830 2601 sest·
1855 2568 2116 2605 roumuiniaut.
2145 2569 2204 2601 ubi

182 2629 353 2673 quau-dani
389 2626 562 2669 exempla,
603 2626 636 2659 iu
675 2627 800 2659 illustri
838 2626 900 2658 sita
932 2627 1026 2665 lucu,
1067 2624 1167 2657 uoltis
1192 2617 1194 2624 ¹
1219 2623 1366 2656 atu-rins
1394 2628 1598 2665 procurrant
1627 2621 1661 2652 iu
1689 2619 1946 2656 :aborsu-ium,
1974 2619 2033 2651 111ιὶ
2056 2620 2205 2653 reserant

181 2678 335 2718 ostendi,
369 2690 456 2721 quae
476 2678 806 2717 cornui«›iu-saciant‚
840 2677 922 2721 quid
948 2678 980 2710 iu
1009 2688 1166 2709 cominu-
1191 2659 1195 2715 Ι
1219 2675 1360 2719 pedi-ui,
1402 2673 1460 2705 uhi
1496 2672 1719 2704 ludificentur
1749 2668 1902 2709 husu—m,
1944 2683 2031 2714 quac
2066 2670 2206 2714 proprie
