2338 2958
0 395 9 979 „-————-——-——-———

103 136 173 171 601

103 219 215 253 clesia.

103 269 171 303 Sed
195 265 259 300 hoc
284 273 438 309 tempore
465 267 581 299 nescio
604 279 648 300 an
674 267 857 312 quisquam
882 267 958 310 pius
982 278 1080 298 men-

102 325 170 352 tem
191 328 229 349 ac
251 316 371 348 oculos
389 328 407 348 a
430 324 615 359 conspectu
632 315 806 349 Ecclesiae
822 324 976 350 avertere
996 328 1080 359 pos-

100 367 152 400 sit.
203 364 292 398 Cum
318 365 424 408 igitur
448 367 593 399 omnino
621 367 752 411 aliquid
777 367 878 399 etiam
906 378 999 399 nunc
1023 366 1077 398 di-

99 416 245 450 cendum
271 415 332 454 sit,
359 416 540 458 patiamini
564 429 690 460 quaeso
714 428 768 448 me
794 416 969 459 paulisper
993 416 1079 448 insi-

99 473 185 499 stere
207 463 287 497 huic
312 465 385 508 ipso
408 476 632 505 argumento,
660 467 695 499 in
715 467 805 510 quod
828 466 927 498 initio
946 466 1076 499 oratio-

98 517 152 548 nis
171 527 225 547 me
243 515 402 557 cogitatio
422 513 547 547 hortun
566 523 760 558 temporum
778 515 930 555 induxit,
958 521 995 547 ut
1011 515 1076 547 ali-

96 565 181 609 quid
204 565 314 597 dicam
337 567 378 597 de
405 563 468 598 hoc
485 566 690 598 admirando
708 563 772 596 Dei
790 576 911 608 opere,
938 577 1006 608 quo
1027 571 1076 597 te—

97 621 207 648 statur
221 626 255 646 se
271 623 436 658 perpetuo
453 626 655 647 conservare
672 613 862 647 Ecclesiam
878 614 914 646 in
931 615 1074 650 mundo.

197 662 272 697 Etsi
296 677 378 697 vero
400 677 471 697 non
490 665 534 698 ita
552 672 701 697 extreme
717 665 894 708 stupidus,
922 672 981 698 aut
998 677 1076 708 per-

97 714 168 747 dite
195 715 371 747 confidens
395 726 488 754 sum,
520 721 558 748 ut
580 726 651 747 non
676 715 821 747 sentiam
847 727 901 747 me
926 715 1074 749 multum

97 764 320 796 succumbere
342 763 574 806 magnitudini
599 765 746 806 suscepti
770 765 904 804 oneris,
928 777 991 798 nec
1014 766 1075 798 de-

95 820 226 846 terrear
242 814 476 846 imbecillitate
491 825 578 853 mea,
601 827 704 859 quam
721 822 811 847 certe
827 826 986 857 agnosco,
1023 815 1074 848 Ac

97 864 168 906 ipse
194 863 338 895 maxime
360 863 475 906 optavi
501 865 543 895 de
562 862 626 896 hoc
646 865 719 907 ipso
735 865 931 907 argumenti
949 877 1072 908 genere

94 913 216 946 audire.
234 919 393 945 sonantes
412 924 512 945 voces
531 915 748 956 superiorum
768 922 986 954 nostrorum,
1013 915 1073 959 qui

93 962 132 994 in
155 962 319 994 diuturna
343 963 593 1004 gubernatione
617 962 790 997 Ecclesiae
813 972 845 998 et
872 965 1073 1007 ingentibus

94 1011 340 1044 certaminibus
369 1014 512 1053 versati,
547 1021 577 1046 et
603 1014 804 1056 intelligunt
828 1015 980 1058 pericula
1004 1013 1072 1047 Ec-

93 1061 231 1100 clesiae,
257 1068 290 1094 et
313 1074 435 1104 magna
459 1063 493 1095 vi
515 1075 552 1096 ac
569 1064 694 1096 robore
710 1065 852 1106 spiritus
869 1065 1074 1097 confirmare

92 1111 230 1155 piorum
252 1119 383 1144 mentes
408 1119 561 1155 possunt.
620 1113 687 1146 Sed
711 1114 791 1157 quia
818 1111 904 1146 mihi
926 1114 1071 1147 omnino

93 1162 314 1194 subeundum
338 1162 404 1194 fuit
427 1159 493 1195 hoc
517 1174 606 1195 onus
631 1163 814 1196 autoritate
837 1164 966 1207 publici
994 1176 1071 1196 mu-

92 1210 205 1251 neris,
240 1210 309 1244 Vos
331 1223 412 1251 or0‚
444 1219 484 1245 ut
505 1210 591 1244 mihi
616 1213 752 1245 veniam
775 1213 862 1246 detis
888 1226 993 1256 pauca
1016 1215 1071 1246 di-

91 1267 209 1300 cturo,
243 1270 413 1305 quantum
445 1263 611 1305 temporis
638 1263 793 1305 angustia
820 1263 966 1306 patitur,
1000 1276 1070 1295 non

91 1323 154 1354 pro
180 1311 374 1352 argumenti
399 1311 585 1354 dignitate,
610 1314 668 1345 sed
691 1313 732 1345 ad
759 1314 1071 1345 commonefacien-

92 1361 155 1393 dos
181 1367 212 1392 et
235 1361 433 1393 excitandos
458 1362 710 1401 adolescentes,
738 1369 776 1395 ut
800 1369 831 1394 et
854 1363 918 1405 ipsi
943 1363 984 1395 de
1001 1361 1071 1395 Ec-

94 1409 217 1443 clesiae
240 1410 406 1453 periculis
430 1411 578 1453 cogitare
601 1412 753 1451 discant,
781 1419 813 1445 et
834 1419 913 1445 vota
936 1424 973 1444 ac
993 1424 1069 1456 pre-

91 1462 147 1492 ces
167 1470 244 1492 cum
268 1459 340 1502 ipsa
365 1460 577 1503 coniungant
590 1488 598 1500 ‚
625 1468 663 1493 ut
680 1461 772 1493 Deus
788 1473 862 1494 eam
879 1462 914 1494 in
934 1459 988 1494 his
1007 1475 1070 1505 po—

91 1510 226 1542 stremis
242 1509 489 1542 certaminibus
504 1517 535 1543 et
554 1511 715 1554 periculis
731 1518 923 1546 conservet.

192 1558 299 1592 Plena
341 1567 390 1592 est
427 1560 586 1592 universa
621 1561 790 1604 scriptura
822 1561 1070 1603 exemplorum,

90 1621 178 1652 quae
200 1610 390 1642 ostendunt
410 1609 518 1642 solius
532 1609 599 1642 Dei
622 1609 774 1652 potentia
793 1610 945 1642 mirabili
965 1610 1068 1641 modo

89 1657 279 1693 Ecclesiam
302 1658 488 1701 gubernari
507 1667 538 1693 et
554 1659 708 1692 defendi:
736 1660 794 1692 sed
811 1659 938 1692 infiniti
956 1659 1070 1702 operis
1094 1678 1097 1698 4

89 1715 192 1748 esset,
224 1715 331 1741 totam
357 1706 539 1741 historiam
564 1707 756 1748 Ecclesiae,
788 1709 870 1741 inde
893 1721 1002 1754 usque
1025 1710 1069 1741 ab

89 1758 192 1791 initio
219 1758 348 1791 conditi
375 1758 498 1791 mundi
524 1759 612 1791 velle
636 1759 833 1802 complecti,
868 1771 955 1803 quae
980 1755 1067 1790 nihil

88 1809 182 1842 alind
201 1819 303 1851 quam
320 1809 489 1850 stupenda
505 1808 670 1841 miracula
690 1809 861 1848 continet,
888 1808 924 1839 in
943 1808 1070 1852 quibus

89 1859 250 1901 adparet,
283 1857 421 1901 quantis
449 1858 624 1890 aerumnis
648 1869 783 1901 semper
807 1858 1002 1891 conflictata
1028 1858 1070 1890 sit

88 1906 253 1941 Ecclesia.
307 1905 354 1939 Et
377 1913 490 1938 tamen
511 1907 547 1938 in
567 1907 607 1939 iis
625 1907 792 1939 mirandis
808 1907 922 1939 modis
940 1907 1070 1939 divini-

89 1965 144 1991 tus
161 1963 292 1990 servata
312 1963 431 1989 contra
450 1954 580 1989 hostem
597 1957 658 1989 filii
678 1956 741 1989 Dei
758 1957 948 1989 diabolum.

190 2006 310 2049 Longe
341 2013 479 2049 superat
509 2019 647 2039 omnem
680 2005 870 2039 humanam
903 2007 1070 2051 eloquen-

88 2058 172 2091 tiam
197 2054 341 2089 historia
367 2057 559 2099 primorum
576 2064 758 2100 parentum
778 2063 810 2089 et
826 2063 983 2100 patrum,
1009 2057 1068 2100 qui

89 2108 195 2140 secuti
221 2114 302 2139 sunt
326 2118 434 2150 usque
458 2108 499 2139 ad
519 2107 705 2140 dilnvium.
761 2106 902 2147 Quanto
921 2106 956 2138 in
974 2108 1069 2139 luctu

90 2165 122 2190 et
146 2169 302 2190 moerore
325 2156 448 2189 versati
475 2164 556 2189 sunt
576 2156 688 2188 Adam
715 2163 745 2188 et
764 2155 880 2195 Hem,
909 2169 986 2189 cum
1010 2169 1067 2188 ac-

89 2214 185 2250 cepta
213 2206 443 2249 promissione
467 2208 508 2238 ‹le
533 2204 693 2245 Christo,
727 2213 760 2239 et
787 2213 951 2248 concepta
978 2213 1069 2239 certa

89 2269 148 2299 spe
166 2257 406 2299 propagandae
417 2254 610 2295 Ecclesiae,
637 2257 727 2288 nntis
743 2256 880 2288 duobus
895 2254 1070 2289 filiisCain

90 2315 121 2339 et
141 2304 248 2345 Abel,
274 2306 389 2338 subito
409 2306 527 2338 rident
545 2306 610 2338 sibi
629 2306 858 2348 amplissimas
878 2317 952 2348 spes
971 2318 1070 2349 prae-

90 2355 178 2395 cidi,
211 2362 331 2387 necato
363 2355 470 2388 altero
503 2356 594 2396 filio,
628 2357 686 2400 qni
718 2357 856 2389 futurus
881 2363 953 2389 erat
977 2357 1070 2390 velut

90 2405 302 2450 plantarium
326 2417 425 2437 verae
447 2403 640 2446 Ecclesiae,
668 2419 744 2438 cnm
769 2406 855 2438 alter
879 2406 969 2438 filius
991 2418 1069 2449 par-

89 2457 198 2489 ricida
224 2455 414 2499 praeclaras
439 2454 516 2487 illas
540 2466 634 2498 spes,
662 2468 746 2499 quas
771 2457 813 2487 de
837 2456 909 2499 ipso
935 2456 982 2498 pii
1009 2469 1069 2498 pa-

91 2513 205 2539 rentes
228 2511 455 2548 conceperant
481 2506 665 2538 frustratus
683 2513 780 2540 esset.
834 2506 903 2547 Qui
922 2517 998 2537 cum
1017 2518 1069 2539 es-

91 2562 166 2588 sent
187 2553 242 2588 his
268 2556 505 2595 moeroribus,
534 2562 643 2587 totum
666 2556 797 2598 primae
816 2555 934 2588 aetatis
953 2563 1068 2589 cente-

91 2605 228 2638 narium
260 2606 424 2645 confecti,
457 2617 533 2637 cum
566 2606 660 2637 nulla
692 2606 757 2637 iam
786 2613 870 2638 esset
896 2603 1068 2640 Ecclesiae
1094 2635 1097 2641 .

90 2654 212 2694 facies,
239 2666 301 2687 nec
324 2662 435 2698 posset
451 2667 596 2699 usquam
615 2656 797 2699 propagari
813 2655 970 2689 doctrina
989 2669 1066 2690 coe-

669 131 825 167 DECL.
850 131 934 184 'DE
967 130 1253 168 ECCLESIA
1287 130 1544 168 CHRISTI.

266 215 422 249 Fortasse
447 216 512 249 alia
539 217 615 249 aliis
638 217 853 261 temporibus
873 223 1081 260 congruunt.

2042 134 2114 167 602

1105 219 1109 228 v

1134 215 1243 247 lestis:
1273 216 1352 259 quia
1380 217 1560 258 posteritas
1588 214 1676 250 Cain
1702 223 1879 260 paternam
1904 217 2114 260 impietatem

1105 245 1107 287 l
1133 265 1346 305 sectabatur,
1390 272 1421 298 et
1454 267 1630 299 videretur
1662 278 1802 309 prorsus
1828 266 1896 299 iam
1925 267 2115 300 concidisse

1103 291 1108 357 ,l
1131 312 1284 347 Ecclesia
1296 342 1304 353 ,
1331 322 1446 347 tamen
1462 329 1478 347 a
1495 314 1570 348 Deo
1585 316 1778 349 restituitur
1793 323 1826 349 et
1840 323 2008 356 servatur,
2035 317 2114 349 dato

1102 360 1105 402 i
1132 364 1202 396 filio
1222 363 1327 402 Seth,
1355 377 1416 407 per
1439 377 1541 408 quem
1566 366 1741 407 colligitur
1765 367 1892 410 aliquis
1918 373 2050 405 coetus,
2078 367 2114 398 in

1131 425 1199 457 qno
1223 421 1322 446 sonat
1346 427 1410 446 vox
1429 415 1584 447 coelestis
1606 416 1648 447 de
1667 416 1785 448 futuro
1802 416 1951 453 semine,
1979 423 2012 449 et
2031 414 2112 448 hinc

1131 470 1338 507 propagatur
1354 462 1507 496 Ecclesia
1525 471 1661 506 patrum
1679 477 1787 509 usque
1803 467 1843 497 ad
1863 466 2045 499 dilnvium.

1232 513 1301 548 [bi
1339 525 1458 545 rursus
1488 514 1683 546 miseranda
1714 522 1764 547 est
1794 514 1966 547 Ecclesiae
1997 516 2111 556 facies,

1129 575 1200 595 non
1229 564 1341 595 solum
1363 562 1502 596 Cainica
1527 564 1726 606 posteritas,
1765 565 1822 596 sed
1850 565 1952 597 etiam
1975 566 2109 609 reliqua

1127 619 1201 645 orta
1227 625 1244 645 a
1264 613 1441 655 patribus,
1475 613 1534 657 qui
1559 613 1626 646 iam
1654 625 1764 646 annos
1787 614 1840 646 bis
1864 614 1959 646 mille
1984 616 2109 657 guber-

1128 669 1252 695 narant
1270 661 1477 701 Ecclesiam,
1503 663 1615 696 deficit
1639 675 1657 697 a
1681 675 1759 696 vera
1786 664 1929 706 pietate⁷
1957 671 1987 697 et
2010 665 2053 697 ita
2072 665 2107 697 in

1099 725 1101 740 1
1127 719 1259 746 arctum
1284 713 1452 755 redigitur
1467 711 1640 753 Ecclesia,
1664 720 1703 746 ut
1729 725 1767 746 ex
1791 713 1953 746 universa
1974 715 2106 758 reliqua

1127 763 1353 796 multitudine
1383 763 1489 796 totius
1514 761 1658 797 humani
1681 763 1815 805 generis
1840 775 1911 796 non
1937 763 2003 796 nisi
2030 771 2106 797 octo

1125 813 1262 846 animae
1278 820 1467 846 serventur.
1519 813 1639 847 Postea
1658 810 1783 846 horum
1802 813 1905 846 etiam
1923 815 2104 856 posteritas

1125 874 1143 895 a
1173 875 1251 895 vera
1277 863 1446 905 religione
1469 863 1636 896 relabitur
1660 863 1696 895 in
1718 864 1914 896 idolatriam
1930 870 1962 896 et
1980 864 2104 906 impie—

1126 919 1247 953 tatem,
1274 920 1305 945 et
1322 913 1414 946 inter
1428 925 1555 957 paucos
1574 925 1612 945 ex
1632 913 1790 956 patribus
1808 920 1965 946 servatur
1982 912 2104 946 Eccle-

1125 963 1186 996 sia.
1240 961 1286 995 Et
1309 975 1347 995 ex
1371 961 1477 996 huius
1493 963 1649 1007 reliquiis
1667 961 1845 995 Abraham
1863 970 2045 995 revocatur
2061 964 2104 996 ab

1125 1024 1242 1045 errore
1274 1019 1306 1045 et
1340 1013 1520 1050 idolatria,
1562 1014 1604 1045 ad
1637 1013 1898 1045 instaurandam
1922 1020 1953 1044 et
1981 1025 2106 1056 propa-

1124 1063 1272 1104 gandam
1292 1063 1486 1095 doctrinam
1503 1062 1775 1106 promissionum
1791 1063 1832 1094 de
1849 1060 2000 1095 Christo.
2051 1061 2105 1094 Ex

1124 1113 1205 1144 filiis
1223 1111 1316 1144 Isaac
1339 1125 1376 1145 ac
1395 1119 1560 1155 nepotum
1576 1112 1915 1156 peregrinationibus
1931 1112 2104 1153 colligun-

1124 1169 1182 1195 tur
1207 1162 1333 1195 deinde
1359 1163 1469 1206 aliqui
1492 1169 1628 1203 coetus,
1655 1169 1688 1195 et
1710 1162 1868 1195 doctrina
1893 1169 2104 1205 propagatur

1124 1212 1226 1244 etiam
1244 1212 1280 1244 in
1297 1211 1505 1256 Aegyptum.

1226 1260 1314 1294 Vere
1338 1262 1497 1294 miranda
1523 1268 1604 1294 sunt
1626 1262 1781 1304 exempla
1806 1273 1877 1293 non
1901 1259 2007 1294 huius
2024 1268 2102 1294 tan-

1122 1318 1196 1343 tum
1214 1311 1345 1354 primae
1362 1311 1481 1344 aetatis
1497 1309 1670 1344 Ecclesiae
1685 1319 1820 1354 patrum
1832 1338 1842 1352 ‚
1868 1312 1924 1343 sed
1943 1311 2100 1344 omnium

1124 1367 1339 1403 temporum,
1366 1373 1454 1405 quae
1477 1368 1557 1394 sunt
1580 1367 1743 1404 perpetua
1760 1362 1928 1406 quaedam
1946 1361 2102 1394 testimo-

1124 1411 1180 1442 nia
1200 1410 1414 1443 mirabilium
1433 1423 1577 1454 operum
1594 1410 1680 1451 Dei,
1707 1409 1772 1443 hoc
1787 1418 1854 1451 est,
1880 1418 1912 1443 et
1930 1411 2101 1443 adflictio-

1123 1472 1207 1492 num
1224 1472 1262 1492 ac
1278 1472 1542 1500 aerumnarum,
1569 1468 1601 1494 et
1620 1461 1867 1494 liberationum
1882 1460 2065 1493 Ecclesiae.

1224 1509 1293 1542 Sed
1317 1510 1465 1542 maxime
1488 1511 1647 1543 omnium
1670 1510 1906 1543 memorabilis
1923 1517 1973 1543 est
1990 1508 2101 1543 histo-

1121 1559 1172 1591 ria
1209 1559 1428 1592 liberationis
1466 1560 1588 1603 populi
1618 1559 1726 1593 Isra'e'l
1764 1567 1797 1593 et
1832 1561 2026 1593 eductionis
2062 1572 2101 1592 ex

1123 1607 1300 1652 Aegypto,
1343 1615 1375 1641 et
1411 1615 1450 1641 ut
1485 1610 1627 1652 adparet
1667 1609 1824 1642 omnium
1864 1608 2101 1649 historiarum,

1122 1658 1279 1691 omnium
1310 1665 1482 1698 aetatum,
1523 1672 1539 1691 a
1571 1659 1745 1703 principio
1774 1660 1898 1692 mundi
1924 1671 2034 1704 usque
2058 1660 2101 1691 ad

1094 1706 1098 1749 l
1121 1708 1245 1747 finem,
1279 1715 1416 1751 excepta
1447 1708 1519 1752 ipsa
1541 1707 1673 1742 Christi
1704 1709 1863 1752 passione
1890 1716 1922 1742 et
1945 1721 2101 1742 resurre-

1094 1757 1098 1836 φ
1122 1758 1253 1797 ctione,
1280 1758 1382 1800 longe
1399 1759 1558 1792 maxima.
1610 1759 1689 1791 Non
1706 1760 1818 1791 solum
1836 1759 1928 1791 enim
1947 1766 1997 1792 est
2014 1760 2101 1791 ima-

1122 1819 1164 1849 go
1182 1805 1355 1839 Ecclesiae
1377 1807 1534 1840 omnium
1561 1815 1775 1851 temporum,
1800 1810 1857 1841 sed
1882 1809 1984 1840 etiam
2003 1821 2100 1851 prae-

1095 1876 1099 1921 ἲ
1122 1857 1222 1899 cipua
1245 1869 1339 1899 pars,
1367 1858 1471 1900 plena
1497 1858 1690 1900 ingentium
1714 1857 1983 1898 minaculorum,
2013 1870 2101 1902 quae

1095 1926 1099 1954 ι
1122 1913 1155 1940 et
1176 1907 1318 1939 caeteris
1342 1907 1557 1949 temporibus
1579 1908 1725 1950 insignia
1749 1909 1903 1951 exempla
1920 1915 2102 1948 monstrat,

1095 1958 1098 2003 ξ
1123 1968 1210 2001 quae
1232 1963 1420 1996 testantur,
1447 1963 1479 1989 et
1498 1958 1625 1990 servari
1642 1957 1832 1991 Ecclesiam
1850 1970 1888 1990 ac
1905 1958 1974 2000 regi
1991 1970 2009 1991 a
2027 1957 2102 1990 Deo

1123 2007 1196 2039 sine
1230 2006 1409 2049 praesidiis
1439 2003 1618 2048 humanis,
1652 2015 1685 2041 et
1708 2008 1857 2041 exerceri
1882 2008 1986 2040 variis
2011 2008 2102 2041 cala-

1122 2057 1311 2090 unitatibus.

1224 2105 1338 2147 Quam
1364 2104 1579 2139 horrendum
1605 2113 1654 2139 est
1680 2107 1714 2139 in
1740 2105 1804 2139 hoc
1821 2115 1939 2149 coetu,
1966 2109 2025 2153 qui
2043 2121 2100 2149 ge-

1096 2172 1098 2175 *
1122 2155 1167 2189 rit
1197 2167 1325 2188 nomen
1351 2155 1524 2190 Ecclesiae
1549 2155 1631 2195 Dei,
1666 2157 1725 2201 qui
1760 2155 1862 2191 babet
1892 2165 1941 2191 tot
1974 2166 2006 2192 et
2031 2166 2100 2191 tam

1095 2180 1099 2244 i
1123 2205 1269 2238 illustria
1302 2206 1500 2239 testimonia
1526 2207 1725 2239 divinarum
1747 2207 2015 2248 liberationum,
2050 2216 2101 2242 ta-

1095 2264 1100 2309 k
1122 2268 1202 2288 men
1226 2257 1445 2298 praecipuam
1466 2262 1595 2300 partem
1612 2257 1754 2301 populi,
1777 2258 1905 2291 multos
1925 2266 2103 2301 praestan-

1096 2334 1099 2345 ,
1123 2313 1171 2339 tes
1194 2305 1303 2343 viros,
1337 2305 1517 2350 Principes
1541 2313 1573 2338 et
1596 2307 1843 2347 gubernatores
1872 2306 2103 2341 horribilibus

1122 2356 1287 2399 exemplis
1313 2356 1450 2399 puniri,
1485 2356 1745 2389 multitudinem
1767 2357 1867 2390 toties
1885 2358 2005 2401 plecti,
2039 2360 2101 2391 do-

1095 2378 1098 2467 }
1122 2419 1184 2439 nec
1202 2407 1453 2448 propemodum
1472 2406 1631 2438 universa
1649 2407 1737 2449 perit
1755 2419 1874 2440 eorum
1892 2408 1951 2452 qni
1970 2408 2101 2450 ingenti

1095 2471 1098 2508 ἱ
1123 2467 1267 2488 numero
1292 2468 1331 2488 ex
1350 2454 1508 2500 Aegypto
1533 2456 1705 2496 exierant,
1733 2464 1765 2489 et
1788 2463 1902 2490 tamen
1921 2465 2104 2491 servantur

1095 2512 1097 2526 ¹
1122 2506 1258 2550 aliquae
1281 2505 1400 2549 populi
1427 2506 1614 2550 reliquiae,
1649 2517 1736 2550 quae
1761 2515 1964 2541 manserunt
1987 2509 2103 2540 incor-

1120 2563 1261 2599 ruptae.
1302 2563 1334 2588 et
1365 2555 1585 2589 retinuerunt
1618 2556 1796 2589 doctrinae
1829 2558 2036 2601 puritatem,
2072 2564 2104 2589 et

1120 2612 1278 2648 expertae
1303 2613 1381 2637 sunt
1405 2606 1582 2639 mirandas
1605 2606 1849 2648 liberationes,
1877 2608 1961 2641 sicut
1982 2608 2105 2639 ordine

1091 2648 1096 2696 l
1120 2653 1264 2689 historia
1282 2655 1424 2690 indicat.
