2338 2958
65 90 137 126 261

527 86 686 124 DECL.
739 88 813 125 DE
844 88 1173 126 DIGNITATE
1213 62 1659 131 AsTROLOGlAE.

1733 47 1749 62 *t

2029 102 2104 139 262

65 177 214 225 Cyrsili‚
241 188 345 223 quern
361 187 440 209 cum
457 171 693 209 Athenienses
709 176 852 211 dantem
867 177 954 211 utile
969 189 1055 210 con-
1107 188 1225 211 veram
1247 178 1413 213 noticiam
1439 192 1527 220 esse,
1558 183 1619 216 sed
1636 183 1850 220 addiderunt
1869 187 1972 221 etiam
1990 202 2097 235 opor-

65 229 203 269 silium,
243 228 303 260 sed
338 225 585 267 inhonestum,
625 227 803 271 lapidibus
835 228 1054 268 obruissent,

63 279 226 313 mulieres
244 278 347 312 etiam
362 275 600 312 Athenienses
612 277 686 311 eius
708 290 851 312 uxorem
873 279 1052 323 lapidave-

62 337 162 364 runt:
191 335 323 364 tantam
346 340 419 362 esse
436 329 507 361 vim
529 325 721 362 honestatis
736 327 971 363 Athenienses
989 342 1051 363 vo-

61 381 221 421 luerunt,
249 387 289 414 ut
304 391 397 413 novo
415 379 573 423 exemplo
597 386 761 424 putarent
778 380 816 413 in
837 392 915 413 eum
934 381 1050 414 anim-

60 432 244 465 adversum
265 443 354 471 esse,
387 430 449 476 qui
473 431 660 464 utilitatem
686 431 948 464 anteferendam
978 443 1050 465 esse

60 482 247 516 iudicasset
264 479 450 516 honestati.
499 480 601 514 Talia
618 489 823 515 ornamenta
842 489 919 526 apte
934 489 1048 516 trans-

58 533 126 568 lata
139 531 376 577 {inlnostram
403 532 617 572 orationem,
654 544 727 565 non
756 533 863 566 modo
890 533 1048 576 gratiam,

58 584 116 618 sed
141 584 246 618 etiam
269 584 492 618 autoritatem
515 583 717 617 conciliant.
771 583 885 628 Supra
906 584 979 617 dixi
1004 585 1046 617 de

58 635 174 671 verhis
197 641 230 668 et
252 634 436 668 sententiis
458 634 703 677 excerpendis²
731 630 814 667 haec
831 647 914 668 vero
934 635 1047 668 maior

57 685 122 719 erit
140 686 292 727 utilitas,
321 686 475 728 integros
496 684 590 717 locos
609 684 735 717 ordine
752 696 981 728 cognoscere,
1013 693 1045 720 et

56 748 178 770 eorum
192 737 322 769 formas
338 743 468 776 tenere,
488 746 573 779 quas
589 735 643 768 vel
662 735 852 776 imitemur,
870 737 923 769 vel
941 749 1043 770 usur-

55 799 178 832 pemus
195 799 274 821 cum
291 798 379 831 opus
397 787 482 824 erit,
510 786 592 831 quia
610 798 688 819 cum
707 787 826 819 omnia
845 788 987 831 negocia
1007 789 1042 821 in

54 838 124 872 vita
150 839 351 871 referuntur
372 838 415 870 ad
441 837 526 871 tales
551 837 663 877 loc05,
691 849 829 871 necesse
853 845 902 871 est
926 845 963 872 ut
983 852 1042 871 co-

52 889 150 933 piose
168 888 356 922 instructos
373 895 476 933 atque
493 894 631 931 paratos
649 885 848 929 habeamus,
876 901 915 922 ac
930 890 1040 923 sicubi

52 940 201 973 deerunt
222 937 286 972 hae
309 951 410 983 opes,
445 939 473 971 is
499 939 634 971 nullam
659 951 797 972 causam
822 952 936 984 neque
951 948 1041 974 recte

52 989 224 1031 iudicare,
249 1002 363 1035 neque
379 990 470 1023 clare
486 1001 658 1034 exponere
677 991 816 1034 poterit.
872 991 964 1026 Dixi.

61 1167 129 1204 No.
153 1168 214 1203 35.
877 1181 923 1199 au.
947 1171 1038 1201 1535.

270 1269 499 1322 Dignitas
529 1268 815 1325 astroloyiae.

116 1360 195 1392 Apud
217 1357 290 1383 Crat.
310 1357 379 1389 Myt.
406 1366 431 1389 p.
446 1356 495 1380 ‘MS
510 1365 582 1388 sqq.,
616 1356 643 1381 in
663 1355 812 1381 Declamat.
836 1356 867 1382 Τ.
883 1357 903 1382 Ι.
931 1367 955 1391 p.
971 1357 1037 1387 376„

149 1392 266 1418 Servest.
285 1390 316 1417 Τ.
333 1390 352 1415 l.
374 1399 400 1423 p.
414 1389 474 1415 325.
494 1394 520 1414 et
539 1389 663 1414 ttichard.
684 1390 717 1413 T.
733 1390 752 1414 Ι.
774 1400 798 1424 p.
812 1391 871 1416 473.

46 1476 175 1509 Oratio
201 1472 247 1507 de
265 1470 457 1518 dignitate
477 1471 724 1515 astrologiae,
753 1468 859 1503 dicta
887 1472 925 1504 in
949 1450 1035 1514 pro-

44 1527 206 1560 motione
232 1524 505 1569 Mayislrorum
541 1532 563 1554 α
596 1519 761 1554 Iacobo
793 1520 1032 1563 Milichie,

339 1584 436 1607 anno
460 1572 740 1606 111.D..12YXV.

44 1645 191 1696 Optime
219 1649 421 1683 institutum
451 1655 519 1687 est,
554 1654 591 1680 ut
618 1648 655 1680 in
685 1645 739 1679 his
764 1647 969 1691 spectaculis
992 1648 1034 1679 de

43 1702 213 1746 dignitate
248 1701 376 1734 artium
412 1706 445 1733 et
477 1701 518 1731 de
548 1698 716 1731 virtutum
751 1698 854 1731 laude
888 1697 1033 1738 dicatur,

42 1755 136 1799 quod
155 1765 193 1786 ea
209 1751 321 1785 oratio
339 1763 417 1784 cum
436 1751 478 1782 ad
505 1750 687 1782 formanda
713 1749 842 1781 iudicia
869 1749 1031 1782 iuventu-

41 1805 103 1844 tis,
129 1811 205 1838 tum
233 1803 275 1835 ad
299 1803 541 1835 accendendos
565 1801 700 1833 animos
726 1801 769 1832 ad
793 1811 947 1832 amorem
969 1800 1031 1832 bo-

41 1867 167 1889 narum
194 1866 330 1893 rerum,
367 1864 528 1895 magnam
553 1851 623 1883 vim
645 1849 761 1883 habet.
816 1848 892 1883 Etsi
917 1859 1030 1884 autem

41 1906 226 1950 praecipue
251 1905 338 1938 solet
362 1905 402 1936 ad
427 1902 617 1935 iuventutis
643 1901 830 1934 utilitatem
859 1899 924 1934 hoc
956 1902 1029 1934 loco

41 1955 295 1990 accommodari
326 1954 459 1993 oratio,
493 1959 609 1985 tamen
644 1964 686 1983 ne
721 1952 864 1985 caeteris
887 1952 1028 1996 quidem

38 2007 148 2040 ullam
164 2019 324 2039 acroama
343 2012 393 2038 est
413 2003 614 2042 iucundius,
642 2014 745 2047 quam
764 2002 890 2035 artium
909 2012 940 2035 et
959 2003 1029 2035 vir-

39 2064 154 2092 tutum
171 2057 347 2097 encomia,
375 2067 460 2100 quas
477 2062 513 2087 ut
531 2055 679 2099 quisque
699 2053 879 2095 intelligit,
906 2054 952 2086 ita
971 2065 1029 2085 ve—

39 2106 301 2142 hementissime
325 2107 533 2141 admiratur.
588 2105 707 2147 Quare
731 2104 791 2136 etsi
823 2104 936 2137 oratio
962 2117 1025 2137 no-

39 2167 107 2194 stra
129 2159 243 2203 aptior
266 2159 384 2193 futura
403 2164 475 2190 erat
499 2155 693 2195 iuventuti,
721 2162 837 2188 tamen
863 2167 906 2187 ne
930 2156 1027 2188 vobis

39 2210 181 2255 quidem
201 2210 372 2253 ingratam
389 2209 463 2241 sore
480 2208 631 2246 confido,
660 2218 810 2251 quorum
829 2219 897 2251 quo
916 2206 1028 2239 maior

39 2267 88 2294 est
115 2260 266 2294 eruditio
288 2267 320 2294 et
344 2259 552 2303 prudentia,
584 2270 623 2291 eo
650 2257 758 2299 magis
783 2257 946 2290 delectari
967 2270 1026 2290 vos

38 2311 250 2355 cogitatione
266 2311 338 2355 ipsa
359 2310 486 2343 artium
505 2309 668 2343 arbitror.
710 2307 831 2341 Dicam
851 2314 967 2341 autem
985 2309 1026 2341 de

39 2374 75 2396 ea
102 2370 196 2407 parte
217 2361 454 2403 Astrologiae‚
483 2372 571 2405 quae
587 2361 629 2392 de
657 2361 820 2404 syderum
845 2359 1025 2392 effectibus

37 2412 74 2447 in
98 2421 222 2448 natura
249 2412 415 2446 inferiore
431 2411 597 2454 disputat.
653 2410 761 2455 ldque
780 2417 1023 2452 argumentum

38 2475 78 2497 eo
96 2464 228 2509 sumpsi
254 2463 440 2502 libentius,
468 2461 549 2506 quia
577 2458 663 2493 mihi
681 2474 752 2493 non
774 2460 810 2493 in
832 2461 932 2493 turba
958 2461 1024 2493 im—

38 2515 251 2559 peritorum,
286 2515 344 2548 sed
369 2513 461 2557 apud
488 2510 647 2545 homines
673 2513 794 2545 doctos
811 2518 844 2545 et
861 2508 1023 2545 Philoso-

37 2562 141 2610 phiae
170 2557 325 2607 deditos,
357 2564 546 2597 dicendum
577 2573 648 2595 esse
677 2562 924 2606 intelligebam.
977 2562 1023 2597 Ut

37 2623 151 2650 autem
175 2615 301 2651 Graeci
327 2613 502 2650 Rhetores
525 2625 661 2647 summa
686 2614 874 2657 prudentia
899 2613 934 2645 in
960 2614 1023 2646 de-

37 2666 196 2701 finitione
222 2667 305 2701 artis
322 2667 486 2701 dixerunt
511 2672 620 2699 artem
639 2675 711 2698 nou
729 2664 842 2698 solum
862 2670 1022 2708 oportere

1107 233 1180 261 tere
1193 228 1316 262 utilem
1333 231 1377 262 ad
1396 231 1503 265 vitam
1520 244 1609 267 esse:
1635 234 1682 268 ita
1698 246 1760 278 ego
1780 243 1959 283 utrunque
1974 241 2096 286 dispu-

1106 278 1200 319 tabo,
1219 286 1251 313 et
1263 292 1380 312 veram
1391 293 1463 315 esse
1474 283 1669 318 doctrinam
1682 287 1725 320 de
1741 288 1949 322 coelestibus
1964 291 2096 327 effecti-

1105 329 1170 362 bus
1187 337 1219 363 et
1244 342 1387 374 magnas
1402 333 1445 364 ad
1466 333 1574 366 vitam
1599 336 1766 371 utilitates
1786 338 1923 375 afferre.
1976 341 2094 388 Atque

1104 377 1160 412 bic
1179 381 1357 425 principio
1373 394 1392 415 a
1410 382 1510 416 vobis
1526 392 1624 427 peto,
1652 389 1745 431 quod
1765 390 2015 434 aequissimum
2033 402 2095 436 est,

1103 442 1147 463 ne
1170 432 1357 465 conferatis
1381 432 1417 465 in
1435 440 1544 467 artem
1562 443 1675 469 errata
1694 439 1884 482 artificum,
1911 455 1978 487 qua
1995 445 2038 478 de
2055 457 2092 480 re

1102 482 1242 525 longius
1260 480 1347 515 mihi
1364 484 1554 517 dicendum
1574 493 1678 527 esset,
1713 489 1782 521 nisi
1806 493 1899 534 apud
1924 495 2089 530 eruditis-

1101 532 1206 566 simos
1231 530 1393 567 homines
1422 532 1610 569 haberetur
1639 539 1765 573 oratio.
1825 540 1894 575 Sed
1916 544 2012 578 aliud
2039 554 2090 581 est

1100 583 1251 625 crimen,
1285 586 1379 629 quod
1404 586 1507 619 etiam
1532 589 1624 630 apud
1655 589 1775 623 doctos
1800 591 1954 628 detrahit
1984 596 2087 631 fidem

1099 635 1183 675 arti,
1211 637 1304 680 quod
1324 636 1485 670 videlicet
1511 637 1546 669 in
1566 635 1630 671 hac
1649 639 1785 674 infinita
1802 653 1943 676 casuum
1963 644 2089 681 huma—

1100 697 1226 718 norum
1251 686 1436 727 varietate,
1474 699 1529 720 ars
1554 689 1625 732 ipsa
1651 702 1724 723 non
1758 694 1936 735 praevidet
1959 699 2088 733 omnia.

1098 735 1234 779 Negant
1252 737 1359 780 igitur
1378 735 1539 771 hominos
1555 740 1647 773 acuti
1673 748 1800 782 artem,
1827 740 1892 777 hoc
1911 752 1981 786 est,
2006 750 2088 782 uui-

1099 789 1266 820 versalem
1287 795 1318 822 et
1335 796 1538 832 perpetuam
1554 791 1750 824 doctrinam
1771 793 1914 828 existere
1932 809 2031 840 posse
2047 812 2086 833 ex

1098 838 1369 881 particularibus
1392 852 1582 883 paucorum
1612 850 1801 876 eventuum
1829 845 2087 883 observationi-

1098 890 1172 927 bus,
1195 891 1292 933 quasi
1311 903 1392 923 vero
1411 898 1469 924 aut
1481 891 1662 926 Medicina
1681 895 1824 928 morbos
1841 905 1938 931 curet
1954 911 2086 942 omnes,

1096 947 1154 973 aut
1179 941 1319 983 politica
1336 942 1506 986 sapientia
1524 954 1646 976 omnes
1663 943 1884 990 Rerumpub.
1900 955 2086 993 tempesta-

1096 998 1145 1023 tes
1165 992 1380 1035 prospicere,
1407 993 1540 1025 mederi
1561 995 1729 1028 omnibus
1748 996 1982 1032 incommodis
2006 1014 2086 1045 pos-

1095 1041 1149 1075 sit.
1192 1040 1236 1075 Εἰ
1257 1049 1371 1075 tamen
1396 1045 1659 1077 concedendum
1679 1053 1746 1084 est,
1775 1049 1885 1082 multa
1901 1051 2084 1097 utriusque

1094 1093 1177 1125 artis
1191 1105 1268 1126 vera
1278 1101 1309 1126 et
1325 1094 1424 1127 firma
1441 1103 1620 1139 praecepta
1640 1108 1722 1135 esse,
1739 1104 1771 1130 et
1786 1100 1828 1132 ad
1843 1100 1949 1134 vitam
1968 1103 2081 1139 utilia.

1096 1142 1146 1176 Ita
1172 1151 1253 1177 sunt
1281 1142 1385 1178 huius
1405 1145 1625 1179 divinati-icis
1643 1159 1743 1181 verae
1761 1151 1932 1193 quaedam
1952 1160 1983 1187 et
2004 1166 2084 1197 per-

1095 1201 1215 1238 petuae
1247 1195 1536 1237 significationes,
1574 1197 1756 1239 pauciores
1788 1200 1952 1241 fortasse,
1990 1202 2081 1239 nibil

1092 1246 1184 1278 enim
1204 1246 1405 1285 dissimulo,
1435 1260 1538 1292 quam
1558 1247 1800 1291 Medicorum,
1827 1264 1907 1285 nam
1928 1251 2011 1288 baec
2027 1268 2083 1290 ars

1093 1303 1250 1329 versatur
1275 1298 1309 1329 in
1336 1299 1440 1330 rebus
1466 1299 1588 1341 procul
1614 1299 1736 1342 positis
1753 1313 1771 1334 a
1794 1309 1914 1336 nostro
1935 1317 2081 1350 conspe-

1091 1354 1164 1387 ctu;
1200 1354 1232 1380 et
1268 1360 1346 1380 cum
1374 1345 1560 1381 hominum
1597 1355 1869 1393 temperamenta
1897 1366 2081 1402 moresque

1091 1397 1259 1431 diiudicet
1282 1405 1315 1431 et
1335 1399 1546 1432 vaticinetur
1571 1400 1613 1432 de
1637 1401 1766 1434 futuris
1785 1404 2016 1439 maximarum
2042 1408 2080 1441 in

1091 1447 1158 1478 vita
1178 1458 1295 1479 rerum
1319 1449 1591 1490 mutationibus,
1619 1451 1788 1486 divinitas
1812 1456 1982 1498 quaedam
2008 1470 2080 1493 esse

1089 1496 1239 1531 videtur.
1293 1496 1411 1540 Quare
1427 1498 1563 1531 etiamsi
1580 1511 1652 1532 non
1673 1508 1741 1534 tam
1764 1505 1895 1538 multae
1911 1515 1992 1541 sunt
2012 1507 2079 1543 hu-

1089 1546 1142 1579 ius
1159 1547 1242 1579 artis
1259 1547 1590 1589 demonstrationes,
1614 1563 1718 1594 quam
1736 1560 1950 1589 caeterarum
1970 1559 2080 1594 levio-

1090 1610 1165 1630 rum
1185 1597 1312 1630 artium
1328 1623 1335 1636 ‚
1348 1599 1445 1633 fartis
1463 1597 1530 1632 hoc
1549 1602 1784 1643 magnitudini
1802 1605 1988 1641 tribuatur.
2032 1609 2079 1645 Et

1088 1648 1231 1692 quidem
1256 1661 1295 1681 eo
1309 1650 1446 1683 maiore
1465 1662 1546 1683 cura
1566 1653 1919 1702 quantulumcunque
1943 1666 1992 1693 est
2011 1657 2077 1694 liu-

1089 1700 1141 1732 ius
1173 1700 1276 1737 artis,
1315 1702 1410 1744 quod
1441 1701 1556 1745 superi
1589 1711 1831 1739 monstrarunt
1861 1706 2077 1749 hominibus,

1087 1750 1287 1783 conservari
1318 1753 1440 1794 debet,
1472 1765 1512 1785 eo
1545 1753 1678 1787 maiore
1710 1756 1826 1789 studio
1861 1758 2077 1797 intendenda

1086 1813 1182 1833 mens
1206 1809 1255 1834 est
1286 1801 1322 1833 iu
1350 1799 1410 1835 has
1441 1802 1731 1844 significationes,
1766 1819 1855 1851 quae
1879 1819 2077 1855 compertae

1084 1850 1178 1891 suut,
1206 1864 1285 1884 nam
1303 1850 1427 1885 harum
1446 1865 1587 1898 quoque
1604 1856 1754 1890 maxima
1773 1858 1824 1890 vis
1843 1866 1902 1897 est,
1928 1868 1961 1895 et
1980 1865 2072 1897 mul-

1085 1903 1191 1946 tiplex
1211 1903 1246 1935 in
1265 1902 1332 1935 vita
1350 1904 1493 1937 utilitas.
1531 1904 1609 1938 Non
1625 1907 1739 1939 solum
1756 1908 1878 1952 inepti,
1896 1913 1955 1944 sed
1972 1915 2075 1947 etiam

1085 1953 1238 1996 improbi
1253 1960 1351 1993 sunt,
1379 1955 1439 2000 qui
1458 1955 1552 1988 falsis
1568 1958 1856 1999 persuasionibus
1871 1973 1997 1997 ornare
2014 1973 2075 2000 aut

1084 2004 1297 2046 amplificare
1314 2012 1404 2037 artes
1421 2013 1604 2039 conantur.
1637 2006 1710 2049 Ego
1729 2009 1879 2052 ingenue
1896 2014 2073 2056 profiteor,

1083 2067 1153 2086 nou
1183 2055 1343 2086 omnium
1367 2063 1556 2089 eventuum
1584 2057 1856 2100 significationes
1880 2074 2073 2108 compertas

1084 2117 1172 2143 esse,
1201 2107 1258 2137 sed
1280 2105 1372 2138 idem
1390 2107 1526 2139 affirmo
1545 2108 1672 2141 multas
1691 2121 1762 2143 esse
1779 2119 1890 2145 certas
1910 2115 2073 2150 minime-

1082 2168 1147 2200 que
1172 2156 1311 2189 fallaces
1335 2157 1624 2200 significatione8‚
1653 2172 1737 2204 quas
1760 2161 1788 2194 si
1808 2163 1886 2207 quis
1911 2166 2073 2201 animad—

1082 2207 1241 2244 verterit,
1279 2219 1445 2250 magnum
1470 2210 1511 2241 ad
1539 2211 1724 2252 regendam
1753 2219 1915 2247 naturam
1943 2224 1975 2250 et
1999 2219 2073 2262 ple-

1081 2269 1206 2302 rosque
1232 2258 1391 2291 fortunae
1415 2259 1564 2303 impetus
1581 2261 1850 2303 gubernandos,
1875 2266 2073 2303 adminicu-

1082 2309 1151 2341 lum
1178 2306 1292 2343 habet.
1348 2310 1526 2343 Extenuat
1558 2307 1647 2344 hanc
1673 2319 1783 2345 artem
1816 2321 1849 2347 et
1874 2314 2072 2353 Favorinus

1079 2361 1169 2402 apud
1187 2359 1364 2403 Gellium,
1394 2367 1426 2393 et
1453 2360 1537 2394 dicit
1555 2373 1661 2403 pauca
1683 2358 1854 2408 quaedam
1873 2369 2070 2409 praevideri

1078 2408 1415 2455 παχινμερὲσηρον,
1454 2424 1525 2443 non
1554 2412 1668 2445 solum
1696 2426 1768 2446 uon
1797 2427 1973 2460 repugno,
2008 2423 2069 2455 sed

1078 2461 1180 2494 etiam
1201 2462 1360 2504 plausum
1376 2462 1434 2500 dt).
1462 2463 1555 2507 quod
1573 2463 1619 2497 ait
1638 2464 1969 2513 παχυμερέστερον,
1995 2483 2072 2505 am-

1080 2512 1234 2555 plissimo
1254 2512 1439 2555 praeconio
1459 2514 1596 2548 ornavit
1612 2522 1740 2552 artem,
1767 2516 1941 2561 siquidem
1961 2533 2069 2566 quae-

1076 2564 1155 2595 dam
1174 2562 1209 2596 in
1231 2570 1352 2596 natura
1369 2569 1428 2596 aut
1451 2564 1609 2597 moribus
1628 2566 1812 2610 praecipua
1836 2569 2068 2606 animadverti

1078 2625 1177 2658 posse
1204 2614 1334 2658 inquit:
1363 2612 1411 2647 At
1428 2626 1467 2648 ex
1487 2613 1540 2648 his
1565 2613 1726 2649 homiues
1747 2629 1884 2661 sagaces
1914 2621 2066 2664 plurima

1075 2672 1192 2709 postea
1218 2664 1386 2699 iudicant.
1410 2664 1577 2730 *Videtis
1602 2667 1636 2700 in
1660 2668 1818 2701 moribus
1834 2681 1938 2713 quam
1954 2672 2065 2707 multa

1355 2717 1400 2750 17
