2338 2958
188 127 260 162 163

191 212 436 246 instructiores
459 211 639 245 accedatis,
698 208 802 251 Quod
829 209 859 242 si
887 208 1076 242 dimidium
1099 208 1182 242 facti

193 264 254 308 qui
268 264 359 297 bene
376 263 489 306 coepit
512 260 633 300 habet,
660 260 815 303 profecto
833 267 866 293 et
888 271 950 293 vos
967 260 1005 293 in
1023 259 1183 304 superio-

193 315 293 348 ribus
317 312 513 357 disciplinis
537 312 614 355 plus
639 311 914 356 promovebitis,
949 311 1087 344 sirecte
1105 320 1184 342 coe-

193 365 336 409 peritis,
370 362 435 396 hoc
460 369 527 402 est,
560 362 590 394 si
612 373 731 394 earum
755 362 955 401 literarum,
990 362 1034 394 de
1055 361 1184 405 quibus

195 416 296 456 dico,
329 413 509 447 scientiam
542 413 585 445 ad
612 423 668 445 eas
692 413 892 446 attuleritis.
950 411 1047 445 Ilaec
1071 422 1186 456 quan-

195 478 299 511 quam
316 464 437 498 sedulo
453 469 693 507 praeceptores
708 463 815 497 vestri
831 469 994 503 monent,
1019 469 1136 496 tamen
1153 468 1187 494 et

195 528 276 559 ego,
311 515 392 560 quia
422 514 468 548 ita
496 514 629 548 serebat
653 521 807 559 tempus,
840 513 994 547 iudicavi
1023 513 1123 547 vobis
1149 512 1187 544 in

195 566 399 600 memoriam
417 577 489 598 esse
504 565 706 608 redigenda.
760 563 854 599 Dixi.

194 763 260 797 No,
275 765 337 800 20,
1017 778 1066 798 an.
1095 765 1189 797 1528.

481 863 556 903 De
587 862 786 904 Hem-ico
809 862 902 904 III.

266 943 347 977 Apud
369 942 442 967 Crat.
461 940 530 974 Myt.
550 949 575 974 p.
591 939 665 973 378.‚
692 940 718 965 in
739 940 889 966 Declamat.
910 940 943 967 T.
961 940 996 966 ll.
1018 950 1043 975 p.
1059 941 1135 974 558„
1162 941 1190 967 in

299 978 418 1003 Servest.
433 975 466 1000 ll.
487 985 512 1009 p.
527 975 602 1004 548„
627 974 696 1009 apud
715 974 840 1000 Richard.
856 975 891 1001 ll.
913 985 938 1010 p.
955 975 1016 1002 851.

195 1058 366 1093 Historia
403 1055 449 1089 de
486 1056 694 1089 Henrico
727 1056 799 1088 ΙΙΙ.
840 1057 1092 1100 Imperatore,
1145 1067 1190 1090 ac

384 1104 623 1151 liudolpho
650 1102 767 1139 Duce
794 1107 1000 1142 simoniae.

197 1176 510 1226 Quemadmodum
536 1179 574 1212 in
599 1179 766 1213 omnibus
791 1180 869 1213 aliis
893 1181 1027 1214 artibus
1048 1182 1191 1214 traden-

195 1234 249 1267 dis
267 1243 391 1275 magna
409 1231 461 1263 vis
475 1237 525 1264 est
535 1231 776 1274 exemplorum
791 1257 799 1270 ,
827 1231 874 1264 ita
891 1232 1082 1275 praeceptis
1099 1239 1190 1265 recte

195 1283 341 1317 vivendi
366 1293 420 1315 res
443 1288 574 1325 gestae,
603 1287 636 1314 et
653 1281 764 1314 exitus
780 1281 870 1314 bene
888 1289 946 1315 aut
964 1294 1061 1315 secus
1082 1283 1192 1317 sacto-

196 1347 295 1372 rum,
323 1344 488 1375 magnnm
515 1332 636 1364 lumen
661 1333 813 1364 addunt:
851 1339 884 1365 et
907 1330 1000 1365 haud
1028 1333 1118 1373 scio,
1146 1345 1190 1366 an

196 1385 304 1428 magis
323 1383 426 1416 etiam
444 1375 548 1427 quam
568 1382 641 1425 ipsa
660 1388 842 1425 praecepta
857 1383 993 1415 animos
1005 1380 1190 1416 hominum

196 1437 240 1470 ad
264 1435 430 1468 virtutem
449 1433 634 1466 colendam
659 1432 860 1466 exuscitent.
912 1432 1002 1466 'Nam
1019 1440 1052 1467 et
1067 1432 1191 1467 Evan-

197 1487 260 1520 der
283 1497 362 1519 cum
385 1485 458 1517 filio
477 1483 573 1517 domi
590 1484 726 1516 tradere
743 1483 862 1516 omnia
887 1484 930 1516 de
948 1483 1051 1526 regiis
1068 1484 1191 1517 officiis

196 1530 379 1582 praecepta
402 1541 538 1579 posset,
568 1533 692 1567 maluit
717 1533 747 1566 ei
767 1534 886 1567 vivum
914 1535 1093 1577 exemplar
1109 1547 1192 1579 pro-

198 1599 347 1633 ponere,
384 1586 420 1618 in
446 1585 539 1630 quod
564 1590 635 1617 tota
660 1591 794 1625 mente,
827 1591 973 1629 totoque
997 1585 1114 1618 animo
1134 1586 1187 1618 in-

198 1644 372 1676 tueretur,
400 1638 566 1681 quodqtie
583 1635 776 1674 exprimere
799 1636 946 1667 summis
963 1635 1098 1669 viribus
1118 1644 1192 1670 stu-

199 1691 306 1723 deret.
360 1687 418 1721 Sic
441 1686 534 1719 enim
554 1687 778 1718 commendat
797 1698 877 1718 eum
894 1685 1049 1720 Aeneae:

728 1747 777 1768 tua
797 1751 914 1769 cernere
932 1742 1009 1770 sacta

301 1793 486 1828 Adsueseat‚
522 1793 625 1830 primis
648 1796 675 1819 et
698 1797 726 1819 te
749 1793 872 1820 miretur
897 1793 932 1820 ab
961 1793 1056 1823 annis.

201 1843 323 1887 ltaque
354 1841 546 1885 prudenter
574 1840 686 1872 facere
718 1838 899 1872 iudicandi
927 1847 1027 1878 sunt,
1068 1839 1127 1883 qui
1155 1838 1191 1871 in

199 1893 295 1928 hunc
311 1893 425 1925 locum
448 1889 691 1923 memorabilia
708 1891 864 1934 exempla
883 1891 1034 1924 afferunt
1047 1917 1055 1931 ‚
1082 1890 1136 1922 vel
1155 1895 1193 1922 ut

201 1945 268 1990 ipsi
287 1942 529 1976 instructiores
554 1941 595 1973 ad
623 1941 728 1973 vitam
755 1948 847 1975 recte
873 1943 1042 1984 agendam
1067 1947 1192 1973 tracta-

202 1997 297 2029 tione
327 1994 470 2026 illorum
506 1993 674 2029 evadant,
712 1991 892 2025 intuemur
924 1993 1018 2025 enim
1049 1991 1194 2036 propius

202 2058 290 2091 quae
310 2045 374 2088 ipsi
393 2043 596 2083 scribimus,
624 2042 677 2075 vel
697 2042 801 2075 etiam
827 2049 865 2076 ut
881 2044 1030 2076 aliorum
1049 2042 1192 2076 utilitati

202 2097 399 2131 consulant.
459 2093 536 2137 Ego
571 2093 678 2136 igitur
709 2105 781 2126 non
811 2095 969 2127 dubitavi
1011 2091 1194 2127 historiam

204 2148 381 2194 quandam
405 2143 473 2178 huc
501 2144 642 2184 afferre,
675 2157 747 2177 non
773 2145 922 2189 perinde
945 2145 1111 2178 omnibus
1130 2157 1195 2177 no-

205 2206 290 2232 tam:
319 2202 455 2240 sumpta
473 2202 523 2229 est
549 2196 642 2228 enim
662 2208 700 2228 ex
724 2196 827 2228 rebus
842 2196 945 2238 gestis
962 2195 1196 2229 Germanicu-

204 2262 283 2283 rum
311 2247 583 2291 imperatorum,
617 2259 705 2291 quae
732 2247 890 2288 nullum,
916 2255 954 2281 ut
977 2247 1089 2287 scitis,
1117 2247 1196 2279 lite·

207 2312 324 2333 rarum
347 2299 465 2330 lumen
490 2295 603 2330 habet.
665 2298 878 2343 Quanquam
896 2306 1011 2331 autem
1034 2297 1194 2331 videbam

207 2364 278 2384 non
304 2362 374 2382 esse,
399 2348 583 2381 mediocris
606 2348 765 2385 artificis,
793 2349 966 2382 eiusmodi
992 2361 1045 2382 res
1064 2362 1081 2382 e
1100 2356 1195 2382 tene-

208 2402 280 2434 bris
303 2406 417 2432 erutas
443 2399 617 2432 illustrare
642 2412 679 2431 ac
703 2412 847 2439 ornare,
884 2407 998 2433 tamen
1027 2401 1062 2432 in
1085 2399 1195 2444 patria

207 2452 325 2497 aliqua
364 2448 506 2483 historia
538 2450 644 2482 malui
669 2462 809 2493 operam
836 2463 990 2491 sumere,
1029 2463 1134 2497 quam
1160 2450 1195 2482 in

208 2502 401 2548 peregrina.
462 2500 582 2544 'l'urpe
605 2507 652 2533 est
678 2501 771 2533 enim
802 2503 923 2544 nohis,
955 2515 1034 2535 cum
1055 2503 1088 2534 iu
1111 2500 1197 2534 alia-

208 2566 286 2587 rum
312 2552 466 2595 gentium
489 2552 592 2584 rebus
615 2551 719 2593 gestis
738 2552 958 2597 inquirendis
978 2561 1047 2587 tam
1067 2552 1194 2586 curiosi

210 2605 336 2643 simus,
364 2603 568 2635 domesticas
585 2603 763 2643 ignorare,
790 2616 851 2636 nec
869 2605 1041 2638 maiorum
1058 2611 1196 2637 nostro-

210 2668 288 2689 rum
323 2654 489 2691 salutem,
539 2665 660 2686 omues
702 2654 792 2687 vires
825 2667 1001 2700 omneque
1039 2655 1196 2690 studium

210 2705 445 2746 contulerint,
479 2703 552 2737 iure.
580 2703 771 2748 poterimus
804 2705 1069 2749 ingratitudinis
1093 2717 1196 2741 accu-

844 121 1007 158 DECL.
1047 119 1125 158 DE
1163 120 1438 160 HENRICO
1474 121 1553 157 111.
1940 137 1954 148 ·

2148 126 2221 163 164

1234 209 1321 250 sari,
1357 209 1386 242 si
1413 208 1621 241 memoriam
1654 219 1776 242 eorum
1804 209 1867 253 qui
1891 210 1935 243 de
1957 210 2062 244 nobis
2093 212 2229 255 optime

1236 260 1353 293 meriti
1383 266 1483 300 sunt,
1525 269 1732 292 conservare
1761 271 1834 292 non
1865 272 2046 295 conemur.
2108 262 2231 305 Quare

1236 311 1373 344 tametsi
1385 310 1578 343 sentiebam
1596 321 1652 342 me
1669 321 1742 342 non
1758 321 1858 354 posse
1875 322 1938 355 pro
1955 311 2126 355 dignitate
2139 310 2231 348 hanc

1237 373 1374 394 causam
1393 373 1498 406 quam
1517 360 1650 403 suscepi
1674 372 1866 404 exponere,
1891 368 2009 395 tamen
2034 363 2233 398 arbitrabar

1239 424 1299 445 vos
1319 412 1421 445 facile
1439 408 1528 444 mihi
1555 411 1694 443 veniam
1717 411 1860 445 daturos
1884 424 1975 451 esse,
2003 413 2086 458 quia
2105 414 2233 457 pietate

1239 474 1318 506 erga
1337 463 1484 506 patriam
1500 463 1673 495 adductus
1696 461 1732 494 in
1758 462 1819 495 tali
1839 471 2047 507 argumento
2067 464 2160 498 vires
2175 466 2233 499 in-

1240 514 1332 557 genii
1352 513 1501 558 experiri
1517 524 1590 546 non
1613 519 1789 546 ostentare
1804 513 2006 547 voluissem.
2058 512 2111 548 Ac
2134 516 2234 560 prin—

1241 565 1331 608 cipio
1349 565 1449 598 vobis
1465 562 1648 598 historiam
1667 564 1822 597 recitabo
1838 575 1941 608 quam
1959 572 2081 609 potero
2098 566 2235 600 brevis-

1241 616 1345 655 sime,
1380 621 1498 660 postea
1523 627 1694 659 exponam
1719 626 1808 659 quae
1833 615 1917 649 inde
1936 616 2070 650 utilitas
2097 618 2236 662 excerpi

1241 667 1359 710 possit.
1415 666 1486 709 Qui
1509 665 1602 698 enim
1627 666 1674 699 ita
1697 665 1780 708 legit
1809 662 1993 708 historias,
2026 674 2065 701 ut
2081 665 2173 701 nihil
2191 670 2235 702 ad

1242 728 1344 750 suum
1369 729 1471 751 usum
1498 717 1580 749 inde
1605 717 1809 756 transferat,
1850 729 1922 749 non
1953 717 2036 750 satis
2059 719 2236 763 perspicit,

1243 768 1327 812 quid
1344 767 1481 801 consilii
1497 765 1686 800 habuerint
1702 767 1951 811 sapientissimi
1968 765 2147 810 homines,
2173 770 2236 815 qui

1243 818 1347 862 primi
1367 825 1596 851 monumenta
1614 830 1732 851 rerum
1753 825 1927 861 gestarum
1945 819 1988 851 ad
2005 826 2164 863 posteros
2181 832 2237 854 re-

1243 869 1359 914 linqui
1383 875 1608 902 curaverunt.
1674 867 1769 902 Ante
1791 881 1904 902 annos
1927 869 1999 902 fere
2025 871 2239 915 quingentos

1245 919 1397 953 Romani
1417 919 1603 952 Pontifices
1620 919 1829 953 diuturnum
1846 920 1978 953 bellum
2003 928 2035 954 et
2055 922 2239 956 calamito-

1243 971 1419 1004 sissimum
1436 970 1637 1003 incredibili
1657 970 1848 1014 pertinacia
1872 982 1950 1003 cum
1974 972 2103 1006 nostris
2122 971 2239 1017 Impe-

1243 1022 1421 1055 ratoribus
1444 1028 1644 1064 gesserunt,
1677 1022 1762 1053 dum
1789 1021 1831 1053 ad
1859 1033 1894 1054 se
1917 1022 2059 1065 rapiunt
2076 1023 2130 1056 ius
2149 1021 2238 1068 Epi-

1243 1084 1429 1117 scoporum
1446 1073 1678 1105 creandorum
1703 1071 1740 1103 in
1757 1070 1966 1105 Germania:
1994 1085 2076 1106 nam
2096 1080 2178 1108 ante
2201 1075 2238 1107 id

1244 1130 1382 1168 tempus
1407 1122 1590 1166 Principes
1622 1123 1687 1166 ipsi
1714 1121 1910 1166 Episcopos
1941 1123 2012 1156 suis
2045 1124 2238 1168 provinciis

1243 1176 1436 1214 dederunt,
1478 1185 1542 1206 nec
1574 1173 1665 1217 passi
1693 1179 1775 1206 sunt
1808 1185 1920 1218 aequo
1947 1174 2066 1207 animo
2090 1175 2158 1209 sibi
2183 1176 2238 1209 ius

1244 1238 1346 1259 suum
1373 1224 1590 1269 extorqueri:
1618 1235 1733 1268 neque
1757 1224 1852 1256 enim
1870 1224 1955 1257 utile
1977 1226 2150 1268 putabant
2162 1237 2240 1260 esse

1244 1276 1376 1321 patriae
1402 1275 1580 1308 infinitum
1605 1274 1788 1308 Pontificis
1812 1275 2013 1318 imperium.
2082 1275 2240 1311 Econtra

1244 1327 1432 1360 Pontifices
1455 1337 1590 1358 summa
1613 1325 1646 1357 vi
1673 1325 1918 1366 decertabant,
1952 1338 2024 1359 non
2041 1333 2079 1360 ut
2097 1327 2240 1371 religio-

1245 1389 1326 1410 nem
1342 1377 1589 1415 desenderent,
1614 1376 1672 1407 sed
1690 1382 1729 1408 ut
1742 1376 1931 1419 imperium
1947 1383 2051 1421 atque
2067 1389 2151 1421 opes
2165 1390 2240 1411 am-

1245 1428 1455 1473 plificarent.
1508 1426 1580 1459 ‘Nec
1604 1438 1682 1459 cum
1710 1438 1782 1459 uno
1811 1425 2025 1470 Imperatore
2050 1428 2241 1462 dimicave-

1244 1485 1344 1516 runt,
1372 1479 1432 1511 sed
1454 1477 1591 1522 aliquot
1615 1476 1741 1509 seculis
1770 1477 1902 1510 bellum
1929 1485 2136 1522 perpetuum
2163 1480 2241 1520 suit,

1244 1541 1317 1562 non
1344 1529 1490 1573 perinde
1516 1527 1749 1567 celebratum,
1784 1535 1821 1560 ut
1840 1526 1973 1561 Punica
1998 1529 2089 1562 bella
2114 1531 2239 1574 populi

1244 1579 1418 1617 Romani,
1446 1579 1634 1611 defuerunt
1649 1577 1742 1610 enim
1761 1585 1792 1611 et
1810 1578 1847 1610 in
1869 1577 1967 1612 ltalia
1985 1586 2018 1613 et
2037 1580 2072 1612 in
2094 1578 2158 1614 hac
2175 1593 2239 1615 na-

1244 1631 1341 1664 tione
1363 1624 1567 1673 scriptores,
1594 1630 1653 1661 sed
1675 1640 1745 1660 non
1769 1629 1887 1661 minus
1904 1629 2102 1664 luctuosum
2129 1643 2167 1665 ac
2183 1632 2241 1666 su-

1245 1688 1384 1714 nestum
1417 1679 1631 1713 Germaniae
1665 1686 1768 1722 atque
1798 1679 1937 1721 ltaliae,
1970 1688 2074 1726 atque
2104 1681 2240 1716 Punica

1246 1732 1337 1765 bella
1360 1731 1533 1765 l'tomanis
1562 1737 1595 1764 et
1624 1728 1964 1773 Carthaginensibus
1994 1733 2102 1766 suere.
2168 1733 2239 1767 Sed

1245 1783 1412 1816 acerrima
1433 1794 1470 1814 ea
1490 1783 1532 1814 de
1549 1793 1586 1813 re
1604 1782 1784 1814 contentio
1803 1793 1881 1814 cum
1900 1781 2054 1815 ilenrico
2074 1782 2137 1818 ΙΙΙ.
2162 1783 2240 1818 fuit.

1248 1833 1376 1867 lncidit
1393 1833 1486 1866 enim
1504 1832 1562 1865 ille
1582 1839 1748 1877 tanquam
1768 1832 1804 1865 in
1823 1829 1998 1876 epithasin
2016 1834 2173 1874 fabulae,
2201 1835 2237 1868 in

1245 1885 1400 1917 medium
1419 1890 1605 1916 certamen.
1660 1882 1848 1916 Moverant
1867 1883 1959 1915 enim
1978 1881 2145 1929 Episcopi
2163 1884 2240 1919 bel-

1246 1936 1319 1969 lum
1339 1936 1506 1968 adversus
1523 1941 1674 1977 patrem,
1701 1940 1731 1966 et
1756 1935 1926 1979 quosdam
1945 1933 2158 1969 Germaniae
2175 1948 2240 1980 po-

1247 1987 1349 2031 pulos
1364 1987 1404 2019 ad
1426 1992 1513 2018 suas·
1528 1991 1641 2029 partes
1658 1991 1837 2028 praetextu
1861 1985 2041 2026 religionis
2059 1993 2239 2029 pertraxe-

1247 2044 1337 2071 rant.
1389 2036 1478 2069 Cum
1503 2043 1618 2069 autem
1636 2035 1798 2069 Pontifex
1817 2035 1982 2069 virtutem
2002 2035 2147 2070 Ilenrici
2163 2049 2239 2071 sus-

1248 2089 1360 2122 tinere
1394 2087 1528 2121 diutius
1554 2098 1625 2119 non
1653 2092 1787 2131 posset,
1821 2098 1859 2119 ac
1885 2087 2028 2121 sentiret
2053 2087 2237 2122 victoriam

1249 2139 1418 2173 inclinare
1434 2139 1475 2171 ad
1493 2137 1694 2178 Caesarem,
1719 2137 1907 2170 consilium
1922 2138 2012 2182 cepit
2030 2150 2102 2171 non
2120 2138 2239 2173 minus

1249 2191 1396 2234 impium
1417 2202 1521 2235 quam
1542 2189 1729 2225 callidum.
1765 2188 1971 2221 intestinum
1989 2189 2025 2222 in
2045 2188 2239 2224 Germania

1248 2243 1380 2275 bellurn
1400 2242 1541 2281 excitat,
1569 2247 1605 2274 ut
1620 2239 1747 2273 Caesar
1762 2240 1858 2272 domi
1876 2247 2083 2283 occupatus.
2106 2241 2151 2274 ab
2170 2239 2239 2275 lta-

1249 2294 1293 2327 lia
1313 2290 1570 2328 retralieretur,
1596 2290 1700 2323 simul
1719 2296 1846 2323 utrum
1864 2290 1935 2323 suis
1952 2291 2089 2324 civibus
2106 2291 2240 2326 maiore

1248 2357 1326 2378 cum
1357 2344 1512 2388 periculo
1535 2348 1714 2386 pugnaret.
1777 2340 1864 2374 Nam
1899 2354 1978 2375 cum
2005 2339 2148 2377 haberet
2173 2343 2239 2377 ob—

1248 2396 1370 2429 noxios
1385 2395 1563 2429 Saxonum
1580 2391 1791 2437 Episcopos,
1814 2391 1975 2426 Pontifex
1991 2393 2056 2435 egit
2074 2405 2136 2437 per
2149 2393 2240 2434 illos,

1248 2454 1283 2480 ut
1321 2446 1494 2479 saxoniae
1536 2443 1667 2478 Ducem
1715 2442 1965 2487 lmperatorem
2003 2444 2238 2487 designarent.

1249 2498 1401 2532 Accessit
1424 2504 1456 2531 et
1475 2495 1655 2530 Pontificis
1672 2493 1825 2528 Romani
1845 2494 2032 2537 autoritas,
2060 2495 2120 2539 qui
2145 2491 2240 2529 hunc

1247 2551 1290 2583 de
1315 2561 1411 2581 more
1435 2547 1617 2581 Caesarem
1642 2545 1816 2580 salutavit.
1871 2541 1967 2577 Nihil
1986 2545 2054 2578 tale
2072 2544 2239 2591 Princeps

1247 2600 1402 2645 optimus
1426 2599 1613 2635 ambierat,
1647 2597 1801 2630 delatum
1825 2595 1927 2628 etiarn
1946 2593 2116 2629 honorem
2135 2596 2238 2631 sorti-

1247 2659 1299 2686 ter
1322 2651 1503 2684 recusabat
1527 2649 1716 2693 suscipere:
1749 2657 1881 2680 novum
1913 2646 2006 2679 enirn
2032 2654 2065 2681 et
2095 2647 2237 2681 inaudi-

1248 2710 1321 2738 tum
1347 2703 1389 2736 ad
1424 2702 1459 2735 id
1484 2708 1620 2745 tempus
1648 2699 1683 2732 in
1712 2697 1904 2731 Germania
1931 2696 2129 2743 exemplum
2151 2705 2238 2740 erat,
