2338 2958
202 138 276 174 507

202 227 241 258 in
259 222 355 259 hunc
373 221 489 256 virum
516 223 588 253 tota
610 220 749 255 mente,
777 219 922 258 totoque
937 211 1056 246 animo
1074 210 1194 245 intue-

204 276 310 309 mini:
339 281 371 307 et
388 283 465 306 cum
483 267 680 303 doctrinam
696 264 808 310 ipsius
830 264 1018 307 diligenter
1036 261 1195 302 excutite,

204 333 279 361 tum
300 336 381 358 vero
404 321 508 354 etiam
533 317 731 362 exemplum
755 314 964 361 sequimini,
997 325 1037 346 ac
1054 312 1196 347 statuite

205 378 248 411 ad
266 371 512 409 excercendam
531 367 750 403 Medicinam
771 378 845 399 non
868 366 981 399 solum
1001 363 1120 397 afferri
1135 363 1197 396 de-

205 429 286 461 bere
304 424 463 466 vulgares
482 419 762 459 observationes,
786 424 846 450 aut
861 415 1116 461 experimenta,
1136 414 1196 447 sed

205 476 316 510 multo
333 473 442 517 magis
457 471 630 505 rationem
646 481 685 502 ac
698 468 913 506 doctrinam,
940 466 978 500 id
993 466 1088 511 quod
1105 463 1199 509 Hip-

206 532 363 572 pocrates
382 531 415 558 et
433 521 606 568 praestitit
629 521 701 565 ipse
718 519 898 564 princeps,
925 525 958 551 et
974 523 1014 551 ut
1037 516 1130 550 idem
1147 515 1199 548 sa-

207 578 302 610 ciant
327 575 387 608 alii
408 573 613 618 gravissime
633 569 823 616 praecipit,
856 576 890 603 et
913 568 1056 614 quidem
1083 566 1201 612 inquit

207 627 388 661 Medicum
412 623 670 668 Philosophum
697 620 814 654 virum
833 620 996 653 divinum
1023 629 1114 658 esse,
1139 628 1200 650 seu

207 685 245 712 ut
268 677 380 722 ipsius
402 676 549 709 verbum
585 672 799 717 exprimam,
833 669 910 704 Deo
937 669 1099 703 similem.
1161 666 1201 700 ld

208 736 298 763 certe
315 729 361 761 ob
378 739 453 760 eam
470 736 606 759 causam
625 722 728 760 dicit,
754 728 794 755 ut
810 718 973 755 hortetur
989 731 1054 752 nos
1077 719 1121 752 ad
1138 730 1202 751 na-

208 788 306 813 turae
322 785 354 812 et
371 787 553 811 causarum
570 773 807 817 cognitionem
818 796 827 811 ‚
855 783 943 816 quae
959 783 1036 804 cum
1054 770 1127 813 ipsa
1142 780 1204 813 per

209 842 280 864 sese
296 841 349 863 res
367 826 561 867 eiusmodi,
588 822 680 857 nihil
697 831 736 857 ut
753 823 957 865 contingere
972 819 1111 855 homini
1129 831 1204 853 me-

208 882 296 918 lius,
323 892 362 913 ac
387 877 545 911 divinius
568 875 697 920 possit,
729 881 803 908 tum
831 886 913 906 vero
939 873 985 906 ita
1009 870 1203 904 necessaria

210 939 261 966 est
282 931 319 963 in
345 928 536 962 exercenda
562 933 654 967 arte,
687 932 726 958 ut
756 924 826 965 illi,
853 923 915 969 qui
941 935 1014 956 non
1033 921 1206 956 adhibent

210 981 426 1020 doctrinam,
451 977 648 1017 carnifices,
675 988 748 1009 non
767 974 902 1008 Medici
923 973 1105 1007 iudicandi
1123 972 1205 1006 sint.

210 1034 290 1068 Non
308 1031 403 1065 enim
427 1029 502 1062 fieri
529 1034 643 1073 potest
671 1027 709 1060 in
733 1032 829 1060 tanta
854 1037 1058 1065 causarum,
1086 1030 1120 1057 et
1137 1024 1206 1056 cir-

211 1081 502 1119 cumstantiarum
531 1079 718 1118 varietate,
752 1083 792 1110 ut
809 1077 901 1110 idem
927 1075 1206 1120 experimentum

211 1135 344 1179 ubique
365 1132 496 1172 valeat,
531 1130 623 1176 quod
649 1141 728 1162 cum
752 1140 823 1161 non
847 1128 892 1161 sit
914 1127 1122 1163 obscurum,
1155 1131 1207 1155 ta-

213 1197 293 1218 men
319 1183 347 1217 si
373 1194 476 1228 quein
505 1179 598 1213 nihil
623 1178 708 1211 haec
734 1178 956 1209 eruditorum
982 1174 1113 1208 iudicia
1131 1185 1209 1206 mo-

216 1243 313 1273 vent,
338 1232 494 1275 exempla
509 1229 721 1267 consideret,
747 1227 886 1271 qualem
901 1224 1141 1259 carnificinam
1156 1223 1207 1255 illi

215 1285 329 1320 sicarii
355 1288 552 1321 exerceant,
584 1290 699 1324 neque
721 1277 817 1311 enim
844 1283 903 1309 aut
926 1288 1004 1309 rara
1023 1281 1123 1315 sunt,
1151 1280 1210 1306 aut

217 1338 365 1371 obscura
384 1333 465 1367 talia
485 1331 652 1375 exempla.
707 1327 759 1363 Ac
775 1328 927 1361 debebat
943 1326 1211 1371 quidembonos

215 1390 289 1433 ipsa
318 1384 499 1419 doctrinae
517 1382 689 1426 dignitas,
716 1388 749 1413 et
773 1378 926 1412 suavitas
942 1378 985 1411 ad
1004 1377 1210 1410 discendum

216 1438 385 1477 invitare,
413 1435 508 1480 quod
525 1433 618 1467 enim
637 1429 773 1465 homini
792 1441 865 1463 non
883 1435 1079 1462 monstrosa
1096 1432 1212 1459 mente

217 1489 376 1535 praedito
387 1511 396 1525 ,
414 1485 606 1519 iucundius
619 1494 690 1517 esse
706 1481 943 1526 spectaculum
960 1480 1074 1513 ullum
1089 1483 1214 1522 potest,

218 1552 323 1587 quam
349 1539 420 1582 ipsa
446 1543 592 1570 naturae
617 1531 890 1577 contemplatio?
934 1542 1014 1564 cum
1037 1527 1131 1562 nihil
1154 1535 1215 1561 aut

219 1588 418 1637 pulchrius,
453 1593 512 1621 aut
546 1585 672 1618 melius
701 1584 765 1624 sit,
807 1583 880 1626 ipsa
920 1593 1040 1614 rerum
1073 1586 1214 1613 natura:

220 1643 367 1677 delectat
383 1639 477 1672 enim
502 1637 644 1676 videre,
671 1633 826 1667 mirabili
844 1632 981 1665 ratione
1002 1631 1122 1665 omnia
1144 1630 1215 1663 dis-

222 1694 351 1727 tributa
378 1701 467 1725 esse,
502 1699 617 1732 neque
643 1685 837 1730 quidquam
867 1695 939 1716 esse
971 1694 1011 1716 ex
1040 1694 1110 1727 qno
1144 1693 1216 1714 non

222 1754 368 1787 magnae
399 1740 549 1774 existant
580 1737 758 1770 utilitates.
823 1735 922 1768 Sicut
953 1740 986 1767 et
1009 1732 1218 1767 Aristoteles

223 1796 356 1840 inquit,
390 1791 526 1824 nullam
551 1800 626 1821 rem
649 1787 685 1819 in
711 1793 835 1819 natura
860 1796 950 1826 esse,
982 1784 1020 1816 in
1053 1795 1122 1829 qua
1145 1794 1219 1816 non
1243 1792 1245 1810 ‘2

225 1846 311 1879 insit
334 1843 503 1889 quiddam
528 1838 763 1873 admiratione
786 1836 955 1879 dignum,
983 1847 1096 1879 neque
1115 1834 1218 1879 quid-

225 1909 328 1942 quam
359 1905 431 1927 esse
452 1903 532 1925 casu
557 1891 706 1928 sactum,
740 1888 799 1921 sed
824 1886 943 1919 omnia
967 1885 1047 1918 finis
1071 1885 1221 1918 alicuius

225 1947 336 1992 gratia
362 1944 468 1978 nasci.
528 1941 665 1975 Harum
688 1951 805 1972 rernm
829 1937 984 1981 cognitio
1008 1942 1041 1970 et
1066 1947 1127 1980 per
1149 1946 1221 1968 sese

226 2006 273 2031 est
302 1995 524 2033 suavissima,
559 2005 598 2025 eo
625 1991 719 2036 quod
749 1990 791 2023 ad
819 2001 894 2021 eam
919 1987 1061 2032 proprie
1088 1985 1222 2020 conditi

228 2059 369 2087 sumus,
396 2053 427 2079 et
453 2043 559 2078 habet
584 2043 753 2076 utilitates
780 2040 945 2074 infinitas.
999 2038 1068 2071 Sed
1088 2038 1223 2082 siquos

228 2099 311 2133 haec
344 2109 467 2143 parum
507 2100 669 2134 movent,
710 2092 799 2125 illud
834 2091 956 2124 saltem
990 2089 1224 2127 considerent,

230 2164 300 2184 non
327 2149 442 2183 solum
468 2147 707 2190 impudentes,
739 2143 796 2176 sed
823 2142 928 2175 etiam
963 2140 1143 2184 improbos
1167 2151 1224 2172 eos

230 2214 322 2238 esse,
357 2199 415 2244 qui
451 2210 529 2230 cum
554 2197 699 2228 salutem
729 2192 935 2227 hominibus
961 2192 996 2224 in
1022 2190 1226 2224 discrimine

232 2254 322 2285 vitae
348 2249 598 2295 polliceantur¹
627 2258 696 2279 non
716 2252 796 2278 sunt
823 2244 857 2275 in
878 2250 950 2276 arte
976 2254 1020 2275 ne
1038 2241 1225 2275 mediocri—

233 2312 282 2336 ter
313 2302 454 2347 quidem
486 2297 667 2337 instructi,
704 2308 809 2341 quam
836 2294 1054 2338 profitentur.
1118 2291 1226 2337 idque.

235 2361 432 2398 [meatuum
460 2351 549 2391 leges
576 2349 679 2382 etiam
707 2346 808 2391 plecti
843 2346 982 2385 iubent·,
1019 2345 1076 2377 sed
1111 2350 1229 2377 tuetur

235 2417 307 2441 ens,
337 2404 388 2434 xel
408 2401 578 2439 stulticia,
607 2400 659 2431 vel
682 2397 889 2443 perversitas
907 2394 1104 2429 hominnm.
1159 2394 1227 2428 Sed

237 2456 358 2488 desino
384 2451 446 2485 hac
472 2454 512 2483 de
538 2464 574 2484 re
601 2450 740 2491 longius
758 2449 892 2486 dicere,
920 2447 1015 2492 pleni
1034 2452 1114 2480 sunt
1135 2445 1228 2478 enim

238 2506 317 2539 libri
336 2512 535 2537 nostrorum
554 2500 764 2539 authorum,
782 2499 841 2544 qui
858 2500 970 2531 vosad
983 2510 1083 2531 verae
1099 2496 1230 2530 doctri-

239 2570 302 2591 nm·
328 2556 482 2588 studium
509 2551 704 2586 hortantur.
761 2550 908 2593 Quoties
931 2547 994 2583 hac
1017 2550 1059 2582 de
1078 2560 1114 2582 re
1132 2560 1230 2592 prae-

236 2609 318 2652 ripit
340 2606 589 2649 Hippocrates:
617 2603 753 2648 quoties
770 2601 951 2635 Galenus?
978 2601 1038 2646 qui
1058 2600 1230 2642 integrum

241 2661 370 2693 librum
405 2658 438 2689 in
473 2652 562 2688 hanc
594 2653 801 2687 seutentiam
834 2653 1000 2686 adversus
1023 2648 1232 2685 Thessalum

240 2711 387 2753 scripsil.

873 124 1030 163 DECL.
1063 121 1140 160 DE
1171 120 1570 159 HIPPOCRATE.

2161 119 2236 158 508

1345 207 1443 242 Haec
1469 218 1536 242 nos
1560 206 1676 241 obiter
1697 213 1840 242 tantum
1861 207 2033 249 diximus,
2067 207 2111 241 ad
2135 207 2239 241 casti-

1247 260 1398 304 gandam
1415 258 1602 303 segniciem
1618 255 1726 292 huius
1740 258 1878 300 aetatis,
1903 270 1991 304 quae
2011 258 2058 292 ita
2082 265 2240 292 versatur

1248 312 1286 344 in
1305 310 1439 345 artibus
1462 309 1579 343 omnis
1601 309 1758 352 generis,
1784 320 1858 341 non
1883 316 1922 343 ut
1936 309 2086 342 solidam
2110 308 2241 343 doctri-

1249 374 1331 395 nam
1346 360 1534 406 percipiat,
1559 361 1618 393 sed
1632 366 1670 394 ut
1685 359 1891 404 opinionem
1905 361 2082 404 quandam
2097 359 2244 400 auferat,

1250 425 1317 458 qua
1334 423 1370 446 se
1386 412 1542 445 venditet
1556 411 1650 455 apud
1666 410 1862 455 imperitOS.
1914 408 1962 443 At
1981 421 2019 443 ea
2038 411 2160 455 opinio
2176 408 2244 444 ho-

1251 463 1389 496 minum
1416 462 1540 496 leviter
1563 462 1748 495 doctorum
1776 460 1814 494 in
1837 466 1956 494 nostra
1988 461 2130 506 quidem
2159 473 2245 506 pro-

1251 514 1402 548 fessione
1417 513 1612 558 plurimum
1635 512 1736 545 affert
1761 511 1928 556 periculi,
1954 523 2015 544 seu
2038 518 2078 545 ut
2098 512 2245 545 liberius

1253 565 1339 599 dicit
1354 563 1588 609 Hippocrates
1609 563 1801 608 perniciem
1826 563 1939 596 adfert
1963 559 2037 603 his,
2071 562 2132 607 qui
2159 562 2246 597 tales

1254 616 1458 652 consulunt.
1518 613 1618 648 ldem
1642 614 1746 648 video
1769 613 1925 647 accidere
1948 613 1986 646 in
2010 613 2089 646 aliis
2113 613 2246 657 profes-

1255 667 1425 700 sionibus.

1355 716 1479 751 Redeo
1496 716 1611 760 'igitur
1640 715 1684 749 ad
1713 713 1986 759 Hippocratem,
2019 711 2126 748 huius
2149 712 2249 759 sequi

1257 765 1507 802 authoritatem
1525 779 1586 800 vos
1602 766 1789 811 praecipue
1812 766 1929 805 decet,
1954 765 2017 810 qui
2033 764 2250 799 Medicinam

1257 818 1481 863 profitemini.
1541 817 1611 850 Hic
1634 827 1697 850 vos
1720 824 1753 851 et
1773 822 1875 850 vocat
1889 816 1933 849 ad
1950 816 2098 850 solidam
2119 814 2252 850 doctri-

1258 881 1360 908 nam,
1388 875 1421 903 et
1439 868 1604 902 instruxit
1631 867 1704 900 suis
1720 867 1967 902 eruditissimis
1984 866 2134 912 scriptis.
2184 865 2252 899 Vir

1258 920 1404 963 dignus,
1427 931 1534 965 quem
1548 925 1693 963 propter
1707 918 1840 962 ingenii
1859 918 2099 960 divinitatem,
2126 925 2160 952 et
2176 929 2252 950 ma·
2290 938 2294 942 -

1258 971 1353 1004 xima
1373 970 1514 1011 merita,
1541 977 1574 1004 et
1591 980 1748 1002 amemus
1767 976 1799 1002 et
1817 969 2068 1013 praedicemus.
2123 968 2176 1003 Ac
2192 980 2253 1001 ve-

1260 1030 1350 1056 teres
1367 1022 1510 1067 qnidem
1529 1032 1592 1054 suo
1616 1032 1713 1053 more
1734 1020 1932 1053 retulerunt
1948 1032 2026 1054 eum
2046 1021 2138 1053 inter
2152 1019 2255 1059 Deos,

1260 1073 1354 1118 quod
1376 1084 1485 1115 genus
1508 1069 1656 1105 honoris
1681 1069 1859 1104 habebant
1883 1077 2020 1105 tantum
2038 1070 2185 1104 summis
2201 1069 2255 1102 vi-

1261 1124 1327 1159 ris,
1356 1129 1389 1154 et
1404 1123 1536 1164 optime
1552 1120 1686 1153 meritis
1701 1123 1745 1152 de
1763 1119 1918 1153 humano
1933 1133 2069 1164 genere.
2123 1120 2256 1163 Quales

1261 1171 1394 1206 suerint
1410 1182 1542 1211 mores,
1568 1170 1669 1203 facile
1685 1176 1736 1204 est
1749 1170 1939 1211 iudicium,
1966 1171 2064 1204 nulla
2084 1171 2255 1215 professio

1262 1222 1342 1266 plns
1366 1219 1471 1254 habet
1495 1219 1743 1259 humanitatis,
1777 1233 1882 1265 quam
1907 1229 2046 1260 nostra,
2072 1221 2154 1267 quia
2178 1221 2257 1265 opi-

1263 1273 1397 1306 tulatur
1414 1272 1521 1305 vitae:
1549 1283 1588 1304 ac
1603 1283 1648 1304 ne
1671 1271 1746 1304 fieri
1769 1271 1911 1316 quidem
1931 1280 2060 1315 potest,
2087 1273 2173 1318 quin
2193 1270 2256 1305 ho-

1263 1323 1402 1356 minum
1420 1322 1677 1356 calamitatibus
1699 1322 1872 1355 afficiatur
1888 1321 2068 1364 Medicus,
2094 1335 2173 1357 cum
2196 1324 2258 1356 ad-

1264 1382 1316 1408 est
1339 1373 1506 1417 aegrotis,
1543 1385 1623 1406 cum
1649 1373 1926 1406 imbecillitatem
1954 1372 2098 1407 humani
2123 1373 2260 1418 generis

1265 1425 1543 1469 contemplatur,
1570 1422 1656 1457 haec
1674 1424 1820 1458 flectunt
1836 1424 1972 1458 animos
1996 1426 2039 1458 ad
2059 1423 2262 1459 humanita-

1266 1483 1348 1510 tem.
1411 1475 1580 1509 Videmus
1610 1481 1726 1509 autem
1757 1475 1794 1508 in
1829 1474 2045 1520 Hippocrate
2083 1487 2260 1510 summum

1267 1527 1372 1561 fnisse
1394 1527 1552 1560 studium
1575 1526 1825 1560 benemerendi
1851 1527 1893 1559 de
1910 1525 2131 1561 homiuibus:
2160 1526 2263 1561 dein-

1268 1580 1311 1611 de
1337 1590 1409 1610 non
1437 1584 1581 1621 possunt
1604 1577 1641 1610 in
1659 1583 1754 1610 tanta
1778 1578 1948 1621 sapientia
1967 1591 2081 1612 mores
2100 1589 2172 1612 esse
2190 1589 2263 1611 non

1269 1629 1410 1673 optirni3
1438 1640 1552 1673 neque
1573 1628 1667 1661 enim
1683 1628 1757 1661 fieri
1774 1635 1904 1671 potest,
1926 1636 1963 1662 ut
1983 1641 2082 1663 mens
2097 1635 2264 1673 occupata

1270 1680 1371 1712 malis
1390 1680 1536 1717 studiis,
1563 1679 1692 1723 pariter
1715 1690 1750 1711 se
1776 1680 1933 1711 intendat
1953 1680 1988 1712 in
2011 1688 2189 1713 tantarum
2210 1691 2265 1712 re-

1271 1743 1350 1764 rum
1375 1730 1652 1774 inquisitionem.
1710 1727 1758 1763 Et
1781 1728 1942 1763 heroicae
1973 1738 2120 1764 naturae
2144 1731 2266 1764 divina

1272 1782 1423 1826 quadam
1440 1781 1486 1822 vi,
1510 1793 1581 1814 non
1599 1781 1713 1814 solum
1727 1781 1769 1813 ad
1787 1793 1994 1824 magnarum
2010 1794 2127 1816 rerum
2145 1781 2267 1825 cogni-

1273 1833 1427 1872 tionem,
1459 1833 1519 1865 sed
1543 1832 1648 1865 etiam
1671 1832 1714 1865 ad
1740 1844 1863 1865 omnes
1887 1832 2034 1866 virtutes
2051 1833 2266 1867 excitantur:

1273 1883 1355 1916 etin
1379 1880 1445 1915 hoc
1466 1895 1538 1916 uno
1554 1894 1679 1927 genere
1696 1894 1819 1915 verum
1842 1890 1911 1924 est,
1938 1885 2032 1928 qnod
2058 1881 2267 1928 Philosophi

1274 1934 1415 1972 dicunt,
1442 1934 1591 1967 virtutes
1613 1945 1685 1966 esse
1712 1945 1897 1969 connexas.
1951 1936 2163 1980 Quanquam
2183 1934 2269 1980 quid

1275 1996 1363 2029 opus
1388 1991 1437 2017 est
1462 1985 1564 2028 longa
1587 1985 1843 2028 disputatione,
1881 1992 1971 2019 extat
1992 1987 2066 2019 eins
2087 1985 2269 2019 iusiuran-

1277 2038 1381 2075 dum,
1409 2035 1445 2068 in
1472 2049 1542 2081 quo
1561 2048 1640 2070 cum
1661 2035 1736 2068 dira
1754 2036 1964 2079 imprecetur
1985 2037 2143 2081 sibiipsi,
2169 2037 2197 2070 si
2214 2047 2270 2070 eas

1277 2087 1367 2129 leges
1385 2099 1456 2119 nou
1472 2087 1652 2128 observet,
1680 2099 1751 2120 non
1767 2087 1922 2121 dubitari
1939 2095 2071 2132 potest,
2096 2087 2183 2134 quin
2200 2087 2271 2121 illis

1278 2138 1349 2171 suis
1368 2137 1502 2181 legibus
1518 2138 1707 2182 diligenter
1725 2145 1757 2172 et
1778 2138 1938 2181 religiose
1957 2139 2126 2183 paruerit.

1380 2188 1535 2223 Proinde
1556 2202 1634 2224 cum
1658 2189 1781 2224 caeteri
1808 2201 1947 2228 onmes,
1974 2197 2048 2224 tum
2072 2202 2154 2224 vero
2171 2201 2272 2235 prae-

1279 2240 1379 2284 cipue
1407 2252 1485 2278 vos,
1512 2253 1599 2286 quos
1624 2239 1690 2274 hoc
1708 2248 1863 2284 tempore
1881 2241 1915 2273 in
1936 2242 2194 2286 amplissimum
2214 2252 2272 2274 or·

1280 2292 1397 2324 dinem
1423 2291 1620 2325 Medicinae
1650 2293 1887 2336 professorum
1924 2293 2172 2337 recipiemus,‘
2191 2304 2273 2337 pro·

1283 2343 1401 2386 ponite
1417 2342 1774 2387 vohisllippocmtem
1793 2351 1825 2376 et
1843 2345 2127 2385 cognoscendum
2144 2351 2176 2378 et
2194 2343 2274 2376 imi-

1283 2395 1441 2428 tandum.
1494 2393 1604 2427 Nemo
1625 2395 1726 2427 tidem
1751 2403 1781 2429 et
1811 2395 2029 2438 diligentiam
2047 2396 2083 2428 in
2099 2394 2273 2428 medendo

1284 2453 1459 2488 praestare.
1475 2452 1586 2490 potest
1599 2474 1606 2485 ,
1634 2459 1739 2491 quam
1759 2454 1792 2480 et
1812 2446 1959 2492 requirit
1984 2446 2056 2491 ipse
2076 2455 2108 2481 et
2127 2445 2274 2490 praesti·

1285 2497 1343 2536 tit,
1377 2497 1442 2529 nisi
1476 2498 1517 2530 ad
1548 2499 1726 2540 vulgarem
1757 2510 1858 2531 usum
1882 2498 2047 2540 adiungat
2072 2497 2175 2530 etiam
2199 2508 2275 2530 enm

1285 2549 1502 2587 doctrinam,
1524 2561 1614 2593 quae
1630 2561 1749 2582 causas
1760 2556 1949 2582 scrutatur:
1977 2549 2275 2593 quemadmodum
2324 2586 2325 2592 ἵ

1286 2600 1416 2633 censuit
1435 2599 1666 2643 Hippocrates
1683 2612 1755 2633 esse
1771 2599 1987 2637 faciendum,
2015 2600 2075 2645 qui
2094 2607 2276 2644 propterea

1291 2649 1503 2685 Medicinam
1529 2652 1570 2684 ad
1597 2652 1767 2684 rationem
1796 2650 1990 2686 rex-ocavit.
2025 2652 2120 2696 quod
2146 2651 2222 2683 siue
2238 2661 2277 2682 ea

1287 2702 1445 2736 doctriua
1479 2703 1672 2746 periculose
1702 2714 1860 2735 exercere
1888 2701 2103 2735 Medicinam
2128 2702 2276 2734 videbat.
