2338 2958
203 149 276 185 645

206 241 356 269 catorem
374 233 445 265 irae
463 238 549 267 tuae,
576 226 685 259 filium
703 231 802 258 tuum
819 235 856 256 ac
873 217 1095 265 ἱλαστήριον,
1120 217 1187 252 hoc

205 289 394 330 praeeunte
416 279 609 315 sacerdote,
637 275 720 308 iussi
744 275 804 307 abs
821 280 854 306 te
871 272 1020 317 petimus
1037 278 1067 304 et
1086 282 1188 313 expe-

207 342 338 368 ctamus
354 331 500 369 veniam,
525 333 558 360 et
574 325 808 360 calamitatum
825 322 1090 365 mitigationem.
1131 319 1189 353 Tu

206 383 383 429 pollicitus
405 386 472 419 est,
498 385 530 411 te
555 377 658 410 etiam
683 380 918 408 senescentem
933 371 1125 405 Ecclesiam
1152 370 1189 402 in

207 435 286 467 alvo
317 437 375 463 tuo
409 435 621 472 gestaturum
653 437 733 460 esse.
788 422 906 466 Quare
938 433 1002 455 nos
1033 421 1070 453 in
1096 427 1191 453 tanta

208 481 410 516 confusione
431 477 680 521 imperiorum,
707 476 744 508 in
760 481 854 507 tanta
871 471 1110 506 imbecillitate
1127 482 1192 503 no-

208 539 298 571 stra,
326 537 358 564 et
383 530 476 562 inter
500 526 632 560 diaboli
658 524 877 558 horribiliter
899 522 1084 566 grassantis
1104 520 1192 553 insi-

209 582 302 619 dias,
336 581 526 613 clementer
549 583 689 621 protege
712 582 745 608 et
767 575 932 618 guberna.
992 572 1087 605 Haec
1113 577 1192 603 vota

208 631 366 677 quotidie
394 629 578 673 repetenda
605 634 705 665 sunt,
739 637 801 657 nec
827 623 1068 656 existimentur
1090 621 1194 652 inane

209 692 369 714 murmur
398 691 480 713 esse.
542 677 675 710 Perfert
704 675 798 707 enim
823 680 961 706 nostros
982 671 1128 715 gemitus
1150 671 1193 703 ad

208 738 340 775 patrem
357 737 537 763 aeternum
548 725 723 764 Christus,
751 724 910 756 sacerdos
926 729 1055 755 noster.
1098 719 1193 753 Haec

209 780 313 814 initio
339 780 511 824 praefatus
535 788 611 810 sum
634 775 672 808 in
695 772 762 807 hoc
783 784 988 816 congressu,
1015 771 1109 816 quod
1128 768 1193 803 hae

210 830 493 864 renunciationes
514 824 795 861 testimoniorum
818 825 860 856 de
878 822 1004 856 studiis
1019 819 1194 863 theologi-

209 882 258 915 cis
270 877 310 927 *)
336 879 518 924 praecipue
542 887 607 909 nos
630 876 674 908 de
697 874 864 908 omnibus
880 871 1057 906 Ecclesiae
1080 871 1193 912 bonis,

210 932 253 964 de
282 930 447 964 omnibus
477 926 642 972 periculis
669 931 703 958 et
728 923 980 957 certaminibus
1005 922 1194 955 admonere

210 981 349 1014 debent.
402 977 492 1012 Cum
523 983 640 1010 autem
670 974 806 1020 aliquid
839 971 896 1006 hic
930 972 1035 1006 etiam
1061 972 1104 1005 de
1130 971 1195 1004 do-

210 1031 322 1064 ctrina
346 1029 534 1062 dicendum
555 1027 618 1067 sit,
643 1031 676 1059 et
697 1023 765 1058 hoc
781 1030 936 1067 tempore
952 1022 1062 1056 multa
1079 1022 1123 1055 de
1139 1021 1194 1054 iu-

210 1081 312 1114 diciis
327 1080 529 1122 dogmatum
544 1089 582 1110 ac
595 1075 748 1121 Synodis
765 1074 1006 1118 disputentur,
1029 1082 1194 1117 quaeram

211 1133 254 1164 de
279 1135 445 1174 potestate
468 1125 767 1171 interpretationis
783 1125 820 1157 in
837 1122 1013 1164 Ecclesia,
1039 1134 1084 1155 an
1102 1128 1141 1155 ut
1158 1121 1195 1153 in

211 1180 386 1224 imperiis,
411 1185 561 1222 potestas
585 1176 630 1210 sit
646 1175 739 1218 regia
757 1186 816 1208 seu
832 1173 1005 1218 praetoria
1023 1172 1196 1215 interpre-

210 1231 309 1264 tandi
325 1230 472 1262 obscura
488 1227 579 1260 dicta
595 1227 631 1258 in
643 1225 780 1268 scriptis
790 1221 1044 1267 Prophetarum
1057 1229 1089 1255 et
1099 1221 1197 1265 Apo-

211 1281 402 1318 stolorum,
428 1277 567 1320 alligata
591 1283 684 1309 certo
702 1274 838 1312 ordini,
864 1285 923 1306 seu
942 1273 1032 1306 loco.
1086 1271 1196 1314 Saepe

211 1330 248 1363 in
272 1327 366 1362 hunc
388 1328 570 1371 scopulum
592 1335 770 1358 sermones
785 1323 979 1367 sapientum
999 1323 1197 1361 incurrunt,

211 1387 392 1424 propterea
416 1378 511 1422 quod
534 1376 630 1409 nulla
656 1374 869 1408 iudiciorum
888 1372 1055 1406 autoritas
1073 1371 1108 1404 in
1127 1369 1196 1404 Ec-

212 1430 312 1464 clesia
340 1440 411 1461 esse
432 1428 589 1467 videtur,
615 1425 643 1458 si
666 1423 945 1468 interpretationi
964 1422 1120 1455 iudicum
1139 1433 1195 1453 re-

213 1481 363 1514 clamare
394 1478 489 1511 licet:
523 1483 557 1510 et
589 1475 778 1520 petulantia
808 1473 1030 1517 ingeniorum
1058 1472 1196 1504 nullum

212 1529 374 1563 habitura
399 1535 448 1562 est
471 1528 629 1566 frenum,
651 1526 680 1558 si
705 1525 910 1558 labefactare
936 1523 1087 1556 iudicata
1112 1533 1196 1554 con-

213 1580 358 1614 ceditur.
411 1578 482 1611 Nec
512 1578 630 1619 ignota
661 1582 743 1608 sunt
773 1574 927 1617 exempla
959 1580 1033 1605 tum
1068 1578 1198 1611 vetera,

214 1638 286 1663 tum
319 1628 482 1662 recentia.
545 1625 585 1659 In
609 1622 830 1658 Antiochena
857 1623 1002 1667 Synodo
1032 1622 1198 1654 adversus

214 1679 478 1714 Samosatenum
503 1675 784 1721 pronunciarunt
803 1673 868 1705 viri
889 1672 980 1705 docti
1000 1678 1030 1704 et
1047 1671 1113 1714 pii,
1140 1667 1197 1704 λό-

213 1742 282 1777 γον
307 1728 454 1771 intelligi
473 1737 676 1770 personam,
701 1724 763 1757 ubi
784 1722 930 1756 loannes
947 1722 1010 1754 ait:
1042 1720 1081 1753 lu
1101 1721 1197 1764 priu-

214 1780 305 1823 cipio
332 1785 404 1811 erat
429 1778 588 1811 verbum.
646 1774 714 1808 Sed
743 1785 806 1806 uec
833 1772 1080 1806 Samosatenus
1104 1777 1198 1808 tunc,

214 1841 277 1862 nec
299 1835 415 1872 postea
431 1825 607 1860 Photinus
630 1825 665 1857 in
684 1823 824 1868 Syrmio
845 1823 1024 1866 amplexus
1042 1828 1090 1854 est
1108 1817 1199 1853 banc

213 1878 551 1922 interpretationem.
602 1873 674 1909 Diu
701 1874 809 1917 igitur
836 1879 978 1916 propter
1004 1869 1093 1905 hanc
1114 1882 1199 1904 con-

215 1929 418 1963 troversiam
434 1925 609 1961 Ecclesiae
624 1925 830 1958 dilaceratae
846 1930 938 1956 suut.

318 1995 470 2029 Econtra
502 2005 584 2026 vero
618 1990 777 2036 tyrannis
804 1989 999 2030 stabilitur,
1038 1989 1065 2022 si
1090 1989 1199 2021 refra-

216 2046 286 2089 gari
312 2043 590 2089 interpretationi
614 2048 671 2075 aut
695 2040 842 2073 decretis
864 2046 1044 2082 potentum
1067 2051 1138 2071 nou
1157 2039 1199 2071 li-

217 2104 285 2135 cet,
312 2102 349 2129 ut
373 2107 472 2138 saepe
498 2100 640 2137 propter
664 2098 816 2134 receptas
839 2090 940 2122 salsas
960 2089 1200 2133 persuasiones

218 2148 252 2179 in
278 2157 404 2189 paucos
427 2152 457 2178 et
486 2143 675 2176 imbecilles
696 2149 786 2175 recte
807 2140 996 2173 sentientes
1012 2139 1200 2173 crudeliter
1224 2161 1227 2171 .

218 2197 385 2229 saevitum
418 2203 477 2228 est.
531 2193 714 2227 Pontifices
740 2198 771 2223 et
801 2202 922 2232 magna
949 2191 1050 2223 turba
1077 2189 1199 2223 Sacer-

219 2249 338 2278 dotum
356 2253 385 2278 et
400 2243 644 2278 Phariseorum
661 2244 871 2274 ‹lamnarunt
884 2238 1107 2279 Zachariam,
1131 2239 1198 2272 Ba-

219 2297 375 2339 ptistam.
402 2293 601 2331 Christum„
630 2292 837 2336 Apostolos.
865 2298 1007 2334 propter
1028 2291 1197 2334 interpre-

219 2347 383 2379 tationem
399 2345 677 2386 discrepantiam.
734 2342 785 2375 llli
806 2341 968 2374 Messinm
984 2341 1196 2385 sculpserant

219 2410 256 2429 ex
282 2397 381 2428 dictis
409 2394 624 2438 l‘rophvticis
653 2394 776 2431 talem,
819 2392 876 2436 qui
904 2392 1048 2435 imperia
1075 2391 1196 2423 mundi

868 2441 967 2475 llauc
994 2441 1197 2485 opinionem

219 2497 379 2537 suffragia
407 2508 620 2528 summorum
647 2494 918 2530 confirmabant,
950 2499 978 2525 et
1009 2493 1196 2536 adplaude-

219 2549 273 2580 bat
294 2547 488 2591 promiscua
507 2547 706 2579 multitudo.
744 2543 912 2585 Magnum
930 2543 1034 2586 igitur
1050 2549 1078 2575 et
1097 2554 1197 2585 grave

219 2455 246 2479 et
275 2459 355 2490 opes
380 2448 524 2478 daturus
548 2452 630 2477 esset
656 2444 799 2476 civibus.

251 2666 279 2695 Ἰ
300 2665 351 2688 hae
366 2662 589 2686 renummlinnn
608 2675 639 2680 —
658 2659 826 2689 lhenlocieis]
858 2657 927 2684 llaec
945 2660 969 2683 in
986 2657 1108 2682 oratiom-
1130 2665 1153 2689 ς)
1162 2665 1196 2681 η-

288 2699 363 2723 odiu
378 2698 429 2722 nie:
451 2697 478 2719 Ιιι
494 2704 551 2719 enm
562 2699 638 2717 mm«
655 2700 742 2717 ηηςιι.

655 137 810 176 DECL.
857 133 930 171 DE
965 132 1128 170 DONO
1161 128 1769 169 INTERPRETATIONIS.

1237 216 1478 259 testimonium
1491 214 1663 248 citabatur
1678 215 1842 251 adversus
1850 215 2042 258 Christum,
2069 215 2126 251 hic
2142 229 2228 250 con-

1239 279 1359 302 sensus
1381 264 1576 306 Ecclesiae,
1606 272 1644 299 ut
1666 277 1761 298 nunc
1785 279 1908 301 vocare
1930 269 2055 301 solent.
2118 267 2169 300 Ita
2191 274 2224 301 et

1241 317 1343 351 nobis
1371 327 1560 349 consensus
1583 315 1775 348 multorum
1800 318 1995 351 seculorum
2022 326 2054 351 et
2080 329 2226 360 magnae

1241 366 1481 401 multitudinis
1495 365 1697 410 opponitur.
1744 365 1816 400 Nec
1832 379 1913 400 vero
1928 368 2022 401 ullus
2036 375 2086 402 est
2102 368 2226 400 durior

1244 426 1430 464 tyrannus,
1463 427 1568 461 quam
1599 427 1718 455 error,
1750 417 1809 460 qui
1841 424 1984 461 propter
2008 418 2224 452 diuturnita-

1243 476 1311 502 tem
1338 467 1523 510 temporis,
1550 466 1618 499 iam
1642 466 1710 499 alte
1732 467 1866 500 radices
1883 467 1950 510 egit
1966 467 2002 499 in
2020 468 2145 500 animis
2162 465 2228 500 lio-

1243 519 1397 557 minum,
1423 524 1456 550 et
1474 515 1714 550 multitudinis
1729 517 1982 551 asseveratione
2000 518 2210 552 defenditur.

1345 568 1503 602 Pericula
1536 566 1643 609 igitur
1676 566 1713 598 in
1743 574 1890 611 utraque
1924 574 2019 611 parte
2049 568 2232 611 adparent,

1245 619 1317 652 sive
1340 616 1502 652 detrahas
1524 617 1818 660 gubernatoribus
1833 615 2010 650 Ecclesiae
2026 625 2229 661 potestatem

1247 668 1556 712 interpretationis,
1577 667 1650 700 sive
1667 668 1847 701 attribuas.
1882 666 1970 701 Cum
1987 675 2100 702 autem
2115 665 2231 713 ἀναρ-

1244 718 1308 763 χία
1339 720 1500 752 videatur
1529 717 1643 751 maius
1674 718 1805 751 malum
1834 729 1924 755 esse,
1960 725 1993 751 et
2021 718 2233 761 petulantiae

1247 769 1343 812 vulgi
1364 767 1731 811 magis'obsistendum
1750 769 1930 808 videatur,
1956 767 2091 812 politici
2110 768 2177 800 viri
2195 774 2234 801 ut

1244 820 1282 852 in
1307 819 1484 863 imperiis,
1510 818 1557 851 ita
1581 818 1619 850 in
1638 815 1793 851 Ecclesia
1814 830 1949 851 armare
1968 819 2233 861 gubernatores:

1247 877 1280 903 et
1301 869 1440 902 munire
1463 880 1580 901 rerum
1596 867 1827 902 iudicatarum
1845 870 2067 902 autoritatem
2083 869 2236 902 student.

1246 919 1305 954 Sic
1328 919 1514 953 Sadoletus
1544 918 1647 961 longa
1671 919 1839 952 concione
1860 919 2015 957 disserit,
2050 930 2122 951 non
2146 929 2235 962 opus

1246 981 1318 1003 esse
1343 967 1410 1002 hoc
1436 976 1592 1013 ternpore
1614 980 1706 1001 nova
1730 969 1909 1002 doctrinae
1932 969 2151 1012 cognitione,
2179 979 2234 1001 res

1246 1019 1416 1053 iudicatas
1437 1030 1509 1052 esse
1533 1019 1569 1051 in
1595 1019 1740 1052 vetustis
1756 1018 1928 1063 Synodis,
1955 1017 2080 1052 harum
2100 1018 2234 1052 autori-

1246 1077 1351 1104 tatem
1375 1082 1449 1103 non
1473 1081 1544 1102 esse
1568 1080 1659 1102 nova
1685 1069 1922 1113 disputatione
1946 1069 2234 1104 labefactandam.

1245 1120 1284 1155 Si
1299 1120 1496 1164 exemplum
1514 1119 1619 1153 semel
1636 1119 1826 1151 admissum
1842 1119 1946 1153 fuerit
1962 1120 2005 1152 de
2020 1119 2123 1152 rebus
2138 1118 2232 1152 iudi-

1246 1171 1329 1204 catis
1357 1169 1570 1204 disserendi:
1602 1169 1740 1202 nullum
1766 1169 1871 1202 finem
1895 1169 1944 1203 ait
1967 1170 2041 1202 sore
2064 1169 2230 1202 dissidio-

1245 1233 1324 1254 rum
1335 1246 1345 1261 ,
1369 1226 1403 1254 et
1417 1219 1605 1253 monstrari
1621 1219 1720 1252 malis
1737 1219 1887 1262 ingeniis
1902 1220 1994 1252 viam
2010 1219 2231 1263 dissipandae

1247 1270 1422 1305 Ecclesiae
1438 1270 1603 1303 omnibus
1618 1269 1844 1312 temporibus.

1348 1320 1454 1353 Nulla
1493 1327 1543 1353 est
1587 1320 1678 1363 apud
1718 1330 1812 1361 reges
1851 1318 2071 1363 plausibilior
2111 1318 2236 1357 oratio,

1248 1383 1352 1416 quam
1378 1368 1479 1409 haec,
1507 1369 1587 1414 quia
1612 1369 1814 1402 servitutem
1834 1369 1955 1413 populi
1975 1369 2176 1408 coufirmat,
2203 1376 2237 1402 et

1248 1421 1344 1453 iubet
1367 1432 1487 1463 regum
1511 1419 1693 1453 sententiis
1713 1431 1774 1452 seu
1799 1419 1890 1452 veris
1912 1430 1971 1452 seu
1989 1419 2084 1451 salsis
2103 1431 2237 1462 parere.

1249 1470 1468 1504 Demetrium
1491 1481 1626 1512 regem,
1653 1469 1752 1503 cuius
1775 1476 1806 1502 et
1822 1470 1962 1503 fortuna
1980 1469 2074 1502 varia
2092 1469 2177 1510 suit,
2204 1476 2238 1503 et

1248 1521 1428 1564 ingenium
1448 1520 1584 1553 varium
1596 1547 1605 1559 ,
1631 1531 1709 1552 cum
1728 1519 1789 1553 diu
1805 1519 2009 1553 antecellere
2027 1519 2166 1563 regibus
2184 1519 2236 1551 vi-

1249 1571 1337 1604 cinis
1361 1571 1397 1603 in
1416 1568 1559 1614 Europa
1583 1576 1616 1603 et
1641 1570 1677 1602 in
1699 1568 1802 1610 Asia,
1829 1567 2063 1603 Athenienses
2087 1569 2237 1603 delinire

1248 1621 1414 1653 omnibus
1431 1620 1586 1652 artificiis
1602 1627 1634 1652 et
1652 1620 1787 1652 infinita
1807 1619 2009 1652 adulatione
2025 1620 2222 1653 studebant.

1352 1669 1398 1704 [t
1414 1670 1522 1713 igitur
1537 1669 1769 1712 significarent
1780 1695 1788 1708 ,
1815 1681 1849 1702 sc
1865 1667 1959 1702 hunc
1977 1669 2129 1702 iudicare
2142 1681 2239 1702 surn-

1249 1731 1346 1753 mum
1378 1731 1450 1753 esse
1484 1731 1621 1763 regum.
1665 1727 1697 1752 et
1730 1719 1844 1752 colere
1874 1719 2005 1752 divinis
2031 1717 2239 1759 honoribus,

1249 1771 1440 1814 pinxerunt
1465 1782 1544 1802 eum
1568 1770 1663 1802 coelo
1684 1769 1914 1809 insidentem,
1942 1776 1973 1803 et
1991 1770 2168 1803 decretum
2186 1770 2238 1802 se—

1251 1827 1389 1853 cerunt:
1427 1819 1613 1864 Quidquid
1633 1820 1707 1852 vult
1724 1831 1782 1852 rex
1799 1818 2019 1860 Demetrius,
2043 1820 2086 1863 {id
2107 1820 2238 1864 populo

1250 1868 1458 1904 Atheniensi
1485 1869 1580 1913 pium
1607 1875 1639 1902 et
1662 1869 1792 1903 iustum
1817 1869 1941 1903 videri.
1994 1869 2033 1903 Si
2052 1870 2156 1903 talem
2174 1882 2239 1914 po-

1250 1921 1394 1955 tentiam
1417 1920 1602 1954 Sadoletus
1631 1926 1663 1953 et
1693 1920 1824 1953 similes
1849 1920 2143 1963 gubernatoribus
2166 1918 2238 1954 Ec·

1250 1971 1374 2004 clesiae
1397 1970 1504 2004 tribui
1523 1970 1646 2004 volunt
1659 1997 1667 2010 ,
1694 1981 1841 2013 regnum
1858 1970 2076 2004 constituunt
2094 1982 2237 2015 prorsus

1250 2021 1408 2064 ignotum
1428 2019 1633 2063 Evangelio.

1355 2071 1450 2104 Valet
1485 2071 1519 2103 iu
1546 2070 1672 2103 animis
1693 2068 1877 2103 homiuum
1904 2070 2098 2104 similitudo
2125 2071 2235 2114 impe-

1250 2122 1404 2159 riorum.
1439 2121 1473 2153 iu
1497 2121 1623 2166 quilius
1645 2121 1894 2163 gubernatores
1916 2121 2028 2154 tribus
2051 2122 2155 2154 rebus
2177 2133 2234 2155 ar-

1250 2172 1334 2204 mati
1358 2179 1456 2209 sunt,
1484 2172 1574 2212 lege,
1600 2178 1765 2214 potestate
1783 2172 2099 2214 interpretationis,
2127 2178 2158 2205 et
2176 2184 2233 2205 ar-

1250 2222 1327 2255 rnis.
1381 2221 1447 2255 llic
1472 2222 1559 2254 ordo
1582 2228 1614 2254 et
1633 2228 1777 2254 naturae
1795 2219 1979 2254 homiuum
1996 2222 2173 2265 congruit,
2201 2229 2233 2255 et

1249 2273 1410 2306 salutaris
1432 2279 1481 2305 cst
1506 2271 1764 2316 tranquillitati.
1826 2271 1925 2305 llauc
1952 2273 2085 2311 ideam,
2123 2281 2157 2306 ut
2186 2272 2231 2306 ita

1250 2323 1451 2362 nominem,
1486 2323 1697 2355 transferunt
1722 2322 1853 2365 politici
1877 2322 1941 2355 viri
1966 2324 2006 2355 ad
2032 2321 2233 2363 Ecclesiam,

1223 2388 1226 2394 ·
1250 2385 1352 2417 quam
1383 2374 1504 2406 volunt
1535 2371 1696 2405 luntianis
1723 2373 1871 2405 vinculis
1895 2379 1925 2406 et
1952 2374 2074 2416 septis,
2105 2380 2142 2406 ut
2166 2372 2232 2405 im-

1251 2424 1362 2466 peria.
1395 2424 1629 2461 circumdare,
1666 2435 1744 2455 cum
1775 2430 1889 2456 tamen
1913 2423 1947 2455 iu
1972 2421 2033 2456 hac
2057 2423 2230 2464 guberna-

1250 2474 1344 2507 tione
1362 2475 1427 2507 :ilia
1444 2474 1511 2507 siut
1533 2473 1665 2515 potiora
1685 2475 1841 2505 ducenda
1859 2471 2020 2506 luunauis
2038 2474 2178 2515 legibus.

1351 2524 1471 2557 Narrat
1485 2523 1720 2564 ltormngrnes
1737 2524 1888 2556 [altulum
1904 2525 1945 2556 de
1962 2524 2070 2556 simiis
2087 2525 2120 2555 iu
2140 2520 2229 2557 lianc

1249 2576 1467 2609 sententiam.
1522 2573 1687 2606 Viderunt
1709 2574 1828 2606 simiae
1847 2574 1965 2610 tubes.
1994 2581 2023 2606 et
2044 2574 2229 2607 utilitatem

1249 2625 1583 2660 :tantumne-nonunt.
1617 2625 1709 2668 quod
1740 2631 1825 2656 terta
1858 2632 2010 2657 :rt-erent
2038 2625 2173 2667 pinxi-'u
2197 2632 2228 2657 et

1248 2676 1396 2717 frigora,
1427 2675 1572 2719 p'trietes
1595 2675 1812 2707 excluderent
1839 2674 1946 2710 fures,
1981 2676 2117 2708 nioeuia
2141 2676 2228 2707 [eras

2265 0 2302 17 .-

2149 133 2224 168 644
2306 0 2338 160 i
