2338 2958
91 128 162 164 741

89 212 303 257 terpretandi
329 209 531 257 Prophetas.

89 271 218 304 castos,
244 263 352 295 multa
372 271 453 297 suut
474 263 681 297 testimonia.
734 264 1075 298 Laudatissimorum
1100 282 1102 291 ι

89 314 243 346 virorum
262 320 427 357 perpetua
446 314 617 353 amicitia,
645 315 754 359 ipsius
774 315 899 349 fiducia
920 315 956 347 in
981 314 1074 347 resu-

87 363 203 397 taudis
219 364 436 404 adversariis,
462 365 590 409 quibus
610 366 835 409 respondens,
857 365 985 409 iuquit,
1006 364 1074 397 sibi

86 425 228 457 prorsus
250 413 389 447 nullum
411 415 543 448 crimen
567 415 673 448 obiici
697 427 807 459 posse.
865 414 964 448 Talis
989 426 1072 448 con-

86 463 229 497 scientia
246 476 326 497 vere
344 471 406 504 cst,
429 472 467 499 ut
478 465 654 499 Pindarus
670 466 795 510 inquit,
822 465 940 499 suavis
957 465 1073 498 nutri-

85 514 162 547 cula
185 521 354 549 senectae.
409 515 671 549 [facundiorem
689 516 799 561 aliqui
824 516 930 549 fuisse
949 516 1071 558 dispu-

84 571 172 605 tant,
200 571 232 598 et
250 565 285 597 in
304 567 548 609 respondendo
567 567 638 599 fere
652 566 956 600 contumeliosum
989 564 1070 598 Non
1095 536 1099 613 l

84 626 226 648 excuso:
257 617 316 649 sed
341 616 402 661 qui
426 615 492 650 hoc
515 615 796 661 reprehendunt,
822 628 893 649 nou
910 616 1071 650 conside-
1096 616 1097 627 ³

84 672 180 703 rant,
208 678 287 699 cum
303 667 409 699 semel
426 674 627 700 exarserunt
645 667 681 699 in
697 665 851 700 Ecclesia
869 667 1071 707 certamina,

83 716 206 761 quami
230 716 301 750 siut
323 717 522 751 animorum
548 718 716 761 impetus,
742 729 806 750 nec
827 724 963 751 tantum
989 717 1070 763 styli

83 767 247 808 saevitia,
272 770 331 800 sed
351 768 461 801 multo
479 768 660 812 peioribus
681 767 794 801 modis
815 774 985 809 certatur,
1012 780 1068 801 ca-

83 817 244 858 lumniis,
277 818 508 859 factionibus,
542 819 699 859 insidiis,
731 819 918 852 manifesta
943 819 995 859 vi,
1029 825 1069 852 ut

81 866 170 901 Cain
188 868 330 902 fratrem
347 868 530 909 interfecit,
551 869 652 902 ludas
668 869 829 914 proditor
844 876 895 902 est
912 869 1068 904 Domini.

81 916 169 951 Cum
186 918 233 952 ita
249 919 373 952 ardent
385 919 506 961 animi,
521 920 694 953 infinitam
710 920 950 953 crudelitatem
970 932 1068 952 exer-

80 974 177 1008 cent,
212 981 300 1014 quae
331 969 367 1002 in
395 970 498 1003 bonis
528 971 631 1004 etiam
664 971 841 1004 interdum
873 970 1068 1003 inflammat

80 1018 168 1051 iram
186 1026 219 1052 et
233 1019 409 1054 vindictae
425 1021 650 1066 cupiditatem
662 1048 670 1062 ‚
696 1028 735 1054 ut
751 1028 844 1054 extra
862 1028 970 1054 metas
986 1033 1068 1064 pro-

79 1066 273 1111 vehantur,
309 1072 367 1104 sed
395 1073 437 1104 de
460 1073 619 1105 moribus
637 1072 719 1105 satis
736 1071 866 1104 dictum
886 1071 940 1105 sit.
994 1070 1067 1105 Re-

78 1119 216 1164 liquum
240 1128 330 1162 erat,
357 1128 395 1155 ut
422 1123 464 1154 de
486 1122 623 1166 scriptis
645 1122 858 1162 diceremus,
884 1122 921 1154 in
938 1121 1066 1166 quibus
1089 1149 1093 1185 ἰ

81 1171 265 1215 praecipua
284 1171 359 1204 laus
376 1179 426 1206 est
454 1173 784 1217 interpretationum
814 1178 847 1205 et
866 1184 986 1205 earum
1010 1184 1066 1205 re-
1090 1197 1093 1217 ,

78 1220 310 1262 futatiouum‚
350 1222 387 1254 in
425 1224 553 1267 quibus
588 1223 778 1267 praeliatur
807 1235 886 1255 cum
914 1223 1092 1259 Arianis.[

79 1269 370 1315 MultaOrigeuis
387 1273 612 1307 deliramenta
632 1273 703 1317 ipse
719 1285 858 1318 quoque
875 1273 1066 1314 damnavit,
1089 1263 1093 1303 i

77 1320 284 1364 Pelagianos
309 1324 436 1357 refutat
457 1324 675 1367 languidius,
703 1337 780 1356 cum
805 1324 914 1358 multa
939 1331 1066 1363 tamen,
1090 1307 1093 1353 l

79 1371 107 1403 si
124 1383 203 1405 cum
221 1374 371 1406 candore
390 1374 563 1417 leguntur,
579 1381 669 1408 recte
685 1375 786 1409 dicat.
822 1374 890 1408 Sed
909 1375 981 1419 ipse
996 1374 1065 1407 sibi
1090 1360 1091 1382 l

78 1433 152 1455 non
169 1430 319 1456 constat:
347 1425 512 1458 adversus
530 1424 713 1458 Iovianum
728 1425 966 1469 superstitiose
981 1437 1063 1458 con-

78 1472 211 1515 iugium
227 1474 365 1514 abiicit,
392 1482 424 1508 et
439 1482 478 1508 ut
494 1482 566 1509 erat
583 1476 792 1509 assuefactus
810 1476 845 1508 in
865 1476 1065 1508 declaman-

77 1523 142 1563 do,
169 1525 324 1568 exempla
343 1525 480 1565 miscet,
503 1539 591 1571 quae
615 1539 687 1559 non
710 1527 927 1559 conveniunt
943 1525 1064 1560 Eccle-

76 1573 146 1606 siae
163 1575 404 1610 concionibus.
456 1576 525 1610 Sed
544 1589 621 1610 cum
643 1577 677 1609 in
701 1574 764 1609 hac
783 1574 935 1609 humana
952 1576 1064 1609 imbe-

76 1624 219 1658 cillitate
236 1625 394 1668 singulae
418 1633 544 1660 aetates
561 1638 621 1659 sua
640 1628 810 1670 quaedam
834 1625 986 1660 babeant
1009 1627 1064 1659 iu-
1088 1659 1090 1667 ,

75 1675 272 1716 commoda,
289 1677 482 1719 prudenter
497 1684 530 1711 et
543 1677 631 1711 iuste
649 1677 852 1710 iudicemus
880 1675 1063 1720 Eligamus
1087 1671 1091 1697 3

74 1732 186 1769 recta,
213 1733 245 1759 et
269 1727 453 1760 laudemus
477 1740 533 1768 ea,
561 1728 597 1760 in
622 1728 751 1772 quibus
774 1727 986 1761 benemerita
1014 1734 1063 1760 est
1087 1735 1089 1763 ἶ

75 1783 243 1809 vetustas:
278 1785 390 1810 errata
418 1778 584 1818 vitemus,
617 1779 840 1821 deplorantes
870 1775 1061 1810 humanam
1086 1771 1090 1826 ἶ

76 1826 369 1860 imbecillitatem:
397 1834 430 1861 et
445 1828 881 1871 commonefactilapsibus
894 1833 1063 1868 veterum,
1087 1827 1089 1853 ἶ

1092 925 1094 935 t

76 1887 257 1909 censuram
280 1878 323 1910 de
345 1878 448 1910 nobis
470 1890 610 1923 quoque
635 1890 795 1921 agamus,
822 1885 854 1911 et
880 1878 1062 1920 vigilantes
1086 1888 1088 1911 l

75 1926 183 1960 simus
213 1927 248 1959 iu
281 1929 445 1961 cavendis
477 1929 666 1964 erroribus.
725 1928 890 1962 Studium
920 1941 1001 1961 vero
1030 1935 1088 1962 etz

75 1978 306 2011 constantiam
327 1979 519 2012 voluntatis
544 1979 581 2011 in
605 1979 706 2012 bonis
725 1979 899 2018 consitiis,
924 1985 956 2012 et
974 1979 1061 2013 tole-
1086 1996 1087 2000 =

74 2028 222 2061 rantiani
240 2029 489 2072 praestantium
508 2030 663 2062 virorum
681 2029 877 2069 imitemur,
904 2041 962 2062 eos
977 2042 1060 2062 vero

74 2091 225 2124 quorum
250 2080 371 2113 literae
397 2092 460 2113 uos
483 2080 668 2119 erudiunt,
706 2087 848 2125 propter
873 2080 1058 2114 utilitatem
1085 2126 1087 2130 Α

74 2136 229 2162 nostram
249 2131 352 2164 etiam
377 2132 487 2173 magis
509 2143 675 2166 amemus.
729 2130 827 2164 Talis
854 2143 931 2164 cum
957 2131 1060 2164 fuerit
1084 2151 1087 2178 3

73 2179 329 2225 Hieronymus,
356 2188 393 2215 ut
412 2194 484 2215 non
507 2183 619 2214 solum
638 2181 793 2224 exempla
812 2182 854 2214 ab
871 2193 911 2214 eo
931 2182 1060 2215 multa-
1083 2179 1087 2213 Ι

74 2243 151 2263 rum
172 2231 341 2265 virtutum
361 2243 497 2265 sumere
521 2232 711 2276 possimus,
736 2233 794 2264 sed
814 2232 916 2265 etiam
933 2239 969 2266 ut
986 2233 1059 2265 eius

76 2281 254 2314 laboribus
269 2283 426 2326 quotidie
447 2284 616 2321 fruamur,
647 2283 681 2315 iu
704 2283 856 2325 legendis
875 2281 1059 2327 Prophetis
1082 2299 1086 2329 q

74 2332 161 2364 etin
178 2329 349 2366 Ebraicae
372 2333 511 2376 linguae
535 2334 839 2377 interpretatione:
868 2330 951 2366 haec
966 2334 1058 2367 boua
1083 2354 1086 2369 t

73 2393 319 2425 agnoscamus,
345 2396 382 2416 ac
400 2385 551 2427 primum
568 2383 642 2417 Deo
659 2385 786 2427 gratias
803 2395 960 2427 agamus,
987 2396 1060 2417 ser-
1083 2373 1086 2440 ἰ

74 2433 169 2467 vanti
186 2434 320 2466 donum
340 2434 559 2477 linguarum:
587 2435 715 2468 deinde
737 2436 830 2479 quod
853 2434 979 2467 iustum
998 2442 1059 2474 est,
1084 2448 1085 2462 ³

73 2483 196 2517 virtuti
213 2484 370 2518 debiturn
389 2482 559 2518 honorem
575 2485 781 2523 tribuamus,
800 2492 832 2518 et
848 2485 961 2528 ipsum
972 2484 1059 2519 Hie-
1083 2506 1086 2539 Ι

74 2545 262 2579 ronymuin
291 2535 380 2578 grati
410 2535 665 2579 praedicemus,
705 2547 822 2569 coram
859 2535 962 2568 etiam
993 2536 1058 2569 ali·
1083 2548 1086 2576 ι

75 2592 206 2628 quanto
225 2592 301 2629 post
317 2586 355 2619 in
371 2586 440 2619 vita
460 2593 598 2620 aeterna
618 2586 647 2619 ei
663 2587 789 2629 gratias
806 2585 928 2619 acturi.
968 2586 1060 2620 Dixi.
1083 2578 1086 2621 l

648 126 806 166 DECL.
850 127 923 163 DE
959 126 1231 165 MAXILLA
1266 129 1558 167 SlMSONlS.

585 211 632 247 Et
657 214 761 247 fuisse
782 226 896 248 mores
918 214 1025 247 iustos
1043 219 1075 246 et
1099 223 1103 262 ι
1143 213 1208 248 No.
1229 214 1288 250 91.

1100 261 1303 274 ‚NON

2047 146 2121 183 742

1944 243 1989 261 an.
2018 234 2108 265 ¹5⁴6.

1932 276 2102 291 Μ

1338 316 1411 357 De
1437 320 1640 360 maxilla
1669 322 1899 368 Sim-sonis.

1194 391 1224 416 ln
1250 392 1341 419 select.
1364 393 1444 422 Decl.
1465 395 1498 421 T.
1516 396 1559 423 ΙΙΙ.
1577 407 1600 430 p.
1616 398 1693 431 427..
1722 401 1840 429 Seri-est.
1863 405 1896 431 T.
1916 406 1963 431 ΙΙΙ.
1984 415 2011 439 p.
2033 409 2111 440 406„

1223 425 1456 495 'lllffillinpsrsslzil
1477 429 1645 458 Ersoidiensi
1665 434 1702 460 lit.
1723 437 1760 467 C,
1782 439 1804 462 1.
1837 443 1862 464 et
1880 441 1960 474 ⁸apud
1980 441 2110 470 nithard.

1123 540 1250 573 Οναΐίο
1276 539 1322 574 de
1347 544 1507 577 maxilla
1530 547 1740 592 Samsonis,
1774 556 1939 589 recitata
1963 568 1986 590 α
2002 559 2111 592 Doct-

1123 591 1246 635 Casp.
1275 592 1547 640 Cruciyem,
1582 608 1663 632 cum
1681 600 1837 636 daretur
1858 609 2111 644 testimonium

1284 641 1482 679 doctrinae
1509 648 1775 685 Maoeimiliano
1803 656 1948 690 ,vlam-0.

1122 709 1206 748 Etsi
1230 711 1267 747 hi
1287 728 1490 760 congressus
1503 746 1511 760 ,
1539 721 1620 765 quia
1637 723 1818 759 doctrinae
1835 729 1948 762 studia
1965 731 2050 771 coli,
2078 740 2111 767 et

1095 766 1332 799 =mediocrem
1369 779 1440 801 esse
1483 773 1773 816 tranquillitatem
1817 784 1850 811 et
1887 780 2110 824 disciplinam

1121 817 1328 858 ostendunt,
1354 819 1525 862 voluptati
1550 824 1715 858 omnibus
1740 826 1842 860 bonis
1871 841 1941 863 esse
1965 832 2109 867 debent:

1120 873 1236 923 tamen
1262 879 1356 901 nunc
1380 870 1540 914 quidem,
1568 884 1646 905 cum
1671 876 1712 907 ad
1733 879 1907 912 tumulum
1926 885 2110 917 reverendi

1122 924 1227 961 patris
1261 924 1293 951 et
1327 921 1560 965 praeceptoris
1589 926 1720 966 nostri,
1764 927 1911 963 Martini
1949 931 2109 976 Lutheri,

1121 968 1359 1009 consedimus,
1387 977 1419 1003 et
1434 983 1531 1005 mens
1549 979 1651 1018 atque
1669 977 1760 1009 oculi
1780 978 1893 1022 ipsum
1911 984 2108 1027 requirunt,

1120 1019 1180 1063 qui
1196 1020 1423 1063 praecipuum
1441 1029 1512 1056 erat
1528 1020 1632 1057 huius
1649 1034 1764 1060 coetus
1782 1039 2026 1066 ornamentum
2038 1061 2047 1075 ,
2075 1043 2108 1070 et

1119 1081 1218 1107 vere,
1240 1076 1279 1103 ut
1295 1068 1441 1103 Homeri
1463 1074 1576 1106 verbis
1600 1082 1698 1117 utar,
1724 1077 1922 1125 Διιετίῖιρεῖιε
1946 1081 2106 1130 ἀγρομέ-

1118 1129 1230 1160 νοισι,
1265 1120 1377 1153 luctus
1402 1129 1519 1156 noster
1546 1132 1576 1157 et
1600 1126 1702 1159 dolor
1731 1139 1929 1165 renovatur.
1990 1119 2109 1178 Quare

1118 1182 1196 1203 curn
1214 1170 1346 1213 cogito,
1373 1181 1537 1216 quantam
1557 1187 1673 1209 rerum
1689 1180 1815 1213 molem
1836 1183 1894 1215 tali
1915 1185 2026 1218 orbati
2042 1199 2107 1229 gu-

1119 1221 1303 1254 bernatore
1330 1233 1423 1255 uuuc
1449 1224 1698 1268 sustineamus,
1735 1230 1836 1264 valde
1864 1233 2037 1277 impedior
2068 1239 2106 1271 in

1117 1271 1289 1310 dicendo,
1316 1272 1424 1305 animi
1443 1277 1722 1311 consternatione
1747 1288 1779 1314 et
1793 1285 1981 1321 moesticia.
2034 1287 2104 1322 Sed

1118 1319 1208 1354 hanc
1226 1319 1311 1354 mihi
1329 1324 1602 1359 consolationem
1620 1340 1798 1372 propono,
1823 1336 1917 1378 quod
1936 1336 2026 1369 filius
2038 1338 2104 1372 Dei

1118 1379 1286 1416 perpetuo
1306 1384 1339 1405 se
1359 1375 1561 1409 adfuturum
1580 1389 1650 1410 esse
1668 1378 1862 1424 Ecclesiae,
1890 1385 1925 1418 in
1951 1399 2018 1431 qua
2037 1399 2104 1423 vox

1117 1421 1301 1466 Evangelii
1327 1431 1446 1463 sonat,
1483 1427 1684 1468 pollicetur:
1721 1438 1752 1464 et
1770 1433 1862 1467 clare
1881 1443 2041 1479 testatur,
2068 1452 2103 1473 se

1118 1485 1188 1506 nou
1211 1474 1414 1507 relicturum
1449 1488 1520 1509 esse
1553 1490 1616 1511 nos
1642 1479 1829 1525 orphanos.
1891 1484 1968 1520 Etsi
1997 1489 2103 1531 igitur

1118 1525 1309 1557 imbecilles
1343 1537 1483 1567 sumus,
1525 1535 1555 1561 et
1587 1527 1669 1563 huic
1698 1534 1797 1566 oneri
1828 1538 1922 1580 quod
1951 1540 2103 1574 sustine-

1116 1586 1193 1606 mus
1211 1575 1375 1618 impares:
1406 1582 1522 1610 tamen
1540 1590 1602 1612 nec
1625 1583 1758 1622 studia,
1785 1597 1847 1618 uec
1870 1598 1963 1630 spem
1981 1590 2103 1624 salutis

1116 1625 1340 1666 abiiciamus,
1372 1627 1428 1658 sed
1448 1635 1640 1663 statuamus
1662 1632 1696 1663 iu
1722 1630 1784 1667 hac
1803 1636 1924 1670 militia
1945 1640 2104 1675 ministe-

1116 1675 1158 1706 rii
1189 1676 1378 1719 evangelici
1411 1678 1520 1710 lilium
1552 1678 1616 1713 Dei
1649 1690 1740 1717 certo
1773 1686 1874 1720 nobis
1909 1690 2103 1734 opitulatu—

1116 1738 1192 1758 ΓυΠ]
1209 1737 1292 1762 esse.

1217 1800 1306 1834 Cum
1343 1811 1458 1837 autem
1495 1805 1532 1838 in
1567 1804 1621 1839 liis
1649 1813 1891 1852 congressibus
1920 1812 2003 1850 haec
2032 1819 2102 1852 duo

1087 1870 1088 1874 =
1117 1852 1299 1896 praecipue
1315 1853 1385 1886 fieri
1406 1857 1542 1895 deceat,
1569 1857 1825 1894 invocationem
1838 1863 1920 1903 Dei,
1943 1873 1974 1899 et
1992 1870 2102 1912 expli-

1086 1925 1089 1932 ,
1115 1904 1285 1936 cationein
1301 1903 1453 1948 aliquam
1468 1907 1589 1940 utilem
1606 1909 1647 1940 ad
1664 1911 1856 1946 docendam
1874 1915 2102 1958 iuventutem,

1115 1960 1146 1986 et
1165 1955 1204 1985 ad
1225 1953 1320 1996 pium
1342 1954 1376 1986 in
1395 1955 1520 1989 animis
1538 1965 1670 1991 'notum
1695 1962 1936 2007 excitandum,
1963 1976 2001 2001 ut
2019 1982 2100 2003 vero

1114 2004 1244 2047 gemitu
1266 2017 1326 2047 pro
1345 2006 1455 2038 salute
1474 2005 1646 2042 Ecclesiae
1665 2019 1740 2043 vota
1760 2013 1902 2049 faciant:
1932 2030 1993 2061 ego
2013 2032 2103 2064 quo-

1085 2083 1087 2088 ,
1114 2067 1180 2099 que
1198 2055 1349 2098 primum
1368 2054 1442 2088 Deo
1461 2065 1602 2091 aeterno
1621 2061 1708 2103 patri
1728 2061 1872 2098 Domini
1897 2070 2005 2101 nostri
2026 2070 2102 2104 lesu

1113 2102 1258 2144 Christi,
1282 2107 1454 2140 conditori
1471 2109 1628 2141 omuiuvn
1646 2123 1760 2144 reruni
1774 2121 1807 2147 et
1819 2113 1994 2152 Ecclesiae
2009 2132 2103 2162 suae,

1113 2167 1182 2189 uua
1202 2167 1280 2188 cum
1299 2156 1372 2190 filio
1390 2169 1452 2191 suo
1470 2157 1622 2193 Domino
1641 2169 1760 2196 nostro
1785 2164 1862 2202 Iesu
1880 2166 2039 2210 Christo,
2067 2179 2101 2206 et

1084 2226 1086 2231 ·
1113 2206 1249 2250 Spiritu
1267 2214 1403 2246 sancto,
1431 2221 1494 2251 ago
1513 2211 1659 2252 gratias,
1687 2215 1780 2257 quod
1805 2227 1839 2249 se
1863 2221 2041 2262 patefecit,
2067 2229 2101 2257 et

1114 2257 1223 2289 filium
1254 2257 1432 2291 constituit
1464 2260 1672 2302 placatorem
1705 2261 1766 2297 καὶ
1791 2267 1963 2314 μεσίτην,
1999 2279 2032 2306 et
2067 2273 2100 2306 ei

1113 2308 1251 2349 colligat
1276 2314 1453 2341 aeternam
1476 2307 1682 2344 Ecclesiam:
1717 2326 1755 2346 ac
1779 2322 1851 2350 toto
1871 2328 2008 2362 pectore
2026 2335 2100 2364 orn,

1113 2366 1236 2392 utnon
1254 2358 1346 2391 sinat
1363 2359 1713 2404 extinguiEvaugelii
1733 2364 1860 2407 lucem,
1885 2372 1944 2404 sed
1962 2373 2101 2417 colligat

1112 2422 1149 2442 ac
1168 2415 1280 2441 servet
1298 2409 1369 2441 filio
1389 2406 1637 2446 haereditatem
1657 2422 1832 2450 aeternam
1851 2419 1942 2454 iuter
1961 2435 2040 2463 nos,
2069 2432 2100 2457 et

1083 2477 1085 2488 <
1113 2471 1176 2492 nos
1193 2459 1364 2502 gubernet
1383 2471 1420 2492 ac
1437 2461 1597 2501 adiuvet,
1623 2469 1654 2496 et
1670 2461 1752 2498 haec
1766 2464 1914 2513 hospitia
1926 2470 2100 2507 Ecclesiae

1113 2518 1144 2544 et
1163 2508 1344 2542 honestam
1362 2510 1584 2555 disciplinam
1605 2521 1754 2551 tueatur.

1214 2583 1308 2617 Haec
1330 2596 1391 2617 vos
1415 2597 1554 2631 quoque
1579 2599 1715 2621 mecum
1741 2592 1945 2627 ardentibus
1968 2598 2056 2632 votis
2080 2611 2099 2633 a

1083 2630 1086 2636 ¹
1113 2635 1187 2669 Deo
1207 2635 1329 2679 petite,
1356 2647 1435 2668 cum
1455 2637 1555 2671 toties
1571 2645 1640 2671 tam
1653 2651 1774 2675 severe
1788 2641 1882 2676 Deus
1899 2645 1941 2677 de
1959 2645 2101 2683 invoca-

1115 2687 1210 2721 tione
1227 2686 1452 2730 praeceperit.

1406 2737 1455 2771 47
1471 2734 1490 2751 ¹⁸
