2338 2958
179 131 251 166 899

285 216 385 250 Hanc
402 216 618 249 voluntatem
636 225 714 246 cum
736 212 943 256 expresserit
958 212 994 245 in
1013 224 1076 246 suo
1098 225 1170 246 ser-

184 281 307 308 mone,
334 280 406 301 non
428 267 624 300 tribuamus
647 263 677 297 ei
698 263 980 303 simulationem,
1006 275 1080 297 non
1106 264 1173 297 fin-

183 331 305 363 gamus
323 319 358 351 in
377 331 415 351 eo
429 314 719 350 contradictorias
736 314 947 348 voluntates.

286 369 337 403 Ac
352 368 477 401 sentiet
497 367 555 399 ille
576 373 838 405 consternatuS,
865 365 965 398 reddi
980 365 1046 398 sibi
1067 365 1173 399 vitam

187 420 339 455 intuenti
369 419 404 451 in
429 418 539 451 filium
569 416 653 456 Dei,
687 423 720 449 et
745 416 912 459 cogitanti
937 416 1011 449 eius
1037 429 1174 449 vocem:

187 472 314 505 Venite
331 471 447 511 adme
464 480 596 506 omnes,
621 467 680 512 qui
697 467 864 500 laboratis
880 475 913 501 et
929 468 1066 501 onerati
1083 467 1176 508 estis,

187 531 216 556 et
237 534 299 565 ego
319 521 468 553 reficiam
487 531 558 553 vos.
612 519 723 561 Saepe
739 519 843 551 etiam
870 519 906 551 in
926 515 990 552 hac
1009 519 1100 552 lucta
1118 530 1176 561 ge-

186 585 283 606 mens
300 571 480 604 clamabit:
509 568 798 610 CredoDomine,
822 571 880 602 sed
899 582 1000 614 opem
1018 571 1069 602 fer
1084 570 1177 602 disfi-

188 624 327 656 dentiae
345 634 452 656 meae.
508 620 584 655 Hoc
601 633 636 654 se
662 621 804 661 ordine,
834 619 897 654 hac
923 620 1177 658 consolatione,

186 671 362 719 Propheta
379 680 560 713 sustentat,
582 672 781 705 clamitans:
809 670 960 715 Expecta
974 670 1178 712 Dominum,

188 732 341 770 expectat
357 725 472 757 anima
492 737 582 764 mea,
610 731 641 756 et
661 725 752 755 iuxta
773 723 919 756 verbum
937 723 1012 755 eius
1028 734 1140 766 spem.

289 775 448 810 Sciamus
464 775 582 818 igitur,
606 787 678 807 non
696 774 948 807 infructuosam
967 784 1040 806 esse,
1058 773 1178 806 lectio-

186 839 265 861 nem
293 826 464 860 sermonis
488 824 619 865 divini,
652 825 710 858 sed
730 824 905 868 Spiritum
930 832 1089 857 sanctum
1115 821 1180 856 hac

189 880 263 923 ipsa
283 889 367 911 voce
394 878 583 910 accendere
611 883 768 919 pectora,
795 876 885 909 sicut
906 882 938 908 et
957 875 1042 908 alibi
1063 875 1180 920 inquit

188 929 336 970 Paulus,
363 936 400 963 ut
419 941 481 972 per
494 927 772 961 consolationem
799 927 1054 971 scripturarum
1082 938 1178 971 spem

187 979 394 1014 habeamus.

291 1030 347 1064 An
365 1031 488 1064 literae
507 1037 539 1064 et
555 1030 709 1076 syllabae
726 1030 866 1063 dolores
890 1028 1043 1067 leniant,
1069 1035 1102 1062 et
1126 1028 1178 1061 vi-

188 1090 259 1116 tam
276 1083 447 1122 reddant,
475 1081 637 1126 inquies?
679 1080 753 1114 [mo
773 1092 855 1113 vero
874 1080 967 1113 Deus
984 1087 1017 1114 te
1034 1081 1076 1112 ad
1096 1077 1180 1112 haec

189 1134 315 1178 scripta
334 1130 499 1173 retrahit,
527 1133 564 1165 in
583 1129 637 1165 his
652 1131 870 1165 voluntatem
887 1143 984 1164 suam
1004 1131 1078 1164 vult
1096 1142 1180 1163 con-

190 1185 297 1229 spici,
333 1191 366 1218 et
390 1181 517 1217 horum
543 1183 754 1225 cogitatione
778 1189 910 1215 mentes
928 1188 1046 1215 movet
1070 1188 1103 1215 et
1124 1193 1181 1214 ac—

191 1236 319 1269 cendit.

292 1285 374 1318 Dixi
393 1285 502 1317 multo
529 1284 669 1316 brevius
695 1285 738 1316 de
765 1282 916 1316 utilitate
942 1283 1121 1323 lectionis,
1149 1289 1181 1316 et

191 1338 234 1371 de
260 1337 414 1370 motibus
431 1335 586 1378 Spiritus
607 1335 736 1374 sancti,
765 1346 870 1379 quam
897 1335 1104 1377 magnitudo
1132 1334 1182 1367 rei

190 1388 352 1433 postulat.
407 1386 474 1421 Sed
493 1384 577 1419 haec
602 1386 673 1430 ipsa
697 1385 831 1419 utilitas
853 1385 1023 1426 ostendit,
1051 1385 1182 1419 dulcis-

189 1440 276 1473 sime
293 1439 426 1472 dictum
448 1449 535 1478 esse,
564 1435 698 1471 habitet
718 1437 899 1470 vobiscum
918 1448 1033 1470 sermo
1053 1435 1131 1471 Dei.

293 1489 406 1524 Simul
444 1489 538 1522 enim
575 1489 613 1523 fit
650 1499 748 1521 mens
781 1487 1001 1521 domicilium
1029 1487 1184 1531 Spiritus

191 1541 321 1582 sancti,
349 1541 385 1573 in
410 1553 477 1586 qua
497 1552 611 1573 sermo
634 1539 778 1573 divinus
794 1536 939 1574 habitat.
994 1538 1095 1572 Ilauc
1111 1551 1184 1572 esse

192 1605 332 1638 gravem
361 1591 519 1625 discendi
546 1598 579 1625 et
607 1591 745 1634 legendi
774 1602 934 1630 causam,
978 1602 1100 1623 omnes
1128 1591 1184 1622 iu-

193 1644 368 1687 telligunt.

256 1736 258 1738 ¹
298 1693 450 1727 Additae
467 1700 549 1726 sunt
567 1698 681 1725 autem
701 1690 983 1735 exaggerationes
1009 1698 1040 1724 et
1064 1691 1185 1723 admo-

196 1746 364 1779 nitiones:
404 1743 566 1784 Habitet,
608 1743 743 1787 inquit,
778 1743 870 1776 inter
894 1754 957 1775 nos
982 1742 1124 1775 abunde
1148 1741 1185 1773 in

195 1797 293 1830 omni
336 1795 517 1838 sapientia.
599 1793 683 1827 Vult
725 1805 826 1837 saepe
861 1793 1084 1838 multumque
1119 1793 1184 1835 legi

195 1848 322 1892 scripta
348 1843 554 1891 prophetica
587 1851 619 1878 et
653 1845 865 1889 apostolica,
907 1851 940 1878 et
964 1844 1039 1878 vult
1064 1856 1100 1876 ea
1129 1856 1184 1877 sa—

193 1900 331 1944 pienter
349 1896 577 1931 considerari.

299 1949 377 1983 Non
399 1949 520 1992 legunt
543 1947 719 1991 sapienter
743 1943 930 1988 haeretici,
961 1946 1020 1990 qui
1049 1958 1118 1978 non
1146 1958 1185 1978 ex

197 2001 279 2046 ipsis
310 2000 466 2034 sontibus
494 1996 663 2032 hauriunt
694 1997 904 2037 sententias,
938 1998 995 2029 scd
1023 1997 1186 2030 adserunt

197 2065 279 2086 suae
305 2052 476 2097 quaedam
499 2050 652 2082 somnia:
693 2049 820 2081 deinde
843 2055 1031 2092 excerpunt
1062 2048 1185 2081 mutila

197 2104 310 2143 (licta,
353 2115 442 2148 quae
474 2102 725 2135 transformant
757 2099 792 2132 iu
827 2099 959 2133 alienas
985 2099 1185 2133 sententias.

196 2154 328 2188 Totum
357 2164 482 2197 corpus
510 2151 691 2186 doctrinae
723 2151 934 2184 intuendum
964 2157 1033 2190 est,
1073 2157 1105 2183 et
1133 2150 1185 2182 vi-

195 2206 310 2238 denda
334 2205 572 2238 membrorum
596 2203 836 2241 concinnitas,
867 2208 899 2235 et
927 2208 966 2235 ut
990 2202 1035 2235 ita
1061 2201 1187 2242 dicam,

196 2254 394 2290 harmonia.

301 2307 406 2340 Ludit
437 2307 686 2339 samosatenus
722 2306 756 2338 in
785 2305 895 2338 dicto:
941 2303 977 2337 Ιιι
1011 2304 1186 2348 principio

200 2366 270 2391 erat
299 2356 414 2404 λόγος.
471 2357 545 2391 (Ῑυι-
571 2357 682 2402 inquit
710 2355 841 2404 λόγον,
878 2355 1046 2397 intelligis
1068 2367 1184 2399 perso-

201 2422 281 2442 nam
299 2421 376 2441 cum
399 2407 514 2454 λέγειν
529 2408 569 2441 sit
589 2408 704 2441 actio?
744 2408 790 2442 At
806 2419 955 2453 sequens
975 2414 1045 2441 tota
1065 2418 1185 2439 narr·-

200 2461 248 2494 tio
265 2460 415 2494 ostendit
435 2456 545 2505 λόγων
563 2472 746 2502 personam
765 2471 849 2492 esse.
905 2456 1117 2491 Adhibenda
1136 2464 1186 2491 est

198 2512 304 2554 igitur
321 2511 490 2555 sapientia
512 2511 545 2542 in
563 2511 784 2543 conserendis
801 2510 969 2554 partibus.
999 2508 1067 2542 ch
1082 2509 1186 2542 stulte

196 2563 330 2597 dictum
363 2568 413 2596 est
440 2559 659 2605 Epiphanio:
704 2558 824 2595 πάντα
852 2559 896 2595 τὰ
925 2561 1011 2594 Heia
1040 2557 1185 2604 ῥήματα

197 2612 266 2648 οὐκ
289 2610 508 2673 ἀλληῖορίσς
527 2610 661 2653 δεῖται,
690 2611 763 2645 ἀλλ’
784 2610 832 2651 ὡς
848 2611 915 2657 ἔχει
931 2638 938 2651 ,
966 2610 1128 2656 Ortopla<
1145 2608 1184 2643 δι’

195 2662 310 2699 δεῖται
327 2677 387 2699 και
406 2660 625 2709 αἰσθήσεως,
653 2664 699 2700 11,-
719 2662 756 2697 τὸ
774 2662 906 2697 ‘Mirm
925 2659 1078 2707 e'xa'onjc
1096 2660 1184 2696 (¹¹:1⁰-

195 2715 333 2755 θέσεως
360 2714 424 2750 τὶν
443 2712 627 2759 δύναμιν
658 2713 809 2748 Divinus
827 2727 939 2748 sermo
960 2727 1030 2747 nou
1050 2714 1183 2757 indiget

478 127 637 164 DECL.
672 125 745 161 DE
779 125 972 161 DlCTO:
1006 123 1212 162 SERMO
1247 122 1498 159 CHRISTI
1534 123 1799 160 HABlTET
1834 137 1919 162 ETc.

2145 129 2222 164 900

1226 209 1412 252 allegorica
1430 209 1731 254 interpretatione,
1753 212 1812 244 sed
1832 212 1867 245 in
1886 213 2028 258 propria
2047 215 2222 249 sententia

1228 260 1458 304 intelligatur.
1512 259 1650 304 lndiget
1668 268 1785 295 autem
1803 265 2041 306 speculatione
2057 272 2090 299 et
2106 277 2223 308 sensu,

1228 319 1267 346 ut
1283 311 1450 345 materiae
1465 311 1727 353 discernantur,
1754 318 1789 346 et
1804 320 1896 347 recte
1913 316 2142 360 accipiantur.

1329 361 1500 395 Nominat
1526 360 1728 404 Theorian,
1771 364 1866 396 viam
1897 365 2064 400 docendi:
2110 379 2220 412 genus

1229 413 1402 446 sermonis
1420 413 1572 455 intelligi
1591 420 1740 462 oportet.
1776 416 1918 449 accedat
1940 423 1973 449 et
1990 417 2125 461 sobria,
2147 432 2221 453 non

1229 464 1370 507 garrula
1393 470 1425 497 et
1450 464 1654 498 cavillatrix'
1672 463 1882 507 Dialectica,
1923 473 2108 502 teneantur
2129 471 2222 503 divi-

1231 515 1347 548 siones
1370 526 1550 558 generum.
1603 513 1713 549 Aliud
1739 516 1792 549 lex
1816 524 1884 557 est,
1911 518 2008 552 aliud
2035 521 2222 563 promissio

1231 566 1380 609 gratuita
1411 566 1726 600 reconciliationis:
1772 567 1869 601 aliud
1904 575 1954 602 est
1986 570 2223 605 ministerium

1231 615 1437 660 Evangelii,
1481 617 1548 649 alia
1579 629 1634 650 res
1664 617 1805 661 politica
1830 619 2052 662 gubernatio.
2114 620 2223 656 Aliud

1232 668 1340 709 actio,
1376 680 1466 713 quae
1490 669 1697 702 nominatur
1725 668 2014 710 Sacramentum,
2046 672 2142 706 aliud
2170 686 2225 707 res

1233 725 1328 752 extra
1344 720 1531 755 actionem.
1584 718 1748 765 Denique
1770 721 1847 753 sani
1877 718 2031 755 hominis
2054 731 2124 764 est,
2152 736 2225 758 non

1234 770 1270 802 in
1289 781 1402 803 unum
1422 768 1527 803 chaos
1546 771 1763 804 confundere
1789 772 1990 805 universam
2017 775 2228 817 doctrinam,

1233 822 1313 861 sed,
1340 828 1377 854 ut
1391 821 1429 854 fit
1451 821 1488 853 in
1505 821 1684 862 docendo,
1712 834 1921 864 numerum,
1949 824 2227 868 distinctionem,

1234 872 1395 905 ordinem
1412 872 1583 905 iudicium
1602 869 1779 906 adhibere.

1336 922 1438 956 Hanc
1465 923 1685 966 diligentiam
1710 924 1871 959 nominat
1886 923 2111 970 Epiphanius
2130 927 2229 962 θεω-

1235 971 1332 1020 ρίαι».
1391 973 1530 1007 Deinde
1559 981 1591 1007 et
1614 985 1754 1008 sensum
1781 976 1857 1010 vult
1879 974 2062 1018 adhiberi,
2097 979 2133 1011 id
2165 987 2228 1020 est,

1235 1025 1446 1058 mediocrem
1469 1025 1732 1068 experientiam.

1337 1074 1454 1109 Homo
1480 1077 1618 1109 ociosus
1646 1083 1678 1110 et
1703 1088 1884 1121 nunquam
1903 1085 2064 1121 expertus
2084 1091 2229 1124 magnos

1235 1126 1395 1163 dolores,
1423 1139 1495 1159 non
1513 1127 1680 1170 intelligit
1694 1128 1855 1160 exercitia
1867 1127 1966 1162 Fidei
1985 1130 2122 1174 etSpei.
2160 1131 2230 1166 lta-

1236 1189 1304 1222 que
1323 1178 1492 1211 vocabula
1510 1178 1613 1211 etiam
1634 1186 1880 1222 corrumpunt.
1935 1179 2125 1215 Monachis
2144 1182 2230 1216 fides

1235 1234 1373 1262 tautum
1390 1229 1556 1261 noticiam
1574 1229 1757 1271 significat.
1803 1228 1985 1263 Peccatum
2005 1231 2075 1264 illis
2092 1240 2229 1267 tantum

1237 1279 1409 1322 significat
1426 1280 1555 1319 scelus,
1583 1281 1678 1324 quod
1701 1279 1894 1313 voluntatis
1911 1281 2080 1315 electione
2098 1283 2228 1317 sactum

1237 1337 1297 1364 est.
1351 1329 1514 1375 Denique
1530 1331 1566 1363 in
1587 1331 1707 1365 multis
1723 1331 1875 1374 negotiis
1899 1332 1967 1365 alia
1991 1340 2072 1366 sunt
2098 1334 2228 1369 iudicia

1238 1381 1380 1415 rudium
1394 1409 1404 1422 ‚
1429 1382 1496 1415 alia
1515 1382 1707 1426 peritorum
1721 1408 1730 1423 ,
1758 1394 1846 1427 quos
1863 1394 1946 1416 usus
1964 1384 2109 1418 erudiit.

1339 1431 1403 1466 Est
1422 1430 1506 1466 haec
1525 1445 1665 1478 quoque
1687 1434 1858 1477 sapientia
1883 1434 1918 1467 in
1942 1434 2089 1478 legendo
2111 1447 2231 1470 neces-

1238 1484 1345 1524 saria,
1373 1484 1512 1528 saepius
1529 1491 1683 1529 repetere
1699 1485 1861 1518 materias
1884 1497 1974 1530 quae
1997 1494 2164 1531 prosunt,
2191 1495 2231 1523 ut

1238 1535 1370 1569 Paulus
1393 1535 1576 1577 nominat,
1609 1537 1652 1569 ad
1677 1535 1970 1570 aedificationem:
2003 1538 2123 1583 quales
2147 1546 2231 1573 sunt

1239 1587 1427 1620 conciones
1444 1588 1486 1619 de
1513 1587 1748 1631 poenitentia,
1776 1588 1819 1620 de
1844 1587 1929 1629 fide,
1956 1589 1999 1621 de
2023 1601 2102 1622 vera
2128 1589 2231 1624 invo-

1239 1638 1394 1677 catione,
1421 1639 1465 1670 de
1486 1639 1577 1670 veris
1595 1639 1768 1677 cultibus,
1793 1645 1826 1671 et
1844 1640 2085 1673 enarrationes
2099 1641 2231 1676 articu-

1240 1689 1354 1721 lorum
1380 1688 1477 1721 fidei:
1507 1695 1540 1722 et
1565 1689 1765 1733 relinquere
1784 1690 1958 1733 argutias,
1982 1703 2131 1735 quarum
2157 1704 2230 1725 non

1240 1747 1290 1773 cst
1309 1751 1409 1778 usus,
1438 1747 1476 1773 ut
1501 1740 1585 1772 olim
1613 1747 1711 1773 erant
1737 1740 1832 1773 rixae
1852 1741 1895 1773 de
1915 1740 2160 1785 Genealogiis,
2188 1744 2231 1777 de

1240 1791 1296 1824 die
1314 1791 1569 1827 crucifixionis,
1598 1792 1641 1822 dc
1658 1791 1878 1826 fermentato.

1340 1840 1386 1875 Et
1401 1854 1480 1875 cum
1500 1841 1721 1884 ingeniorum
1748 1853 1872 1885 magna
1899 1842 1942 1875 sit
1965 1841 2232 1881 dissimilitudo.

1242 1893 1343 1927 multi
1365 1893 1418 1925 vel
1435 1893 1552 1925 studio
1570 1892 1777 1925 subtilitatis
1790 1920 1797 1932 ,
1827 1893 1879 1925 vel
1897 1905 2016 1926 amore
2036 1894 2231 1928 cavillatio-

1242 1957 1347 1985 nutu,
1375 1941 1554 1976 velluntur
1579 1951 1672 1976 extra
1699 1950 1824 1983 metas,
1859 1951 1891 1976 et
1917 1951 1955 1977 ut
1980 1951 2111 1978 veteres
2137 1946 2233 1979 dice-

1243 1997 1338 2035 baut,
1367 1991 1456 2039 ὑπὲρ
1476 1992 1517 2028 τὰ
1534 1992 1758 2038 ἐσκεμμένα,
1789 1994 1890 2027 multi
1909 1995 2066 2029 fascinati
2083 2008 2231 2030 connsue-

1241 2048 1386 2089 tudine,
1414 2047 1467 2078 vel
1491 2046 1573 2077 odio
1600 2053 1632 2079 et
1659 2045 1737 2078 aliis
1755 2046 1955 2087 affectibus,
1982 2047 2160 2081 mordicus
2177 2060 2230 2081 re-

1242 2098 1353 2132 tinent
1371 2097 1476 2130 ctiam
1495 2103 1584 2130 terra
1603 2096 1845 2132 deliramenta.

1345 2149 1550 2182 Frcuandae
1567 2155 1648 2181 suut
1675 2147 1782 2189 igitur
1807 2154 1958 2187 mentes,
1983 2154 2016 2181 et
2039 2144 2232 2181 cohercen-

1241 2201 1305 2234 dae
1325 2201 1360 2233 in
1377 2199 1586 2244 obsequium
1603 2197 1765 2239 Christo,
1792 2206 1828 2232 ut
1852 2197 1980 2231 l‘aulus
2000 2199 2127 2244 inquit.
2163 2198 2232 2232 Ca-

1242 2253 1395 2284 vendum
1423 2263 1465 2284 ne
1489 2250 1658 2294 adplausu
1683 2249 1940 2287 multitudiuis,
1975 2262 2018 2283 ne
2044 2249 2233 2283 dulcedine

1241 2303 1462 2341 subtilitatis,
1488 2313 1532 2334 uc
1556 2299 1753 2347 ([ιλαυῐίᾳ,
1781 2313 1823 2333 u‹·
1847 2312 1965 2334 amore.
1983 2300 2233 2341 contentionis,

1241 2366 1284 2387 nc
1302 2354 1492 2387 factionum
1511 2353 1652 2389 studiis.
1682 2364 1724 2385 nc
1748 2352 1846 2385 fracti
1875 2359 1988 2391 metu,
2015 2352 2233 2386 abducamur

1240 2417 1259 2438 a
1278 2406 1434 2440 veritate.
1476 2403 1568 2437 llaec
1588 2411 1618 2437 vt
1635 2403 1700 2435 alia
1721 2403 1828 2436 multa
1843 2402 2122 2440 l‘aulusmonet.
2150 2415 2229 2435 cum

1240 2457 1304 2490 ait:
1336 2456 1476 2489 llabitct
1499 2456 1589 2488 iuter
1608 2466 1666 2487 sos
1685 2466 1797 2487 sermo
1816 2453 1879 2487 Dei
1907 2454 1941 2487 iu
1967 2454 2063 2487 omni
2091 2453 2231 2498 sapien—

1241 2508 1298 2542 tia.
1352 2508 1432 2541 Srio
1459 2513 1574 2540 autem
1602 2507 1714 2539 multo
1742 2506 1842 2549 plura
1871 2505 2053 2548 complecti
2082 2503 2230 2537 Paulum

1241 2559 1275 2591 iu
1298 2556 1363 2591 lior
1383 2559 1497 2597 «licto,
1525 2569 1630 2601 quam
1650 2554 1732 2589 haec
1749 2568 1838 2601 quae
1854 2555 2006 2589 recitavi.
2046 2554 2115 2588 Nec
2132 2555 2230 2600 quis-

1239 2622 1342 2655 quam
1361 2610 1523 2643 evolverc
1542 2615 1647 2641 totam
1665 2607 1765 2641 l'auli
1784 2607 1991 2641 s‹=1u‹·ntiam
2012 2613 2122 2650 potest
2136 2633 2143 2645 ,
2168 2608 2228 2640 sed

1238 2668 1353 2694 tamru
1377 2662 1482 2694 verba
1502 2659 1701 2704 aspicienda
1718 2666 1796 2692 suut
1811 2686 1818 2697 ,
1845 2666 1875 2692 et
1895 2657 2129 2691 consideratio
2147 2658 2230 2691 sub-

1236 2712 1318 2745 ind«-
1337 2713 1414 2757 plus
1433 2713 1561 2746 adseret
1584 2711 1682 2744 lucis.
1728 2708 1776 2743 Ac
1796 2709 2052 2750 adolescentes,
2077 2715 2114 2743 ut
2132 2719 2167 2742 se
2185 2709 2227 2742 ad
