<?xml version="1.0" encoding="UTF-8"?>
<!DOCTYPE html PUBLIC "-//W3C//DTD XHTML 1.0 Transitional//EN"
    "http://www.w3.org/TR/xhtml1/DTD/xhtml1-transitional.dtd">
<html xmlns="http://www.w3.org/1999/xhtml" xml:lang="en" lang="en">
 <head>
  <title>
</title>
<meta http-equiv="Content-Type" content="text/html;charset=utf-8" />
  <meta name='ocr-system' content='tesseract 3.04.00' />
  <meta name='ocr-capabilities' content='ocr_page ocr_carea ocr_par ocr_line ocrx_word'/>
</head>
<body>
  <div class='ocr_page' id='page_1' title='image "./operaquaesupersu11melauoft/operaquaesupersu11melauoft_0145.png"; bbox 0 0 2338 2958; ppageno 0'>
   <div class='ocr_carea' id='block_1_1' title="bbox 76 99 153 134">
    <p class='ocr_par' dir='ltr' id='par_1_1' title="bbox 76 99 153 134">
     <span class='ocr_line' id='line_1_1' title="bbox 76 99 153 134; baseline 0 0"><span class='ocrx_word' id='word_1_1' title='bbox 76 99 153 134; x_wconf 80' lang='lat'><strong>273</strong></span> 
     </span>
    </p>
   </div>
   <div class='ocr_carea' id='block_1_2' title="bbox 524 96 1654 144">
    <p class='ocr_par' dir='ltr' id='par_1_2' title="bbox 524 96 1654 144">
     <span class='ocr_line' id='line_1_2' title="bbox 524 96 1654 144; baseline 0.009 -11"><span class='ocrx_word' id='word_1_2' title='bbox 524 96 684 134; x_wconf 85' lang='lat' dir='ltr'><strong>DECL.</strong></span> <span class='ocrx_word' id='word_1_3' title='bbox 733 98 805 135; x_wconf 90' lang='lat' dir='ltr'><strong>DE</strong></span> <span class='ocrx_word' id='word_1_4' title='bbox 839 97 1148 136; x_wconf 89' lang='lat' dir='ltr'><strong>PURITATE</strong></span> <span class='ocrx_word' id='word_1_5' title='bbox 1182 100 1536 142; x_wconf 82' lang='lat' dir='ltr'>DOCTRINAE</span> <span class='ocrx_word' id='word_1_6' title='bbox 1571 116 1654 144; x_wconf 76' lang='lat' dir='ltr'><strong>ETc.</strong></span> 
     </span>
    </p>
   </div>
   <div class='ocr_carea' id='block_1_3' title="bbox 2029 115 2105 151">
    <p class='ocr_par' dir='ltr' id='par_1_3' title="bbox 2029 115 2105 151">
     <span class='ocr_line' id='line_1_3' title="bbox 2029 115 2105 151; baseline 0.026 -2"><span class='ocrx_word' id='word_1_7' title='bbox 2029 115 2105 151; x_wconf 78' lang='lat'><strong>274</strong></span> 
     </span>
    </p>
   </div>
   <div class='ocr_carea' id='block_1_4' title="bbox 74 183 2102 241">
    <p class='ocr_par' dir='ltr' id='par_1_4' title="bbox 74 183 2102 241">
     <span class='ocr_line' id='line_1_4' title="bbox 74 183 2102 241; baseline 0.009 -25"><span class='ocrx_word' id='word_1_8' title='bbox 74 191 250 228; x_wconf 84' lang='lat' dir='ltr'><strong>tempore,</strong></span> <span class='ocrx_word' id='word_1_9' title='bbox 281 195 354 217; x_wconf 91' lang='lat' dir='ltr'><strong>non</strong></span> <span class='ocrx_word' id='word_1_10' title='bbox 380 183 495 217; x_wconf 81' lang='lat' dir='ltr'><strong>solum</strong></span> <span class='ocrx_word' id='word_1_11' title='bbox 519 185 715 229; x_wconf 87' lang='lat' dir='ltr'><strong>praesentia</strong></span> <span class='ocrx_word' id='word_1_12' title='bbox 739 196 874 219; x_wconf 85' lang='lat' dir='ltr'><strong>summa</strong></span> <span class='ocrx_word' id='word_1_13' title='bbox 899 185 1065 229; x_wconf 89' lang='lat' dir='ltr'><strong>pericula,</strong></span> <span class='ocrx_word' id='word_1_14' title='bbox 1118 186 1172 219; x_wconf 89' lang='lat' dir='ltr'><strong>bis</strong></span> <span class='ocrx_word' id='word_1_15' title='bbox 1195 194 1264 229; x_wconf 89' lang='lat' dir='ltr'><strong>est,</strong></span> <span class='ocrx_word' id='word_1_16' title='bbox 1296 200 1502 225; x_wconf 86' lang='lat' dir='ltr'><strong>conservare</strong></span> <span class='ocrx_word' id='word_1_17' title='bbox 1523 195 1746 236; x_wconf 72' lang='lat' dir='ltr'><strong>studeamus,</strong></span> <span class='ocrx_word' id='word_1_18' title='bbox 1779 208 1817 231; x_wconf 91' lang='lat' dir='ltr'><strong>ac</strong></span> <span class='ocrx_word' id='word_1_19' title='bbox 1844 198 2035 241; x_wconf 75' lang='lat' dir='ltr'><strong>cogitemus</strong></span> <span class='ocrx_word' id='word_1_20' title='bbox 2058 202 2102 234; x_wconf 90' lang='lat' dir='ltr'><strong>ad</strong></span> 
     </span>
    </p>
   </div>
   <div class='ocr_carea' id='block_1_5' title="bbox 51 234 1064 2750">
    <p class='ocr_par' dir='ltr' id='par_1_5' title="bbox 51 234 1064 2750">
     <span class='ocr_line' id='line_1_5' title="bbox 76 234 1064 280; baseline 0.002 -12"><span class='ocrx_word' id='word_1_21' title='bbox 76 235 136 268; x_wconf 78' lang='lat' dir='ltr'><strong>sed</strong></span> <span class='ocrx_word' id='word_1_22' title='bbox 158 234 261 266; x_wconf 85' lang='lat' dir='ltr'><strong>etiam</strong></span> <span class='ocrx_word' id='word_1_23' title='bbox 287 234 462 268; x_wconf 90' lang='lat' dir='ltr'><strong>maiorum</strong></span> <span class='ocrx_word' id='word_1_24' title='bbox 490 235 708 280; x_wconf 84' lang='lat' dir='ltr'><strong>inposterum</strong></span> <span class='ocrx_word' id='word_1_25' title='bbox 734 243 847 270; x_wconf 87' lang='lat' dir='ltr'><strong>metus</strong></span> <span class='ocrx_word' id='word_1_26' title='bbox 874 238 1064 270; x_wconf 87' lang='lat' dir='ltr'><strong>admonere</strong></span> 
     </span>
     <span class='ocr_line' id='line_1_6' title="bbox 73 284 1062 331; baseline 0.002 -13"><span class='ocrx_word' id='word_1_27' title='bbox 73 295 138 318; x_wconf 89' lang='lat' dir='ltr'><strong>nos</strong></span> <span class='ocrx_word' id='word_1_28' title='bbox 155 284 276 326; x_wconf 87' lang='lat' dir='ltr'><strong>debet,</strong></span> <span class='ocrx_word' id='word_1_29' title='bbox 302 285 340 318; x_wconf 92' lang='lat' dir='ltr'><strong>in</strong></span> <span class='ocrx_word' id='word_1_30' title='bbox 363 298 453 331; x_wconf 84' lang='lat' dir='ltr'><strong>quae</strong></span> <span class='ocrx_word' id='word_1_31' title='bbox 471 286 539 319; x_wconf 91' lang='lat' dir='ltr'><strong>iam</strong></span> <span class='ocrx_word' id='word_1_32' title='bbox 559 287 810 331; x_wconf 89' lang='lat' dir='ltr'><strong>prospicientes</strong></span> <span class='ocrx_word' id='word_1_33' title='bbox 835 284 996 321; x_wconf 87' lang='lat' dir='ltr'><strong>homines</strong></span> <span class='ocrx_word' id='word_1_34' title='bbox 1012 288 1062 331; x_wconf 88' lang='lat' dir='ltr'><strong>pii</strong></span> 
     </span>
     <span class='ocr_line' id='line_1_7' title="bbox 72 336 1061 382; baseline 0.002 -14"><span class='ocrx_word' id='word_1_35' title='bbox 72 341 106 368; x_wconf 82' lang='lat' dir='ltr'><strong>et</strong></span> <span class='ocrx_word' id='word_1_36' title='bbox 140 346 256 367; x_wconf 91' lang='lat' dir='ltr'><strong>rerum</strong></span> <span class='ocrx_word' id='word_1_37' title='bbox 291 336 529 380; x_wconf 79' lang='lat' dir='ltr'>spiritualium</span> <span class='ocrx_word' id='word_1_38' title='bbox 557 338 682 382; x_wconf 87' lang='lat' dir='ltr'><strong>periti,</strong></span> <span class='ocrx_word' id='word_1_39' title='bbox 727 338 776 371; x_wconf 92' lang='lat' dir='ltr'><strong>sic</strong></span> <span class='ocrx_word' id='word_1_40' title='bbox 804 338 962 372; x_wconf 87' lang='lat' dir='ltr'><strong>iudicant</strong></span> <span class='ocrx_word' id='word_1_41' title='bbox 989 350 1061 371; x_wconf 91' lang='lat' dir='ltr'><strong>non</strong></span> 
     </span>
     <span class='ocr_line' id='line_1_8' title="bbox 70 387 1060 431; baseline 0.004 -14"><span class='ocrx_word' id='word_1_42' title='bbox 70 395 170 430; x_wconf 87' lang='lat' dir='ltr'><strong>posse</strong></span> <span class='ocrx_word' id='word_1_43' title='bbox 188 396 311 428; x_wconf 86' lang='lat' dir='ltr'><strong>puram</strong></span> <span class='ocrx_word' id='word_1_44' title='bbox 329 387 509 431; x_wconf 81' lang='lat' dir='ltr'>religionis</span> <span class='ocrx_word' id='word_1_45' title='bbox 534 388 730 423; x_wconf 76' lang='lat' dir='ltr'>doctrinam</span> <span class='ocrx_word' id='word_1_46' title='bbox 747 389 965 429; x_wconf 81' lang='lat' dir='ltr'><strong>conservari,</strong></span> <span class='ocrx_word' id='word_1_47' title='bbox 991 389 1060 422; x_wconf 91' lang='lat' dir='ltr'><strong>nisi</strong></span> 
     </span>
     <span class='ocr_line' id='line_1_9' title="bbox 70 432 1059 473; baseline 0.005 -6"><span class='ocrx_word' id='word_1_48' title='bbox 70 435 108 468; x_wconf 86' lang='lat' dir='ltr'><strong>in</strong></span> <span class='ocrx_word' id='word_1_49' title='bbox 144 432 210 468; x_wconf 89' lang='lat' dir='ltr'><strong>hoc</strong></span> <span class='ocrx_word' id='word_1_50' title='bbox 235 448 344 470; x_wconf 90' lang='lat' dir='ltr'><strong>unum</strong></span> <span class='ocrx_word' id='word_1_51' title='bbox 369 439 618 472; x_wconf 90' lang='lat' dir='ltr'><strong>communibus</strong></span> <span class='ocrx_word' id='word_1_52' title='bbox 641 439 766 473; x_wconf 83' lang='lat' dir='ltr'><strong>studiis</strong></span> <span class='ocrx_word' id='word_1_53' title='bbox 799 451 838 473; x_wconf 92' lang='lat' dir='ltr'><strong>ac</strong></span> <span class='ocrx_word' id='word_1_54' title='bbox 862 439 1059 472; x_wconf 91' lang='lat' dir='ltr'><strong>coniunctis</strong></span> 
     </span>
     <span class='ocr_line' id='line_1_10' title="bbox 69 485 1059 534; baseline 0.004 -16"><span class='ocrx_word' id='word_1_55' title='bbox 69 485 236 529; x_wconf 75' lang='lat' dir='ltr'><strong>omnibus</strong></span> <span class='ocrx_word' id='word_1_56' title='bbox 269 488 403 521; x_wconf 82' lang='lat' dir='ltr'><strong>viribus</strong></span> <span class='ocrx_word' id='word_1_57' title='bbox 426 495 498 522; x_wconf 85' lang='lat' dir='ltr'><strong>toto</strong></span> <span class='ocrx_word' id='word_1_58' title='bbox 526 496 664 534; x_wconf 85' lang='lat' dir='ltr'><strong>pectore</strong></span> <span class='ocrx_word' id='word_1_59' title='bbox 688 489 895 523; x_wconf 78' lang='lat' dir='ltr'>incumbant</span> <span class='ocrx_word' id='word_1_60' title='bbox 924 502 1059 530; x_wconf 90' lang='lat' dir='ltr'><strong>omnes,</strong></span> 
     </span>
     <span class='ocr_line' id='line_1_11' title="bbox 69 536 1055 581; baseline 0.006 -13"><span class='ocrx_word' id='word_1_61' title='bbox 69 536 197 581; x_wconf 90' lang='lat' dir='ltr'><strong>quibus</strong></span> <span class='ocrx_word' id='word_1_62' title='bbox 215 537 250 569; x_wconf 91' lang='lat' dir='ltr'><strong>in</strong></span> <span class='ocrx_word' id='word_1_63' title='bbox 269 537 422 573; x_wconf 80' lang='lat' dir='ltr'><strong>Ecclesia</strong></span> <span class='ocrx_word' id='word_1_64' title='bbox 441 540 665 573; x_wconf 81' lang='lat' dir='ltr'><strong>commissum</strong></span> <span class='ocrx_word' id='word_1_65' title='bbox 683 547 733 574; x_wconf 86' lang='lat' dir='ltr'><strong>est</strong></span> <span class='ocrx_word' id='word_1_66' title='bbox 749 541 896 573; x_wconf 90' lang='lat' dir='ltr'><strong>docendi</strong></span> <span class='ocrx_word' id='word_1_67' title='bbox 914 553 1055 575; x_wconf 90' lang='lat' dir='ltr'><strong>munus.</strong></span> 
     </span>
     <span class='ocr_line' id='line_1_12' title="bbox 69 586 1056 634; baseline 0.004 -15"><span class='ocrx_word' id='word_1_68' title='bbox 69 586 174 629; x_wconf 83' lang='lat' dir='ltr'><strong>Quod</strong></span> <span class='ocrx_word' id='word_1_69' title='bbox 192 593 230 620; x_wconf 87' lang='lat' dir='ltr'><strong>ut</strong></span> <span class='ocrx_word' id='word_1_70' title='bbox 246 589 321 628; x_wconf 82' lang='lat' dir='ltr'><strong>fiat,</strong></span> <span class='ocrx_word' id='word_1_71' title='bbox 350 591 512 634; x_wconf 79' lang='lat' dir='ltr'>inprimis</span> <span class='ocrx_word' id='word_1_72' title='bbox 536 602 624 634; x_wconf 90' lang='lat' dir='ltr'><strong>opus</strong></span> <span class='ocrx_word' id='word_1_73' title='bbox 649 592 854 631; x_wconf 90' lang='lat' dir='ltr'><strong>concordia,</strong></span> <span class='ocrx_word' id='word_1_74' title='bbox 880 591 953 624; x_wconf 88' lang='lat' dir='ltr'><strong>sive</strong></span> <span class='ocrx_word' id='word_1_75' title='bbox 971 604 1056 624; x_wconf 93' lang='lat' dir='ltr'><strong>con-</strong></span> 
     </span>
     <span class='ocr_line' id='line_1_13' title="bbox 69 637 1055 686; baseline 0.005 -17"><span class='ocrx_word' id='word_1_76' title='bbox 69 637 250 672; x_wconf 85' lang='lat' dir='ltr'><strong>iunctione</strong></span> <span class='ocrx_word' id='word_1_77' title='bbox 281 641 479 675; x_wconf 83' lang='lat' dir='ltr'><strong>animorum</strong></span> <span class='ocrx_word' id='word_1_78' title='bbox 506 642 598 674; x_wconf 89' lang='lat' dir='ltr'><strong>inter</strong></span> <span class='ocrx_word' id='word_1_79' title='bbox 627 642 798 675; x_wconf 89' lang='lat' dir='ltr'><strong>doctores.</strong></span> <span class='ocrx_word' id='word_1_80' title='bbox 867 640 988 686; x_wconf 91' lang='lat' dir='ltr'><strong>Itaque</strong></span> <span class='ocrx_word' id='word_1_81' title='bbox 1013 643 1055 675; x_wconf 89' lang='lat' dir='ltr'><strong>de</strong></span> 
     </span>
     <span class='ocr_line' id='line_1_14' title="bbox 66 684 1054 737; baseline 0.005 -17"><span class='ocrx_word' id='word_1_82' title='bbox 66 684 132 721; x_wconf 81' lang='lat' dir='ltr'><strong>hac</strong></span> <span class='ocrx_word' id='word_1_83' title='bbox 153 688 281 723; x_wconf 87' lang='lat' dir='ltr'><strong>virtute</strong></span> <span class='ocrx_word' id='word_1_84' title='bbox 306 692 441 737; x_wconf 91' lang='lat' dir='ltr'><strong>aliquid</strong></span> <span class='ocrx_word' id='word_1_85' title='bbox 466 689 532 724; x_wconf 87' lang='lat' dir='ltr'><strong>hoc</strong></span> <span class='ocrx_word' id='word_1_86' title='bbox 557 691 634 724; x_wconf 91' lang='lat' dir='ltr'><strong>Ioco</strong></span> <span class='ocrx_word' id='word_1_87' title='bbox 653 692 782 733; x_wconf 87' lang='lat' dir='ltr'><strong>dicam,</strong></span> <span class='ocrx_word' id='word_1_88' title='bbox 814 693 950 725; x_wconf 88' lang='lat' dir='ltr'><strong>tametsi</strong></span> <span class='ocrx_word' id='word_1_89' title='bbox 970 690 1054 726; x_wconf 88' lang='lat' dir='ltr'><strong>haec</strong></span> 
     </span>
     <span class='ocr_line' id='line_1_15' title="bbox 65 736 1053 788; baseline 0.005 -17"><span class='ocrx_word' id='word_1_90' title='bbox 65 736 284 781; x_wconf 74' lang='lat' dir='ltr'><strong>adhortatio,</strong></span> <span class='ocrx_word' id='word_1_91' title='bbox 311 743 421 776; x_wconf 90' lang='lat' dir='ltr'><strong>multo</strong></span> <span class='ocrx_word' id='word_1_92' title='bbox 440 742 544 775; x_wconf 88' lang='lat' dir='ltr'><strong>latius</strong></span> <span class='ocrx_word' id='word_1_93' title='bbox 559 749 668 786; x_wconf 84' lang='lat' dir='ltr'><strong>patet,</strong></span> <span class='ocrx_word' id='word_1_94' title='bbox 693 755 798 788; x_wconf 90' lang='lat' dir='ltr'><strong>quam</strong></span> <span class='ocrx_word' id='word_1_95' title='bbox 811 750 850 776; x_wconf 90' lang='lat' dir='ltr'><strong>ut</strong></span> <span class='ocrx_word' id='word_1_96' title='bbox 866 755 959 776; x_wconf 91' lang='lat' dir='ltr'><strong>nunc</strong></span> <span class='ocrx_word' id='word_1_97' title='bbox 975 755 1053 787; x_wconf 89' lang='lat' dir='ltr'><strong>per-</strong></span> 
     </span>
     <span class='ocr_line' id='line_1_16' title="bbox 65 789 1051 836; baseline 0.005 -14"><span class='ocrx_word' id='word_1_98' title='bbox 65 789 134 823; x_wconf 84' lang='lat' dir='ltr'><strong>texi</strong></span> <span class='ocrx_word' id='word_1_99' title='bbox 162 792 281 833; x_wconf 88' lang='lat' dir='ltr'><strong>possit.</strong></span> <span class='ocrx_word' id='word_1_100' title='bbox 340 792 519 836; x_wconf 89' lang='lat' dir='ltr'><strong>Principio</strong></span> <span class='ocrx_word' id='word_1_101' title='bbox 551 800 666 827; x_wconf 90' lang='lat' dir='ltr'><strong>autem</strong></span> <span class='ocrx_word' id='word_1_102' title='bbox 692 806 771 826; x_wconf 90' lang='lat' dir='ltr'><strong>cum</strong></span> <span class='ocrx_word' id='word_1_103' title='bbox 798 795 840 826; x_wconf 89' lang='lat' dir='ltr'><strong>de</strong></span> <span class='ocrx_word' id='word_1_104' title='bbox 864 795 1051 827; x_wconf 88' lang='lat' dir='ltr'><strong>concordia</strong></span> 
     </span>
     <span class='ocr_line' id='line_1_17' title="bbox 65 839 1050 888; baseline 0.006 -16"><span class='ocrx_word' id='word_1_105' title='bbox 65 839 294 875; x_wconf 80' lang='lat' dir='ltr'><strong>ecclesiastica</strong></span> <span class='ocrx_word' id='word_1_106' title='bbox 319 843 466 884; x_wconf 92' lang='lat' dir='ltr'><strong>dicitur,</strong></span> <span class='ocrx_word' id='word_1_107' title='bbox 501 844 772 887; x_wconf 86' lang='lat' dir='ltr'><strong>intelligendum</strong></span> <span class='ocrx_word' id='word_1_108' title='bbox 799 852 867 882; x_wconf 89' lang='lat' dir='ltr'><strong>est,</strong></span> <span class='ocrx_word' id='word_1_109' title='bbox 898 845 1050 888; x_wconf 90' lang='lat' dir='ltr'><strong>primum</strong></span> 
     </span>
     <span class='ocr_line' id='line_1_18' title="bbox 63 890 1053 938; baseline 0.006 -16"><span class='ocrx_word' id='word_1_110' title='bbox 63 890 223 924; x_wconf 91' lang='lat' dir='ltr'><strong>omnium</strong></span> <span class='ocrx_word' id='word_1_111' title='bbox 239 893 371 937; x_wconf 84' lang='lat' dir='ltr'>requiri</span> <span class='ocrx_word' id='word_1_112' title='bbox 390 906 598 928; x_wconf 89' lang='lat' dir='ltr'><strong>consensum</strong></span> <span class='ocrx_word' id='word_1_113' title='bbox 615 907 722 938; x_wconf 89' lang='lat' dir='ltr'><strong>purae</strong></span> <span class='ocrx_word' id='word_1_114' title='bbox 738 895 917 928; x_wconf 88' lang='lat' dir='ltr'><strong>doctrinae</strong></span> <span class='ocrx_word' id='word_1_115' title='bbox 931 893 1053 928; x_wconf 81' lang='lat' dir='ltr'><strong>Evan-</strong></span> 
     </span>
     <span class='ocr_line' id='line_1_19' title="bbox 62 939 1051 989; baseline 0.006 -16"><span class='ocrx_word' id='word_1_116' title='bbox 62 940 164 983; x_wconf 81' lang='lat' dir='ltr'><strong>getii,</strong></span> <span class='ocrx_word' id='word_1_117' title='bbox 193 939 258 976; x_wconf 82' lang='lat' dir='ltr'><strong>hoc</strong></span> <span class='ocrx_word' id='word_1_118' title='bbox 277 944 370 976; x_wconf 87' lang='lat' dir='ltr'><strong>enim</strong></span> <span class='ocrx_word' id='word_1_119' title='bbox 394 952 498 989; x_wconf 88' lang='lat' dir='ltr'><strong>capnt</strong></span> <span class='ocrx_word' id='word_1_120' title='bbox 521 953 570 978; x_wconf 89' lang='lat' dir='ltr'><strong>est</strong></span> <span class='ocrx_word' id='word_1_121' title='bbox 595 953 628 979; x_wconf 90' lang='lat' dir='ltr'><strong>et</strong></span> <span class='ocrx_word' id='word_1_122' title='bbox 651 946 730 978; x_wconf 86' lang='lat' dir='ltr'><strong>sons</strong></span> <span class='ocrx_word' id='word_1_123' title='bbox 745 946 860 978; x_wconf 86' lang='lat' dir='ltr'><strong>omnis</strong></span> <span class='ocrx_word' id='word_1_124' title='bbox 877 944 1051 979; x_wconf 82' lang='lat' dir='ltr'><strong>Christia-</strong></span> 
     </span>
     <span class='ocr_line' id='line_1_20' title="bbox 62 993 1050 1038; baseline 0.006 -15"><span class='ocrx_word' id='word_1_125' title='bbox 62 1002 129 1024; x_wconf 85' lang='lat' dir='ltr'><strong>nae</strong></span> <span class='ocrx_word' id='word_1_126' title='bbox 151 994 371 1030; x_wconf 79' lang='lat' dir='ltr'><strong>concordiae.</strong></span> <span class='ocrx_word' id='word_1_127' title='bbox 432 996 549 1038; x_wconf 87' lang='lat' dir='ltr'><strong>Quare</strong></span> <span class='ocrx_word' id='word_1_128' title='bbox 576 993 633 1029; x_wconf 87' lang='lat' dir='ltr'><strong>hic</strong></span> <span class='ocrx_word' id='word_1_129' title='bbox 660 1008 731 1029; x_wconf 90' lang='lat' dir='ltr'><strong>non</strong></span> <span class='ocrx_word' id='word_1_130' title='bbox 760 1004 842 1030; x_wconf 89' lang='lat' dir='ltr'><strong>sunt</strong></span> <span class='ocrx_word' id='word_1_131' title='bbox 871 996 1050 1036; x_wconf 81' lang='lat' dir='ltr'><strong>audiendi,</strong></span> 
     </span>
     <span class='ocr_line' id='line_1_21' title="bbox 61 1042 1049 1093; baseline 0.005 -18"><span class='ocrx_word' id='word_1_132' title='bbox 61 1042 122 1086; x_wconf 90' lang='lat' dir='ltr'><strong>qui</strong></span> <span class='ocrx_word' id='word_1_133' title='bbox 139 1043 378 1080; x_wconf 80' lang='lat' dir='ltr'><strong>vociferantur</strong></span> <span class='ocrx_word' id='word_1_134' title='bbox 400 1058 465 1079; x_wconf 91' lang='lat' dir='ltr'><strong>nos</strong></span> <span class='ocrx_word' id='word_1_135' title='bbox 486 1047 663 1090; x_wconf 80' lang='lat' dir='ltr'><strong>publicam</strong></span> <span class='ocrx_word' id='word_1_136' title='bbox 681 1045 856 1080; x_wconf 72' lang='lat' dir='ltr'><strong>Ecclesiae</strong></span> <span class='ocrx_word' id='word_1_137' title='bbox 875 1048 1049 1093; x_wconf 82' lang='lat' dir='ltr'><strong>tranquil-</strong></span> 
     </span>
     <span class='ocr_line' id='line_1_22' title="bbox 59 1092 1049 1140; baseline 0.006 -15"><span class='ocrx_word' id='word_1_138' title='bbox 59 1092 192 1127; x_wconf 83' lang='lat' dir='ltr'><strong>litatem</strong></span> <span class='ocrx_word' id='word_1_139' title='bbox 210 1098 432 1140; x_wconf 90' lang='lat' dir='ltr'><strong>perturbare,</strong></span> <span class='ocrx_word' id='word_1_140' title='bbox 454 1098 677 1130; x_wconf 77' lang='lat' dir='ltr'><strong>concordiam</strong></span> <span class='ocrx_word' id='word_1_141' title='bbox 694 1098 901 1131; x_wconf 71' lang='lat' dir='ltr'><strong>labefactare</strong></span> <span class='ocrx_word' id='word_1_142' title='bbox 916 1105 948 1131; x_wconf 92' lang='lat' dir='ltr'><strong>et</strong></span> <span class='ocrx_word' id='word_1_143' title='bbox 965 1111 1049 1131; x_wconf 90' lang='lat' dir='ltr'><strong>con-</strong></span> 
     </span>
     <span class='ocr_line' id='line_1_23' title="bbox 59 1145 1048 1193; baseline 0.004 -15"><span class='ocrx_word' id='word_1_144' title='bbox 59 1145 206 1187; x_wconf 85' lang='lat' dir='ltr'><strong>vellere,</strong></span> <span class='ocrx_word' id='word_1_145' title='bbox 239 1147 321 1192; x_wconf 90' lang='lat' dir='ltr'><strong>quia</strong></span> <span class='ocrx_word' id='word_1_146' title='bbox 344 1148 557 1181; x_wconf 85' lang='lat' dir='ltr'><strong>discedimus</strong></span> <span class='ocrx_word' id='word_1_147' title='bbox 579 1149 623 1181; x_wconf 88' lang='lat' dir='ltr'><strong>ab</strong></span> <span class='ocrx_word' id='word_1_148' title='bbox 647 1148 705 1189; x_wconf 88' lang='lat' dir='ltr'><strong>iis,</strong></span> <span class='ocrx_word' id='word_1_149' title='bbox 733 1149 792 1193; x_wconf 92' lang='lat' dir='ltr'><strong>qui</strong></span> <span class='ocrx_word' id='word_1_150' title='bbox 813 1149 1048 1188; x_wconf 81' lang='lat' dir='ltr'><strong>autoritatem,</strong></span> 
     </span>
     <span class='ocr_line' id='line_1_24' title="bbox 59 1196 1048 1243; baseline 0.003 -13"><span class='ocrx_word' id='word_1_151' title='bbox 59 1196 222 1238; x_wconf 80' lang='lat' dir='ltr'><strong>titulum,</strong></span> <span class='ocrx_word' id='word_1_152' title='bbox 255 1206 288 1233; x_wconf 88' lang='lat' dir='ltr'><strong>et</strong></span> <span class='ocrx_word' id='word_1_153' title='bbox 309 1211 439 1232; x_wconf 91' lang='lat' dir='ltr'><strong>nomen</strong></span> <span class='ocrx_word' id='word_1_154' title='bbox 464 1196 640 1232; x_wconf 86' lang='lat' dir='ltr'><strong>Ecclesiae</strong></span> <span class='ocrx_word' id='word_1_155' title='bbox 665 1199 903 1232; x_wconf 89' lang='lat' dir='ltr'><strong>multitudinis</strong></span> <span class='ocrx_word' id='word_1_156' title='bbox 920 1212 1048 1243; x_wconf 89' lang='lat' dir='ltr'><strong>appro-</strong></span> 
     </span>
     <span class='ocr_line' id='line_1_25' title="bbox 59 1247 1048 1294; baseline 0.003 -14"><span class='ocrx_word' id='word_1_157' title='bbox 59 1247 201 1281; x_wconf 86' lang='lat' dir='ltr'><strong>batione</strong></span> <span class='ocrx_word' id='word_1_158' title='bbox 224 1256 258 1283; x_wconf 87' lang='lat' dir='ltr'><strong>et</strong></span> <span class='ocrx_word' id='word_1_159' title='bbox 274 1249 546 1294; x_wconf 78' lang='lat' dir='ltr'><strong>praescriptione</strong></span> <span class='ocrx_word' id='word_1_160' title='bbox 569 1250 666 1292; x_wconf 84' lang='lat' dir='ltr'><strong>longi</strong></span> <span class='ocrx_word' id='word_1_161' title='bbox 691 1250 874 1292; x_wconf 87' lang='lat' dir='ltr'><strong>temporis,</strong></span> <span class='ocrx_word' id='word_1_162' title='bbox 901 1251 968 1284; x_wconf 89' lang='lat' dir='ltr'><strong>sibi</strong></span> <span class='ocrx_word' id='word_1_163' title='bbox 989 1263 1048 1284; x_wconf 89' lang='lat' dir='ltr'><strong>ar-</strong></span> 
     </span>
     <span class='ocr_line' id='line_1_26' title="bbox 57 1298 1048 1344; baseline 0.003 -13"><span class='ocrx_word' id='word_1_164' title='bbox 57 1306 202 1342; x_wconf 82' lang='lat' dir='ltr'><strong>rogant,</strong></span> <span class='ocrx_word' id='word_1_165' title='bbox 223 1307 341 1334; x_wconf 88' lang='lat' dir='ltr'><strong>tamen</strong></span> <span class='ocrx_word' id='word_1_166' title='bbox 353 1308 474 1334; x_wconf 90' lang='lat' dir='ltr'><strong>contra</strong></span> <span class='ocrx_word' id='word_1_167' title='bbox 485 1298 733 1343; x_wconf 85' lang='lat' dir='ltr'><strong>Evangelium,</strong></span> <span class='ocrx_word' id='word_1_168' title='bbox 758 1301 886 1334; x_wconf 91' lang='lat' dir='ltr'><strong>iniusta</strong></span> <span class='ocrx_word' id='word_1_169' title='bbox 903 1303 1048 1344; x_wconf 81' lang='lat' dir='ltr'><strong>dogma-</strong></span> 
     </span>
     <span class='ocr_line' id='line_1_27' title="bbox 59 1350 1047 1395; baseline 0.001 -12"><span class='ocrx_word' id='word_1_170' title='bbox 59 1356 94 1383; x_wconf 87' lang='lat' dir='ltr'><strong>ta</strong></span> <span class='ocrx_word' id='word_1_171' title='bbox 111 1350 323 1391; x_wconf 81' lang='lat' dir='ltr'><strong>defendunt,</strong></span> <span class='ocrx_word' id='word_1_172' title='bbox 351 1357 384 1383; x_wconf 89' lang='lat' dir='ltr'><strong>et</strong></span> <span class='ocrx_word' id='word_1_173' title='bbox 401 1363 464 1383; x_wconf 92' lang='lat' dir='ltr'><strong>nos</strong></span> <span class='ocrx_word' id='word_1_174' title='bbox 486 1351 567 1395; x_wconf 90' lang='lat' dir='ltr'><strong>quia</strong></span> <span class='ocrx_word' id='word_1_175' title='bbox 589 1351 672 1393; x_wconf 89' lang='lat' dir='ltr'><strong>ipsis</strong></span> <span class='ocrx_word' id='word_1_176' title='bbox 689 1363 761 1384; x_wconf 93' lang='lat' dir='ltr'><strong>non</strong></span> <span class='ocrx_word' id='word_1_177' title='bbox 780 1351 1047 1392; x_wconf 80' lang='lat' dir='ltr'><strong>subscribimus,</strong></span> 
     </span>
     <span class='ocr_line' id='line_1_28' title="bbox 59 1399 1046 1441; baseline 0.003 -9"><span class='ocrx_word' id='word_1_178' title='bbox 59 1399 224 1433; x_wconf 91' lang='lat' dir='ltr'><strong>omnibus</strong></span> <span class='ocrx_word' id='word_1_179' title='bbox 248 1401 334 1434; x_wconf 90' lang='lat' dir='ltr'><strong>diris</strong></span> <span class='ocrx_word' id='word_1_180' title='bbox 358 1401 545 1440; x_wconf 90' lang='lat' dir='ltr'><strong>devovent,</strong></span> <span class='ocrx_word' id='word_1_181' title='bbox 579 1400 614 1433; x_wconf 90' lang='lat' dir='ltr'><strong>in</strong></span> <span class='ocrx_word' id='word_1_182' title='bbox 638 1402 751 1441; x_wconf 87' lang='lat' dir='ltr'><strong>ferro,</strong></span> <span class='ocrx_word' id='word_1_183' title='bbox 783 1402 820 1433; x_wconf 93' lang='lat' dir='ltr'><strong>in</strong></span> <span class='ocrx_word' id='word_1_184' title='bbox 847 1402 985 1434; x_wconf 89' lang='lat' dir='ltr'><strong>ssamma</strong></span> <span class='ocrx_word' id='word_1_185' title='bbox 1014 1409 1046 1435; x_wconf 86' lang='lat' dir='ltr'><strong>et</strong></span> 
     </span>
     <span class='ocr_line' id='line_1_29' title="bbox 57 1450 1045 1496; baseline 0 -12"><span class='ocrx_word' id='word_1_186' title='bbox 57 1450 173 1484; x_wconf 89' lang='lat' dir='ltr'><strong>omnis</strong></span> <span class='ocrx_word' id='word_1_187' title='bbox 190 1451 326 1494; x_wconf 83' lang='lat' dir='ltr'><strong>generis</strong></span> <span class='ocrx_word' id='word_1_188' title='bbox 344 1451 548 1484; x_wconf 89' lang='lat' dir='ltr'><strong>crudelitate</strong></span> <span class='ocrx_word' id='word_1_189' title='bbox 567 1452 726 1496; x_wconf 83' lang='lat' dir='ltr'><strong>persequi</strong></span> <span class='ocrx_word' id='word_1_190' title='bbox 744 1459 927 1486; x_wconf 82' lang='lat' dir='ltr'><strong>conantur.</strong></span> <span class='ocrx_word' id='word_1_191' title='bbox 974 1451 1045 1484; x_wconf 84' lang='lat' dir='ltr'><strong>Nos</strong></span> 
     </span>
     <span class='ocr_line' id='line_1_30' title="bbox 58 1499 1043 1545; baseline -0.001 -11"><span class='ocrx_word' id='word_1_192' title='bbox 58 1513 140 1534; x_wconf 85' lang='lat' dir='ltr'><strong>vero</strong></span> <span class='ocrx_word' id='word_1_193' title='bbox 165 1513 243 1534; x_wconf 92' lang='lat' dir='ltr'><strong>cum</strong></span> <span class='ocrx_word' id='word_1_194' title='bbox 266 1499 456 1535; x_wconf 87' lang='lat' dir='ltr'><strong>habeamus</strong></span> <span class='ocrx_word' id='word_1_195' title='bbox 482 1501 517 1533; x_wconf 93' lang='grc'><strong>111</strong></span> <span class='ocrx_word' id='word_1_196' title='bbox 547 1502 718 1545; x_wconf 85' lang='lat' dir='ltr'><strong>scriptura</strong></span> <span class='ocrx_word' id='word_1_197' title='bbox 745 1502 812 1535; x_wconf 89' lang='lat' dir='ltr'><strong>Dei</strong></span> <span class='ocrx_word' id='word_1_198' title='bbox 839 1503 1043 1534; x_wconf 84' lang='lat' dir='ltr'><strong>mandatnm</strong></span> 
     </span>
     <span class='ocr_line' id='line_1_31' title="bbox 57 1551 1043 1596; baseline 0 -12"><span class='ocrx_word' id='word_1_199' title='bbox 57 1551 148 1585; x_wconf 89' lang='lat' dir='ltr'><strong>clare</strong></span> <span class='ocrx_word' id='word_1_200' title='bbox 165 1564 380 1596; x_wconf 86' lang='lat' dir='ltr'><strong>expressum,</strong></span> <span class='ocrx_word' id='word_1_201' title='bbox 404 1564 449 1585; x_wconf 89' lang='lat' dir='ltr'><strong>ne</strong></span> <span class='ocrx_word' id='word_1_202' title='bbox 461 1552 694 1594; x_wconf 66' lang='lat' dir='ltr'><strong>adiungmnus</strong></span> <span class='ocrx_word' id='word_1_203' title='bbox 706 1564 769 1584; x_wconf 91' lang='lat' dir='ltr'><strong>nos</strong></span> <span class='ocrx_word' id='word_1_204' title='bbox 784 1552 867 1585; x_wconf 87' lang='lat' dir='ltr'><strong>salsa</strong></span> <span class='ocrx_word' id='word_1_205' title='bbox 884 1560 916 1585; x_wconf 84' lang='lat' dir='ltr'><strong>et</strong></span> <span class='ocrx_word' id='word_1_206' title='bbox 935 1552 1043 1594; x_wconf 89' lang='lat' dir='ltr'><strong>impia</strong></span> 
     </span>
     <span class='ocr_line' id='line_1_32' title="bbox 56 1602 1039 1643; baseline 0.001 -9"><span class='ocrx_word' id='word_1_207' title='bbox 56 1603 280 1643; x_wconf 85' lang='lat' dir='ltr'><strong>docentibus,</strong></span> <span class='ocrx_word' id='word_1_208' title='bbox 313 1615 376 1636; x_wconf 90' lang='lat' dir='ltr'><strong>nec</strong></span> <span class='ocrx_word' id='word_1_209' title='bbox 403 1603 684 1635; x_wconf 84' lang='lat' dir='ltr'><strong>adversariorum</strong></span> <span class='ocrx_word' id='word_1_210' title='bbox 713 1602 944 1643; x_wconf 88' lang='lat' dir='ltr'><strong>clamoribus,</strong></span> <span class='ocrx_word' id='word_1_211' title='bbox 981 1614 1039 1635; x_wconf 88' lang='lat' dir='ltr'><strong>ne-</strong></span> 
     </span>
     <span class='ocr_line' id='line_1_33' title="bbox 54 1653 1042 1698; baseline -0.002 -11"><span class='ocrx_word' id='word_1_212' title='bbox 54 1665 122 1698; x_wconf 84' lang='lat' dir='ltr'><strong>que</strong></span> <span class='ocrx_word' id='word_1_213' title='bbox 139 1653 221 1686; x_wconf 91' lang='lat' dir='ltr'><strong>ullis</strong></span> <span class='ocrx_word' id='word_1_214' title='bbox 238 1654 424 1698; x_wconf 78' lang='lat' dir='ltr'><strong>propositis</strong></span> <span class='ocrx_word' id='word_1_215' title='bbox 439 1653 604 1697; x_wconf 89' lang='lat' dir='ltr'><strong>periculis</strong></span> <span class='ocrx_word' id='word_1_216' title='bbox 620 1653 752 1685; x_wconf 88' lang='lat' dir='ltr'><strong>moveri</strong></span> <span class='ocrx_word' id='word_1_217' title='bbox 769 1654 955 1694; x_wconf 88' lang='lat' dir='ltr'><strong>debemus,</strong></span> <span class='ocrx_word' id='word_1_218' title='bbox 980 1665 1042 1686; x_wconf 92' lang='lat' dir='ltr'><strong>nec</strong></span> 
     </span>
     <span class='ocr_line' id='line_1_34' title="bbox 54 1704 1042 1749; baseline -0.002 -12"><span class='ocrx_word' id='word_1_219' title='bbox 54 1704 204 1748; x_wconf 87' lang='lat' dir='ltr'><strong>probare</strong></span> <span class='ocrx_word' id='word_1_220' title='bbox 220 1717 339 1737; x_wconf 88' lang='lat' dir='ltr'><strong>eorum</strong></span> <span class='ocrx_word' id='word_1_221' title='bbox 357 1705 542 1737; x_wconf 90' lang='lat' dir='ltr'><strong>consilium</strong></span> <span class='ocrx_word' id='word_1_222' title='bbox 555 1731 564 1744; x_wconf 96' lang='lat'><strong>,</strong></span> <span class='ocrx_word' id='word_1_223' title='bbox 590 1704 724 1738; x_wconf 88' lang='lat' dir='ltr'><strong>etiamsi</strong></span> <span class='ocrx_word' id='word_1_224' title='bbox 742 1704 801 1749; x_wconf 89' lang='lat' dir='ltr'><strong>qui</strong></span> <span class='ocrx_word' id='word_1_225' title='bbox 821 1705 909 1736; x_wconf 89' lang='lat' dir='ltr'><strong>bene</strong></span> <span class='ocrx_word' id='word_1_226' title='bbox 924 1704 1042 1737; x_wconf 83' lang='lat' dir='ltr'><strong>studio</strong></span> 
     </span>
     <span class='ocr_line' id='line_1_35' title="bbox 55 1755 1040 1799; baseline -0.002 -11"><span class='ocrx_word' id='word_1_227' title='bbox 55 1756 250 1795; x_wconf 87' lang='lat' dir='ltr'><strong>ducuntur,</strong></span> <span class='ocrx_word' id='word_1_228' title='bbox 283 1755 341 1799; x_wconf 91' lang='lat' dir='ltr'><strong>qui</strong></span> <span class='ocrx_word' id='word_1_229' title='bbox 369 1755 416 1788; x_wconf 93' lang='lat' dir='ltr'><strong>sic</strong></span> <span class='ocrx_word' id='word_1_230' title='bbox 434 1755 608 1787; x_wconf 90' lang='lat' dir='ltr'><strong>mirantur</strong></span> <span class='ocrx_word' id='word_1_231' title='bbox 627 1761 659 1788; x_wconf 91' lang='lat' dir='ltr'><strong>et</strong></span> <span class='ocrx_word' id='word_1_232' title='bbox 683 1762 848 1799; x_wconf 80' lang='lat' dir='ltr'><strong>expetunt</strong></span> <span class='ocrx_word' id='word_1_233' title='bbox 867 1755 1040 1798; x_wconf 86' lang='lat' dir='ltr'><strong>publicam</strong></span> 
     </span>
     <span class='ocr_line' id='line_1_36' title="bbox 55 1802 1040 1849; baseline -0.001 -11"><span class='ocrx_word' id='word_1_234' title='bbox 55 1806 298 1846; x_wconf 81' lang='lat' dir='ltr'><strong>concordiam,</strong></span> <span class='ocrx_word' id='word_1_235' title='bbox 325 1813 362 1839; x_wconf 85' lang='lat' dir='ltr'><strong>ut</strong></span> <span class='ocrx_word' id='word_1_236' title='bbox 389 1818 464 1838; x_wconf 89' lang='lat' dir='ltr'><strong>eam</strong></span> <span class='ocrx_word' id='word_1_237' title='bbox 487 1802 718 1849; x_wconf 72' lang='lat' dir='ltr'><strong>postltalieant</strong></span> <span class='ocrx_word' id='word_1_238' title='bbox 741 1806 882 1849; x_wconf 86' lang='lat' dir='ltr'><strong>puritati</strong></span> <span class='ocrx_word' id='word_1_239' title='bbox 910 1805 1040 1837; x_wconf 84' lang='lat' dir='ltr'><strong>doctri--</strong></span> 
     </span>
     <span class='ocr_line' id='line_1_37' title="bbox 56 1855 1040 1900; baseline -0.003 -10"><span class='ocrx_word' id='word_1_240' title='bbox 56 1870 138 1895; x_wconf 87' lang='lat' dir='ltr'><strong>nae,</strong></span> <span class='ocrx_word' id='word_1_241' title='bbox 167 1864 198 1890; x_wconf 79' lang='lat' dir='ltr'><strong>ct</strong></span> <span class='ocrx_word' id='word_1_242' title='bbox 218 1857 333 1900; x_wconf 83' lang='lat' dir='ltr'><strong>potius</strong></span> <span class='ocrx_word' id='word_1_243' title='bbox 350 1857 479 1889; x_wconf 89' lang='lat' dir='ltr'><strong>ducant</strong></span> <span class='ocrx_word' id='word_1_244' title='bbox 497 1856 532 1888; x_wconf 89' lang='lat' dir='ltr'><strong>in</strong></span> <span class='ocrx_word' id='word_1_245' title='bbox 553 1855 719 1889; x_wconf 86' lang='lat' dir='ltr'><strong>Ecclesiis</strong></span> <span class='ocrx_word' id='word_1_246' title='bbox 739 1856 877 1888; x_wconf 84' lang='lat' dir='ltr'><strong>tolerari</strong></span> <span class='ocrx_word' id='word_1_247' title='bbox 906 1868 943 1888; x_wconf 90' lang='lat' dir='ltr'><strong>ac</strong></span> <span class='ocrx_word' id='word_1_248' title='bbox 969 1856 1040 1888; x_wconf 89' lang='lat' dir='ltr'><strong>dis-</strong></span> 
     </span>
     <span class='ocr_line' id='line_1_38' title="bbox 54 1907 1040 1951; baseline -0.001 -11"><span class='ocrx_word' id='word_1_249' title='bbox 54 1907 213 1941; x_wconf 84' lang='lat' dir='ltr'><strong>simulari</strong></span> <span class='ocrx_word' id='word_1_250' title='bbox 229 1907 342 1951; x_wconf 88' lang='lat' dir='ltr'><strong>palam</strong></span> <span class='ocrx_word' id='word_1_251' title='bbox 358 1907 484 1950; x_wconf 89' lang='lat' dir='ltr'><strong>impias</strong></span> <span class='ocrx_word' id='word_1_252' title='bbox 501 1907 685 1950; x_wconf 81' lang='lat' dir='ltr'><strong>opiniones</strong></span> <span class='ocrx_word' id='word_1_253' title='bbox 711 1914 741 1939; x_wconf 86' lang='lat' dir='ltr'><strong>et</strong></span> <span class='ocrx_word' id='word_1_254' title='bbox 760 1907 961 1939; x_wconf 85' lang='lat' dir='ltr'><strong>manifestos</strong></span> <span class='ocrx_word' id='word_1_255' title='bbox 978 1907 1040 1939; x_wconf 75' lang='lat' dir='ltr'><strong>ali-</strong></span> 
     </span>
     <span class='ocr_line' id='line_1_39' title="bbox 54 1957 1040 2003; baseline -0.003 -11"><span class='ocrx_word' id='word_1_256' title='bbox 54 1970 156 1998; x_wconf 87' lang='lat' dir='ltr'><strong>ususâ€š</strong></span> <span class='ocrx_word' id='word_1_257' title='bbox 184 1970 287 2003; x_wconf 81' lang='lat' dir='ltr'><strong>quam</strong></span> <span class='ocrx_word' id='word_1_258' title='bbox 307 1957 493 1999; x_wconf 89' lang='lat' dir='ltr'><strong>periclitari</strong></span> <span class='ocrx_word' id='word_1_259' title='bbox 512 1957 801 2001; x_wconf 74' lang='lat' dir='ltr'><strong>tranquillitatem</strong></span> <span class='ocrx_word' id='word_1_260' title='bbox 820 1957 950 2000; x_wconf 81' lang='lat' dir='ltr'><strong>publici</strong></span> <span class='ocrx_word' id='word_1_261' title='bbox 971 1964 1040 1990; x_wconf 89' lang='lat' dir='ltr'><strong>sta-</strong></span> 
     </span>
     <span class='ocr_line' id='line_1_40' title="bbox 55 2007 1040 2047; baseline -0.002 -5"><span class='ocrx_word' id='word_1_262' title='bbox 55 2016 119 2043; x_wconf 86' lang='lat' dir='ltr'><strong>tus.</strong></span> <span class='ocrx_word' id='word_1_263' title='bbox 179 2009 271 2042; x_wconf 74' lang='lat' dir='ltr'><strong>Scite</strong></span> <span class='ocrx_word' id='word_1_264' title='bbox 301 2008 389 2041; x_wconf 90' lang='lat' dir='ltr'><strong>illud</strong></span> <span class='ocrx_word' id='word_1_265' title='bbox 422 2008 470 2041; x_wconf 89' lang='lat' dir='ltr'><strong>ait</strong></span> <span class='ocrx_word' id='word_1_266' title='bbox 500 2007 630 2040; x_wconf 89' lang='lat' dir='ltr'><strong>dictum</strong></span> <span class='ocrx_word' id='word_1_267' title='bbox 662 2019 733 2039; x_wconf 81' lang='lat' dir='ltr'><strong>esse</strong></span> <span class='ocrx_word' id='word_1_268' title='bbox 768 2007 899 2040; x_wconf 74' lang='lat' dir='ltr'><strong>:unicus</strong></span> <span class='ocrx_word' id='word_1_269' title='bbox 928 2007 1040 2047; x_wconf 86' lang='lat' dir='ltr'><strong>Plato,</strong></span> 
     </span>
     <span class='ocr_line' id='line_1_41' title="bbox 55 2057 923 2100; baseline -0.001 -8"><span class='ocrx_word' id='word_1_270' title='bbox 55 2060 186 2093; x_wconf 83' lang='lat' dir='ltr'><strong>amicus</strong></span> <span class='ocrx_word' id='word_1_271' title='bbox 212 2059 392 2099; x_wconf 74' lang='lat' dir='ltr'><strong>Socrates,</strong></span> <span class='ocrx_word' id='word_1_272' title='bbox 431 2059 490 2091; x_wconf 91' lang='lat' dir='ltr'><strong>sed</strong></span> <span class='ocrx_word' id='word_1_273' title='bbox 516 2057 626 2100; x_wconf 82' lang='lat' dir='ltr'><strong>magis</strong></span> <span class='ocrx_word' id='word_1_274' title='bbox 649 2058 758 2090; x_wconf 86' lang='lat' dir='ltr'><strong>amica</strong></span> <span class='ocrx_word' id='word_1_275' title='bbox 786 2058 923 2092; x_wconf 66' lang='lat' dir='ltr'><strong>veritas.</strong></span> 
     </span>
     <span class='ocr_line' id='line_1_42' title="bbox 52 2109 1038 2153; baseline -0.001 -10"><span class='ocrx_word' id='word_1_276' title='bbox 52 2111 154 2143; x_wconf 86' lang='lat' dir='ltr'><strong>nobis</strong></span> <span class='ocrx_word' id='word_1_277' title='bbox 171 2110 406 2143; x_wconf 78' lang='lat' dir='ltr'><strong>existimemus</strong></span> <span class='ocrx_word' id='word_1_278' title='bbox 434 2109 582 2153; x_wconf 88' lang='lat' dir='ltr'><strong>primam</strong></span> <span class='ocrx_word' id='word_1_279' title='bbox 603 2121 720 2141; x_wconf 86' lang='lat' dir='ltr'><strong>curam</strong></span> <span class='ocrx_word' id='word_1_280' title='bbox 740 2120 810 2141; x_wconf 87' lang='lat' dir='ltr'><strong>esse</strong></span> <span class='ocrx_word' id='word_1_281' title='bbox 830 2109 972 2149; x_wconf 85' lang='lat' dir='ltr'><strong>debere,</strong></span> <span class='ocrx_word' id='word_1_282' title='bbox 1000 2116 1038 2142; x_wconf 91' lang='grc'><strong>111</strong></span> 
     </span>
     <span class='ocr_line' id='line_1_43' title="bbox 53 2158 1037 2193; baseline -0.001 0"><span class='ocrx_word' id='word_1_283' title='bbox 53 2173 170 2193; x_wconf 84' lang='lat' dir='ltr'><strong>veram</strong></span> <span class='ocrx_word' id='word_1_284' title='bbox 189 2161 384 2193; x_wconf 85' lang='lat' dir='ltr'><strong>doctrinam</strong></span> <span class='ocrx_word' id='word_1_285' title='bbox 403 2167 573 2193; x_wconf 87' lang='lat' dir='ltr'><strong>tueamur.</strong></span> <span class='ocrx_word' id='word_1_286' title='bbox 626 2158 673 2193; x_wconf 85' lang='lat' dir='ltr'><strong>Et</strong></span> <span class='ocrx_word' id='word_1_287' title='bbox 690 2171 767 2192; x_wconf 87' lang='lat' dir='ltr'><strong>cum</strong></span> <span class='ocrx_word' id='word_1_288' title='bbox 792 2160 834 2190; x_wconf 86' lang='lat' dir='ltr'><strong>de</strong></span> <span class='ocrx_word' id='word_1_289' title='bbox 851 2160 1037 2193; x_wconf 89' lang='lat' dir='ltr'><strong>concordia</strong></span> 
     </span>
     <span class='ocr_line' id='line_1_44' title="bbox 54 2209 1037 2255; baseline -0.001 -11"><span class='ocrx_word' id='word_1_290' title='bbox 54 2209 229 2244; x_wconf 82' lang='lat' dir='ltr'><strong>Ecclesiae</strong></span> <span class='ocrx_word' id='word_1_291' title='bbox 255 2211 484 2254; x_wconf 80' lang='lat' dir='ltr'><strong>praecipitur,</strong></span> <span class='ocrx_word' id='word_1_292' title='bbox 513 2211 662 2242; x_wconf 84' lang='lat' dir='ltr'><strong>sciamus</strong></span> <span class='ocrx_word' id='word_1_293' title='bbox 688 2222 750 2242; x_wconf 92' lang='lat' dir='ltr'><strong>nos</strong></span> <span class='ocrx_word' id='word_1_294' title='bbox 768 2222 844 2242; x_wconf 92' lang='lat' dir='ltr'><strong>cum</strong></span> <span class='ocrx_word' id='word_1_295' title='bbox 864 2210 923 2250; x_wconf 86' lang='lat' dir='ltr'><strong>iis,</strong></span> <span class='ocrx_word' id='word_1_296' title='bbox 950 2223 1037 2255; x_wconf 88' lang='lat' dir='ltr'><strong>quos</strong></span> 
     </span>
     <span class='ocr_line' id='line_1_45' title="bbox 53 2258 1035 2305; baseline -0.001 -11"><span class='ocrx_word' id='word_1_297' title='bbox 53 2262 225 2305; x_wconf 78' lang='lat' dir='ltr'><strong>scriptura</strong></span> <span class='ocrx_word' id='word_1_298' title='bbox 255 2268 353 2295; x_wconf 60' lang='lat' dir='ltr'><strong>vocat</strong></span> <span class='ocrx_word' id='word_1_299' title='bbox 381 2260 592 2300; x_wconf 74' lang='lat' dir='ltr'><strong>Ecclesiam,</strong></span> <span class='ocrx_word' id='word_1_300' title='bbox 630 2258 695 2293; x_wconf 78' lang='lat' dir='ltr'><strong>lioc</strong></span> <span class='ocrx_word' id='word_1_301' title='bbox 724 2267 791 2300; x_wconf 76' lang='lat' dir='ltr'><strong>cst,</strong></span> <span class='ocrx_word' id='word_1_302' title='bbox 826 2262 884 2304; x_wconf 89' lang='lat' dir='ltr'><strong>qui</strong></span> <span class='ocrx_word' id='word_1_303' title='bbox 914 2273 1035 2304; x_wconf 90' lang='lat' dir='ltr'><strong>puram</strong></span> 
     </span>
     <span class='ocr_line' id='line_1_46' title="bbox 52 2311 1035 2350; baseline -0.003 -4"><span class='ocrx_word' id='word_1_304' title='bbox 52 2313 248 2346; x_wconf 83' lang='lat' dir='ltr'><strong>doctrinam</strong></span> <span class='ocrx_word' id='word_1_305' title='bbox 277 2318 395 2345; x_wconf 84' lang='lat' dir='ltr'><strong>teuent</strong></span> <span class='ocrx_word' id='word_1_306' title='bbox 423 2318 455 2344; x_wconf 85' lang='lat' dir='ltr'><strong>et</strong></span> <span class='ocrx_word' id='word_1_307' title='bbox 485 2311 520 2344; x_wconf 92' lang='lat' dir='ltr'><strong>in</strong></span> <span class='ocrx_word' id='word_1_308' title='bbox 549 2323 586 2343; x_wconf 88' lang='lat' dir='ltr'><strong>ea</strong></span> <span class='ocrx_word' id='word_1_309' title='bbox 609 2311 850 2350; x_wconf 71' lang='lat' dir='ltr'><strong>consentiunt,</strong></span> <span class='ocrx_word' id='word_1_310' title='bbox 887 2312 1035 2344; x_wconf 89' lang='lat' dir='ltr'><strong>coniun-</strong></span> 
     </span>
     <span class='ocr_line' id='line_1_47' title="bbox 53 2362 1035 2406; baseline -0.002 -10"><span class='ocrx_word' id='word_1_311' title='bbox 53 2374 131 2406; x_wconf 84' lang='lat' dir='ltr'><strong>gere</strong></span> <span class='ocrx_word' id='word_1_312' title='bbox 149 2363 285 2395; x_wconf 78' lang='lat' dir='ltr'><strong>debere.</strong></span> <span class='ocrx_word' id='word_1_313' title='bbox 337 2362 426 2395; x_wconf 84' lang='lat' dir='ltr'><strong>Cum</strong></span> <span class='ocrx_word' id='word_1_314' title='bbox 443 2369 557 2394; x_wconf 79' lang='lat' dir='ltr'><strong>autem</strong></span> <span class='ocrx_word' id='word_1_315' title='bbox 572 2363 674 2395; x_wconf 89' lang='lat' dir='ltr'><strong>nobis</strong></span> <span class='ocrx_word' id='word_1_316' title='bbox 690 2362 751 2395; x_wconf 90' lang='lat' dir='ltr'><strong>Dei</strong></span> <span class='ocrx_word' id='word_1_317' title='bbox 768 2362 934 2394; x_wconf 72' lang='lat' dir='ltr'><strong>beneficio</strong></span> <span class='ocrx_word' id='word_1_318' title='bbox 952 2375 1035 2395; x_wconf 89' lang='lat' dir='ltr'><strong>con-</strong></span> 
     </span>
     <span class='ocr_line' id='line_1_48' title="bbox 51 2411 1035 2457; baseline -0.002 -10"><span class='ocrx_word' id='word_1_319' title='bbox 51 2414 185 2457; x_wconf 86' lang='lat' dir='ltr'><strong>tigerit,</strong></span> <span class='ocrx_word' id='word_1_320' title='bbox 213 2420 251 2447; x_wconf 87' lang='lat' dir='ltr'><strong>ut</strong></span> <span class='ocrx_word' id='word_1_321' title='bbox 268 2413 358 2456; x_wconf 86' lang='lat' dir='ltr'><strong>apud</strong></span> <span class='ocrx_word' id='word_1_322' title='bbox 378 2424 440 2444; x_wconf 92' lang='lat' dir='ltr'><strong>nos</strong></span> <span class='ocrx_word' id='word_1_323' title='bbox 456 2419 547 2445; x_wconf 89' lang='lat' dir='ltr'><strong>extet</strong></span> <span class='ocrx_word' id='word_1_324' title='bbox 562 2425 640 2445; x_wconf 86' lang='lat' dir='ltr'><strong>vcra</strong></span> <span class='ocrx_word' id='word_1_325' title='bbox 656 2411 838 2455; x_wconf 77' lang='lat' dir='ltr'><strong>Evangelii</strong></span> <span class='ocrx_word' id='word_1_326' title='bbox 855 2412 1035 2453; x_wconf 88' lang='lat' dir='ltr'><strong>Doctrina,</strong></span> 
     </span>
     <span class='ocr_line' id='line_1_49' title="bbox 52 2461 1034 2507; baseline -0.001 -10"><span class='ocrx_word' id='word_1_327' title='bbox 52 2472 234 2507; x_wconf 69' lang='lat' dir='ltr'><strong>repurgata</strong></span> <span class='ocrx_word' id='word_1_328' title='bbox 253 2465 296 2496; x_wconf 90' lang='lat' dir='ltr'><strong>ab</strong></span> <span class='ocrx_word' id='word_1_329' title='bbox 314 2463 479 2495; x_wconf 89' lang='lat' dir='ltr'><strong>omuibus</strong></span> <span class='ocrx_word' id='word_1_330' title='bbox 498 2463 613 2505; x_wconf 85' lang='lat' dir='ltr'><strong>impiis</strong></span> <span class='ocrx_word' id='word_1_331' title='bbox 629 2464 857 2507; x_wconf 79' lang='lat' dir='ltr'><strong>opinionibus</strong></span> <span class='ocrx_word' id='word_1_332' title='bbox 870 2488 877 2501; x_wconf 91' lang='lat'>â€š</span> <span class='ocrx_word' id='word_1_333' title='bbox 906 2461 962 2496; x_wconf 79' lang='lat' dir='ltr'><strong>hic</strong></span> <span class='ocrx_word' id='word_1_334' title='bbox 980 2464 1034 2496; x_wconf 90' lang='grc'>111-</span> 
     </span>
     <span class='ocr_line' id='line_1_50' title="bbox 52 2513 1033 2557; baseline 0 -10"><span class='ocrx_word' id='word_1_335' title='bbox 52 2516 248 2557; x_wconf 76' lang='lat' dir='ltr'><strong>telligamus</strong></span> <span class='ocrx_word' id='word_1_336' title='bbox 274 2515 376 2546; x_wconf 86' lang='lat' dir='ltr'><strong>uobis</strong></span> <span class='ocrx_word' id='word_1_337' title='bbox 401 2522 430 2547; x_wconf 80' lang='lat' dir='ltr'><strong>et</strong></span> <span class='ocrx_word' id='word_1_338' title='bbox 451 2514 672 2546; x_wconf 85' lang='lat' dir='ltr'><strong>concordiam</strong></span> <span class='ocrx_word' id='word_1_339' title='bbox 699 2514 868 2557; x_wconf 82' lang='lat' dir='ltr'><strong>praecipi,</strong></span> <span class='ocrx_word' id='word_1_340' title='bbox 895 2521 924 2546; x_wconf 83' lang='lat' dir='ltr'><strong>et</strong></span> <span class='ocrx_word' id='word_1_341' title='bbox 944 2513 1033 2547; x_wconf 84' lang='lat' dir='ltr'><strong>nibil</strong></span> 
     </span>
     <span class='ocr_line' id='line_1_51' title="bbox 52 2564 1034 2607; baseline -0.001 -9"><span class='ocrx_word' id='word_1_342' title='bbox 52 2578 70 2598; x_wconf 86' lang='lat' dir='ltr'><strong>a</strong></span> <span class='ocrx_word' id='word_1_343' title='bbox 96 2566 196 2598; x_wconf 89' lang='lat' dir='ltr'><strong>nobis</strong></span> <span class='ocrx_word' id='word_1_344' title='bbox 222 2565 344 2598; x_wconf 85' lang='lat' dir='ltr'><strong>maiori</strong></span> <span class='ocrx_word' id='word_1_345' title='bbox 372 2565 544 2607; x_wconf 79' lang='lat' dir='ltr'><strong>agendum</strong></span> <span class='ocrx_word' id='word_1_346' title='bbox 570 2564 703 2604; x_wconf 82' lang='lat' dir='ltr'><strong>studio,</strong></span> <span class='ocrx_word' id='word_1_347' title='bbox 736 2578 773 2597; x_wconf 87' lang='lat' dir='ltr'><strong>ac</strong></span> <span class='ocrx_word' id='word_1_348' title='bbox 799 2565 1034 2605; x_wconf 81' lang='lat' dir='ltr'><strong>contentione,</strong></span> 
     </span>
     <span class='ocr_line' id='line_1_52' title="bbox 51 2613 1033 2660; baseline 0 -12"><span class='ocrx_word' id='word_1_349' title='bbox 51 2628 155 2660; x_wconf 87' lang='lat' dir='ltr'><strong>quam</strong></span> <span class='ocrx_word' id='word_1_350' title='bbox 173 2623 212 2649; x_wconf 92' lang='lat' dir='ltr'><strong>ut</strong></span> <span class='ocrx_word' id='word_1_351' title='bbox 224 2628 296 2648; x_wconf 88' lang='lat' dir='ltr'><strong>eam</strong></span> <span class='ocrx_word' id='word_1_352' title='bbox 313 2617 404 2648; x_wconf 86' lang='lat' dir='ltr'><strong>iuter</strong></span> <span class='ocrx_word' id='word_1_353' title='bbox 421 2627 483 2648; x_wconf 89' lang='lat' dir='ltr'><strong>nos</strong></span> <span class='ocrx_word' id='word_1_354' title='bbox 500 2622 675 2653; x_wconf 83' lang='lat' dir='ltr'><strong>tueamur,</strong></span> <span class='ocrx_word' id='word_1_355' title='bbox 705 2623 737 2649; x_wconf 84' lang='lat' dir='ltr'><strong>ct</strong></span> <span class='ocrx_word' id='word_1_356' title='bbox 752 2627 812 2658; x_wconf 81' lang='lat' dir='ltr'><strong>per</strong></span> <span class='ocrx_word' id='word_1_357' title='bbox 830 2627 903 2647; x_wconf 83' lang='lat' dir='ltr'><strong>cam</strong></span> <span class='ocrx_word' id='word_1_358' title='bbox 916 2613 1033 2648; x_wconf 73' lang='lat' dir='ltr'><strong>Evan-</strong></span> 
     </span>
     <span class='ocr_line' id='line_1_53' title="bbox 51 2666 1029 2711; baseline 0 -12"><span class='ocrx_word' id='word_1_359' title='bbox 51 2667 130 2709; x_wconf 74' lang='lat' dir='ltr'><strong>gelii</strong></span> <span class='ocrx_word' id='word_1_360' title='bbox 149 2667 354 2699; x_wconf 75' lang='lat' dir='ltr'><strong>beneficium</strong></span> <span class='ocrx_word' id='word_1_361' title='bbox 374 2666 543 2699; x_wconf 75' lang='lat' dir='ltr'><strong>divinitus</strong></span> <span class='ocrx_word' id='word_1_362' title='bbox 561 2666 680 2698; x_wconf 86' lang='lat' dir='ltr'><strong>datum</strong></span> <span class='ocrx_word' id='word_1_363' title='bbox 693 2692 700 2705; x_wconf 86' lang='lat'><strong>,</strong></span> <span class='ocrx_word' id='word_1_364' title='bbox 728 2673 898 2711; x_wconf 84' lang='lat' dir='ltr'><strong>qnantum</strong></span> <span class='ocrx_word' id='word_1_365' title='bbox 916 2666 951 2698; x_wconf 89' lang='lat' dir='ltr'><strong>in</strong></span> <span class='ocrx_word' id='word_1_366' title='bbox 969 2679 1029 2699; x_wconf 89' lang='lat' dir='ltr'><strong>no-</strong></span> 
     </span>
     <span class='ocr_line' id='line_1_54' title="bbox 100 2718 586 2750; baseline -0.006 0"><span class='ocrx_word' id='word_1_367' title='bbox 100 2720 274 2750; x_wconf 62' lang='lat' dir='ltr'><strong>Muaxru.</strong></span> <span class='ocrx_word' id='word_1_368' title='bbox 295 2719 395 2749; x_wconf 66' lang='lat' dir='ltr'><strong>Orsa.</strong></span> <span class='ocrx_word' id='word_1_369' title='bbox 426 2718 586 2750; x_wconf 74' lang='lat' dir='ltr'>V01..X1.</span> 
     </span>
    </p>
   </div>
   <div class='ocr_carea' id='block_1_6' title="bbox 987 2056 1065 2092">
    <p class='ocr_par' dir='ltr' id='par_1_6' title="bbox 987 2056 1065 2092">
     <span class='ocr_line' id='line_1_55' title="bbox 987 2056 1065 2092; baseline 0 -1"><span class='ocrx_word' id='word_1_370' title='bbox 987 2057 1037 2092; x_wconf 89' lang='lat' dir='ltr'><strong>lta</strong></span> <span class='ocrx_word' id='word_1_371' title='bbox 1064 2056 1065 2062; x_wconf 44' lang='lat'>Â¹</span> 
     </span>
    </p>
   </div>
   <div class='ocr_carea' id='block_1_7' title="bbox 1060 1686 1071 2538">
    <p class='ocr_par' dir='ltr' id='par_1_7' title="bbox 1060 1686 1071 2538">
     <span class='ocr_line' id='line_1_56' title="bbox 1060 1686 1071 2538; baseline 0 0"><span class='ocrx_word' id='word_1_372' title='bbox 1060 1686 1071 2538; x_wconf 95' lang='lat' dir='ltr'><strong> </strong></span> 
     </span>
    </p>
   </div>
   <div class='ocr_carea' id='block_1_8' title="bbox 1092 237 2100 2157">
    <p class='ocr_par' dir='ltr' id='par_1_8' title="bbox 1092 237 2100 2157">
     <span class='ocr_line' id='line_1_57' title="bbox 1117 237 2100 286; baseline 0.016 -18"><span class='ocrx_word' id='word_1_373' title='bbox 1117 237 1297 271; x_wconf 83' lang='lat' dir='ltr'><strong>doctrinae</strong></span> <span class='ocrx_word' id='word_1_374' title='bbox 1323 243 1641 286; x_wconf 78' lang='lat' dir='ltr'><strong>conservationem,</strong></span> <span class='ocrx_word' id='word_1_375' title='bbox 1681 247 1814 280; x_wconf 88' lang='lat' dir='ltr'><strong>nullam</strong></span> <span class='ocrx_word' id='word_1_376' title='bbox 1839 261 1910 281; x_wconf 84' lang='lat' dir='ltr'><strong>esse</strong></span> <span class='ocrx_word' id='word_1_377' title='bbox 1935 250 2100 284; x_wconf 88' lang='lat' dir='ltr'><strong>virtutem</strong></span> 
     </span>
     <span class='ocr_line' id='line_1_58' title="bbox 1115 285 2099 340; baseline 0.016 -21"><span class='ocrx_word' id='word_1_378' title='bbox 1115 285 1291 322; x_wconf 84' lang='lat' dir='ltr'><strong>Ecclesiae</strong></span> <span class='ocrx_word' id='word_1_379' title='bbox 1309 291 1344 322; x_wconf 91' lang='grc'><strong>111</strong></span> <span class='ocrx_word' id='word_1_380' title='bbox 1362 292 1565 326; x_wconf 66' lang='lat' dir='ltr'><strong>universnm</strong></span> <span class='ocrx_word' id='word_1_381' title='bbox 1591 297 1700 340; x_wconf 83' lang='lat' dir='ltr'><strong>magis</strong></span> <span class='ocrx_word' id='word_1_382' title='bbox 1731 300 1957 333; x_wconf 83' lang='lat' dir='ltr'><strong>necessariam</strong></span> <span class='ocrx_word' id='word_1_383' title='bbox 1986 308 2020 334; x_wconf 90' lang='lat' dir='ltr'><strong>et</strong></span> <span class='ocrx_word' id='word_1_384' title='bbox 2044 313 2099 334; x_wconf 88' lang='lat' dir='ltr'><strong>sa-</strong></span> 
     </span>
     <span class='ocr_line' id='line_1_59' title="bbox 1115 338 2098 386; baseline 0.015 -16"><span class='ocrx_word' id='word_1_385' title='bbox 1115 338 1281 381; x_wconf 87' lang='lat' dir='ltr'><strong>lutarem,</strong></span> <span class='ocrx_word' id='word_1_386' title='bbox 1325 354 1429 386; x_wconf 87' lang='lat' dir='ltr'><strong>quam</strong></span> <span class='ocrx_word' id='word_1_387' title='bbox 1463 356 1579 376; x_wconf 83' lang='lat' dir='ltr'><strong>veram</strong></span> <span class='ocrx_word' id='word_1_388' title='bbox 1609 354 1640 380; x_wconf 85' lang='lat' dir='ltr'><strong>et</strong></span> <span class='ocrx_word' id='word_1_389' title='bbox 1672 348 1843 382; x_wconf 83' lang='lat' dir='ltr'><strong>sinceram</strong></span> <span class='ocrx_word' id='word_1_390' title='bbox 1874 352 2098 385; x_wconf 84' lang='lat' dir='ltr'><strong>concordiam</strong></span> 
     </span>
     <span class='ocr_line' id='line_1_60' title="bbox 1114 389 2098 436; baseline 0.017 -16"><span class='ocrx_word' id='word_1_391' title='bbox 1114 396 1146 422; x_wconf 88' lang='lat' dir='ltr'><strong>et</strong></span> <span class='ocrx_word' id='word_1_392' title='bbox 1164 389 1362 424; x_wconf 90' lang='lat' dir='ltr'><strong>animorum</strong></span> <span class='ocrx_word' id='word_1_393' title='bbox 1383 393 1667 429; x_wconf 89' lang='lat' dir='ltr'><strong>coniunctionem</strong></span> <span class='ocrx_word' id='word_1_394' title='bbox 1684 398 1774 432; x_wconf 86' lang='lat' dir='ltr'><strong>inter</strong></span> <span class='ocrx_word' id='word_1_395' title='bbox 1788 398 1969 436; x_wconf 88' lang='lat' dir='ltr'><strong>Doctores.</strong></span> <span class='ocrx_word' id='word_1_396' title='bbox 2023 401 2098 436; x_wconf 85' lang='lat' dir='ltr'><strong>Etsi</strong></span> 
     </span>
     <span class='ocr_line' id='line_1_61' title="bbox 1112 439 2098 495; baseline 0.014 -24"><span class='ocrx_word' id='word_1_397' title='bbox 1112 439 1205 472; x_wconf 89' lang='lat' dir='ltr'><strong>enim</strong></span> <span class='ocrx_word' id='word_1_398' title='bbox 1223 453 1343 474; x_wconf 90' lang='lat' dir='ltr'><strong>verum</strong></span> <span class='ocrx_word' id='word_1_399' title='bbox 1363 450 1429 482; x_wconf 89' lang='lat' dir='ltr'><strong>est,</strong></span> <span class='ocrx_word' id='word_1_400' title='bbox 1457 445 1559 477; x_wconf 89' lang='lat' dir='ltr'><strong>etiam</strong></span> <span class='ocrx_word' id='word_1_401' title='bbox 1591 448 1738 480; x_wconf 88' lang='lat' dir='ltr'><strong>consilio</strong></span> <span class='ocrx_word' id='word_1_402' title='bbox 1765 461 1803 482; x_wconf 91' lang='lat' dir='ltr'><strong>ac</strong></span> <span class='ocrx_word' id='word_1_403' title='bbox 1831 453 1984 495; x_wconf 84' lang='lat' dir='ltr'><strong>potentia</strong></span> <span class='ocrx_word' id='word_1_404' title='bbox 2005 453 2098 486; x_wconf 92' lang='lat' dir='ltr'><strong>divi-</strong></span> 
     </span>
     <span class='ocr_line' id='line_1_62' title="bbox 1112 493 2096 543; baseline 0.016 -21"><span class='ocrx_word' id='word_1_405' title='bbox 1112 502 1155 523; x_wconf 86' lang='lat' dir='ltr'><strong>na</strong></span> <span class='ocrx_word' id='word_1_406' title='bbox 1175 503 1296 534; x_wconf 90' lang='lat' dir='ltr'><strong>puram</strong></span> <span class='ocrx_word' id='word_1_407' title='bbox 1313 493 1509 527; x_wconf 87' lang='lat' dir='ltr'><strong>doctrinam</strong></span> <span class='ocrx_word' id='word_1_408' title='bbox 1523 495 1722 530; x_wconf 65' lang='lat' dir='ltr'><strong>inEcclvsia</strong></span> <span class='ocrx_word' id='word_1_409' title='bbox 1735 503 1952 543; x_wconf 81' lang='lat' dir='ltr'><strong>conservari,</strong></span> <span class='ocrx_word' id='word_1_410' title='bbox 1981 511 2096 537; x_wconf 86' lang='lat' dir='ltr'><strong>tamen</strong></span> 
     </span>
     <span class='ocr_line' id='line_1_63' title="bbox 1111 542 2097 597; baseline 0.015 -24"><span class='ocrx_word' id='word_1_411' title='bbox 1111 553 1188 573; x_wconf 88' lang='lat' dir='ltr'><strong>cum</strong></span> <span class='ocrx_word' id='word_1_412' title='bbox 1218 542 1260 575; x_wconf 90' lang='lat' dir='ltr'><strong>de</strong></span> <span class='ocrx_word' id='word_1_413' title='bbox 1286 550 1406 577; x_wconf 88' lang='lat' dir='ltr'><strong>nostro</strong></span> <span class='ocrx_word' id='word_1_414' title='bbox 1433 545 1547 578; x_wconf 80' lang='lat' dir='ltr'><strong>officio</strong></span> <span class='ocrx_word' id='word_1_415' title='bbox 1581 547 1767 581; x_wconf 83' lang='lat' dir='ltr'><strong>dicendum</strong></span> <span class='ocrx_word' id='word_1_416' title='bbox 1791 558 1857 589; x_wconf 80' lang='lat' dir='ltr'><strong>cst,</strong></span> <span class='ocrx_word' id='word_1_417' title='bbox 1888 553 1968 597; x_wconf 85' lang='lat' dir='ltr'><strong>quia</strong></span> <span class='ocrx_word' id='word_1_418' title='bbox 2001 553 2097 588; x_wconf 90' lang='lat' dir='ltr'><strong>Deus</strong></span> 
     </span>
     <span class='ocr_line' id='line_1_64' title="bbox 1111 591 2095 648; baseline 0.015 -25"><span class='ocrx_word' id='word_1_419' title='bbox 1111 591 1304 625; x_wconf 86' lang='lat' dir='ltr'><strong>ministerio</strong></span> <span class='ocrx_word' id='word_1_420' title='bbox 1339 595 1435 635; x_wconf 70' lang='grc' dir='ltr'>Î³ÎµÎ¹-111</span> <span class='ocrx_word' id='word_1_421' title='bbox 1471 608 1532 639; x_wconf 90' lang='lat' dir='ltr'><strong>per</strong></span> <span class='ocrx_word' id='word_1_422' title='bbox 1564 594 1725 632; x_wconf 79' lang='lat' dir='ltr'><strong>homiues</strong></span> <span class='ocrx_word' id='word_1_423' title='bbox 1763 600 1797 632; x_wconf 91' lang='lat' dir='ltr'><strong>in</strong></span> <span class='ocrx_word' id='word_1_424' title='bbox 1832 600 1983 636; x_wconf 85' lang='lat' dir='ltr'><strong>Ecclesia</strong></span> <span class='ocrx_word' id='word_1_425' title='bbox 2015 606 2095 648; x_wconf 85' lang='lat' dir='ltr'><strong>agit,</strong></span> 
     </span>
     <span class='ocr_line' id='line_1_65' title="bbox 1110 643 2093 697; baseline 0.015 -24"><span class='ocrx_word' id='word_1_426' title='bbox 1110 643 1251 675; x_wconf 89' lang='lat' dir='ltr'><strong>maximi</strong></span> <span class='ocrx_word' id='word_1_427' title='bbox 1270 647 1436 678; x_wconf 81' lang='lat' dir='ltr'><strong>iromenti</strong></span> <span class='ocrx_word' id='word_1_428' title='bbox 1455 658 1508 679; x_wconf 80' lang='lat' dir='ltr'><strong>res</strong></span> <span class='ocrx_word' id='word_1_429' title='bbox 1524 654 1593 687; x_wconf 86' lang='lat' dir='ltr'><strong>est,</strong></span> <span class='ocrx_word' id='word_1_430' title='bbox 1617 661 1687 681; x_wconf 89' lang='lat' dir='ltr'><strong>non</strong></span> <span class='ocrx_word' id='word_1_431' title='bbox 1705 657 1838 684; x_wconf 85' lang='lat' dir='ltr'><strong>tantum</strong></span> <span class='ocrx_word' id='word_1_432' title='bbox 1857 655 1898 685; x_wconf 88' lang='lat' dir='ltr'><strong>ad</strong></span> <span class='ocrx_word' id='word_1_433' title='bbox 1919 655 2093 697; x_wconf 85' lang='lat' dir='ltr'><strong>publicam</strong></span> 
     </span>
     <span class='ocr_line' id='line_1_66' title="bbox 1107 694 2092 741; baseline 0.015 -17"><span class='ocrx_word' id='word_1_434' title='bbox 1107 694 1398 738; x_wconf 83' lang='lat' dir='ltr'><strong>tranquillitatem</strong></span> <span class='ocrx_word' id='word_1_435' title='bbox 1433 704 1466 730; x_wconf 89' lang='lat' dir='ltr'><strong>et</strong></span> <span class='ocrx_word' id='word_1_436' title='bbox 1493 698 1561 731; x_wconf 86' lang='lat' dir='ltr'><strong>alia</strong></span> <span class='ocrx_word' id='word_1_437' title='bbox 1583 702 1785 741; x_wconf 87' lang='lat' dir='ltr'><strong>commoda,</strong></span> <span class='ocrx_word' id='word_1_438' title='bbox 1820 704 1880 735; x_wconf 89' lang='lat' dir='ltr'><strong>sed</strong></span> <span class='ocrx_word' id='word_1_439' title='bbox 1913 705 2015 737; x_wconf 81' lang='lat' dir='ltr'><strong>etiam</strong></span> <span class='ocrx_word' id='word_1_440' title='bbox 2049 708 2092 739; x_wconf 88' lang='lat' dir='ltr'><strong>ad</strong></span> 
     </span>
     <span class='ocr_line' id='line_1_67' title="bbox 1108 743 2093 789; baseline 0.014 -14"><span class='ocrx_word' id='word_1_441' title='bbox 1108 743 1287 777; x_wconf 87' lang='lat' dir='ltr'><strong>doctrinae</strong></span> <span class='ocrx_word' id='word_1_442' title='bbox 1304 746 1489 789; x_wconf 87' lang='lat' dir='ltr'><strong>puritatem</strong></span> <span class='ocrx_word' id='word_1_443' title='bbox 1508 752 1794 784; x_wconf 90' lang='lat' dir='ltr'><strong>conservandam.</strong></span> <span class='ocrx_word' id='word_1_444' title='bbox 1846 752 1934 786; x_wconf 91' lang='lat' dir='ltr'><strong>Nam</strong></span> <span class='ocrx_word' id='word_1_445' title='bbox 1948 768 2093 789; x_wconf 91' lang='lat' dir='ltr'><strong>concor-</strong></span> 
     </span>
     <span class='ocr_line' id='line_1_68' title="bbox 1106 794 2092 848; baseline 0.015 -23"><span class='ocrx_word' id='word_1_446' title='bbox 1106 794 1200 827; x_wconf 89' lang='lat' dir='ltr'><strong>diam</strong></span> <span class='ocrx_word' id='word_1_447' title='bbox 1227 808 1331 835; x_wconf 83' lang='lat' dir='ltr'><strong>voco,</strong></span> <span class='ocrx_word' id='word_1_448' title='bbox 1364 809 1436 830; x_wconf 94' lang='lat' dir='ltr'><strong>non</strong></span> <span class='ocrx_word' id='word_1_449' title='bbox 1461 805 1596 832; x_wconf 89' lang='lat' dir='ltr'><strong>tantum</strong></span> <span class='ocrx_word' id='word_1_450' title='bbox 1622 801 1831 845; x_wconf 90' lang='lat' dir='ltr'><strong>opinionum</strong></span> <span class='ocrx_word' id='word_1_451' title='bbox 1851 811 1884 837; x_wconf 89' lang='lat' dir='ltr'><strong>et</strong></span> <span class='ocrx_word' id='word_1_452' title='bbox 1904 805 2092 848; x_wconf 89' lang='lat' dir='ltr'><strong>doctrinae,</strong></span> 
     </span>
     <span class='ocr_line' id='line_1_69' title="bbox 1106 846 2091 894; baseline 0.014 -18"><span class='ocrx_word' id='word_1_453' title='bbox 1106 846 1163 876; x_wconf 76' lang='lat' dir='ltr'><strong>scd</strong></span> <span class='ocrx_word' id='word_1_454' title='bbox 1192 846 1295 879; x_wconf 88' lang='lat' dir='ltr'><strong>etiam</strong></span> <span class='ocrx_word' id='word_1_455' title='bbox 1324 848 1546 881; x_wconf 77' lang='lat' dir='ltr'><strong>voluntatum</strong></span> <span class='ocrx_word' id='word_1_456' title='bbox 1578 852 1863 894; x_wconf 84' lang='lat' dir='ltr'><strong>consensionem,</strong></span> <span class='ocrx_word' id='word_1_457' title='bbox 1902 868 1981 889; x_wconf 84' lang='lat' dir='ltr'><strong>vera</strong></span> <span class='ocrx_word' id='word_1_458' title='bbox 2005 869 2091 890; x_wconf 91' lang='lat' dir='ltr'><strong>couâ€”</strong></span> 
     </span>
     <span class='ocr_line' id='line_1_70' title="bbox 1106 895 2091 941; baseline 0.014 -14"><span class='ocrx_word' id='word_1_459' title='bbox 1106 895 1286 929; x_wconf 90' lang='lat' dir='ltr'><strong>innctioue</strong></span> <span class='ocrx_word' id='word_1_460' title='bbox 1313 898 1405 931; x_wconf 77' lang='lat' dir='ltr'><strong>inter</strong></span> <span class='ocrx_word' id='word_1_461' title='bbox 1437 912 1471 932; x_wconf 85' lang='lat' dir='ltr'><strong>se</strong></span> <span class='ocrx_word' id='word_1_462' title='bbox 1494 908 1617 934; x_wconf 90' lang='lat' dir='ltr'><strong>mutuo</strong></span> <span class='ocrx_word' id='word_1_463' title='bbox 1649 903 1829 937; x_wconf 83' lang='lat' dir='ltr'><strong>devinctos</strong></span> <span class='ocrx_word' id='word_1_464' title='bbox 1852 916 1924 938; x_wconf 87' lang='lat' dir='ltr'><strong>esse</strong></span> <span class='ocrx_word' id='word_1_465' title='bbox 1954 908 2091 941; x_wconf 88' lang='lat' dir='ltr'><strong>animos</strong></span> 
     </span>
     <span class='ocr_line' id='line_1_71' title="bbox 1104 947 2090 1002; baseline 0.013 -24"><span class='ocrx_word' id='word_1_466' title='bbox 1104 947 1319 982; x_wconf 87' lang='lat' dir='ltr'><strong>docentium.</strong></span> <span class='ocrx_word' id='word_1_467' title='bbox 1373 948 1442 982; x_wconf 91' lang='lat' dir='ltr'><strong>Sed</strong></span> <span class='ocrx_word' id='word_1_468' title='bbox 1462 957 1498 982; x_wconf 92' lang='lat' dir='ltr'><strong>ut</strong></span> <span class='ocrx_word' id='word_1_469' title='bbox 1516 951 1644 985; x_wconf 85' lang='lat' dir='ltr'><strong>clarius</strong></span> <span class='ocrx_word' id='word_1_470' title='bbox 1662 954 1809 997; x_wconf 87' lang='lat' dir='ltr'><strong>perspici</strong></span> <span class='ocrx_word' id='word_1_471' title='bbox 1828 957 1951 998; x_wconf 86' lang='lat' dir='ltr'><strong>possit,</strong></span> <span class='ocrx_word' id='word_1_472' title='bbox 1986 971 2090 1002; x_wconf 86' lang='lat' dir='ltr'><strong>quam</strong></span> 
     </span>
     <span class='ocr_line' id='line_1_72' title="bbox 1105 996 2089 1048; baseline 0.014 -20"><span class='ocrx_word' id='word_1_473' title='bbox 1105 998 1294 1030; x_wconf 87' lang='lat' dir='ltr'><strong>necessaria</strong></span> <span class='ocrx_word' id='word_1_474' title='bbox 1314 998 1356 1031; x_wconf 89' lang='lat' dir='ltr'><strong>sit</strong></span> <span class='ocrx_word' id='word_1_475' title='bbox 1375 996 1459 1033; x_wconf 82' lang='lat' dir='ltr'><strong>haec</strong></span> <span class='ocrx_word' id='word_1_476' title='bbox 1476 1001 1604 1043; x_wconf 77' lang='lat' dir='ltr'><strong>virtus,</strong></span> <span class='ocrx_word' id='word_1_477' title='bbox 1631 1004 1749 1048; x_wconf 88' lang='lat' dir='ltr'><strong>aliquo</strong></span> <span class='ocrx_word' id='word_1_478' title='bbox 1767 1007 1873 1037; x_wconf 88' lang='lat' dir='ltr'><strong>modo</strong></span> <span class='ocrx_word' id='word_1_479' title='bbox 1890 1009 2089 1042; x_wconf 87' lang='lat' dir='ltr'><strong>considere-</strong></span> 
     </span>
     <span class='ocr_line' id='line_1_73' title="bbox 1104 1052 2091 1099; baseline 0.014 -21"><span class='ocrx_word' id='word_1_480' title='bbox 1104 1059 1198 1088; x_wconf 89' lang='lat' dir='ltr'><strong>mus,</strong></span> <span class='ocrx_word' id='word_1_481' title='bbox 1231 1056 1401 1093; x_wconf 85' lang='lat' dir='ltr'><strong>qnantum</strong></span> <span class='ocrx_word' id='word_1_482' title='bbox 1427 1052 1597 1085; x_wconf 91' lang='lat' dir='ltr'><strong>malorum</strong></span> <span class='ocrx_word' id='word_1_483' title='bbox 1623 1064 1737 1087; x_wconf 90' lang='lat' dir='ltr'><strong>secum</strong></span> <span class='ocrx_word' id='word_1_484' title='bbox 1769 1053 1883 1090; x_wconf 82' lang='lat' dir='ltr'><strong>trahat</strong></span> <span class='ocrx_word' id='word_1_485' title='bbox 1906 1058 2091 1099; x_wconf 87' lang='lat' dir='ltr'><strong>discordia,</strong></span> 
     </span>
     <span class='ocr_line' id='line_1_74' title="bbox 1103 1100 2089 1152; baseline 0.013 -22"><span class='ocrx_word' id='word_1_486' title='bbox 1103 1100 1304 1141; x_wconf 88' lang='lat' dir='ltr'><strong>praesertim</strong></span> <span class='ocrx_word' id='word_1_487' title='bbox 1324 1100 1504 1141; x_wconf 82' lang='lat' dir='ltr'><strong>intereos,</strong></span> <span class='ocrx_word' id='word_1_488' title='bbox 1531 1104 1590 1147; x_wconf 90' lang='lat' dir='ltr'><strong>qui</strong></span> <span class='ocrx_word' id='word_1_489' title='bbox 1607 1112 1686 1137; x_wconf 91' lang='lat' dir='ltr'><strong>sunt</strong></span> <span class='ocrx_word' id='word_1_490' title='bbox 1707 1105 1742 1138; x_wconf 91' lang='lat' dir='ltr'><strong>in</strong></span> <span class='ocrx_word' id='word_1_491' title='bbox 1760 1107 1952 1141; x_wconf 89' lang='lat' dir='ltr'><strong>ministerio</strong></span> <span class='ocrx_word' id='word_1_492' title='bbox 1972 1110 2089 1152; x_wconf 80' lang='lat' dir='ltr'><strong>publi-</strong></span> 
     </span>
     <span class='ocr_line' id='line_1_75' title="bbox 1102 1149 2089 1199; baseline 0.014 -19"><span class='ocrx_word' id='word_1_493' title='bbox 1102 1161 1152 1182; x_wconf 91' lang='lat' dir='ltr'><strong>co.</strong></span> <span class='ocrx_word' id='word_1_494' title='bbox 1210 1149 1329 1195; x_wconf 79' lang='lat' dir='ltr'><strong>Neque</strong></span> <span class='ocrx_word' id='word_1_495' title='bbox 1349 1163 1430 1184; x_wconf 85' lang='lat' dir='ltr'><strong>vero</strong></span> <span class='ocrx_word' id='word_1_496' title='bbox 1455 1150 1520 1185; x_wconf 87' lang='lat' dir='ltr'><strong>hoc</strong></span> <span class='ocrx_word' id='word_1_497' title='bbox 1538 1154 1692 1188; x_wconf 87' lang='lat' dir='ltr'><strong>iudicare</strong></span> <span class='ocrx_word' id='word_1_498' title='bbox 1708 1157 1849 1190; x_wconf 83' lang='lat' dir='ltr'><strong>difficile</strong></span> <span class='ocrx_word' id='word_1_499' title='bbox 1872 1165 1938 1199; x_wconf 88' lang='lat' dir='ltr'><strong>est,</strong></span> <span class='ocrx_word' id='word_1_500' title='bbox 1966 1160 1993 1192; x_wconf 91' lang='lat' dir='ltr'><strong>si</strong></span> <span class='ocrx_word' id='word_1_501' title='bbox 2011 1167 2089 1193; x_wconf 91' lang='lat' dir='ltr'><strong>tan-</strong></span> 
     </span>
     <span class='ocr_line' id='line_1_76' title="bbox 1101 1201 2087 1251; baseline 0.014 -20"><span class='ocrx_word' id='word_1_502' title='bbox 1101 1206 1174 1232; x_wconf 89' lang='lat' dir='ltr'><strong>tum</strong></span> <span class='ocrx_word' id='word_1_503' title='bbox 1200 1201 1414 1243; x_wconf 86' lang='lat' dir='ltr'><strong>aspiciantur</strong></span> <span class='ocrx_word' id='word_1_504' title='bbox 1437 1204 1611 1247; x_wconf 82' lang='lat' dir='ltr'><strong>exempla,</strong></span> <span class='ocrx_word' id='word_1_505' title='bbox 1643 1219 1732 1251; x_wconf 88' lang='lat' dir='ltr'><strong>quae</strong></span> <span class='ocrx_word' id='word_1_506' title='bbox 1758 1208 1893 1241; x_wconf 87' lang='lat' dir='ltr'><strong>utinam</strong></span> <span class='ocrx_word' id='word_1_507' title='bbox 1925 1223 1988 1244; x_wconf 90' lang='lat' dir='ltr'><strong>nos</strong></span> <span class='ocrx_word' id='word_1_508' title='bbox 2017 1223 2087 1245; x_wconf 91' lang='lat' dir='ltr'><strong>non</strong></span> 
     </span>
     <span class='ocr_line' id='line_1_77' title="bbox 1101 1250 2089 1304; baseline 0.014 -23"><span class='ocrx_word' id='word_1_509' title='bbox 1101 1250 1206 1284; x_wconf 88' lang='lat' dir='ltr'><strong>nimis</strong></span> <span class='ocrx_word' id='word_1_510' title='bbox 1231 1251 1440 1286; x_wconf 80' lang='lat' dir='ltr'><strong>infoeliciter</strong></span> <span class='ocrx_word' id='word_1_511' title='bbox 1462 1255 1627 1296; x_wconf 79' lang='lat' dir='ltr'><strong>doceant,</strong></span> <span class='ocrx_word' id='word_1_512' title='bbox 1653 1269 1690 1290; x_wconf 89' lang='lat' dir='ltr'><strong>ac</strong></span> <span class='ocrx_word' id='word_1_513' title='bbox 1710 1265 1843 1291; x_wconf 85' lang='lat' dir='ltr'><strong>tantum</strong></span> <span class='ocrx_word' id='word_1_514' title='bbox 1862 1261 1904 1291; x_wconf 87' lang='lat' dir='ltr'><strong>de</strong></span> <span class='ocrx_word' id='word_1_515' title='bbox 1925 1273 2089 1304; x_wconf 84' lang='lat' dir='ltr'><strong>praesen-</strong></span> 
     </span>
     <span class='ocr_line' id='line_1_78' title="bbox 1101 1301 2087 1355; baseline 0.014 -23"><span class='ocrx_word' id='word_1_516' title='bbox 1101 1301 1194 1334; x_wconf 86' lang='lat' dir='ltr'><strong>tibus</strong></span> <span class='ocrx_word' id='word_1_517' title='bbox 1217 1303 1404 1346; x_wconf 87' lang='lat' dir='ltr'><strong>conqueri,</strong></span> <span class='ocrx_word' id='word_1_518' title='bbox 1442 1317 1512 1337; x_wconf 91' lang='grc'>11011</span> <span class='ocrx_word' id='word_1_519' title='bbox 1538 1307 1639 1338; x_wconf 85' lang='lat' dir='ltr'><strong>etiam</strong></span> <span class='ocrx_word' id='word_1_520' title='bbox 1672 1308 1787 1341; x_wconf 84' lang='lat' dir='ltr'><strong>sutura</strong></span> <span class='ocrx_word' id='word_1_521' title='bbox 1812 1317 1963 1344; x_wconf 83' lang='lat' dir='ltr'><strong>metuere</strong></span> <span class='ocrx_word' id='word_1_522' title='bbox 1985 1324 2087 1355; x_wconf 85' lang='lat' dir='ltr'><strong>coga-</strong></span> 
     </span>
     <span class='ocr_line' id='line_1_79' title="bbox 1100 1352 2087 1400; baseline 0.014 -18"><span class='ocrx_word' id='word_1_523' title='bbox 1100 1363 1191 1383; x_wconf 88' lang='lat' dir='ltr'><strong>mur.</strong></span> <span class='ocrx_word' id='word_1_524' title='bbox 1251 1352 1318 1385; x_wconf 77' lang='lat' dir='ltr'><strong>Sed</strong></span> <span class='ocrx_word' id='word_1_525' title='bbox 1345 1356 1388 1385; x_wconf 77' lang='lat' dir='ltr'><strong>(le</strong></span> <span class='ocrx_word' id='word_1_526' title='bbox 1418 1356 1584 1398; x_wconf 71' lang='lat' dir='ltr'><strong>exemplis</strong></span> <span class='ocrx_word' id='word_1_527' title='bbox 1617 1370 1696 1390; x_wconf 79' lang='lat' dir='ltr'><strong>mox</strong></span> <span class='ocrx_word' id='word_1_528' title='bbox 1724 1359 1856 1400; x_wconf 85' lang='lat' dir='ltr'><strong>dicam,</strong></span> <span class='ocrx_word' id='word_1_529' title='bbox 1900 1374 1992 1395; x_wconf 89' lang='lat' dir='ltr'><strong>nunc</strong></span> <span class='ocrx_word' id='word_1_530' title='bbox 2023 1361 2087 1397; x_wconf 82' lang='lat' dir='ltr'><strong>hoc</strong></span> 
     </span>
     <span class='ocr_line' id='line_1_80' title="bbox 1101 1401 2085 1455; baseline 0.015 -23"><span class='ocrx_word' id='word_1_531' title='bbox 1101 1401 1214 1443; x_wconf 86' lang='lat' dir='ltr'><strong>prius,</strong></span> <span class='ocrx_word' id='word_1_532' title='bbox 1249 1410 1283 1435; x_wconf 89' lang='lat' dir='ltr'><strong>nt</strong></span> <span class='ocrx_word' id='word_1_533' title='bbox 1309 1405 1584 1446; x_wconf 78' lang='lat' dir='ltr'><strong>magnitudinem</strong></span> <span class='ocrx_word' id='word_1_534' title='bbox 1612 1409 1783 1441; x_wconf 90' lang='lat' dir='ltr'><strong>malorum</strong></span> <span class='ocrx_word' id='word_1_535' title='bbox 1814 1412 2085 1455; x_wconf 87' lang='lat' dir='ltr'><strong>consideremus,</strong></span> 
     </span>
     <span class='ocr_line' id='line_1_81' title="bbox 1099 1454 2083 1505; baseline 0.017 -24"><span class='ocrx_word' id='word_1_536' title='bbox 1099 1463 1188 1495; x_wconf 76' lang='lat' dir='ltr'><strong>quae</strong></span> <span class='ocrx_word' id='word_1_537' title='bbox 1210 1463 1310 1495; x_wconf 87' lang='lat' dir='ltr'><strong>saepe</strong></span> <span class='ocrx_word' id='word_1_538' title='bbox 1340 1465 1356 1485; x_wconf 88' lang='lat' dir='ltr'><strong>a</strong></span> <span class='ocrx_word' id='word_1_539' title='bbox 1390 1454 1542 1495; x_wconf 61' lang='lat' dir='ltr'><strong>levibns,</strong></span> <span class='ocrx_word' id='word_1_540' title='bbox 1577 1464 1608 1490; x_wconf 76' lang='grc'><strong>1-1</strong></span> <span class='ocrx_word' id='word_1_541' title='bbox 1633 1459 1764 1499; x_wconf 70' lang='lat' dir='ltr'><strong>exiguis</strong></span> <span class='ocrx_word' id='word_1_542' title='bbox 1795 1470 1937 1504; x_wconf 80' lang='lat' dir='ltr'><strong>apparet</strong></span> <span class='ocrx_word' id='word_1_543' title='bbox 1963 1464 2083 1505; x_wconf 89' lang='lat' dir='ltr'><strong>initiis,</strong></span> 
     </span>
     <span class='ocr_line' id='line_1_82' title="bbox 1098 1501 2082 1556; baseline 0.017 -24"><span class='ocrx_word' id='word_1_544' title='bbox 1098 1501 1281 1542; x_wconf 86' lang='lat' dir='ltr'><strong>oriuntur,</strong></span> <span class='ocrx_word' id='word_1_545' title='bbox 1315 1504 1376 1535; x_wconf 90' lang='lat' dir='ltr'><strong>uhi</strong></span> <span class='ocrx_word' id='word_1_546' title='bbox 1403 1502 1485 1536; x_wconf 85' lang='lat' dir='ltr'><strong>haec</strong></span> <span class='ocrx_word' id='word_1_547' title='bbox 1512 1507 1614 1549; x_wconf 87' lang='lat' dir='ltr'><strong>pestis</strong></span> <span class='ocrx_word' id='word_1_548' title='bbox 1639 1508 1814 1552; x_wconf 87' lang='lat' dir='ltr'><strong>irrepserit</strong></span> <span class='ocrx_word' id='word_1_549' title='bbox 1840 1513 1875 1544; x_wconf 92' lang='grc'><strong>111</strong></span> <span class='ocrx_word' id='word_1_550' title='bbox 1901 1515 2082 1556; x_wconf 89' lang='lat' dir='ltr'><strong>publicum</strong></span> 
     </span>
     <span class='ocr_line' id='line_1_83' title="bbox 1098 1552 2084 1602; baseline 0.016 -19"><span class='ocrx_word' id='word_1_551' title='bbox 1098 1552 1330 1585; x_wconf 86' lang='lat' dir='ltr'><strong>ministerium</strong></span> <span class='ocrx_word' id='word_1_552' title='bbox 1349 1552 1535 1591; x_wconf 83' lang='lat' dir='ltr'><strong>Ecclesiae.</strong></span> <span class='ocrx_word' id='word_1_553' title='bbox 1589 1556 1709 1602; x_wconf 79' lang='lat' dir='ltr'><strong>Neque</strong></span> <span class='ocrx_word' id='word_1_554' title='bbox 1737 1561 1830 1593; x_wconf 93' lang='lat' dir='ltr'><strong>enim</strong></span> <span class='ocrx_word' id='word_1_555' title='bbox 1855 1574 1974 1596; x_wconf 89' lang='lat' dir='ltr'><strong>secure</strong></span> <span class='ocrx_word' id='word_1_556' title='bbox 2001 1578 2084 1598; x_wconf 90' lang='lat' dir='ltr'><strong>cou-</strong></span> 
     </span>
     <span class='ocr_line' id='line_1_84' title="bbox 1097 1604 2083 1649; baseline 0.016 -16"><span class='ocrx_word' id='word_1_557' title='bbox 1097 1604 1306 1635; x_wconf 86' lang='lat' dir='ltr'><strong>temneudae</strong></span> <span class='ocrx_word' id='word_1_558' title='bbox 1331 1612 1411 1638; x_wconf 87' lang='lat' dir='ltr'><strong>sunt</strong></span> <span class='ocrx_word' id='word_1_559' title='bbox 1430 1604 1571 1639; x_wconf 89' lang='lat' dir='ltr'><strong>Diaboli</strong></span> <span class='ocrx_word' id='word_1_560' title='bbox 1595 1608 1744 1642; x_wconf 85' lang='lat' dir='ltr'><strong>insidiae</strong></span> <span class='ocrx_word' id='word_1_561' title='bbox 1771 1613 1937 1645; x_wconf 85' lang='lat' dir='ltr'><strong>adversus</strong></span> <span class='ocrx_word' id='word_1_562' title='bbox 1962 1614 2083 1649; x_wconf 85' lang='lat' dir='ltr'><strong>Eccle-</strong></span> 
     </span>
     <span class='ocr_line' id='line_1_85' title="bbox 1097 1652 2082 1699; baseline 0.015 -15"><span class='ocrx_word' id='word_1_563' title='bbox 1097 1652 1194 1685; x_wconf 85' lang='lat' dir='ltr'><strong>siam.</strong></span> <span class='ocrx_word' id='word_1_564' title='bbox 1246 1653 1336 1686; x_wconf 88' lang='lat' dir='ltr'><strong>Cum</strong></span> <span class='ocrx_word' id='word_1_565' title='bbox 1355 1655 1447 1688; x_wconf 85' lang='lat' dir='ltr'><strong>enim</strong></span> <span class='ocrx_word' id='word_1_566' title='bbox 1466 1656 1493 1688; x_wconf 90' lang='lat' dir='ltr'><strong>is</strong></span> <span class='ocrx_word' id='word_1_567' title='bbox 1506 1670 1585 1690; x_wconf 74' lang='lat' dir='ltr'><strong>vere</strong></span> <span class='ocrx_word' id='word_1_568' title='bbox 1600 1659 1658 1699; x_wconf 85' lang='lat' dir='ltr'><strong>sit,</strong></span> <span class='ocrx_word' id='word_1_569' title='bbox 1685 1668 1722 1693; x_wconf 95' lang='lat' dir='ltr'><strong>ut</strong></span> <span class='ocrx_word' id='word_1_570' title='bbox 1740 1662 1870 1696; x_wconf 88' lang='lat' dir='ltr'><strong>dicitur</strong></span> <span class='ocrx_word' id='word_1_571' title='bbox 1886 1665 1982 1697; x_wconf 89' lang='lat' dir='ltr'><strong>mille</strong></span> <span class='ocrx_word' id='word_1_572' title='bbox 1998 1667 2082 1699; x_wconf 90' lang='lat' dir='ltr'><strong>arti-</strong></span> 
     </span>
     <span class='ocr_line' id='line_1_86' title="bbox 1096 1703 2081 1750; baseline 0.016 -16"><span class='ocrx_word' id='word_1_573' title='bbox 1096 1704 1169 1744; x_wconf 85' lang='lat' dir='ltr'><strong>fex,</strong></span> <span class='ocrx_word' id='word_1_574' title='bbox 1204 1711 1237 1737; x_wconf 85' lang='lat' dir='ltr'><strong>et</strong></span> <span class='ocrx_word' id='word_1_575' title='bbox 1259 1703 1449 1738; x_wconf 83' lang='lat' dir='ltr'><strong>Ecclesiam</strong></span> <span class='ocrx_word' id='word_1_576' title='bbox 1476 1709 1699 1743; x_wconf 86' lang='lat' dir='ltr'><strong>acerbissimo</strong></span> <span class='ocrx_word' id='word_1_577' title='bbox 1723 1718 1756 1745; x_wconf 80' lang='lat' dir='ltr'><strong>et</strong></span> <span class='ocrx_word' id='word_1_578' title='bbox 1780 1713 1969 1748; x_wconf 86' lang='lat' dir='ltr'><strong>immortali</strong></span> <span class='ocrx_word' id='word_1_579' title='bbox 1998 1718 2081 1750; x_wconf 90' lang='lat' dir='ltr'><strong>odio</strong></span> 
     </span>
     <span class='ocr_line' id='line_1_87' title="bbox 1096 1762 2083 1801; baseline 0.015 -16"><span class='ocrx_word' id='word_1_580' title='bbox 1096 1763 1343 1798; x_wconf 89' lang='lat' dir='ltr'><strong>prosequatur,</strong></span> <span class='ocrx_word' id='word_1_581' title='bbox 1370 1769 1433 1789; x_wconf 89' lang='lat' dir='ltr'><strong>nec</strong></span> <span class='ocrx_word' id='word_1_582' title='bbox 1449 1766 1571 1797; x_wconf 86' lang='lat' dir='ltr'><strong>cesset,</strong></span> <span class='ocrx_word' id='word_1_583' title='bbox 1599 1767 1657 1793; x_wconf 89' lang='lat' dir='ltr'><strong>aut</strong></span> <span class='ocrx_word' id='word_1_584' title='bbox 1671 1762 1807 1796; x_wconf 85' lang='lat' dir='ltr'><strong>desinat</strong></span> <span class='ocrx_word' id='word_1_585' title='bbox 1825 1777 1946 1798; x_wconf 91' lang='lat' dir='ltr'><strong>omnes</strong></span> <span class='ocrx_word' id='word_1_586' title='bbox 1963 1767 2034 1800; x_wconf 83' lang='lat' dir='ltr'><strong>vias</strong></span> <span class='ocrx_word' id='word_1_587' title='bbox 2051 1775 2083 1801; x_wconf 87' lang='lat' dir='ltr'><strong>et</strong></span> 
     </span>
     <span class='ocr_line' id='line_1_88' title="bbox 1095 1806 2080 1859; baseline 0.014 -23"><span class='ocrx_word' id='word_1_588' title='bbox 1095 1806 1218 1837; x_wconf 90' lang='lat' dir='ltr'><strong>modos</strong></span> <span class='ocrx_word' id='word_1_589' title='bbox 1241 1818 1426 1850; x_wconf 88' lang='lat' dir='ltr'><strong>quaerere,</strong></span> <span class='ocrx_word' id='word_1_590' title='bbox 1464 1809 1592 1852; x_wconf 86' lang='lat' dir='ltr'><strong>quibus</strong></span> <span class='ocrx_word' id='word_1_591' title='bbox 1616 1809 1792 1845; x_wconf 86' lang='lat' dir='ltr'><strong>Ecclesiae</strong></span> <span class='ocrx_word' id='word_1_592' title='bbox 1816 1815 2080 1859; x_wconf 82' lang='lat' dir='ltr'><strong>dissipationem</strong></span> 
     </span>
     <span class='ocr_line' id='line_1_89' title="bbox 1095 1859 2079 1912; baseline 0.014 -25"><span class='ocrx_word' id='word_1_593' title='bbox 1095 1862 1125 1888; x_wconf 87' lang='lat' dir='ltr'><strong>et</strong></span> <span class='ocrx_word' id='word_1_594' title='bbox 1144 1863 1346 1899; x_wconf 84' lang='lat' dir='ltr'><strong>perpetuam</strong></span> <span class='ocrx_word' id='word_1_595' title='bbox 1371 1859 1564 1892; x_wconf 82' lang='lat' dir='ltr'><strong>vastitatem</strong></span> <span class='ocrx_word' id='word_1_596' title='bbox 1589 1861 1729 1903; x_wconf 81' lang='lat' dir='ltr'><strong>afferat,</strong></span> <span class='ocrx_word' id='word_1_597' title='bbox 1755 1865 1814 1896; x_wconf 88' lang='lat' dir='ltr'><strong>ubi</strong></span> <span class='ocrx_word' id='word_1_598' title='bbox 1838 1866 1903 1898; x_wconf 89' lang='lat' dir='ltr'><strong>alia</strong></span> <span class='ocrx_word' id='word_1_599' title='bbox 1922 1879 1994 1900; x_wconf 89' lang='grc'>11011</span> <span class='ocrx_word' id='word_1_600' title='bbox 2018 1880 2079 1912; x_wconf 85' lang='grc' dir='ltr'><strong>ÏÎ¿-</strong></span> 
     </span>
     <span class='ocr_line' id='line_1_90' title="bbox 1094 1904 2078 1954; baseline 0.015 -17"><span class='ocrx_word' id='word_1_601' title='bbox 1094 1913 1177 1947; x_wconf 89' lang='lat' dir='ltr'><strong>test,</strong></span> <span class='ocrx_word' id='word_1_602' title='bbox 1214 1904 1298 1939; x_wconf 89' lang='lat' dir='ltr'><strong>haec</strong></span> <span class='ocrx_word' id='word_1_603' title='bbox 1326 1908 1451 1952; x_wconf 89' lang='lat' dir='ltr'><strong>arripit</strong></span> <span class='ocrx_word' id='word_1_604' title='bbox 1475 1909 1574 1943; x_wconf 86' lang='lat' dir='ltr'><strong>initia</strong></span> <span class='ocrx_word' id='word_1_605' title='bbox 1602 1919 1633 1944; x_wconf 87' lang='lat' dir='ltr'><strong>et</strong></span> <span class='ocrx_word' id='word_1_606' title='bbox 1655 1915 1872 1954; x_wconf 73' lang='lat' dir='ltr'><strong>occasiones,</strong></span> <span class='ocrx_word' id='word_1_607' title='bbox 1902 1925 1939 1950; x_wconf 94' lang='lat' dir='ltr'><strong>ut</strong></span> <span class='ocrx_word' id='word_1_608' title='bbox 1967 1922 2078 1952; x_wconf 85' lang='lat' dir='ltr'><strong>uudeâ€”</strong></span> 
     </span>
     <span class='ocr_line' id='line_1_91' title="bbox 1093 1957 2077 2005; baseline 0.015 -17"><span class='ocrx_word' id='word_1_609' title='bbox 1093 1969 1231 2001; x_wconf 87' lang='lat' dir='ltr'><strong>cunque</strong></span> <span class='ocrx_word' id='word_1_610' title='bbox 1256 1958 1347 1991; x_wconf 91' lang='lat' dir='ltr'><strong>inter</strong></span> <span class='ocrx_word' id='word_1_611' title='bbox 1370 1957 1538 1993; x_wconf 87' lang='lat' dir='ltr'><strong>Doctores</strong></span> <span class='ocrx_word' id='word_1_612' title='bbox 1562 1971 1697 2005; x_wconf 82' lang='lat' dir='ltr'><strong>spargat</strong></span> <span class='ocrx_word' id='word_1_613' title='bbox 1724 1965 1919 2000; x_wconf 86' lang='lat' dir='ltr'><strong>discordiae</strong></span> <span class='ocrx_word' id='word_1_614' title='bbox 1946 1981 1984 2002; x_wconf 86' lang='lat' dir='ltr'><strong>ac</strong></span> <span class='ocrx_word' id='word_1_615' title='bbox 2006 1971 2077 2002; x_wconf 88' lang='lat' dir='ltr'><strong>dis-</strong></span> 
     </span>
     <span class='ocr_line' id='line_1_92' title="bbox 1092 2007 2077 2064; baseline 0.015 -26"><span class='ocrx_word' id='word_1_616' title='bbox 1092 2007 1260 2040; x_wconf 86' lang='lat' dir='ltr'><strong>sidiarum</strong></span> <span class='ocrx_word' id='word_1_617' title='bbox 1286 2009 1430 2042; x_wconf 84' lang='lat' dir='ltr'><strong>semina.</strong></span> <span class='ocrx_word' id='word_1_618' title='bbox 1494 2010 1561 2044; x_wconf 76' lang='lat' dir='ltr'><strong>Lâ€˜hi</strong></span> <span class='ocrx_word' id='word_1_619' title='bbox 1592 2020 1707 2046; x_wconf 88' lang='lat' dir='ltr'><strong>autem</strong></span> <span class='ocrx_word' id='word_1_620' title='bbox 1733 2017 1882 2050; x_wconf 86' lang='lat' dir='ltr'><strong>maxime</strong></span> <span class='ocrx_word' id='word_1_621' title='bbox 1905 2019 2077 2064; x_wconf 87' lang='lat' dir='ltr'><strong>principio</strong></span> 
     </span>
     <span class='ocr_line' id='line_1_93' title="bbox 1092 2060 2077 2114; baseline 0.016 -25"><span class='ocrx_word' id='word_1_622' title='bbox 1092 2070 1163 2090; x_wconf 89' lang='lat' dir='ltr'><strong>non</strong></span> <span class='ocrx_word' id='word_1_623' title='bbox 1188 2065 1270 2092; x_wconf 89' lang='lat' dir='ltr'><strong>sunt</strong></span> <span class='ocrx_word' id='word_1_624' title='bbox 1295 2060 1337 2091; x_wconf 90' lang='lat' dir='ltr'><strong>de</strong></span> <span class='ocrx_word' id='word_1_625' title='bbox 1357 2060 1516 2093; x_wconf 90' lang='lat' dir='ltr'><strong>doctriua</strong></span> <span class='ocrx_word' id='word_1_626' title='bbox 1535 2063 1785 2107; x_wconf 86' lang='lat' dir='ltr'><strong>dissensiones,</strong></span> <span class='ocrx_word' id='word_1_627' title='bbox 1818 2069 1877 2100; x_wconf 87' lang='lat' dir='ltr'><strong>sed</strong></span> <span class='ocrx_word' id='word_1_628' title='bbox 1895 2069 1981 2103; x_wconf 84' lang='lat' dir='ltr'><strong>aliae</strong></span> <span class='ocrx_word' id='word_1_629' title='bbox 2005 2072 2077 2114; x_wconf 82' lang='lat' dir='ltr'><strong>pri-</strong></span> 
     </span>
     <span class='ocr_line' id='line_1_94' title="bbox 1093 2111 2074 2157; baseline 0.015 -17"><span class='ocrx_word' id='word_1_630' title='bbox 1093 2115 1190 2141; x_wconf 79' lang='lat' dir='ltr'><strong>vatae</strong></span> <span class='ocrx_word' id='word_1_631' title='bbox 1225 2121 1262 2141; x_wconf 88' lang='lat' dir='ltr'><strong>ac</strong></span> <span class='ocrx_word' id='word_1_632' title='bbox 1292 2111 1489 2153; x_wconf 80' lang='lat' dir='ltr'><strong>personales</strong></span> <span class='ocrx_word' id='word_1_633' title='bbox 1514 2113 1748 2148; x_wconf 84' lang='lat' dir='ltr'><strong>offensionum</strong></span> <span class='ocrx_word' id='word_1_634' title='bbox 1777 2130 1916 2157; x_wconf 85' lang='lat' dir='ltr'><strong>causae,</strong></span> <span class='ocrx_word' id='word_1_635' title='bbox 1958 2127 2074 2155; x_wconf 89' lang='lat' dir='ltr'><strong>tamen</strong></span> 
     </span>
    </p>
   </div>
   <div class='ocr_carea' id='block_1_9' title="bbox 1063 2159 2072 2212">
    <p class='ocr_par' dir='ltr' id='par_1_9' title="bbox 1063 2159 2072 2212">
     <span class='ocr_line' id='line_1_95' title="bbox 1063 2159 2072 2212; baseline 0.015 -22"><span class='ocrx_word' id='word_1_636' title='bbox 1063 2166 1065 2212; x_wconf 35' lang='grc' dir='ltr'>Î¶</span> <span class='ocrx_word' id='word_1_637' title='bbox 1092 2159 1173 2191; x_wconf 84' lang='lat' dir='ltr'><strong>iude</strong></span> <span class='ocrx_word' id='word_1_638' title='bbox 1200 2168 1379 2202; x_wconf 88' lang='lat' dir='ltr'><strong>permanat</strong></span> <span class='ocrx_word' id='word_1_639' title='bbox 1404 2163 1445 2193; x_wconf 86' lang='lat' dir='ltr'><strong>ad</strong></span> <span class='ocrx_word' id='word_1_640' title='bbox 1472 2169 1579 2195; x_wconf 86' lang='lat' dir='ltr'><strong>totam</strong></span> <span class='ocrx_word' id='word_1_641' title='bbox 1596 2162 1807 2208; x_wconf 84' lang='lat' dir='ltr'><strong>Ecclesiam,</strong></span> <span class='ocrx_word' id='word_1_642' title='bbox 1841 2175 1873 2201; x_wconf 78' lang='lat' dir='ltr'><strong>et</strong></span> <span class='ocrx_word' id='word_1_643' title='bbox 1892 2170 1951 2202; x_wconf 89' lang='lat' dir='ltr'><strong>ubi</strong></span> <span class='ocrx_word' id='word_1_644' title='bbox 1970 2172 2072 2205; x_wconf 88' lang='lat' dir='ltr'><strong>simul</strong></span> 
     </span>
    </p>
   </div>
   <div class='ocr_carea' id='block_1_10' title="bbox 1086 2210 2074 2718">
    <p class='ocr_par' dir='ltr' id='par_1_10' title="bbox 1086 2210 2074 2718">
     <span class='ocr_line' id='line_1_96' title="bbox 1090 2210 2074 2265; baseline 0.015 -25"><span class='ocrx_word' id='word_1_645' title='bbox 1090 2210 1257 2252; x_wconf 81' lang='lat' dir='ltr'><strong>gliscunt,</strong></span> <span class='ocrx_word' id='word_1_646' title='bbox 1285 2211 1387 2251; x_wconf 75' lang='lat' dir='ltr'><strong>tales,</strong></span> <span class='ocrx_word' id='word_1_647' title='bbox 1424 2220 1455 2245; x_wconf 70' lang='lat' dir='ltr'><strong>vt</strong></span> <span class='ocrx_word' id='word_1_648' title='bbox 1476 2223 1662 2257; x_wconf 79' lang='lat' dir='ltr'><strong>erumpunt</strong></span> <span class='ocrx_word' id='word_1_649' title='bbox 1681 2218 1781 2257; x_wconf 84' lang='lat' dir='ltr'><strong>odia,</strong></span> <span class='ocrx_word' id='word_1_650' title='bbox 1811 2220 1962 2261; x_wconf 84' lang='lat' dir='ltr'><strong>primum</strong></span> <span class='ocrx_word' id='word_1_651' title='bbox 1983 2224 2074 2265; x_wconf 85' lang='lat' dir='ltr'><strong>peri-</strong></span> 
     </span>
     <span class='ocr_line' id='line_1_97' title="bbox 1090 2261 2071 2313; baseline 0.013 -20"><span class='ocrx_word' id='word_1_652' title='bbox 1090 2261 1249 2300; x_wconf 88' lang='lat' dir='ltr'><strong>clitatur,</strong></span> <span class='ocrx_word' id='word_1_653' title='bbox 1285 2274 1362 2294; x_wconf 85' lang='lat' dir='ltr'><strong>mox</strong></span> <span class='ocrx_word' id='word_1_654' title='bbox 1383 2263 1483 2294; x_wconf 85' lang='lat' dir='ltr'><strong>etiam</strong></span> <span class='ocrx_word' id='word_1_655' title='bbox 1501 2264 1614 2307; x_wconf 86' lang='lat' dir='ltr'><strong>palam</strong></span> <span class='ocrx_word' id='word_1_656' title='bbox 1638 2267 1787 2301; x_wconf 81' lang='lat' dir='ltr'><strong>laeditur</strong></span> <span class='ocrx_word' id='word_1_657' title='bbox 1812 2271 1882 2313; x_wconf 85' lang='lat' dir='ltr'><strong>ipsa</strong></span> <span class='ocrx_word' id='word_1_658' title='bbox 1901 2273 2071 2307; x_wconf 85' lang='lat' dir='ltr'><strong>doctrina.</strong></span> 
     </span>
     <span class='ocr_line' id='line_1_98' title="bbox 1088 2310 2071 2358; baseline 0.015 -16"><span class='ocrx_word' id='word_1_659' title='bbox 1088 2310 1158 2344; x_wconf 73' lang='lat' dir='ltr'><strong>Nec</strong></span> <span class='ocrx_word' id='word_1_660' title='bbox 1183 2311 1277 2343; x_wconf 87' lang='lat' dir='ltr'><strong>enim</strong></span> <span class='ocrx_word' id='word_1_661' title='bbox 1307 2319 1441 2345; x_wconf 83' lang='lat' dir='ltr'><strong>tautum</strong></span> <span class='ocrx_word' id='word_1_662' title='bbox 1468 2316 1625 2358; x_wconf 69' lang='lat' dir='ltr'><strong>exemplo</strong></span> <span class='ocrx_word' id='word_1_663' title='bbox 1654 2325 1685 2350; x_wconf 75' lang='lat' dir='ltr'><strong>rt</strong></span> <span class='ocrx_word' id='word_1_664' title='bbox 1709 2321 1882 2353; x_wconf 81' lang='lat' dir='ltr'><strong>scandalis</strong></span> <span class='ocrx_word' id='word_1_665' title='bbox 1904 2322 1982 2355; x_wconf 87' lang='lat' dir='ltr'><strong>aliis</strong></span> <span class='ocrx_word' id='word_1_666' title='bbox 2008 2337 2071 2357; x_wconf 83' lang='lat' dir='ltr'><strong>uo-</strong></span> 
     </span>
     <span class='ocr_line' id='line_1_99' title="bbox 1089 2365 2071 2413; baseline 0.014 -19"><span class='ocrx_word' id='word_1_667' title='bbox 1089 2368 1183 2401; x_wconf 89' lang='lat' dir='ltr'><strong>centâ€š</strong></span> <span class='ocrx_word' id='word_1_668' title='bbox 1218 2369 1362 2406; x_wconf 83' lang='lat' dir='ltr'><strong>propter</strong></span> <span class='ocrx_word' id='word_1_669' title='bbox 1386 2376 1474 2407; x_wconf 83' lang='lat' dir='ltr'><strong>quae</strong></span> <span class='ocrx_word' id='word_1_670' title='bbox 1499 2365 1587 2397; x_wconf 86' lang='lat' dir='ltr'><strong>male</strong></span> <span class='ocrx_word' id='word_1_671' title='bbox 1609 2368 1706 2401; x_wconf 88' lang='lat' dir='ltr'><strong>audit</strong></span> <span class='ocrx_word' id='word_1_672' title='bbox 1736 2372 1826 2413; x_wconf 85' lang='lat' dir='ltr'><strong>apud</strong></span> <span class='ocrx_word' id='word_1_673' title='bbox 1854 2373 2071 2408; x_wconf 73' lang='lat' dir='ltr'><strong>adversarios</strong></span> 
     </span>
     <span class='ocr_line' id='line_1_100' title="bbox 1087 2410 2071 2458; baseline 0.013 -13"><span class='ocrx_word' id='word_1_674' title='bbox 1087 2410 1270 2454; x_wconf 75' lang='lat' dir='ltr'><strong>Evangelii</strong></span> <span class='ocrx_word' id='word_1_675' title='bbox 1294 2414 1470 2451; x_wconf 85' lang='lat' dir='ltr'><strong>doctriua,</strong></span> <span class='ocrx_word' id='word_1_676' title='bbox 1504 2422 1537 2448; x_wconf 86' lang='lat' dir='ltr'><strong>et</strong></span> <span class='ocrx_word' id='word_1_677' title='bbox 1568 2416 1787 2452; x_wconf 82' lang='lat' dir='ltr'><strong>infirmorum</strong></span> <span class='ocrx_word' id='word_1_678' title='bbox 1814 2422 1921 2455; x_wconf 87' lang='lat' dir='ltr'><strong>animi</strong></span> <span class='ocrx_word' id='word_1_679' title='bbox 1947 2425 2071 2458; x_wconf 76' lang='lat' dir='ltr'><strong>offensi</strong></span> 
     </span>
     <span class='ocr_line' id='line_1_101' title="bbox 1088 2464 2071 2517; baseline 0.015 -23"><span class='ocrx_word' id='word_1_680' title='bbox 1088 2464 1356 2506; x_wconf 76' lang='lat' dir='ltr'><strong>pertin-bantur,</strong></span> <span class='ocrx_word' id='word_1_681' title='bbox 1387 2477 1424 2497; x_wconf 88' lang='lat' dir='ltr'><strong>ac</strong></span> <span class='ocrx_word' id='word_1_682' title='bbox 1448 2465 1620 2510; x_wconf 89' lang='lat' dir='ltr'><strong>incipiunt</strong></span> <span class='ocrx_word' id='word_1_683' title='bbox 1652 2470 1814 2504; x_wconf 88' lang='lat' dir='ltr'><strong>dubitare</strong></span> <span class='ocrx_word' id='word_1_684' title='bbox 1835 2474 1876 2505; x_wconf 88' lang='lat' dir='ltr'><strong>de</strong></span> <span class='ocrx_word' id='word_1_685' title='bbox 1902 2475 2071 2517; x_wconf 87' lang='lat' dir='ltr'><strong>doctrina,</strong></span> 
     </span>
     <span class='ocr_line' id='line_1_102' title="bbox 1087 2516 2069 2566; baseline 0.014 -21"><span class='ocrx_word' id='word_1_686' title='bbox 1087 2521 1143 2547; x_wconf 90' lang='lat' dir='ltr'><strong>aut</strong></span> <span class='ocrx_word' id='word_1_687' title='bbox 1178 2521 1267 2547; x_wconf 85' lang='lat' dir='ltr'><strong>certe</strong></span> <span class='ocrx_word' id='word_1_688' title='bbox 1299 2526 1372 2547; x_wconf 81' lang='lat' dir='ltr'><strong>eam</strong></span> <span class='ocrx_word' id='word_1_689' title='bbox 1407 2516 1524 2549; x_wconf 83' lang='grc'>111111115</span> <span class='ocrx_word' id='word_1_690' title='bbox 1555 2529 1754 2554; x_wconf 77' lang='lat' dir='ltr'><strong>reverenter</strong></span> <span class='ocrx_word' id='word_1_691' title='bbox 1777 2524 2069 2566; x_wconf 84' lang='lat' dir='ltr'><strong>complectuntur,</strong></span> 
     </span>
     <span class='ocr_line' id='line_1_103' title="bbox 1087 2565 2069 2618; baseline 0.014 -23"><span class='ocrx_word' id='word_1_692' title='bbox 1087 2566 1143 2597; x_wconf 79' lang='lat' dir='ltr'><strong>scd</strong></span> <span class='ocrx_word' id='word_1_693' title='bbox 1162 2577 1200 2597; x_wconf 77' lang='lat' dir='ltr'><strong>ex</strong></span> <span class='ocrx_word' id='word_1_694' title='bbox 1220 2565 1260 2597; x_wconf 91' lang='lat' dir='ltr'><strong>iis</strong></span> <span class='ocrx_word' id='word_1_695' title='bbox 1278 2565 1431 2598; x_wconf 87' lang='lat' dir='ltr'><strong>dissidiis</strong></span> <span class='ocrx_word' id='word_1_696' title='bbox 1444 2594 1452 2607; x_wconf 93' lang='lat'><strong>,</strong></span> <span class='ocrx_word' id='word_1_697' title='bbox 1482 2576 1663 2613; x_wconf 87' lang='lat' dir='ltr'><strong>postquam</strong></span> <span class='ocrx_word' id='word_1_698' title='bbox 1680 2572 1788 2604; x_wconf 87' lang='lat' dir='ltr'><strong>animi</strong></span> <span class='ocrx_word' id='word_1_699' title='bbox 1811 2584 1999 2618; x_wconf 83' lang='lat' dir='ltr'><strong>coeperunt</strong></span> <span class='ocrx_word' id='word_1_700' title='bbox 2017 2577 2069 2609; x_wconf 87' lang='lat' dir='ltr'><strong>in-</strong></span> 
     </span>
     <span class='ocr_line' id='line_1_104' title="bbox 1086 2616 2070 2658; baseline 0.01 -10"><span class='ocrx_word' id='word_1_701' title='bbox 1086 2622 1137 2648; x_wconf 87' lang='lat' dir='ltr'><strong>ter</strong></span> <span class='ocrx_word' id='word_1_702' title='bbox 1163 2616 1255 2658; x_wconf 88' lang='lat' dir='ltr'><strong>ipsos</strong></span> <span class='ocrx_word' id='word_1_703' title='bbox 1277 2616 1442 2656; x_wconf 79' lang='lat' dir='ltr'><strong>alienari,</strong></span> <span class='ocrx_word' id='word_1_704' title='bbox 1470 2619 1606 2652; x_wconf 87' lang='lat' dir='ltr'><strong>foedam</strong></span> <span class='ocrx_word' id='word_1_705' title='bbox 1634 2622 1852 2656; x_wconf 71' lang='lat' dir='ltr'><strong>voluntatum</strong></span> <span class='ocrx_word' id='word_1_706' title='bbox 1881 2626 2070 2658; x_wconf 77' lang='lat' dir='ltr'><strong>dissensio-</strong></span> 
     </span>
     <span class='ocr_line' id='line_1_105' title="bbox 1086 2667 2069 2718; baseline 0.011 -20"><span class='ocrx_word' id='word_1_707' title='bbox 1086 2679 1163 2699; x_wconf 81' lang='lat' dir='ltr'><strong>nem</strong></span> <span class='ocrx_word' id='word_1_708' title='bbox 1197 2667 1353 2711; x_wconf 75' lang='lat' dir='ltr'><strong>sequitur</strong></span> <span class='ocrx_word' id='word_1_709' title='bbox 1391 2668 1493 2700; x_wconf 72' lang='lat' dir='ltr'><strong>ctiam</strong></span> <span class='ocrx_word' id='word_1_710' title='bbox 1535 2670 1769 2706; x_wconf 77' lang='lat' dir='ltr'><strong>offensionum</strong></span> <span class='ocrx_word' id='word_1_711' title='bbox 1808 2675 2069 2718; x_wconf 72' lang='lat' dir='ltr'><strong>dissimilitudo,</strong></span> 
     </span>
    </p>
   </div>
   <div class='ocr_carea' id='block_1_11' title="bbox 1384 2720 1427 2752">
    <p class='ocr_par' dir='ltr' id='par_1_11' title="bbox 1384 2720 1427 2752">
     <span class='ocr_line' id='line_1_106' title="bbox 1384 2720 1427 2752; baseline 0.023 -1"><span class='ocrx_word' id='word_1_712' title='bbox 1384 2720 1427 2752; x_wconf 87' lang='lat'><strong>18</strong></span> 
     </span>
    </p>
   </div>
  </div>
 </body>
</html>
