2338 2958
0 2038 18 2058 ll·

0 2089 19 2110 {m

0 2140 19 2162 ,a-

0 2191 19 2212 il·

0 2241 19 2264 ll'.

0 2343 19 2365 im

0 2382 18 2415 ri

0 2440 19 2466 ul

0 2672 20 2692 [2-

0 2723 19 2743 [Α

97 128 170 165 865

524 124 681 162 DECL.
723 124 798 161 DE
831 125 1062 161 STUDIlS
1096 125 1356 163 LINGUAE
1391 126 1678 162 GRAECAE.

2041 131 2112 167 866

96 220 136 248 ut
152 215 336 248 doctorum
359 208 542 244 hominum
569 211 766 245 testimonia
783 212 826 244 de
842 208 905 244 hac
923 223 960 244 re
977 211 1081 243 omit-
1105 215 1109 240 ἓ
1133 212 1234 245 nobis
1251 212 1410 245 stimulos
1426 219 1458 246 et
1474 214 1586 246 calcar
1600 214 1727 246 addere
1742 213 1854 254 debet,
1881 220 1917 246 ut
1932 215 2110 248 ardentius

97 271 179 304 tam,
203 263 285 297 satis
299 261 489 295 declaravit
504 261 695 307 superioris
711 261 843 302 aetatis,
868 273 935 306 qua
946 259 1079 294 Graeca

96 315 214 358 ignota
235 311 322 352 fuit,
349 312 539 346 barbaries.
590 310 690 355 Quae
710 319 750 346 ut
773 323 834 355 per
852 322 887 344 se
906 311 1025 344 odiosa
1042 322 1080 343 ac

96 362 262 398 deformis
281 369 352 403 est,
378 362 426 396 ita
448 362 578 396 multos
594 362 716 395 noxios
733 362 921 406 foedosque
945 373 1078 394 errores

96 421 200 459 atque
222 413 406 457 opiniones
428 419 640 446 monstrosas
663 424 776 445 secum
795 412 832 444 in
854 408 975 444 omnes
991 423 1079 455 pene

96 463 299 507 disciplinas
314 463 457 498 invexit.
491 462 715 507 Quapropter
730 462 854 495 merito
870 463 914 495 ab
930 473 969 495 ea
984 473 1078 494 nunc

96 514 191 547 velut
217 515 262 547 ad
285 513 482 547 suaviorem
502 514 630 547 victum
654 512 823 552 traducti,
850 512 932 546 totis
953 512 1078 544 animis

95 561 336 600 abhorremus,
387 563 477 597 Nam
503 561 568 597 hoc
597 563 668 596 fere
696 562 929 596 communiter
953 562 1008 602 fit,
1040 568 1079 594 ut

96 627 174 649 cum
199 615 378 648 erroribus
403 622 435 648 et
456 611 651 658 phanaticis
675 613 902 657 opinionibus
929 612 1078 645 coniun-

95 672 148 699 cta
171 665 216 699 sit
247 665 417 699 orationis
439 664 597 698 confusio
625 675 664 697 ac
687 663 898 698 deformitas.
961 662 1077 705 Quam

95 722 308 756 monstrosa,
333 727 437 760 quam
462 715 606 748 distorta
630 720 680 746 est
698 714 810 746 oratio
824 711 1021 746 Mahometi
1040 713 1077 745 in

96 765 290 800 Alcoran0:
317 778 389 799 non
407 763 586 798 hominem
599 789 607 802 ,
635 764 705 797 imo
723 776 766 796 ne
781 765 906 797 bovem
925 764 1077 808 quidem,

95 818 152 850 sed
165 816 351 851 Plutonem
364 817 478 860 ipsum
493 826 532 848 ex
548 815 780 848 infernalibus
795 814 947 848 tenebris
962 816 1078 855 boare,

95 879 133 901 ac
149 867 290 901 feralem
309 878 428 899 vocem
444 866 544 898 edere
563 872 671 909 putes.

197 916 243 951 Ut
265 923 416 957 taceam,
444 917 538 961 quod
562 916 651 949 sicut
667 915 780 949 studia
799 915 929 949 abeunt
946 915 983 947 in
1001 926 1077 947 mo-

94 980 166 1007 res,
194 968 240 1001 ita
263 973 296 1001 et
318 967 490 1000 sermonis
506 966 630 1000 vitium
650 966 845 1010 plerunque
866 965 1078 998 comitantur

94 1018 209 1053 vitiosi
225 1029 351 1058 mores,
377 1024 409 1050 et
425 1017 550 1050 mentis
566 1015 743 1050 character
759 1017 830 1049 fere
844 1023 894 1050 est
907 1016 981 1060 ipsa
998 1028 1076 1048 ora-

94 1069 201 1103 tionis
225 1069 354 1102 forma:
391 1079 478 1112 quae
503 1067 532 1100 si
555 1067 754 1111 peregrina,
784 1066 812 1098 si
830 1067 994 1103 distorta,
1022 1066 1076 1098 vel

93 1119 293 1163 prodigiose
316 1119 470 1151 affectata
495 1118 549 1150 vel
572 1114 716 1149 horrida
740 1123 805 1156 est,
829 1127 902 1149 non
929 1116 1075 1149 dubium

94 1177 162 1210 est,
188 1170 275 1215 quin
291 1176 322 1202 et
340 1168 532 1201 consimilis
555 1167 599 1200 sit
615 1179 752 1207 sensus,
778 1166 978 1199 consimiles
1001 1179 1077 1199 mo-

93 1232 158 1256 res.
209 1219 307 1262 Quid
337 1218 431 1251 enim
454 1229 562 1263 aeque
585 1225 770 1260 cognatum
795 1224 844 1250 est
874 1217 1015 1260 ingenio
1044 1223 1078 1250 et

93 1277 239 1304 naturae
255 1267 411 1302 hominis
428 1275 465 1302 ut
483 1267 620 1301 oratio?

194 1318 246 1353 Ea
262 1331 345 1352 vero
361 1326 400 1352 ut
415 1331 486 1352 non
504 1318 613 1359 rudis,
639 1318 698 1350 sed
714 1317 807 1350 culta
824 1324 856 1351 et
873 1318 1009 1351 erudita
1023 1317 1078 1357 sit,

92 1372 139 1405 ita
167 1381 440 1415 consequemur,
473 1369 502 1402 si
530 1369 666 1412 linguas
699 1368 815 1401 studio
850 1380 889 1400 ac
916 1368 1077 1401 doctrina

93 1432 300 1465 magnorum
329 1418 515 1452 hominum
545 1419 714 1463 expolitas
749 1419 938 1451 discemus:
974 1425 1078 1463 atque

93 1473 185 1505 inter
201 1483 256 1505 eas
272 1469 406 1504 Graeca
423 1467 517 1503 haud
534 1469 640 1503 dubie
660 1469 803 1502 caeteris
819 1469 984 1502 omnibus
1000 1469 1078 1513 pal-

92 1533 185 1555 mam
208 1521 413 1566 praeripuit.
466 1519 552 1553 Nam
576 1528 615 1554 ut
639 1519 772 1558 nitore,
799 1520 986 1562 elegantia,
1019 1531 1078 1551 ve-

92 1579 231 1606 nustate
250 1584 288 1605 ac
312 1571 481 1604 suavitate
500 1570 600 1603 facile
627 1577 777 1603 caeteras
793 1570 920 1610 vincit,
948 1570 995 1603 ita
1013 1570 1077 1602 do-

93 1623 225 1657 ctrinae
242 1620 469 1655 humanitatis
486 1620 938 1663 etomniumoingenuarum
949 1619 1078 1653 artium

92 1674 172 1706 fons
187 1680 255 1713 est,
282 1685 321 1705 ac
337 1671 515 1714 magistra.
569 1670 691 1716 Neque
713 1682 777 1704 nos
802 1677 956 1709 moveat,
982 1671 1077 1715 quod

92 1722 176 1757 haec
193 1731 349 1767 tempora
372 1721 474 1755 bonis
492 1728 566 1755 tum
583 1721 727 1761 studiis,
753 1727 828 1754 tum
847 1721 1006 1754 moribus
1021 1720 1079 1752 ni-

92 1775 163 1807 mio
181 1774 261 1817 plus
278 1773 423 1812 infensa,
449 1772 554 1805 etiam
571 1769 654 1805 huic
672 1772 812 1814 linguae
829 1778 932 1815 atque
948 1770 1080 1804 doctri-

95 1836 162 1857 nae
176 1824 294 1856 minus
316 1834 424 1867 aequa
449 1829 540 1855 sunt.
594 1820 804 1855 Communis
829 1818 914 1853 haec
935 1827 986 1853 est
1008 1821 1080 1853 for-

93 1882 177 1908 tuna
201 1873 412 1917 optimarum
435 1883 563 1904 rerum.
594 1883 666 1904 non
696 1871 790 1903 enim
815 1869 899 1903 haec
923 1877 1078 1914 tempora

93 1924 259 1970 aequiora
295 1929 377 1957 sunt
399 1922 557 1961 veritati,
590 1933 663 1953 non
688 1921 854 1965 aequiora
884 1932 993 1964 purae
1016 1921 1080 1953 do-

94 1975 226 2009 ctrinae
259 1973 417 2018 pietatis,
454 1984 525 2005 non
561 1971 713 2016 denique
745 1971 809 2014 ipsi
845 1970 920 2004 Deo
957 1972 1080 2004 condi—

93 2026 161 2059 tori
194 2035 312 2058 rerum
346 2023 507 2057 omnium
533 2034 572 2054 ac
599 2021 847 2055 conservatori.
912 2020 960 2055 At
986 2028 1079 2055 vete-

93 2087 148 2110 res
181 2074 308 2121 synodi
342 2085 467 2117 magna
504 2084 586 2105 cura
614 2072 815 2115 linguarum
842 2072 1078 2115 cognitionem

93 2127 131 2159 in
155 2123 310 2159 Ecclesia
335 2125 608 2157 conservandam
634 2134 704 2155 esse
728 2129 956 2161 censuerunt,
984 2123 1077 2167 quod

93 2183 266 2211 testantur
299 2175 369 2208 illis
395 2174 613 2218 temporibus
643 2180 722 2206 nata
749 2173 882 2206 decreta
911 2179 943 2206 et
973 2184 1079 2206 cano-

95 2239 166 2261 nes.
243 2225 339 2259 Haec
374 2232 546 2269 postrema
589 2236 644 2257 sex
685 2223 828 2263 mundi,
871 2230 910 2257 ut
942 2224 1078 2257 veritati

93 2278 161 2321 ipsi
201 2276 336 2309 infensa
379 2282 446 2313 cst,
488 2275 534 2308 ita
570 2281 604 2307 et
645 2285 773 2317 organa
813 2285 913 2306 verae
948 2274 1079 2308 doctri-

95 2339 161 2361 nae
185 2327 276 2360 odit:
312 2325 445 2359 vellent
474 2325 590 2358 omnia
615 2325 768 2358 recidere
793 2325 835 2357 ad
867 2323 957 2357 illud
982 2331 1079 2358 vetus

94 2376 216 2417 chaos,
243 2384 281 2410 ut
305 2377 359 2409 vel
383 2377 475 2410 inter
500 2377 648 2419 pecudes
671 2376 791 2408 saltem
818 2386 961 2417 regnum
987 2376 1078 2409 obti-

94 2440 178 2462 nere
208 2434 360 2472 possent.
420 2424 467 2460 Et
494 2432 617 2469 urgent
641 2423 731 2459 hanc
761 2431 906 2458 aetatem
935 2425 1078 2460 ultimae

94 2491 227 2524 poenae
245 2475 470 2511 horribilium
487 2483 727 2520 peccatorum,
754 2483 786 2509 et
808 2482 1004 2519 postremus
1023 2477 1079 2510 su-

95 2542 156 2563 ror
182 2528 348 2573 principis
374 2525 479 2561 huius
502 2527 647 2567 mnndi,
670 2539 708 2559 ac
727 2538 835 2570 prope
858 2527 991 2560 instans
1006 2527 1080 2561 dies

96 2579 219 2613 iudicii
236 2579 359 2613 divini.
411 2577 492 2611 Non
512 2577 618 2621 igitur
641 2577 736 2620 vulgi
760 2577 888 2610 iudicia
909 2584 968 2611 aut
989 2584 1080 2611 tem-

97 2641 222 2674 porum
249 2629 416 2674 iniquitas
439 2640 503 2662 nos
529 2628 571 2661 ab
589 2627 800 2671 optimarum
823 2639 940 2661 rerum
956 2628 1080 2662 studiis

97 2691 243 2715 avocare
268 2679 407 2713 debent.
465 2678 539 2712 lmo
566 2676 651 2712 haec
679 2677 751 2722 ipsa
778 2678 902 2712 mundi
927 2679 1079 2713 amentia

148 2733 322 2764 Mmaxrn.
341 2732 443 2762 Orza.
460 2731 540 2761 Vox..
558 2730 618 2762 XI.

1132 273 1170 295 ac
1187 263 1348 306 cupidius
1372 260 1455 296 haec
1478 264 1569 297 bona
1597 275 1854 309 persequamur.
1913 263 1991 296 Non
2016 266 2108 297 enim

1131 313 1225 345 aliud
1243 313 1458 356 praesentius
1476 315 1667 347 remedium
1683 322 1732 348 est
1747 314 1980 357 praesentium
1997 320 2030 347 et
2045 315 2111 346 im-

1132 362 1341 396 minentium
1360 363 1529 397 malorum
1542 391 1550 403 ,
1585 376 1656 397 non
1674 365 1769 397 alind
1793 364 1955 397 solatium
1975 364 2111 397 dulcius

1131 419 1192 446 aut
1210 413 1343 445 firmius
1366 413 1402 444 in
1421 410 1474 446 his
1496 420 1689 457 temporum
1708 415 1962 458 asperitatibus.

1233 471 1349 513 Quam
1365 481 1484 514 saepe,
1511 484 1615 516 quam
1634 474 1784 515 graviter
1808 485 1871 506 nos
1886 472 2114 507 Reverendus

1131 519 1174 556 D.
1200 520 1377 554 Martinus
1400 522 1442 553 ad
1467 522 1622 555 studium
1647 523 1846 565 linguarum
1872 520 2028 557 hortatus
2052 531 2112 563 est,

1131 578 1164 605 et
1182 571 1254 615 ipse
1270 571 1430 616 quamvis
1451 572 1520 604 iam
1537 583 1639 605 senex
1660 572 1829 605 Graecam
1846 574 2001 616 linguam
2017 574 2110 607 didi-

1131 622 1191 655 cit:
1220 634 1257 655 ac
1276 623 1312 654 in
1333 620 1491 655 Hebraea
1509 623 1554 656 ita
1571 623 1781 661 elaboravit,
1809 630 1846 656 ut
1865 623 1967 656 etiam
1983 625 2111 657 summi

1130 673 1223 716 apud
1257 671 1403 705 Iudaeos
1435 672 1567 707 Rabini
1602 673 1752 717 palmam
1785 673 1838 705 illi
1873 676 2111 708 concederent.

1132 723 1231 757 Vidit
1249 723 1342 755 enim
1363 723 1416 755 vir
1431 730 1527 756 tanto
1545 724 1703 766 ingenio,
1734 723 1894 757 doctrina
1918 736 1955 756 ac
1981 725 2109 758 iudicio

1131 774 1318 817 praeditus,
1346 786 1449 818 quam
1467 774 1658 807 neccssaria
1677 773 1853 807 Ecclesiae
1871 781 1957 807 esset
1974 775 2110 818 lingua-

1131 837 1208 857 rum
1233 824 1405 867 cognitio,
1431 832 1462 858 et
1487 837 1589 869 quam
1613 826 1656 857 ad
1680 831 1829 858 veterem
1857 825 2049 858 vastitatem
2074 838 2111 857 ac

1131 875 1263 919 priores
1287 876 1446 908 tenebras
1471 875 1629 908 doctrina
1655 887 1749 908 sacra
1772 875 1924 908 reditura
1951 883 2055 914 esset,
2083 876 2109 908 si

1131 926 1269 969 linguae
1287 925 1558 968 negligerentur.

1231 984 1457 1028 Quapropter
1488 985 1516 1017 si
1539 986 1580 1017 ad
1612 992 1762 1018 veterem
1789 985 1884 1017 illam
1916 984 2111 1018 barbariem

1131 1041 1378 1078 respectemus,
1413 1035 1441 1066 si
1473 1035 1661 1078 praesentis
1692 1035 1779 1068 lucis
1804 1035 1946 1078 pertesi,
1981 1035 2112 1078 priores

1131 1085 1288 1118 tenebras
1308 1085 1529 1129 requirimus,
1555 1093 1592 1119 ut
1608 1086 1643 1117 id
1661 1097 1932 1130 consequamur,
1957 1097 2028 1118 non
2045 1085 2112 1117 alia

1130 1136 1238 1178 magis
1261 1136 1519 1178 compendiaria
1546 1136 1600 1168 via
1625 1143 1691 1176 est,
1725 1148 1830 1181 quam
1852 1142 1892 1169 ut
1911 1136 2110 1179 linguarum

1130 1186 1285 1219 studium
1311 1185 1455 1218 interire
1484 1187 1657 1224 sinamus,
1692 1193 1725 1219 et
1749 1186 1934 1230 praecipue
1959 1185 2112 1219 Graecae

1131 1236 1279 1279 linguae.
1332 1235 1427 1269 Haec
1451 1237 1544 1269 enim
1570 1244 1608 1270 ut
1630 1237 1749 1269 lumen
1770 1236 1909 1270 coelesti
1933 1237 2112 1270 doctrinae

1131 1287 1296 1330 praefert,
1336 1287 1383 1320 ita
1412 1293 1523 1320 totum
1551 1288 1672 1320 orbem
1701 1287 1856 1320 liberalis
1887 1299 1925 1320 ac
1956 1286 2112 1319 cultioris

1131 1337 1311 1371 doctrinae
1334 1337 1433 1370 fulcit
1455 1344 1558 1383 atque
1583 1344 1763 1371 sustentat.
1825 1337 1928 1380 Quod
1958 1337 1986 1370 si
2010 1348 2113 1382 quem

1130 1388 1275 1421 omnino
1298 1387 1442 1430 glandes
1466 1400 1504 1421 ac
1530 1388 1654 1421 suillus
1679 1389 1790 1422 victus
1807 1388 1980 1421 delectant
2006 1386 2113 1430 magis

1131 1450 1234 1483 quam
1252 1436 1447 1479 humanus,
1477 1450 1555 1471 eum
1572 1451 1642 1471 una
1660 1451 1738 1472 cum
1755 1439 1866 1484 gryllo
1885 1438 1976 1472 inter
1992 1449 2114 1482 porcos

1131 1489 1237 1522 vitam
1254 1489 1387 1531 exigere
1405 1490 1571 1522 sinamus.
1606 1488 1678 1522 Nos
1695 1502 1776 1531 vero
1794 1496 1974 1522 aeternum
1990 1500 2027 1521 ac
2045 1488 2115 1520 cle-

1130 1539 1385 1572 mentissimum
1409 1540 1546 1579 Deum,
1582 1546 1715 1582 patrem
1738 1539 1884 1573 Domini
1908 1539 2016 1572 nostri
2038 1537 2115 1571 Iesu

1130 1587 1274 1627 Christi,
1292 1596 1364 1622 toto
1381 1597 1519 1633 pectore
1537 1591 1771 1633 precabimur,
1798 1597 1835 1622 ut
1854 1602 1976 1633 puram
1994 1596 2026 1622 et
2044 1589 2116 1621 sin-

1131 1651 1243 1672 ceram
1271 1640 1493 1673 sacratissimi
1518 1640 1616 1673 verbi
1644 1641 1697 1673 sui
1716 1641 1910 1674 doctrinam
1938 1640 1973 1672 in
1994 1637 2115 1672 Eccle-

1132 1690 1190 1722 siis
1213 1690 1343 1723 nostris
1367 1702 1440 1723 non
1472 1690 1564 1724 sinat
1596 1691 1823 1731 intercidere,
1854 1697 1913 1723 aut
1939 1689 2117 1723 erroribus

1132 1741 1259 1773 iterum
1275 1741 1518 1780 contaminari,
1536 1741 1589 1773 vel
1605 1741 1785 1774 obscurari
1803 1739 2001 1784 sophisticis
2019 1752 2116 1783 prae-

1131 1790 1252 1833 stigiis,
1280 1797 1318 1823 ut
1333 1791 1370 1822 in
1388 1788 1442 1823 his
1460 1791 1585 1823 mundi
1601 1792 1809 1825 senescentis
1825 1791 1981 1825 tenebris
1995 1791 2115 1823 saltem

1132 1838 1215 1872 haec
1249 1840 1308 1873 lux
1344 1853 1417 1873 non
1450 1841 1683 1883 extinguatur.
1737 1841 1853 1887 [Itque
1885 1839 1968 1873 haec
2002 1841 2116 1873 studia

1132 1890 1344 1934 optimarum
1364 1891 1492 1924 artium
1509 1898 1542 1924 et
1557 1892 1769 1935 linguarum,
1791 1904 1879 1937 quae
1895 1892 2022 1935 partim
2039 1902 2117 1923 coe-

1133 1939 1407 1974 lesti‘doctrinae
1423 1942 1645 1984 explicandae
1659 1943 1827 1982 serviunt,
1852 1943 1976 1986 partim
1995 1953 2114 1974 verum

1132 2003 1170 2024 ac
1187 1998 1320 2024 rectum
1340 1992 1509 2024 iudicium
1527 1994 1569 2025 de
1587 1993 1691 2026 rebus
1706 1993 1872 2033 formant,
1899 1992 2023 2036 partim
2041 1991 2117 2035 opi-

1132 2041 1290 2075 tulantur
1310 2039 1392 2075 huic
1421 2042 1566 2076 miserae
1591 2042 1764 2076 humanae
1787 2044 1894 2083 vitae,
1930 2043 2117 2076 clementer

1132 2099 1271 2125 tueatur
1287 2104 1326 2125 ac
1340 2100 1532 2127 conservet.
1566 2092 1612 2127 Et
1629 2106 1707 2127 cum
1726 2095 1798 2138 ipse
1814 2092 1940 2127 horum
1957 2093 2113 2126 omniun:

1132 2143 1307 2176 bonorum
1324 2144 1403 2176 sons
1421 2151 1523 2188 atque
1539 2141 1668 2177 author
1686 2145 1746 2185 sit,
1774 2152 1812 2178 ut
1830 2143 1913 2178 haec
1931 2156 1991 2177 sua
2010 2144 2114 2177 bene-

1132 2193 1206 2226 ficia
1224 2193 1316 2227 inter
1340 2205 1403 2226 nos
1423 2201 1496 2227 rata
1512 2206 1550 2227 ac
1575 2195 1674 2227 firma
1692 2207 1763 2228 esse
1782 2196 1883 2238 velit,
1912 2207 2046 2239 nosque
2063 2195 2114 2225 vi-

1131 2243 1246 2276 cissim
1272 2241 1355 2277 haec
1374 2244 1493 2277 divina
1516 2246 1608 2277 dona
1634 2253 1831 2279 reverenter
1855 2253 2056 2283 tractemus,
2083 2252 2114 2276 et

1131 2294 1255 2337 cupide
1281 2295 1548 2338 amplectamur:
1585 2307 1647 2328 nec
1679 2296 1792 2328 ullum
1824 2296 1927 2329 etiam
1959 2295 2113 2328 studium

1131 2351 1190 2378 aut
1209 2345 1378 2383 laborem,
1406 2346 1490 2378 dum
1509 2345 1567 2381 illa
1585 2346 1749 2390 consequi
1771 2346 1952 2390 possimus,
1978 2357 2113 2379 recuse—

1132 2405 1227 2435 mus,
1253 2407 1296 2427 ne
1312 2395 1414 2428 nobis
1431 2393 1496 2427 lioc
1512 2396 1636 2429 veteris
1654 2400 1773 2439 poetae
1789 2397 1984 2430 occinatur:

1208 2461 1286 2490 σῦκα
1310 2458 1371 2501 qai)
1397 2458 1575 2499 ὀρνίθεσσι,
1598 2457 1735 2500 urrerem
1758 2461 1785 2492 δ’
1800 2461 1855 2492 οὒκ
1878 2462 2027 2493 ἐθέλουσι.

1234 2513 1339 2545 Gratae
1356 2516 1458 2545 avibus
1476 2517 1564 2554 ficus,
1591 2517 1641 2546 sed
1657 2519 1763 2547 nolunt
1780 2518 1855 2547 ferre
1871 2520 2008 2547 laborem.

1131 2579 1268 2614 Debent
1292 2592 1374 2612 vero
1400 2591 1464 2613 nos
1486 2581 1589 2613 etiam
1614 2583 1831 2626 corruptelae
1853 2583 2030 2615 doctrinae
2058 2592 2110 2613 sa-

1131 2642 1226 2670 crae,
1253 2641 1407 2670 errores,
1434 2637 1467 2663 et
1491 2629 1725 2675 blasphemiae
1754 2630 1880 2666 horum
1913 2640 2108 2675 temporum

1131 2681 1279 2715 invitare
1296 2682 1338 2715 ad
1356 2680 1447 2715 serio
1465 2681 1682 2719 discendum,
1697 2689 1735 2716 ut
1751 2689 1782 2716 et
1798 2694 1861 2715 nos
1878 2690 1909 2716 et
1925 2681 2010 2715 alios
2028 2693 2111 2715 con-

1631 2731 1679 2768 55
