2338 2958
198 121 270 157 231

203 218 276 242 esse
293 205 354 250 pii,
370 204 399 238 si
417 203 582 237 volumus
595 211 667 234 esse
681 195 887 236 Christiani,
910 193 1014 228 fidem
1031 190 1086 226 his
1105 202 1189 236 pro-

202 256 432 292 missionibus
453 252 601 292 divinis,
632 256 665 283 et
688 246 755 282 hoc
778 245 1029 281 beneficentiae
1052 254 1190 287 genere,

205 317 444 344 exerceamus,
477 310 510 337 et
536 300 601 335 hae
635 300 740 334 erecti
767 298 853 339 fide,
891 297 980 330 bene
1008 304 1192 341 precemur

205 365 241 393 et
258 356 408 404 principi
424 362 458 389 et
470 353 655 388 universae
669 350 774 395 Reip.
825 347 921 384 Dixi.

220 534 285 569 No.
301 534 360 567 31.
1025 537 1073 556 au.
1101 525 1195 556 1533.

432 634 508 676 De
525 631 678 674 studio
695 631 974 688 linguarum.

278 723 358 758 Apud
376 721 488 749 Craton.
509 719 580 753 Myt.
601 727 626 752 p.
643 719 689 743 147
704 726 778 751 sqq„
805 716 832 741 in
848 715 968 741 nectam.
989 714 1023 738 T.
1039 712 1058 738 l.
1078 719 1103 744 p.
1121 711 1195 743 552,

310 758 339 784 in
352 759 473 784 Seu-est.
485 755 518 782 T.
533 757 553 781 l.
577 764 601 788 p.
615 754 675 778 431.
693 756 719 777 et
734 751 804 786 apud
821 750 949 776 Richard.
964 748 996 774 T.
1011 747 1030 772 l.
1050 755 1075 780 p.
1091 746 1151 771 306.

209 840 337 874 Oratio
370 838 468 873 Viti
502 832 748 874 Theodori,
789 827 1118 874 Norinberyensis,
1153 823 1198 858 cle

207 889 334 925 studio
365 890 604 934 h'nyzmrum,
639 882 770 917 habita
792 883 831 916 in
859 880 1090 925 promotione
1113 878 1199 911 Μα-

360 941 566 987 gis-{rorum
591 946 712 977 anno,
746 935 798 968 M.
809 931 1045 967 D.XXXIII.

208 1011 398 1059 Principio
415 1013 515 1047 vobis
530 1011 656 1055 gratias
674 1020 748 1052 ago,
770 1006 973 1042 Doctissimi
986 1004 1078 1045 Viri,
1102 1004 1196 1049 quod

210 1068 281 1103 huc
300 1074 333 1102 et
355 1063 502 1098 honoris
518 1061 629 1096 nostri
646 1071 766 1098 causa,
790 1065 826 1092 et
843 1065 882 1092 ut
900 1055 986 1091 haec
1003 1056 1197 1100 primarum

209 1119 340 1155 artium
358 1115 472 1149 studia
488 1112 677 1151 ornaretis,
704 1109 929 1144 convenistis,
973 1106 1064 1141 Cum
1081 1112 1198 1138 autern

210 1169 404 1215 existimem
428 1167 464 1199 id
488 1171 641 1198 vestrum
664 1162 819 1194 officium
840 1161 884 1193 ad
909 1158 1108 1192 studiorum
1132 1153 1199 1188 lio—

210 1232 334 1256 norem
353 1217 546 1263 pertinere,
573 1225 673 1259 spero
691 1224 752 1245 vos
770 1211 816 1244 ita
834 1210 1012 1243 induxisse
1029 1207 1199 1246 animum,

210 1271 278 1307 hoc
301 1270 404 1305 etiam
425 1266 632 1301 beneficium
656 1263 758 1296 nobis
783 1262 940 1295 dandum
958 1270 1048 1298 esse,
1073 1264 1113 1291 ut
1135 1268 1199 1290 nos

211 1335 285 1358 non
312 1319 482 1365 gravatim
505 1316 666 1351 audiatis.
718 1312 840 1358 Neque
865 1311 960 1345 enim
984 1308 1053 1343 huc
1077 1307 1199 1352 prodi-

212 1385 309 1413 muS,
342 1378 383 1405 ut
412 1369 560 1412 dignum
592 1365 727 1410 aliquid
752 1369 864 1396 vestra
895 1360 1066 1405 sapientia
1097 1365 1200 1403 atque

212 1423 419 1459 auctoritate
435 1419 639 1457 afferamus,
664 1415 757 1461 quod
778 1414 813 1446 in
831 1410 937 1446 liuius
954 1417 1092 1444 nostrae
1107 1415 1202 1442 aeta-

211 1477 255 1511 tis
271 1471 511 1508 imbecillitate
526 1481 570 1502 ne
586 1467 728 1513 quidem
745 1464 998 1508 requirendum
1013 1468 1074 1495 est.
1109 1459 1201 1493 Tota

213 1525 298 1561 haec
321 1523 440 1558 sabula
459 1521 573 1565 agitur
594 1516 868 1552 adolescentium
887 1525 987 1547 causa
1001 1539 1010 1553 ,
1036 1513 1078 1544 ad
1096 1522 1202 1555 quani

213 1589 276 1612 vos
307 1573 471 1609 acceditis
495 1576 723 1616 spectatores,
756 1573 794 1599 ut
822 1564 995 1607 intelligat
1024 1563 1202 1599 iuventus,

212 1627 314 1662 vobis
326 1623 412 1659 haec
430 1623 542 1668 prima
561 1620 674 1654 studia
698 1617 849 1663 probari.
904 1614 1116 1658 Quanquam
1137 1612 1202 1653 igi-

214 1687 273 1715 tur
288 1678 324 1710 in
341 1675 439 1710 omni
457 1684 580 1717 genere
597 1669 798 1704 humanitas
817 1673 927 1700 vestra
946 1665 1048 1698 nobis
1065 1663 1202 1705 cognita

215 1738 249 1765 et
265 1732 441 1774 perspecta
461 1731 522 1764 est,
547 1731 663 1757 tamen
682 1721 714 1753 id
734 1729 875 1765 quoque
893 1717 1003 1750 nostri
1022 1721 1071 1748 est
1088 1713 1204 1754 officii,

215 1779 413 1814 verecunde
437 1783 570 1820 petere,
604 1780 642 1806 ut
670 1783 734 1805 nos
761 1781 872 1814 aequo
898 1767 1017 1801 animo
1042 1765 1204 1799 audiatis.

216 1832 334 1875 Quare
352 1840 448 1871 rogo,
466 1833 497 1859 et
516 1832 553 1859 ut
566 1822 656 1857 hanc
666 1833 778 1855 meam
799 1819 988 1853 iuvenilem
1005 1817 1202 1850 orationem

215 1882 300 1916 boni
319 1877 520 1916 consulatis,
539 1883 571 1909 et
586 1882 623 1908 ut
640 1881 751 1907 vestra
771 1869 860 1905 milii
877 1869 1046 1903 autoritas
1063 1867 1151 1900 adsit
1168 1866 1205 1899 in

216 1931 280 1967 liae.
298 1943 398 1966 causa
415 1941 518 1975 quam
538 1926 705 1969 agendam
723 1922 879 1967 suscepi,
905 1932 1010 1966 quam
1027 1931 1128 1964 spero
1143 1930 1204 1950 vo-

216 1985 270 2017 bis
288 1995 358 2017 esse
377 1978 673 2026 probatissimam.

322 2031 460 2066 lustitui
488 2029 582 2062 enim
609 2029 651 2060 ‹le
677 2025 793 2059 studio
827 2023 1044 2066 linguarum,
1079 2027 1118 2054 ut
1143 2032 1206 2051 vo-

219 2093 316 2123 cant,
341 2085 467 2117 dicere.
523 2078 596 2113 Etsi
622 2078 714 2111 enim
737 2076 933 2120 plerunque
955 2071 1011 2106 hic
1030 2069 1206 2105 ‹lel‘liilo—

219 2134 343 2180 sopliia
362 2134 428 2166 dici
447 2133 545 2168 solet,
561 2138 677 2164 tamen
695 2139 807 2171 neque
827 2123 881 2158 liic
901 2125 1048 2157 locustle
1066 2121 1207 2165 linguis,

219 2188 245 2221 si
265 2187 343 2232 quis
362 2191 452 2218 recte.
471 2182 644 2221 aestimet,
666 2193 682 2212 a
702 2174 931 2220 Philosophia
953 2176 1053 2207 valde
1072 2174 1207 2206 alii-nus
1230 2194 1233 2226 ι

221 2245 281 2272 cst.
334 2234 426 2269 Mili}
447 2234 587 2279 quinlcin
606 2244 642 2263 ea
659 2226 909 2272 l‘liilosopliiac
930 2238 1026 2270 pars,
1053 2237 1141 2270 quae
1158 2229 1207 2256 est
1230 2233 1233 2262 ζ

221 2287 424 2322 sontissima
438 2313 445 2323 ,
490 2283 673 2328 praecipuo
704 2294 741 2314 ex
773 2278 974 2319 cognitimm
1006 2277 1205 2317 linguarum
1231 2267 1233 2308 ’ἱ

222 2341 374 2383 penult-re
402 2337 547 2369 videtur.
609 2333 729 2378 Neque
754 2343 834 2363 vero
865 2327 932 2361 linc
964 2334 1206 2369 argumentum
1232 2322 1234 2351 ἶ

222 2391 338 2423 studio
357 2402 416 2420 nox
430 2387 519 2419 itatis
537 2385 666 2426 delo-gh
702 2395 814 2427 nequ·-
839 2381 931 2412 euim
951 2379 1052 2413 statui
1072 2390 1126 2410 nie.
1146 2389 1209 2409 uo-
1232 2371 1233 2387 ¹

225 2455 267 2473 vo
292 2445 497 2480 argumento
526 2437 559 2469 iu
597 2434 659 2467 liac
695 2433 841 2466 infautia
871 2431 1066 2464 satisfacere
1101 2419 1234 2471 possm]y

224 2491 292 2525 Sed
319 2490 456 2535 publica
483 2487 666 2520 necessitas
691 2483 869 2525 hortatur,
906 2495 976 2514 non
1004 2482 1116 2513 solum
1142 2490 1209 2515 ine,

225 2555 347 2575 verum
365 2552 485 2572 omns-s
504 2539 614 2570 honos
635 2537 727 2569 viros
744 2541 913 2580 quantum
932 2545 994 2577 pro
1012 2545 1046 2565 sc
1063 2530 1210 2576 quisquc

224 2600 348 2639 potest,
377 2589 645 2624 adole-scentiam
665 2588 705 2619 :ul
725 2586 837 2619 studia
857 2585 1055 2625 linguarum
1075 2579 1208 2614 exusci-

226 2653 298 2679 tarae·
320 2651 421 2687 atque
445 2640 642 2673 accendi-re.
697 2637 849 2670 Maximo
873 2647 954 2668 vero
981 2631 1207 2666 conveniebat
1229 2618 1232 2665 f

225 2697 265 2729 acl
302 2695 500 2735 linguarum
543 2701 681 2723 causam
724 2688 893 2729 agendam
930 2683 1091 2719 adhiberi
1137 2670 1324 2715 nonlnou
1351 2679 1560 2721 intelligant.

741 108 902 147 DECL.
940 106 1016 143 DE
1049 101 1270 142 STUDIO
1304 99 1681 137 LINGUARUM.

2152 103 2226 142 232

1239 188 1435 232 elinguem,
1461 186 1523 220 sed
1540 186 1763 231 eloquentem
1784 193 1992 231 patronum,
2019 187 2080 232 qui
2103 199 2229 223 ornate

1240 251 1296 274 eas
1306 251 1368 284 pro
1379 237 1561 281 dignitate,
1577 243 1610 270 et
1626 236 1905 280 magnitudinem
1920 238 2125 279 utilitatum,
2144 250 2231 284 quas

1241 291 1333 336 parit
1349 301 1470 323 earum
1492 287 1666 331 cogniti0‚
1692 287 1869 322 illustrare
1892 295 2018 332 posset.
2072 288 2178 333 Quod
2197 294 2232 324 et

1241 342 1270 376 si
1288 340 1526 384 intelligebam
1545 351 1565 372 a
1580 349 1636 371 me
1661 350 1735 371 non
1755 350 1855 383 posse
1877 339 1971 380 fieri,
1996 346 2115 374 tamen
2135 339 2232 374 arbi-

1242 393 1362 426 trabar
1396 403 1450 424 me
1483 402 1557 424 non
1591 389 1719 423 debere
1751 389 1914 434 publicae
1947 401 2070 424 causae.
2101 391 2231 432 deesse,

1183 449 1195 453 ·
1243 442 1447 488 praesertim
1465 441 1503 474 in
1523 438 1589 474 hoc
1607 440 1702 481 loco,
1730 452 1890 485 quocum.
1904 437 1995 473 mihi
2011 440 2152 475 dicendi
2167 453 2234 475 ne-

1245 494 1438 528 cessitatem
1479 489 1708 525 scholasticus
1747 489 1976 535 Magistratus
2018 491 2234 536 imponeret,

1244 545 1425 589 sperabam
1443 550 1580 577 tantum
1599 541 1794 576 autoritatis
1813 542 1851 575 in
1871 539 1937 576 hac
1954 541 2115 576 oratione
2136 541 2235 577 sutu-

1244 608 1324 629 rum
1343 606 1434 635 esse,
1461 600 1631 639 quantum
1648 592 1804 627 tribuitis
1820 593 1986 627 universo
2008 593 2156 637 collegio
2170 593 2236 627 do-

1246 646 1479 679 ctissimorum
1511 642 1717 682 hominum,
1758 643 1819 689 qui
1851 650 1884 677 et
1913 641 1977 677 has
2002 641 2093 676 mihi
2122 649 2260 689 partes-

1248 697 1480 736 mandarunt,
1507 702 1539 728 et
1555 706 1654 728 suain
1677 694 1888 728 sententiam
1903 706 1979 728 mea
1999 694 2237 740 qualicunque

1246 747 1405 781 oratione
1419 745 1519 780 vobis
1535 745 1662 789 exponi
1678 745 1880 779 voluerunt.
1923 744 1996 789 Qui
2011 757 2090 778 cum
2104 744 2238 779 doctri-

1247 810 1313 836 na,
1349 797 1502 837 iudicio,
1529 808 1647 829 rerum
1670 807 1738 829 usu
1765 796 1952 837 excellant,
1985 795 2138 841 denique
2158 807 2239 829 cum

1247 849 1315 882 fule
1339 859 1475 881 summa
1498 853 1531 880 et
1546 846 1672 880 vestris
1693 847 1820 880 studiis
1837 853 1871 881 et
1887 847 2071 881 universae
2086 845 2240 891 Reipub.

1248 899 1449 933 consultum
1476 897 1605 938 velint,
1632 894 1919 936 honestissimum
1943 899 2044 931 vobis
2067 904 2136 939 est,
2161 909 2240 931 mo-

1248 949 1333 983 nitis
1347 961 1468 983 corum
1485 948 1638 981 libenter
1655 954 1688 981 et
1702 948 1859 982 studiose
1874 959 2008 994 parere.

1344 1017 1413 1052 Sed
1431 1015 1533 1049 venio
1552 1015 1595 1048 ad
1612 1026 1766 1059 causam,
1793 1016 1836 1049 de
1854 1028 1920 1061 qua
1938 1016 2019 1061 quia
2038 1016 2142 1050 etiam
2158 1027 2243 1060 pro-

1251 1076 1326 1114 pter
1343 1066 1510 1112 temporis
1527 1066 1724 1110 angustiam
1739 1078 1812 1100 non
1826 1067 1909 1100 satis
1927 1067 1995 1100 dici
2013 1073 2136 1111 potest,
2159 1067 2241 1100 bre·

1250 1121 1340 1155 viter
1375 1119 1547 1152 utilitates
1585 1116 1790 1161 praecipuas
1826 1117 2007 1161 colligam,
2054 1129 2143 1163 quae
2176 1128 2242 1150 nos

1251 1181 1373 1203 omues
1394 1169 1436 1201 ad
1463 1167 1665 1210 linguarum
1689 1167 1846 1201 studium
1871 1165 2078 1202 hortantur:
2114 1168 2244 1213 loquor

1251 1227 1367 1255 autem
1386 1221 1429 1252 de
1447 1218 1593 1259 Latina,
1619 1216 1755 1252 Graeca
1772 1225 1806 1252 et
1822 1217 2006 1252 Hebraica.

1352 1285 1443 1320 Cum
1466 1291 1582 1320 autem
1606 1285 1702 1320 aliud
1727 1285 1787 1318 alii
1812 1285 2031 1331 propositum
2058 1285 2095 1318 in
2118 1284 2246 1320 studiis

1251 1336 1424 1378 habeant,
1465 1349 1530 1370 nec
1563 1336 1658 1369 idem
1691 1336 1873 1370 doctrinae
1907 1348 2018 1380 genus
2052 1343 2245 1381 sequantur

1253 1399 1395 1428 omnes,
1422 1387 1464 1420 de
1480 1386 1646 1429 singulis,
1666 1393 1705 1420 ut
1724 1393 1865 1428 vocant,
1892 1387 2170 1432 professionibus
2185 1398 2246 1421 or-

1255 1440 1338 1473 dine
1356 1439 1546 1471 dicendum
1562 1444 1624 1471 est.
1662 1435 1714 1470 Ac
1731 1437 1884 1482 primum
1904 1450 1976 1471 non
1995 1438 2123 1482 opinor
2141 1437 2246 1482 longa

1253 1489 1343 1524 milii
1361 1489 1597 1534 disputatione
1613 1500 1701 1532 opus
1716 1500 1787 1522 esse
1805 1482 1848 1521 de
1864 1487 2079 1532 Theologia3
2110 1495 2246 1523 constat

1255 1541 1348 1576 enim
1373 1541 1487 1573 sontes
1507 1536 1726 1582 ‘theologiae
1752 1539 1900 1573 ebraicis
1923 1547 1956 1574 et
1977 1539 2109 1583 gmecis
2133 1539 2245 1573 literis

1256 1591 1440 1626 contineri.
1492 1589 1563 1623 Nec
1582 1597 1727 1633 possunt
1744 1589 1790 1623 ita
1807 1590 2009 1624 transfundi
2027 1591 2180 1634 linguae,
2206 1597 2246 1625 ut

1256 1641 1347 1676 nihil
1364 1653 1451 1686 opus
1462 1641 1504 1674 sit
1523 1641 1691 1681 sontibus,
1718 1641 1744 1673 si
1763 1641 1911 1675 velimus
1930 1642 2086 1675 iudicare
2102 1642 2145 1675 de
2160 1641 2246 1676 locis

1256 1693 1435 1733 obscuris,
1464 1693 1556 1737 quod
1577 1692 1611 1723 iu
1631 1691 1750 1724 multis
1768 1692 1981 1735 gravissimis
1996 1692 2247 1728 controversiis

1256 1745 1329 1779 fieri
1361 1755 1496 1777 necesse
1528 1749 1589 1776 est.
1645 1741 1767 1775 'l‘uttos
1796 1744 2019 1777 commendat
2045 1743 2149 1777 nobis
2174 1743 2247 1788 ipsa

1258 1796 1429 1839 scriptura
1456 1793 1691 1826 ministerium
1721 1793 1838 1833 verbi,
1874 1795 2039 1827 admouet
2072 1806 2245 1840 nusquam

1258 1848 1475 1879 voluntatem
1496 1843 1559 1876 Dei
1584 1844 1678 1876 corni
1693 1870 1702 1882 ,
1737 1844 1803 1876 nisi
1825 1844 1859 1877 iu
1883 1842 1936 1877 liis
1953 1845 2109 1889 scriptis;
2144 1844 2246 1879 facile

1259 1898 1365 1939 igitur
1382 1895 1528 1939 intelligi
1546 1901 1669 1939 potest,
1695 1902 1866 1939 quantuni
1886 1896 2009 1929 reserat
2025 1896 2175 1940 perfecte
2191 1895 2247 1929 in-

1259 1949 1412 1991 telligere
1436 1953 1596 1980 naturam
1614 1945 1802 1986 sermonis,
1829 1947 1922 1991 quod
1946 1946 2022 1979 sine
2044 1947 2246 1989 linguarum

1259 1999 1458 2043 cognitione
1494 2004 1526 2030 et
1562 1997 1636 2029 sine
1677 1996 1898 2042 eloquentiae
1937 1997 2246 2033 exercitationibus

1260 2064 1362 2083 nenio
1382 2048 1547 2093 consequi
1570 2054 1694 2093 potest.

1364 2117 1483 2163 ltaque
1507 2128 1586 2150 cuin
1609 2127 1689 2148 suae
1712 2114 1860 2160 quisque
1882 2115 2004 2150 salutis
2025 2128 2145 2156 causa,
2172 2123 2246 2151 tum

1260 2170 1365 2203 etiam
1402 2175 1544 2212 propter
1579 2166 1756 2211 pulilicain
1789 2165 1965 2200 Ecclesiae
2007 2168 2246 2202 necessitatem

1259 2222 1445 2265 persa-chun
1480 2218 1567 2251 sacri
1607 2217 1779 2250 sermonis
1813 2217 2049 2259 coguitionem
2087 2226 2248 2263 expetere

1259 2273 1375 2305 ‹la-liet.
1426 2270 1583 2303 l‘riuuun
1617 2269 1709 2300 onim
1745 2268 1906 2311 privatim
1941 2281 2081 2314 «pilique
2111 2270 2247 2314 experi-

1259 2336 1339 2356 nuu·
1362 2322 1505 2354 unii-ilice
1520 2320 1724 2352 contii-unare
1742 2319 1895 2357 auiuios„
1922 2332 2000 2352 cuin
2021 2321 2055 2353 iu
2074 2327 2168 2355 tanta
2185 2333 2246 2355 va—

1259 2374 1380 2407 ricc-u.-
1398 2371 1607 2417 opinionum
1636 2370 1734 2415 qu-isi
1754 2370 1788 2402 iu
1807 2381 1878 2403 rein
1898 2377 2114 2415 praesentem
2132 2372 2246 2405 ‹ledu-

1258 2437 1388 2462 cuuur,
1424 2422 1648 2466 inspicient-*s
1677 2421 1869 2461 genuinum
1896 2421 2087 2466 scripturae
2111 2434 2246 2456 sermo-

1259 2489 1348 2510 nvin.
1404 2474 1539 2508 Deinde
1557 2473 1597 2505 de
1615 2472 1748 2513 magnis
1764 2484 1802 2504 ac
1818 2471 2022 2505 difficilibus
2040 2479 2245 2507 controver-

1256 2528 1316 2559 siis
1333 2528 1470 2571 publice
1488 2525 1522 2557 iu
1538 2522 1687 2556 tim-tosta
1708 2523 1941 2567 prouunciare
1956 2524 2046 2556 bona
2063 2524 2245 2559 couscien-

1257 2578 1300 2610 tia
1331 2579 1384 2611 vix
1410 2583 1556 2621 possunt
1587 2573 1773 2614 Doctores,
1814 2574 1840 2606 si
1870 2585 1979 2615 genus
2006 2576 2179 2609 sermonis
2207 2575 2245 2609 in

1256 2629 1480 2666 testimoniis,
1522 2639 1560 2659 cx
1595 2625 1725 2670 quobus
1760 2630 1830 2658 tota
1867 2635 1919 2656 res
1955 2625 2144 2660 iudicanda
2173 2633 2245 2665 eat.

1616 2676 1747 2710 Multas
1772 2672 1929 2708 haereses
1948 2677 2082 2721 peperit
2106 2676 2242 2712 insciti·
