2338 2958
189 118 262 156 155

184 204 366 252 pientibus
382 202 479 243 viris,
498 200 666 235 formicae
680 198 932 243 praeferentur.
977 196 1056 230 Hoc
1073 197 1179 241 plane

186 265 237 292 est
253 257 348 290 iuxta
364 252 610 299 proverbium,
636 249 799 283 Formica
816 249 981 284 camelus.
1033 246 1082 282 Et
1099 259 1178 281 cum

186 321 260 343 non
285 306 415 351 possim
441 301 509 337 hoc
531 303 608 335 loco
632 312 755 334 omnes
778 311 919 339 causas,
945 311 1009 333 cur
1026 299 1072 332 ita
1093 297 1180 332 scri-

188 359 296 405 pserit
311 357 501 393 Solomon,
524 352 683 392 recitare,
707 358 791 386 sunt
807 351 901 385 enim
919 351 1064 390 multae,
1092 360 1180 394 quas

188 424 229 445 ex
251 409 360 454 ipsius
377 404 601 439 Christianae
624 402 806 436 doctrinae
828 402 988 436 fontibus
1004 401 1108 443 longe
1125 412 1180 433 re-

186 469 304 507 petere
334 462 532 501 oporteret,
565 461 685 488 tamen
715 466 824 487 unam
848 450 939 486 hanc
962 463 1180 485 commemo-

187 512 332 546 randam
364 519 436 541 esse
470 506 567 540 duxi.
637 504 755 539 Tanta
784 503 918 538 desidia
953 509 1004 536 est
1032 499 1182 536 humani

185 561 312 600 animi,
339 559 387 592 ita
410 557 550 602 penitus
572 554 692 590 haeret
715 556 754 588 in
776 554 906 588 nostris
929 553 1096 587 medullis
1117 565 1181 586 vo-

185 616 361 657 luptatum
382 616 488 654 atque
512 608 581 642 ocii
605 619 724 648 amor,
751 613 789 640 ut
811 605 909 638 nulla
928 612 1023 638 tanta
1043 604 1181 648 sapien-

187 665 234 698 tia
266 663 329 703 sit,
363 672 451 706 quae
484 671 557 693 non
585 659 804 702 voluptatum
828 656 1007 690 illecebris
1029 655 1124 688 vinci
1149 661 1182 688 et

186 712 381 759 expugnari
413 711 540 756 possit,
572 717 611 743 ut
637 708 850 742 industriam
873 708 1102 752 laboremque
1126 718 1181 739 re-

186 766 313 800 mittat.
371 762 479 806 Quod
510 773 588 794 cum
619 760 724 794 etiam
751 758 881 793 Poetae
911 757 1182 791 animadvertis-

187 823 283 857 sent,
309 815 488 848 finxerunt
502 811 691 845 Herculem
707 817 757 844 tot
774 810 986 843 domitorem
1006 815 1182 842 monstro-

186 880 287 905 rum,
323 862 519 908 Omphales
547 874 666 895 amore
691 868 852 906 captum,
884 860 1052 895 muliebri
1077 867 1182 899 veste,

188 921 226 953 iu
250 928 422 963 gynaeceo
448 920 624 948 tenentem
647 913 777 948 colum.
830 910 947 957 Atque
970 908 1038 944 hoc
1062 910 1114 943 illi
1139 911 1182 943 de

187 980 325 1004 summo
359 966 436 999 viro
469 966 666 1008 fingebant,
705 970 746 997 ut
778 963 1016 1006 significarent
1046 962 1181 995 nullam

187 1028 320 1056 tantam
347 1029 418 1051 esse
441 1017 512 1049 vim
536 1016 666 1056 animi,
693 1027 781 1060 quae
802 1027 877 1047 non
895 1013 1010 1057 frangi
1029 1025 1066 1046 ac
1083 1013 1182 1046 debi—

186 1071 283 1105 litari
305 1068 489 1102 blanditiis
513 1066 703 1110 voluptatis
727 1073 853 1110 posset.
906 1065 1081 1109 Compara
1100 1076 1182 1097 vero

187 1120 276 1156 mibi
305 1120 470 1153 formicas
497 1119 539 1151 ad
565 1115 660 1151 hunc
684 1116 896 1158 Herculem,
932 1123 992 1149 aut
1019 1115 1045 1148 si
1071 1115 1183 1148 mavis

188 1175 230 1208 ad
256 1171 519 1208 Alexandrum,
552 1166 677 1202 harum
706 1168 917 1202 industriam
940 1166 1183 1200 sedulitatem-

188 1237 255 1270 que
280 1222 379 1256 nulla
403 1233 457 1254 res
482 1231 642 1265 nuquam
666 1220 831 1253 retardat.
886 1218 943 1251 Illi
968 1217 1100 1250 scilicet
1121 1215 1183 1250 lie—

190 1287 268 1310 roes
283 1285 419 1307 summa
435 1271 605 1315 sapientia
623 1283 661 1304 ac
672 1270 882 1304 fortitudine
894 1269 1055 1313 praediti,
1078 1279 1183 1313 quam

188 1325 365 1360 immutati
395 1329 496 1361 sunt,
538 1322 626 1355 alter
658 1333 777 1354 amore
806 1320 1054 1358 mulierculae,
1096 1319 1184 1351 alter

187 1378 292 1411 etiam
308 1374 418 1417 magis
433 1372 588 1406 beluinis
604 1371 858 1417 voluptatibus.
910 1369 990 1403 Iluc
1007 1369 1115 1412 igitur
1129 1381 1185 1401 sa-

189 1439 266 1462 crae
290 1427 410 1459 literae
435 1423 610 1468 sapientes
633 1422 736 1455 etiam
755 1422 850 1454 viros
867 1427 1069 1461 accersunt,
1097 1427 1130 1453 et
1147 1419 1184 1452 in

188 1478 280 1513 hanc
305 1475 518 1511 academiam
541 1480 666 1507 vocant
680 1480 719 1507 ut
736 1473 892 1512 discant,
918 1483 992 1505 non
1011 1472 1116 1504 modo
1135 1471 1184 1503 si-

187 1531 309 1564 milem
334 1529 372 1561 in
388 1525 571 1560 laboribus
586 1524 819 1558 constantiam
838 1523 1082 1567 praestandam
1099 1533 1185 1561 esse,

189 1582 250 1615 sed
274 1580 378 1614 etiam
402 1584 441 1611 ut
463 1576 606 1609 videant
632 1581 763 1620 quanta
789 1574 832 1607 sit
855 1573 1040 1607 infirmitas
1059 1570 1186 1605 lmma-

189 1643 317 1666 norum
340 1628 560 1667 animorum,
587 1626 648 1671 qui
669 1633 737 1659 tam
755 1625 854 1658 facile
873 1624 1056 1667 defatigari
1073 1635 1107 1656 se
1125 1636 1186 1666 pa-

189 1684 342 1721 tiantur,
367 1686 407 1713 ut
430 1678 597 1712 formicae
623 1677 728 1710 etiam
754 1677 882 1709 robore
905 1675 1015 1708 animi
1038 1674 1186 1707 summis

191 1734 276 1767 viris
293 1737 480 1777 praestent.
533 1727 581 1762 Et
598 1725 660 1761 has
675 1727 753 1760 ideo
770 1726 901 1760 intueri
920 1727 1028 1766 iubet,
1052 1732 1089 1758 ut
1106 1737 1185 1758 cum

189 1785 345 1819 viderint
367 1789 500 1816 tantam
523 1780 595 1812 vim
618 1778 809 1811 vilissimae
830 1777 998 1810 bestiolae
1014 1776 1187 1809 divinitus

191 1838 310 1870 datam
339 1845 430 1873 esse,
460 1837 581 1876 petant
613 1837 646 1863 et
674 1829 758 1873 ipsi,
792 1835 1043 1873 expectentque
1067 1840 1084 1860 a
1109 1826 1186 1860 Deo

191 1887 341 1921 similem
364 1882 597 1918 constantiam
618 1881 912 1925 industriamque.
965 1879 1033 1913 Sed
1057 1880 1100 1912 de
1121 1876 1186 1911 boc

190 1946 264 1973 toto
275 1938 351 1970 loco
363 1935 421 1969 alii
434 1933 562 1967 rectius
573 1933 700 1966 dicent.
734 1930 805 1964 Vos
816 1937 931 1964 autem
944 1930 1067 1974 optimi
1080 1929 1186 1964 Com-

191 1989 391 2027 militones,
419 1984 587 2030 qnoniam
612 1983 657 2016 ita
683 1983 806 2016 iubent
830 1994 945 2015 sacrae.
964 1982 1104 2021 literae,
1132 1981 1186 2013 in·

192 2039 339 2073 tuemini
359 2037 542 2075 formicas,
565 2041 693 2067 etcum
714 2034 862 2066 aliarum
883 2033 1053 2065 virtutum
1071 2044 1189 2065 exem-

193 2092 248 2136 pla
273 2091 317 2123 ab
343 2089 390 2121 eis
414 2087 538 2132 petite,
567 2093 640 2118 tum
663 2085 699 2117 in
723 2084 846 2128 primis
871 2096 990 2116 earnm
1015 2083 1188 2117 sedulita-

192 2151 260 2176 tem
287 2140 479 2183 exprimere
504 2137 718 2170 contendite.
789 2133 932 2169 Etenim
958 2134 985 2167 si
1010 2135 1063 2167 vel
1090 2135 1187 2168 nulla

193 2192 373 2237 proposita
397 2196 509 2222 essent
535 2188 637 2220 nobis
656 2187 786 2219 laboris
806 2187 916 2219 nostri
937 2187 1110 2229 praemia,
1137 2193 1188 2219 ta—

194 2256 273 2277 men
299 2241 467 2287 quoniam
491 2238 586 2272 Deus
617 2238 787 2282 praecipit
810 2245 848 2271 ιιι
874 2238 1092 2276 laboremus,
1129 2249 1189 2280 pa-

194 2307 269 2328 rere
287 2294 382 2326 illins
399 2291 475 2325 voci
490 2291 714 2325 debebamus.
752 2289 853 2322 Nunc
866 2296 980 2322 autem
995 2301 1072 2321 cunt
1086 2288 1188 2321 etiam

196 2353 290 2380 tanta
325 2343 478 2388 praemia
506 2341 684 2386 proposita
710 2341 800 2378 sint,
836 2352 925 2384 qnae
951 2347 1000 2373 est
1025 2339 1191 2376 amentia,

194 2403 371 2431 tantarum
392 2406 507 2427 rernm
529 2392 773 2435 magnitudine
791 2404 860 2423 non
880 2391 1018 2424 excitari
1037 2398 1096 2424 aut
1114 2391 1189 2423 acui

195 2449 237 2481 ad
273 2445 452 2479 laborem?

196 2498 424 2533 mortalibus,
454 2495 569 2539 inquit
586 2493 704 2528 Pon-ta.
760 2493 912 2526 Proinde
930 2493 1040 2527 nolite
1059 2500 1190 2537 putare,

196 2550 271 2583 sine
294 2560 417 2587 magna
443 2546 551 2579 animi
571 2543 800 2579 contentione
818 2545 889 2577 ulla
909 2546 999 2577 vitae
1017 2544 1190 2588 praesidia
1216 2536 1218 2567 ³·

196 2611 398 2644 comparare
416 2609 476 2629 vos
495 2604 551 2630 aut
572 2596 720 2629 retinere
740 2607 849 2639 posse.
903 2597 981 2638 Qua
999 2597 1041 2627 de
1060 2608 1097 2629 re
1112 2608 1190 2629 cum

196 2662 318 2686 omnes
334 2649 493 2683 omnium
514 2649 698 2680 doctorum
716 2647 872 2679 virorum
893 2647 975 2680 libri
997 2647 1091 2690 pleni
1109 2646 1191 2682 sint.
1217 2643 1219 2658 ³

198 2711 231 2737 et
262 2701 380 2736 referti
412 2698 477 2733 boc
503 2710 628 2743 genere
653 2695 958 2737 exhortationum,
993 2711 1054 2741 ego
1080 2698 1191 2734 vobis.
1217 2697 1219 2727 f

685 111 845 148 DECL.
875 109 948 146 DE
980 108 1259 147 ENCOMIO
1295 109 1723 147 FORMICARUM.

2157 111 2229 155 1⁵6

1231 197 1401 242 quoniam
1425 203 1571 241 propter
1593 203 1759 238 aetatem,
1784 196 1842 230 vel
1864 197 1908 230 ad
1933 196 2132 231 monendos
2154 208 2230 239 vos,

1233 249 1288 282 vel
1314 249 1355 282 ad
1383 245 1622 282 cohortandos
1645 259 1769 292 parum
1792 247 1991 282 autoritatis
2008 245 2144 289 habeo,
2169 259 2229 282 re-

1232 300 1347 333 citabo
1370 299 1471 333 vobis
1490 298 1734 343 gravissimum
1752 298 1888 339 locum,
1914 298 1976 344 qui
1995 305 2087 332 extat
2103 298 2141 332 in
2156 298 2232 333 Xe-

1233 348 1437 395 nophonte,
1470 361 1646 395 quemque
1671 361 1706 382 se
1728 346 1932 394 Xenophon
1955 362 1994 383 ex
2017 348 2161 384 Prodici
2183 350 2230 384 li-

1235 403 1297 435 bro
1325 401 1603 445 transscripsisse
1633 400 1772 434 fatetur.
1824 400 1917 435 Sunt
1946 407 2066 434 autem
2087 407 2230 435 contra-

1233 453 1303 486 riae
1333 452 1509 486 orationes
1532 451 1674 486 virtutis
1697 458 1731 485 et
1753 451 1944 496 voluptatis
1969 452 2013 485 ad
2038 450 2230 486 Herculem

1233 504 1506 545 deliberantem,
1532 511 1647 537 utram
1675 502 1766 536 vitae
1789 503 1882 536 viam
1899 502 2139 546 ingrediatur,
2165 515 2230 536 vo-

1233 555 1378 599 luptatis
1401 567 1444 588 ne
1469 567 1514 588 an
1538 554 1681 588 virtutis
1704 553 1819 587 studia
1842 561 2027 598 sequatur,
2060 553 2110 588 sic
2133 553 2227 587 enim

1235 606 1301 640 ait:
1333 605 1423 640 Cum
1444 604 1617 639 Hercules
1642 617 1682 638 ex
1705 604 1855 648 pueritia
1878 615 2055 648 egressus,
2090 605 2230 650 iamque

1234 669 1342 701 prope
1365 658 1584 701 pubertatem
1607 663 1712 697 esset,
1746 668 1815 701 qua
1837 662 1949 689 aetate
1972 655 2026 688 sui
2050 662 2231 700 compotes

1233 709 1315 742 facti
1341 708 1597 748 adolescentes,
1625 707 1823 751 significant
1841 713 1957 740 utram
1974 706 2086 746 viam,
2115 707 2231 741 virtu-

1233 759 1296 799 tis,
1323 771 1368 792 an
1391 760 1551 803 ignaviae
1574 759 1712 802 ingredi
1731 758 1860 795 velint,
1887 757 1971 791 exiit
1990 757 2028 790 in
2043 757 2159 792 solum
2175 759 2231 792 lo-

1235 823 1313 843 cum
1329 810 1489 855 seditque
1506 810 1629 844 tacitus
1641 822 1757 843 secum
1771 809 1983 849 deliberans,
2010 815 2124 842 utram
2136 809 2231 843 viam

1235 862 1350 896 iniret.
1404 860 1472 894 Hic
1495 862 1736 905 adparuerunt
1754 861 1785 893 ei
1801 861 1891 894 duae
1908 859 2139 893 mulierculae
2155 872 2232 894 ma—

1234 912 1326 946 iores
1349 910 1505 945 humana
1529 912 1659 956 specie,
1687 922 1837 956 quarum
1861 911 1970 945 altera
1988 911 2091 945 vultu
2110 913 2234 946 mode-

1235 970 1288 997 sto
1308 971 1339 997 et
1360 963 1498 997 liberali
1517 969 1610 1003 erat,
1638 962 1738 995 nullo
1756 962 1942 1006 peregrino
1960 962 2059 997 cultu
2075 969 2136 996 aut
2149 963 2232 997 suco

1234 1021 1375 1054 ornata,
1402 1015 1460 1047 sed
1478 1014 1631 1057 genuina
1651 1013 1792 1047 bonitas
1809 1013 1944 1046 formae
1957 1014 2168 1057 adparebat,
2195 1014 2233 1048 in

1235 1078 1382 1109 corpore
1411 1065 1628 1105 mumficies,
1662 1065 1699 1097 in
1732 1064 1843 1097 oculis
1870 1064 2002 1107 pudor,
2034 1064 2071 1097 in
2096 1064 2234 1098 incessu

1235 1117 1416 1156 modestia,
1437 1123 1565 1150 vestem
1584 1123 1765 1160 praeterea
1781 1115 1968 1148 candidam
1985 1125 2120 1158 gerens.
2165 1114 2233 1149 Al-

1236 1175 1308 1202 tera
1332 1166 1506 1208 habitior,
1535 1174 1567 1200 et
1593 1167 1725 1207 fucata,
1752 1178 1832 1199 nam
1857 1173 1890 1199 et
1914 1166 2024 1199 rubor
2049 1174 2081 1200 et
2101 1167 2235 1200 candor

1235 1219 1350 1252 maior
1373 1226 1447 1252 erat
1473 1218 1605 1252 nativo.
1658 1215 1705 1250 Et
1730 1217 1915 1251 incedebat
1937 1216 2081 1260 supina,
2113 1218 2236 1251 oculos

1236 1271 1303 1303 late
1321 1271 1500 1314 pandens,
1527 1275 1620 1302 veste
1639 1269 1762 1302 induta
1774 1296 1783 1307 ,
1811 1280 1900 1313 quae
1917 1268 2067 1301 formam
2085 1269 2236 1302 maxime

1236 1321 1525 1360 commendabat,
1559 1319 1803 1364 contemplans
1835 1319 1979 1352 interim
2010 1330 2065 1358 se,
2104 1327 2138 1354 et
2165 1320 2234 1353 cir-

1236 1378 1498 1415 cumspectans,
1532 1382 1577 1403 an
1610 1371 1669 1403 alii
1697 1382 1732 1403 se
1759 1370 1940 1407 viderent,
1974 1381 2235 1416 nonnunquam

1236 1422 1341 1456 etiam
1357 1422 1521 1455 umbram
1537 1433 1635 1454 suam
1654 1420 1854 1464 respiciens.
1908 1419 2102 1466 Postquam
2119 1429 2236 1456 autem

1238 1473 1383 1517 propius
1409 1480 1554 1505 ventum
1582 1478 1652 1511 est,
1681 1472 1740 1504 illa
1765 1471 1864 1516 prior
1882 1472 2038 1505 modeste
2057 1474 2238 1516 pergebat.

1237 1523 1333 1557 Haec
1358 1530 1473 1557 autem
1502 1529 1539 1555 ut
1564 1529 1818 1562 anteverteret,
1853 1522 2004 1556 accurrit
2029 1524 2073 1556 ad
2101 1523 2237 1558 Hercu-

1238 1575 1326 1611 lem,
1370 1586 1408 1607 ac
1447 1574 1580 1618 inquit:
1625 1573 1737 1606 video
1771 1579 1802 1606 te
1834 1571 2004 1607 Hercules
2039 1574 2237 1609 deliberare

1237 1632 1353 1659 utram
1373 1625 1464 1657 viam
1482 1625 1523 1657 ad
1543 1625 1650 1657 vitam
1668 1624 1839 1667 agendam
1857 1624 2079 1667 ingrediaris.
2129 1625 2237 1670 Quod

1238 1677 1266 1709 si
1292 1688 1347 1709 me
1372 1676 1436 1710 tibi
1459 1675 1680 1713 adiunxeris,
1715 1676 1842 1708 ducam
1865 1682 1898 1708 te
1925 1675 2178 1711 iucundissima
2203 1685 2237 1712 et

1239 1727 1405 1761 facillima
1438 1727 1505 1761 via.
1559 1725 1665 1759 ‘Nulla
1699 1738 1755 1759 res
1788 1726 1943 1760 iucunda
1968 1734 2036 1766 est,
2071 1740 2138 1773 qua
2163 1741 2236 1763 non

1239 1778 1382 1822 potieris
1405 1785 1437 1811 et
1460 1777 1657 1811 molestiam
1682 1777 1818 1811 nullam
1842 1778 2060 1822 perpetieris.
2114 1779 2238 1825 Neque

1240 1830 1334 1863 enim
1363 1836 1423 1863 aut
1452 1829 1561 1869 bella,
1597 1835 1657 1862 aut
1683 1828 1749 1861 alia
1775 1829 1894 1871 gravia
1918 1830 2062 1872 negocia
2086 1832 2238 1870 curabis,

1239 1882 1297 1914 sed
1317 1878 1382 1913 hoc
1400 1892 1511 1914 unum
1530 1879 1699 1922 cogitabis
1716 1891 1754 1912 ac
1772 1891 1936 1924 quaeres,
1961 1881 2023 1914 ubi
2042 1888 2101 1914 aut
2119 1882 2238 1917 cibum

1239 1939 1299 1966 aut
1324 1938 1446 1976 potum
1470 1931 1668 1964 suaviorem
1694 1930 1872 1971 invenias,
1899 1938 1959 1964 aut
1975 1933 2071 1977 quod
2090 1933 2240 1969 delectet

1241 1983 1361 2016 oculos
1373 2010 1381 2021 ,
1409 1989 1468 2016 aut
1485 1983 1580 2016 unde
1598 1981 1797 2015 olfaciendo
1815 1988 1874 2015 aut
1891 1985 2068 2024 tangendo
2082 1984 2238 2030 aliquam

1241 2035 1456 2078 voluptatem
1475 2033 1657 2077 percipias,
1685 2040 1745 2066 aut
1761 2033 1822 2066 ubi
1840 2033 2020 2067 amoribus
2035 2035 2239 2078 perfruaris,

1241 2093 1301 2119 aut
1325 2085 1504 2130 quomodo
1528 2083 1736 2117 mollissime
1754 2084 1878 2120 cubes,
1904 2090 1937 2117 et
1956 2087 2136 2129 quomodo
2155 2085 2239 2123 haec

1241 2137 1360 2169 munia
1383 2136 1458 2169 sine.
1483 2136 1603 2181 aliquo
1621 2135 1740 2168 labore
1757 2136 1995 2179 consequaris.
2050 2135 2096 2172 Et
2113 2138 2141 2171 si
2158 2140 2238 2184 quis

1242 2188 1407 2221 inciderit
1431 2194 1543 2221 metus
1567 2186 1746 2229 egestatis,
1776 2198 1848 2218 non
1866 2193 1915 2220 est
1932 2188 2026 2231 qnod
2045 2189 2168 2223 timeas
2184 2202 2240 2225 me

1242 2239 1305 2272 tibi
1343 2239 1478 2283 aliquid
1520 2238 1650 2271 laboris
1681 2237 1925 2281 imposituram
1959 2250 2049 2279 esse,
2092 2241 2238 2275 efficiam

1242 2291 1347 2328 enim,
1375 2297 1413 2323 ut
1431 2289 1560 2323 fruaris
1575 2286 1640 2327 his,
1667 2301 1756 2333 qnae
1773 2289 1888 2321 alieno
1907 2289 2027 2324 labore
2044 2299 2140 2335 parta
2157 2301 2240 2328 sum

1245 2342 1279 2374 in
1307 2347 1484 2385 prmnptu.
1539 2339 1608 2374 Nec
1633 2340 1703 2373 ulla
1731 2352 1766 2372 re
1791 2340 1985 2374 abstinebis
2012 2343 2106 2375 unde
2131 2346 2239 2378 modo

1215 2422 1217 2431 ,
1242 2405 1358 2436 speres
1390 2399 1422 2425 te
1454 2392 1608 2436 aliquam
1642 2391 1858 2434 xolnptatem
1889 2404 1988 2435 posse
2019 2393 2238 2430 lucrifacere:

505 2443 563 2477 Nil
596 2443 671 2475 sinc
703 2455 828 2483 magno
855 2443 922 2475 vita
950 2443 1069 2474 labore
1095 2441 1191 2475 dedit
1216 2445 1217 2450 ¹

1245 2457 1306 2485 ego
1331 2444 1426 2476 enim
1447 2443 1533 2476 meis
1550 2442 1730 2475 sodalibus
1745 2449 1949 2486 potestatem
1966 2443 2055 2478 facio
2069 2457 2107 2477 ex
2121 2447 2239 2481 omui-

1245 2497 1309 2528 bus
1336 2496 1438 2528 rebns
1462 2494 1659 2537 voluptates
1683 2495 1879 2537 decerpere.
1947 2493 2042 2528 llaec
2068 2494 2239 2532 Hercules

1244 2547 1410 2585 audiens,
1446 2545 1577 2590 inquit:
1618 2544 1767 2583 Mulier,
1799 2545 1892 2589 qnod
1920 2553 1968 2578 est
1996 2546 2058 2579 tibi
2082 2551 2240 2583 nomen?

1245 2597 1339 2630 'l'nm
1375 2598 1450 2630 illa:
1486 2596 1558 2630 Mei
1592 2596 1729 2630 sodales
1762 2603 1886 2629 vocant
1909 2608 1964 2629 me
1989 2595 2237 2635 Foelicitatem.

1245 2650 1316 2691 Qui
1341 2662 1394 2682 me
1419 2655 1673 2691 aspernantur,
1702 2653 1826 2680 vocant
1851 2659 1904 2680 me
1933 2646 2124 2689 ignaviam.
2178 2650 2240 2685 Ιη-

1246 2708 1336 2734 terea
1370 2699 1510 2734 accessit
1542 2707 1573 2733 et
1599 2699 1706 2733 altera
1734 2698 1878 2736 mulier,
1914 2699 2086 2745 dixitque:
2123 2700 2237 2737 Venio
