2338 2958
193 130 267 166 583

195 217 262 257 ita,
298 215 326 249 si
343 214 505 249 Creontis
532 212 624 245 filius
650 216 838 249 mactatus,
871 209 1018 243 victima
1042 210 1100 243 fiat
1123 222 1185 254 pro

196 267 318 311 patria.
378 262 524 298 Calchas
551 262 687 295 divinat
710 262 753 293 de
777 259 912 293 excidio
945 260 1092 293 Troiae:
1127 261 1186 293 sed

198 317 303 351 simul
321 317 415 349 iubet
432 313 538 355 Regis
555 312 661 344 filiam
679 310 870 346 immolari.
925 309 1014 344 Cum
1033 309 1188 344 Alexan-

199 370 302 401 drum
327 367 363 398 in
389 364 486 397 aditu
502 363 624 408 Syriae
648 362 763 395 subita
788 361 926 405 eclipsis
944 361 1066 394 Lunae
1092 373 1190 395 exce-

200 419 305 462 pisset
333 426 451 447 mense
473 411 643 454 Octobri,
676 419 710 446 et
732 412 899 445 nonnulli
926 412 1088 455 prodigio
1113 424 1191 445 mo—

202 473 384 505 verentur,
412 464 618 497 vaticinatus
633 470 683 497 est
698 461 906 496 Aristander
922 474 962 495 eo
987 474 1106 496 mense
1121 461 1191 495 Ba-

201 517 377 561 bylonem,
403 515 588 559 profligato
604 513 712 547 Dario
731 520 915 546 venturam
932 513 968 545 in
987 519 1191 557 potestatem

202 566 406 601 Alexandri.
458 563 505 598 Et
531 565 612 610 quia
637 564 873 608 periculosum
898 570 1074 597 certamen
1098 564 1194 596 sutu-

202 631 278 651 rum
299 623 390 655 erat,
417 616 518 649 iussit
535 613 688 648 humana
708 612 820 647 hostia
840 614 947 647 litari.
1002 613 1117 647 Multa
1135 625 1194 646 ex-

203 675 278 701 tant
294 666 422 700 similia
443 665 598 709 exempla
617 665 652 697 in
671 663 834 703 Graecis,
863 664 999 697 Latinis
1017 670 1050 696 et
1068 665 1196 696 barba—

203 719 284 752 ricis
310 716 484 756 historiis,
519 727 607 759 quae
632 726 744 757 nuper
769 714 873 747 etiam
899 714 1016 759 inquit
1040 713 1195 747 Ambro—

204 769 293 807 sius,
320 774 487 801 renovata
511 766 675 798 audimus
691 777 708 797 a
725 763 882 805 Iuliano,
909 764 971 809 qui
988 775 1023 797 se
1040 763 1196 797 Alexan-

203 821 307 853 drum
329 819 477 852 alterum
502 813 681 860 perhiberi
706 815 855 848 volebat.
908 814 998 848 Cum
1024 815 1119 847 enim
1137 826 1197 847 ve·-

203 870 310 902 nisset
335 869 370 901 in
396 868 517 900 eadem
543 867 617 899 loca
636 865 777 911 Syriae,
803 877 939 898 memor
957 864 1138 905 sacrificii,
1165 871 1198 897 et

205 931 322 953 rerum
339 918 389 952 ibi
406 918 450 950 ab
469 917 672 951 Alexandro
692 923 885 959 gestarum,
913 922 947 949 et
970 915 1043 959 ipse
1067 923 1198 949 macta-

206 971 255 1004 vit
271 967 444 1003 humanas
460 965 612 1008 hostias,
638 979 677 1000 ac
694 966 803 1000 astitit
822 963 928 1000 homo
946 963 1199 1010 Philosophus,

205 1021 355 1060 scilicet,
378 1030 482 1064 quem
497 1018 612 1051 Pallas
637 1017 711 1061 ipsa
734 1018 777 1051 ad
801 1016 991 1061 imperium
1016 1023 1049 1050 et
1066 1017 1199 1050 instau-

206 1072 335 1105 randas
365 1076 497 1103 veteres
520 1068 709 1111 religiones
736 1074 893 1107 vocarat,
926 1068 1033 1100 fibras
1059 1067 1199 1100 dissecti

208 1121 363 1166 corporis
395 1119 565 1164 inspexit,
600 1125 634 1152 et
666 1118 785 1161 digitis
820 1117 892 1151 suis
926 1117 1128 1162 discerpsit,
1167 1123 1201 1152 et

207 1173 326 1207 omnia
344 1171 452 1204 cladis
470 1177 651 1203 secuturae
669 1168 831 1212 captavit.

279 1221 388 1256 Recte
404 1218 665 1263 aitEuripides:
690 1218 719 1252 el
737 1216 821 1252 θεοί
834 1230 867 1251 τι
883 1216 1023 1262 δρῶσιν
1033 1215 1199 1262 αἰσχρὸν,

209 1273 276 1309 οὐκ
294 1273 384 1306 εἰσιν
405 1269 496 1305 θεοὶ.
550 1269 671 1303 Toties
687 1275 802 1301 autem
820 1269 924 1301 vestri
947 1267 1072 1309 Vates,
1097 1268 1200 1314 Sym-

209 1321 350 1363 mache,
378 1323 555 1355 iusserunt
579 1319 723 1352 mactari
743 1316 916 1352 humanas
938 1315 1088 1358 hostias,
1116 1331 1199 1351 con-

209 1376 437 1408 firmaverunt
471 1372 552 1405 item
584 1370 772 1403 absurdam
806 1369 903 1402 illam
929 1368 1135 1413 opinionem
1158 1370 1201 1402 de

210 1427 355 1458 deorum
374 1421 615 1456 multitudine.

310 1472 406 1507 Haec
440 1472 568 1515 flagitia
608 1483 680 1504 non
715 1471 759 1504 ab
788 1470 847 1503 illa
882 1476 1022 1503 aeterna
1051 1477 1084 1503 et
1113 1470 1202 1503 iusta

210 1533 326 1559 mente
359 1523 552 1557 conditrice
581 1534 719 1561 rerum,
755 1521 813 1553 sed
844 1521 887 1553 ab
918 1520 995 1553 aliis
1020 1521 1202 1554 autoribus

211 1577 428 1615 oriebantur,
455 1574 514 1618 qui
534 1573 616 1606 odio
637 1573 709 1604 veri
727 1570 793 1604 Dei
820 1571 1005 1604 saeviciam
1038 1571 1074 1603 in
1094 1583 1202 1614 genus

214 1626 408 1660 humanum
427 1630 599 1657 exercent.
652 1621 828 1655 Horresco
846 1621 1017 1661 reserens,
1045 1633 1122 1654 cum
1143 1621 1200 1653 illa

213 1675 502 1721 superstitionum
537 1679 696 1718 portenta
726 1671 857 1715 cogito,
902 1683 991 1716 quae
1018 1679 1201 1715 pervagata

214 1734 295 1761 sunt
321 1737 442 1759 omnes
464 1731 594 1768 gentes.
650 1722 740 1756 Cum
764 1733 856 1755 unus
878 1722 923 1755 sit
940 1721 1054 1761 Deus,
1082 1722 1141 1767 qui
1168 1734 1202 1754 se

216 1778 374 1823 patefecit
389 1787 449 1808 sua
469 1787 570 1812 voce,
599 1779 631 1805 et
648 1773 742 1806 misit
761 1783 860 1805 veros
877 1779 977 1805 testes
995 1772 1077 1804 iude
1094 1784 1202 1816 usque

214 1830 258 1862 ab
278 1827 396 1866 initio,
420 1825 562 1858 interim
583 1831 698 1857 tamen
717 1822 957 1865 superbissimi
978 1822 1121 1865 spiritus
1141 1823 1202 1855 ab-

216 1878 293 1913 iecti
317 1889 334 1910 a
352 1877 425 1910 Deo
450 1875 655 1908 offuderunt
680 1871 884 1906 homiuibus
901 1873 987 1906 alias
1006 1872 1203 1916 opiniones,

216 1930 344 1975 quibus
360 1926 547 1960 fascinatae
571 1931 703 1957 mentes
721 1924 808 1956 mira
829 1923 972 1957 audacia
993 1923 1151 1956 luserunt
1168 1923 1202 1955 in

216 1978 461 2022 religionibus,
489 1984 518 2009 et
537 1976 738 2019 polluerunt
754 1987 789 2007 se
811 1974 908 2007 omni
931 1974 1070 2008 scelere.
1123 1973 1202 2006 Non

218 2031 325 2063 miror
343 2035 456 2061 autem
475 2034 506 2060 te
521 2022 730 2070 Symmacho.
747 2025 877 2057 moveri
894 2030 943 2057 tot
960 2024 1130 2067 gentium,
1155 2030 1203 2056 tot

217 2081 434 2117 soculorum,
468 2085 518 2110 tot
545 2075 681 2117 Regum
710 2087 747 2108 ac
776 2087 993 2107 summorum
1019 2072 1202 2107 homiuum

218 2130 393 2172 oxeirtplis.
430 2128 603 2161 Miramur
620 2133 648 2158 ct
671 2126 734 2169 ipsi
755 2132 884 2157 tantam
905 2137 976 2158 esse
993 2126 1202 2157 daemonum

220 2181 428 2224 potentiam,
456 2184 591 2210 tantum
619 2176 901 2220 praestigiarum,
931 2183 1045 2209 tantos
1069 2186 1204 2208 errores

221 2231 441 2264 inmundum
464 2227 662 2272 pervasisse.

220 2280 376 2314 ethninos
409 2280 487 2311 illae
521 2279 613 2321 ipsae
647 2277 883 2320 turpitudiues
914 2276 1203 2320 superstitionum

220 2332 410 2367 nituerint,
438 2336 471 2361 ut
492 2328 696 2369 cogitarim,
724 2328 817 2359 aliud
837 2328 1004 2371 quiddam
1026 2339 1118 2362 csse,
1147 2339 1202 2357 vt·—

718 2226 785 2259 Nec
802 2227 946 2265 dubito,
969 2226 1054 2271 quin
1076 2226 1204 2258 multos

220 2396 291 2415 rain
313 2381 526 2421 religionem.
557 2378 617 2411 lit-t
631 2386 660 2409 tc
678 2379 782 2418 igitur
799 2379 908 2411 sontes
928 2378 1082 2410 veritatis
1099 2390 1203 2421 aptat·-

221 2434 329 2465 rimus
347 2432 380 2463 iu
399 2431 508 2472 prima
528 2429 685 2461 doctriua
705 2429 907 2461 confirmata
924 2429 1025 2461 certis
1046 2428 1203 2460 testimo-

222 2484 287 2515 niis
304 2481 519 2513 ‹mh-stitms.

324 2531 503 2564 llaltuistis
527 2531 704 2561 mirandus
728 2536 890 2562 eventus:
924 2530 982 2561 scut
1009 2527 1113 2561 hahet
1139 2526 1204 2560 Επ-

221 2584 322 2616 ι·Ιο5Ξ;ι
342 2582 594 2620 t‹›·1‹,:··.·ti‹=s;·c
613 2594 714 2622 supra
733 2582 942 2611 ilat-tmuium
959 2593 970 2609 x
983 2580 1047 2611 ires
1065 2579 1204 2621 positus,

823 2638 938 2663 nat-'un
973 2631 1129 2663 sobolem
1163 2642 1200 2660 cx·

222 2685 373 2721 ‹tlon-tis„
403 2693 595 2723 rvprvsxuru
614 2682 694 2711 solis
713 2693 864 2715 rursum.

224 2633 517 2667 resuscitationis-m
549 2638 785 2669 mortuorum,

893 122 926 158 D
944 123 1063 159 ECL.
1100 122 1173 159 DE
1211 118 1537 158 AMBROSIO.

2163 122 2237 159 584

1339 205 1523 241 Habuistis
1550 206 1716 241 vaticinia
1742 209 2021 256 qualiacunque,
2062 218 2122 246 aut
2164 220 2240 242 am-

1241 258 1364 300 bigua,
1391 264 1452 291 aut
1474 268 1591 291 rerum
1616 269 1755 299 earum,
1781 271 1870 303 quae
1894 268 1994 294 erant
2017 269 2121 296 notae
2153 262 2239 294 dae-

1242 307 1419 342 monibus.
1470 306 1540 341 Sed
1557 305 1664 342 habet
1679 307 1838 343 Ecclesia
1854 309 1957 354 longe
1973 312 2039 345 alia
2058 311 2240 351 vaticinia,

1244 360 1286 391 de
1303 358 1484 390 voluntate
1500 357 1585 399 Dei,
1607 359 1651 392 de
1667 359 1832 393 fatalibus
1849 371 1910 393 seu
1928 361 2058 396 divinis
2076 361 2236 397 universi

1244 407 1649 450 mundimutationibus‚
1665 409 1844 443 deordine
1865 410 2093 454 imperiorum
2112 425 2238 458 perpe-

1246 465 1318 493 tuo,
1372 457 1468 491 Haec
1491 459 1562 493 fata
1585 466 1619 494 et
1644 459 1858 503 ignorabant
1880 466 1914 494 et
1937 461 2129 498 formidant
2156 465 2241 497 dae-

1246 520 1380 543 mones.
1435 507 1544 543 lnitio
1570 509 1664 544 Deus
1689 511 1864 555 praedixit
1891 521 1927 544 se
1958 511 2147 547 missurum
2172 511 2240 547 hu-
2261 534 2267 538 ·

1247 571 1352 592 mano
1369 559 1487 602 generi
1504 559 1766 605 Liberatorem,
1793 560 1856 607 qui
1876 561 1985 605 possit
2003 563 2128 596 tollere
2145 576 2242 598 mor-

1247 617 1331 643 tem.
1374 609 1498 643 Postea
1520 610 1624 645 Vates
1641 612 1753 645 nostri
1772 613 1816 645 de
1831 618 1989 656 tempore
2007 613 2182 655 dixerunt,
2208 620 2242 647 et

1248 660 1290 692 iis
1313 660 1588 703 mutationibus,
1622 674 1711 707 quae
1741 662 1884 696 interim
1915 669 2102 696 eventurae
2132 672 2242 698 erant.

1248 709 1376 743 Daniel
1403 711 1495 744 clare
1522 712 1589 753 ait,
1615 719 1768 758 quatuor
1785 713 1921 747 futuras
1944 712 2184 756 monarchias,
2211 721 2244 748 et

1248 761 1286 793 in
1306 767 1430 804 quarta
1447 769 1637 796 venturum
1653 764 1858 804 dominum,
1886 770 1919 797 et
1942 775 2030 807 pene
2054 765 2167 808 ipsum
2185 777 2244 798 ar-

1250 811 1398 844 ticulum
1413 812 1610 846 constituit:
1637 811 1770 847 Omnia
1786 821 1998 858 congruunt,
2016 815 2111 849 venit
2120 815 2244 850 Domi-

1250 872 1335 901 nus,
1370 861 1433 905 qui
1460 862 1580 896 multis
1607 865 1775 909 exemplis
1808 871 1951 899 testatus
1976 872 2044 906 est,
2077 877 2113 899 se
2145 878 2244 910 posse

1251 912 1399 945 reddere
1417 912 1524 945 vitam
1542 914 1702 948 mortuis.

1352 960 1400 995 Et
1416 963 1513 996 venit
1528 975 1568 997 eo
1587 971 1762 1010 tempore,
1783 968 1877 1012 quod
1898 975 1988 1003 extat
2005 968 2042 1001 in
2059 967 2244 1002 vaticiniis.

1252 1009 1352 1046 Nohe
1375 1013 1567 1057 praedixit,
1600 1021 1710 1050 totam
1735 1024 1862 1050 terram
1880 1019 2015 1053 diluvio
2042 1020 2245 1061 perituram,

1252 1069 1398 1096 eventus
1424 1065 1617 1107 respondit.
1677 1065 1799 1098 Esaias
1822 1067 1966 1101 nomine
1990 1065 2123 1112 Cyrum
2148 1067 2246 1101 cotn'-

1253 1113 1376 1156 pellat‚
1417 1113 1479 1158 qui
1507 1114 1614 1158 longo
1640 1121 1797 1160 tempore
1824 1124 1903 1160 post
1933 1125 2037 1152 natus
2065 1125 2131 1152 est:
2169 1124 2248 1162 post

1254 1161 1349 1197 huuc
1373 1163 1516 1197 adducit
1539 1164 1577 1196 in
1605 1162 1727 1198 Asiam
1752 1163 2008 1204 Alexandrum.
2070 1168 2140 1203 Sed
2162 1169 2247 1203 ittu-

1253 1214 1358 1246 strior
1381 1221 1432 1247 est
1455 1213 1614 1247 Danielis
1637 1216 1852 1260 praedictio,
1880 1230 1970 1263 quae
1993 1231 2081 1263 pene
2099 1217 2246 1253 historia

1254 1269 1304 1296 est
1328 1264 1520 1297 multorum
1541 1276 1742 1308 regnorum.
1794 1266 1866 1301 Nec
1888 1269 1961 1302 ulla
1986 1281 2069 1313 gens
2093 1270 2161 1303 alia
2182 1267 2246 1303 ha-

1255 1314 1332 1347 buit
1362 1314 1490 1347 similia
1514 1315 1696 1354 vaticinia,
1731 1329 1821 1362 quae
1849 1324 1956 1352 totam
1982 1321 2107 1353 mundi
2134 1318 2247 1354 histo-

1255 1365 1362 1404 riam,
1396 1376 1501 1410 quam
1529 1367 1735 1410 praevidere
1764 1369 1953 1403 daemones
1986 1382 2059 1404 non
2084 1377 2247 1415 poterant

1255 1415 1581 1458 complecterentur.

1358 1465 1477 1508 Quare
1496 1478 1574 1500 cum
1597 1480 1671 1502 non
1690 1469 1839 1504 dubium
1858 1471 1919 1513 sit,
1945 1469 2029 1506 haec
2044 1483 2064 1506 a
2078 1469 2154 1505 Deo
2169 1479 2247 1507 orta

1255 1527 1346 1556 esse,
1372 1523 1545 1551 testantur
1569 1524 1602 1552 et
1628 1519 1799 1565 reliquam
1822 1521 2019 1556 doctrinam
2042 1530 2246 1556 nostrorum

1258 1566 1386 1600 Vatum
1403 1567 1561 1602 divinam
1585 1581 1668 1604 esse.
1722 1570 1866 1605 Utinam
1884 1570 1940 1607 hic
1957 1573 2095 1607 recitari
2113 1572 2249 1617 integra

1256 1617 1419 1651 refutatio
1436 1616 1638 1662 Symmachi
1663 1628 1790 1665 posset.
1842 1621 1913 1656 Sed
1936 1624 2050 1668 capita
2074 1623 2247 1662 recensui,

1255 1679 1344 1712 quae
1378 1667 1547 1711 cogitare,
1580 1671 1746 1704 studiosis
1774 1671 1859 1705 utile
1893 1680 1963 1714 est,
2000 1681 2038 1707 ut
2066 1674 2247 1707 erroribus

1256 1715 1404 1751 ethnicis
1421 1724 1451 1752 et
1469 1719 1681 1754 daemonum
1708 1721 1903 1766 praestigiis
1928 1735 2106 1769 opponere
2127 1723 2247 1767 gravia

1256 1774 1289 1801 et
1307 1768 1406 1801 firma
1425 1777 1628 1812 argumenta
1648 1772 1793 1815 possint.

1358 1818 1499 1852 Dictum
1523 1826 1573 1853 est
1598 1822 1641 1854 de
1665 1822 1894 1867 antiquitate,
1930 1829 1965 1856 et
1988 1823 2031 1856 de
2056 1824 2248 1860 miraculis.

1257 1868 1419 1902 Tertium
1438 1877 1684 1913 argumentum
1711 1872 1862 1905 sumitur
1880 1873 1924 1907 ab
1945 1873 2020 1917 ipso
2039 1885 2165 1917 genere
2181 1876 2247 1909 do-

1257 1919 1400 1953 ctrinae.
1441 1919 1530 1954 Nam
1547 1919 1681 1964 Celsus,
1711 1922 1879 1964 lulianus,
1906 1922 2150 1969 Symmachus,
2173 1925 2248 1959 dis-

1256 1971 1417 2003 s‹·rebant
1439 1970 1639 2004 universam
1669 1972 1808 2006 virtutis
1839 1974 2053 2015 doctrinam,
2087 1988 2247 2019 compre-

1259 2019 1401 2053 hensam
1430 2032 1500 2054 esse
1525 2021 1658 2064 legibus
1676 2022 1801 2057 Atticis
1827 2031 1857 2057 et
1879 2023 2069 2065 Romanis,
2096 2033 2154 2059 aut
2174 2024 2246 2059 tle-

1257 2071 1345 2103 siodi
1364 2077 1395 2104 et
1412 2069 1616 2116 thcytidis
1637 2074 1843 2118 praeceptis,
1870 2082 1925 2108 aut
1946 2072 2245 2120 Philosophorum

1259 2121 1378 2162 literis,
1405 2133 1467 2154 uec
1484 2119 1704 2158 Christianos
1723 2137 1810 2157 nova
1828 2131 1887 2158 aut
1904 2125 2046 2158 meliora
2063 2133 2245 2170 praecepta

1258 2180 1346 2205 recte
1366 2172 1507 2204 vivendi
1536 2173 1728 2214 invenisse,
1756 2176 1926 2220 quaedam
1946 2176 2049 2209 ctiam
2068 2177 2247 2211 miscuisse

1259 2223 1395 2255 inutilia
1415 2222 1581 2266 imperiis.

1362 2273 1425 2305 llic
1449 2281 1622 2306 certamen
1647 2287 1724 2307 cum
1742 2275 1955 2320 Symmacho
1975 2276 2084 2309 multo
2108 2277 2246 2321 lougius

1260 2324 1465 2356 instituitur.
1533 2324 1669 2357 (ient-ra
1707 2326 1947 2359 doctrinarum
1981 2327 2244 2362 discernuntur:

1261 2376 1302 2407 t't
1335 2376 1452 2407 liunt-u
1482 2375 1516 2407 in
1546 2376 1654 2407 uentis
1679 2384 1800 2408 uatum
1830 2378 1957 2420 fulge-t,
1995 2378 2040 2411 ita
2070 2379 2245 2411 mentibus

1260 2425 1422 2457 luuuauis
1457 2426 1586 2458 inditae
1615 2434 1692 2459 suut
1724 2428 1890 2463 notit-tw,
1926 2441 2014 2471 quae
2041 2429 2244 2461 discernunt

1260 2475 1401 2508 luunt-sta
1423 2483 1453 2508 vt
1473 2477 1597 2519 turpia.
1654 2477 1824 2522 lt.tqu··1tt
1850 2481 1892 2509 «lc
1910 2478 2064 2510 numeris
2083 2491 2120 2510 ac
2145 2491 2245 2511 mcu-

1259 2527 1348 2558 >=1tis
1375 2527 1447 2558 §.tui
1475 2539 1594 2559 uinucs
1626 2529 1728 2560 ctiam
1758 2529 1895 2561 harh-mi
1923 2529 2166 2567 consentiunt,
2198 2531 2244 2563 ita

1258 2578 1368 2609 ‹dtu-in
1396 2575 1538 2609 hunt-sta
1565 2578 1599 2609 iu
1628 2576 1689 2609 hac
1715 2580 1890 2610 communi
1918 2579 2079 2611 sucin-tat«-
2111 2580 2243 2613 iutelli—

1258 2635 1339 2666 ;:=tttt
1360 2641 1396 2659 :tc
1412 2628 1620 2662 diiudicant.
1676 2627 1715 2662 lit
1735 2630 1826 2672 ιμιιιιΙ
1852 2629 1960 2661 multo
1981 2631 2166 2669 gloriosius
2184 2638 2244 2669 cst,

1227 2665 1232 2721 Ι
1256 2692 1332 2710 cum
1352 2677 1456 2711 houm
1474 2679 1514 2710 sit
1537 2680 1648 2721 imago
1670 2678 1743 2716 Dri,
1772 2681 1940 2723 quaedam
1959 2681 2062 2712 ctiam
2081 2682 2243 2714 conutitu-
