2338 2958
232 137 301 172 871
671 127 828 164 macl..
862 127 936 162 DE
969 125 1190 162 sTumo
1225 125 1489 162 LmouAE
1523 125 1810 164 ERRAEAE.
2181 129 2254 164 872

236 235 317 256 vera
343 222 484 265 pietate,
520 217 711 251 Lucianus:
747 214 904 247 scribunt
930 213 1023 245 enim
1048 212 1219 245 sinceram
1359 211 1412 246 Ac
1428 212 1496 246 late
1511 219 1604 257 patet
1621 210 1688 246 hoc
1703 214 1799 258 quod
1816 214 1859 247 de
1874 211 1991 258 phrasi
2011 213 2174 249 diximus.
2207 212 2257 248 Ut

238 281 271 307 et
286 273 523 314 incorruptam
540 267 613 300 eius
627 264 835 299 sententiam
859 263 895 296 in
918 263 1082 297 omnibus
1097 261 1221 296 Eccle-
1271 263 1346 296 sine
1367 262 1444 296 luce
1467 275 1540 296 non
1564 263 1659 297 cerni
1683 271 1829 307 possunt
1858 264 2016 299 colorum
2041 263 2257 303 discrimina,

239 327 308 357 siae
330 319 550 364 dogmatibus
568 317 683 350 fuisse.
737 314 805 348 Hic
824 314 933 347 edidit
959 313 1221 358 interpretatio—
1272 314 1318 347 ita
1342 313 1417 346 sine
1439 314 1639 357 cognitione
1656 311 1812 358 phrasis,
1836 320 1930 348 totus
1951 326 2064 348 sermo
2080 314 2207 348 veteris
2223 321 2259 348 et

238 387 317 408 nem
337 372 436 405 valde
452 369 639 401 laudatam.
684 365 802 409 Quare
819 364 952 398 etiamsi
970 363 1220 408 Apostolorum
1245 344 1249 425 l
1272 364 1357 396 novi
1384 363 1601 398 Testamenti
1635 365 1776 408 ignotus
1810 371 1870 400 est.
1922 364 2012 398 Nam
2039 366 2104 399 etsi
2129 377 2258 398 monu-

240 430 348 458 aetate
383 418 624 463 interpretatio
657 417 694 449 in
729 415 893 449 manibus
925 413 1112 448 hominum
1145 414 1223 452 suit,
1274 421 1390 448 menta
1412 414 1665 459 Apostolorum
1691 413 1825 449 Graeca
1849 422 1950 456 sunt,
1982 422 2098 449 tamen
2122 413 2259 460 phrasis

241 482 467 519 quoscunque
500 469 559 501 illa
594 474 732 501 autores
765 464 905 499 hahuit:
940 474 1056 499 tamen
1083 465 1224 507 linguae
1275 463 1496 499 estEbraica:
1520 473 1559 499 ut
1575 478 1670 499 nunc
1687 466 1830 509 plurimi
1844 466 1966 499 Latine
1983 466 2175 511 loquentes,
2198 477 2260 510 pa-

240 523 394 558 studium
431 520 566 553 utiliter
599 524 772 552 retentum
804 523 872 558 est,
905 523 944 550 ut
969 517 1096 549 usitata
1120 515 1223 548 lectio
1274 517 1361 550 triae
1390 515 1530 559 linguae
1566 514 1711 561 phrasin
1749 523 1865 550 tamen
1897 517 2091 552 imitantur.
2151 515 2260 562 quue

242 572 419 608 emendari
443 577 476 603 et
502 569 671 603 illustrari
700 574 824 613 posset.
883 564 983 600 Nihil
1005 566 1142 599 facilius
1165 571 1226 605 est,
1276 567 1386 610 magis
1404 567 1529 601 accidit
1546 565 1744 611 Apostolis‚
1776 567 1837 612 qui
1854 564 2111 611 Prophetarum
2129 577 2261 599 sermo—

241 637 343 671 quarn
367 633 532 665 magnum
552 631 714 653 acervum
738 625 931 651 erratorum
951 624 1105 650 vetustae
1129 616 1226 649 illius
1251 641 1253 643 .
1276 630 1356 650 nem
1374 617 1472 659 gravi
1487 618 1634 651 consilio
1649 625 1681 651 et
1698 629 1825 661 magno
1841 618 1958 651 studio
1975 618 2210 663 sequebantur
2224 627 2262 650 ac

242 675 396 710 Graecae
412 671 572 705 lectionis
589 681 791 713 congerere,
818 675 851 701 et
867 668 1008 712 quidem
1027 668 1063 700 in
1085 674 1226 700 senten-
1250 646 1254 696 l
1277 669 1480 701 reddebant.
1536 668 1582 702 t]
1601 669 1708 712 igitur
1731 675 1823 701 recte
1847 675 1878 702 et
1902 669 2022 701 dextre
2046 667 2264 711 intelligatur

241 727 299 760 tiis
323 736 410 770 quae
437 722 645 767 peculiarem
671 719 866 752 doctrinam
891 718 1091 758 continent,
1126 724 1165 751 ut
1189 717 1226 749 in
1251 698 1255 860 l
1278 729 1386 762 genus
1419 720 1591 752 sermonis
1626 720 1663 752 in
1704 719 1870 753 universo
1905 730 2051 763 corpore
2085 729 2264 752 sacrorum

241 777 381 811 Psalmo
404 786 476 807 non
498 771 792 805 dissimulandum
819 770 979 814 estquod
1001 769 1226 812 scripserunt,
1278 770 1468 808 librorum,
1505 767 1642 813 phrasis
1669 771 1836 803 discenda
1868 777 1929 805 est.
1986 768 2042 804 Ad
2071 767 2163 802 hanc
2190 768 2265 801 sine

241 823 506 871 Apprehendite
532 822 768 865 disciplinam:
811 832 873 864 pro
905 820 998 853 dicto
1022 817 1228 863 Prophetae,
1278 818 1439 853 Ebraicis
1454 820 1564 853 literis
1580 821 1759 865 perveniri
1776 833 1848 854 non
1867 827 1990 865 potest.
2041 819 2130 854 Nam
2149 818 2266 852 consi-

241 874 463 912 Osculamini
487 873 610 907 filium,
664 871 705 904 ln
730 869 796 904 hoe
822 871 918 909 loco,
945 870 1005 915 qui
1032 871 1074 902 de
1099 869 1228 902 Messia
1279 870 1454 903 derandae
1477 877 1559 904 sunt
1581 872 1770 905 verborum
1795 871 1948 915 origines
1970 877 2004 905 et
2025 868 2207 914 emphases
2229 869 2266 902 in

240 926 480 962 testimonium
508 931 540 957 et
569 922 764 956 doctrinam
795 921 1032 954 dulcissimam
1061 920 1229 960 continet,
1279 921 1364 965 ipsis
1385 921 1562 962 sontibus,
1592 923 1757 956 discenda
1780 929 1829 955 est
1852 922 2064 967 proprietas,
2092 929 2125 955 et
2141 921 2266 954 viden-

241 976 470 1012 hallucinatio
486 974 575 1009 iuste
591 971 872 1018 reprehenditur.
905 971 957 1005 Ac
972 971 1100 1004 similia
1116 978 1228 1004 errata
1280 974 1385 1012 dum,
1415 972 1477 1005 ubi
1502 973 1758 1006 transferantur
1773 985 1875 1006 voces
1900 973 2073 1016 singulae,
2101 978 2160 1006 aut
2184 971 2267 1004 iun-

240 1026 538 1072 interpretationis
557 1031 710 1058 vetustae
725 1022 878 1056 Graecae
895 1030 927 1055 et
947 1022 1094 1056 Latinae
1122 1021 1228 1054 multa
1280 1029 1372 1063 ctae,
1400 1023 1573 1056 allusione
1589 1031 1619 1057 et
1638 1024 1756 1067 figuris
1773 1025 1813 1056 ad
1833 1023 1965 1057 vicinas
1982 1022 2265 1067 significationes.

240 1079 378 1113 recitari
395 1083 544 1121 possent.
579 1074 726 1117 Quoties
743 1074 844 1107 etiam
863 1073 998 1112 accidit,
1019 1079 1058 1106 ut
1073 1073 1227 1104 membra
1281 1072 1442 1107 Omnino
1467 1075 1654 1118 peculiaris
1676 1075 1786 1108 sorma
1815 1081 1864 1108 est
1886 1074 2075 1114 orationis,
2102 1071 2267 1116 gravissi·

240 1132 275 1164 in
297 1127 585 1172 interpretatione
602 1131 846 1168 compareant,
872 1130 903 1156 et
923 1130 1038 1156 tamen
1057 1123 1227 1156 sententia
1279 1137 1356 1157 mae
1373 1124 1469 1157 illius
1485 1125 1716 1169 antiquitatis,
1745 1125 1870 1165 brevis,
1897 1125 2051 1158 conferta
2070 1125 2185 1163 rebus,
2210 1134 2268 1156 ve-

240 1193 313 1214 non
330 1178 547 1220 intelligatur
565 1177 608 1208 ab
626 1176 669 1207 iis
686 1175 744 1219 qui
766 1172 908 1218 phrasin
934 1185 1005 1206 non
1027 1179 1229 1215 agnoscunt,
1279 1177 1443 1215 reconda,
1467 1187 1539 1208 non
1558 1175 1741 1217 ambigua,
1767 1176 1826 1208 sed
1844 1175 1927 1208 alibi
1945 1176 2105 1219 proprie,
2134 1175 2278 1216 signate

240 1239 277 1265 ιιι
299 1232 335 1263 in
355 1229 509 1262 Psalmo:
538 1226 575 1259 Si
602 1225 783 1257 dormietis
811 1225 901 1257 inter
922 1224 1057 1256 medios
1076 1224 1229 1269 clypeOS,
1281 1232 1313 1258 et
1329 1225 1483 1257 dilucide
1507 1237 1708 1269 proponens
1731 1226 1821 1269 leges
1848 1233 1880 1259 et
1897 1226 2079 1269 dogmata,
2107 1225 2190 1257 alibi
2215 1235 2270 1257 res

238 1293 374 1327 pennae
399 1278 582 1312 columbae
601 1276 695 1308 velut
720 1282 901 1316 argentum
921 1281 953 1307 et
976 1286 1100 1307 aurum
1118 1274 1229 1317 sulge-
1281 1276 1416 1309 easdem
1437 1276 1649 1309 dulcissimis
1668 1276 1787 1319 figuris
1806 1276 1968 1320 pingens:
1997 1287 2085 1321 quae
2103 1276 2149 1309 ita
2165 1272 2268 1308 adhi-

239 1335 339 1367 bunt.
391 1328 501 1364 Recte
525 1328 630 1360 verba
656 1327 790 1359 reddita
810 1332 910 1367 sunt,
938 1326 996 1358 sed
1023 1325 1106 1370 quid
1133 1325 1229 1357 dica-
1281 1328 1426 1367 hentur,
1453 1333 1492 1360 ut
1513 1327 1634 1360 lumen
1664 1328 1733 1360 sint
1761 1339 1881 1360 eorum
1905 1339 1993 1371 quae
2016 1326 2100 1359 alibi
2125 1325 2269 1370 proprio

239 1391 315 1424 tur,
341 1380 460 1415 Latini
477 1377 658 1416 homines,
688 1377 799 1419 ignari
819 1376 1086 1409 consuetudinis
1101 1374 1229 1409 Ebrai-
1282 1389 1441 1410 sermone
1458 1377 1644 1418 dicuntur,
1671 1390 1742 1411 non
1762 1384 1799 1411 ut
1821 1377 2008 1411 offundant
2032 1377 2210 1416 tenebras,
2238 1382 2270 1408 et

240 1447 317 1473 cae,
346 1431 501 1465 iudicare
524 1442 596 1462 non
620 1435 778 1472 possunt,
832 1426 938 1460 Aliud
959 1427 1066 1469 igitur
1081 1427 1139 1459 alii
1161 1426 1230 1460 La—
1282 1441 1321 1461 ex
1339 1428 1442 1462 certis
1459 1428 1681 1471 dogmatibus
1698 1429 1826 1462 saciant
1847 1428 2019 1471 ambigua.
2075 1426 2160 1461 Vult
2176 1425 2272 1460 Deus

240 1485 305 1518 tini
334 1483 371 1516 in
404 1481 603 1515 enarrando
632 1479 869 1512 somniarunt:
905 1479 962 1517 sed
988 1478 1047 1523 qui
1074 1477 1231 1521 agnoscit
1282 1491 1379 1512 suam
1399 1479 1606 1512 sententiam
1626 1479 1661 1512 in
1681 1479 1754 1522 lege
1769 1486 1801 1512 et
1818 1479 2050 1523 promissione
2064 1477 2271 1511 reconcilia-

240 1534 404 1579 phrasin,
433 1531 598 1573 intelligit
625 1531 667 1564 de
691 1530 843 1563 exercitu
867 1529 947 1562 dici.
1003 1528 1040 1562 Si
1060 1528 1230 1571 iacebitis,
1282 1530 1388 1564 tionis
1412 1537 1540 1563 certam
1568 1537 1599 1564 et
1625 1530 1828 1574 explicatam
1858 1542 1949 1570 esse,
1983 1541 2055 1563 non
2082 1529 2173 1563 ludit
2198 1539 2272 1561 am-

241 1587 273 1619 id
293 1592 362 1625 est,
390 1583 416 1617 si
434 1589 543 1616 castra
560 1580 737 1614 habebunt
758 1579 936 1613 Ecclesiae
954 1579 1080 1623 passim
1097 1580 1132 1611 in
1151 1579 1231 1611 sini-
1283 1581 1385 1623 bigue
1402 1581 1523 1621 dictis,
1550 1593 1622 1613 non
1638 1581 1792 1615 offundit
1809 1580 2027 1626 praestigias,
2055 1592 2127 1613 non
2144 1579 2273 1613 extruit

239 1639 316 1679 bus,
344 1636 378 1668 id
399 1641 461 1674 est,
490 1631 694 1676 provinciis,
720 1630 1021 1673 fulgebuntacies,
1049 1637 1089 1663 ut
1106 1641 1229 1662 aurum
1282 1628 1523 1675 labyrinthos,
1559 1632 1618 1663 sed
1650 1631 1754 1675 plane
1783 1631 2030 1671 concionatur,
2064 1638 2102 1664 ut
2132 1635 2273 1663 nostrae

241 1695 272 1721 et
289 1691 482 1729 argentum.
511 1682 615 1726 Apud
633 1679 773 1714 Esaiam
793 1681 934 1723 legitur:
962 1679 1231 1714 Consummatio
1282 1688 1418 1714 mentes
1442 1693 1521 1714 eum
1547 1681 1731 1722 invocare,
1759 1688 1791 1715 et
1815 1688 1943 1715 certam
1964 1682 2008 1714 de
2026 1681 2102 1715 eius
2118 1681 2272 1713 benevo-

241 1736 440 1771 ahhreviata
473 1732 665 1767 exundabit
695 1732 887 1774 iusticiam,
921 1731 954 1763 id
982 1738 1049 1772 est,
1084 1731 1120 1763 in
1147 1742 1232 1763 con·
1284 1732 1391 1765 lentia
1425 1732 1635 1766 sententiam
1669 1732 1853 1776 concipere
1879 1732 2023 1776 possint.
2085 1731 2130 1766 [It
2157 1738 2272 1764 autern

240 1786 492 1825 summatione,
522 1781 589 1816 hoc
614 1789 681 1823 est,
715 1783 750 1814 in
771 1782 840 1828 fill-⁰
858 1788 892 1815 et
918 1782 1063 1814 interitu
1090 1781 1232 1825 politiae
1283 1780 1367 1815 haec
1392 1782 1566 1816 certitudo
1590 1789 1750 1816 teneatur
1767 1789 1797 1816 et
1818 1783 2044 1823 defendatur,
2072 1793 2208 1815 necesse
2223 1787 2274 1814 est

243 1838 419 1873 Mosaicae
452 1834 661 1871 constituto,
700 1833 835 1866 iusticia
868 1832 1075 1866 exundabit:
1112 1832 1147 1864 id
1173 1838 1234 1871 est,
1284 1832 1454 1867 Doctores
1478 1833 1514 1865 in
1535 1831 1689 1866 Ecclesia
1712 1830 1857 1877 phrasin
1881 1833 1954 1867 eius
1979 1833 2120 1877 linguae
2143 1831 2275 1866 intelli-

242 1888 433 1923 donahitur
465 1893 604 1919 aeterna
634 1883 784 1924 iustitia,
819 1890 851 1916 et
884 1883 952 1916 late
982 1883 1234 1927 propagabitur
1285 1895 1373 1927 gere,
1400 1895 1488 1929 quae
1506 1883 1618 1917 literis
1634 1883 1834 1917 testimonia
1853 1890 1883 1917 et
1903 1894 2081 1917 sermones
2095 1882 2161 1917 Dei
2179 1894 2275 1916 com-

243 1941 349 1974 misso
380 1938 619 1979 redemptore,
656 1941 688 1967 et
723 1945 839 1978 sparsa
877 1934 910 1965 in
949 1935 1122 1967 mundum
1151 1945 1234 1966 voce
1285 1935 1384 1979 plexa
1410 1941 1471 1968 cst.
1526 1932 1573 1968 Ut
1602 1934 1750 1968 artifices
1772 1941 1924 1968 caeteros
1948 1945 2085 1968 necesse
2112 1941 2161 1968 est
2193 1944 2275 1966 suae

244 1988 440 2033 Evangelii.
492 1986 569 2020 l‘loc
587 1985 719 2020 dictum
743 1997 762 2018 a
780 1984 890 2018 Paulo
913 1984 1012 2018 citari
1039 1986 1080 2017 ad
1100 1983 1234 2018 Roma·
1285 1996 1461 2031 quemque
1478 1984 1562 2018 artis
1581 1985 1749 2019 vocabula
1774 1997 1892 2019 nosse:
1918 1985 1966 2019 sic
1982 1996 2047 2018 nos
2071 1985 2106 2018 in
2121 1982 2276 2018 Ecclesia

244 2053 307 2075 nos
326 2038 553 2078 meministis,
578 2037 636 2082 qui
657 2036 842 2069 lectionem
865 2042 947 2068 tunc
965 2035 1126 2069 usitatam
1152 2034 1235 2067 reti·
1286 2041 1422 2080 oportet
1440 2047 1558 2069 earum
1577 2048 1694 2069 rerum
1717 2036 1969 2080 appellationes
1992 2036 2206 2079 intelligere,
2233 2035 2276 2068 de.

246 2093 336 2131 nuit,
363 2102 426 2123 nec
442 2088 618 2122 aberravit
634 2100 651 2120 a
669 2087 854 2125 sententia,
883 2086 1017 2119 tametsi
1035 2086 1137 2119 lectio
1151 2097 1235 2118 con-
1287 2086 1416 2131 quilius
1435 2086 1530 2121 Dens
1554 2087 1795 2121 concionatur.
1849 2086 1980 2120 Paulus
2004 2087 2106 2120 dicit:
2138 2085 2277 2120 induite

246 2144 320 2176 susa
339 2148 388 2174 est
408 2148 439 2173 et
455 2139 590 2172 mutila.
643 2137 710 2171 Sed
737 2137 872 2171 collatis
892 2137 1049 2170 sontibus
1077 2136 1237 2179 agnosci-
1288 2138 1417 2170 viscera
1435 2137 1711 2171 miserationum.
1747 2137 1843 2181 Quid
1864 2135 1970 2172 homo
1988 2137 2135 2171 Latinus
2150 2149 2189 2170 ex
2207 2143 2276 2171 tam

248 2202 304 2226 tur
330 2191 517 2225 sententia:
565 2185 675 2235 λόγον
710 2189 897 2223 συντελῶν
928 2185 985 2221 καὶ
1020 2186 1237 2231 συντέμνων
1289 2189 1471 2232 peregrina
1488 2189 1599 2222 forma
1618 2189 1789 2221 sermonis
1812 2188 2009 2232 intelligat?
2043 2188 2111 2222 Sed
2129 2185 2277 2221 Ebraeis

251 2245 288 2278 ᾖ»
307 2238 535 2285 δίκηιυσιῗιχιμ
598 2239 772 2283 lnterpres
797 2236 907 2286 λόγον
937 2240 1124 2273 συντελῶν
1151 2238 1238 2271 dixit
1289 2239 1414 2273 usitata
1448 2237 1652 2284 metaphora
1683 2246 1750 2275 cst,
1783 2239 1914 2273 viscera
1941 2251 2004 2284 pro
2030 2251 2110 2272 vera
2138 2239 2278 2286 στοργῇ

250 2307 321 2328 rem
340 2294 476 2331 finiens,
495 2299 529 2324 ιιι
548 2291 660 2324 solent
675 2289 802 2323 Ehraei
822 2290 952 2323 dicere:
970 2290 1074 2332 Quod
1093 2297 1141 2323 est
1161 2301 1239 2322 ver·
1289 2290 1405 2323 cordis
1422 2290 1548 2323 dicere.
1601 2288 1696 2334 Ergo
1719 2301 1797 2323 cum
1825 2290 1956 2335 inquit:
1988 2289 2128 2324 lnduite
2145 2290 2277 2323 viscera

251 2347 353 2382 bum,
382 2345 414 2375 id
435 2351 495 2381 est,
523 2343 606 2387 quid
626 2341 694 2379 rei,
723 2341 806 2386 quid
824 2341 957 2383 negocii
976 2348 1036 2374 est.
1095 2340 1154 2381 lta,
1183 2340 1238 2373 in-
1290 2341 1575 2383 miserationum,
1602 2342 1675 2375 vult
1694 2353 1765 2374 non
1783 2340 1982 2375 simulatam
2000 2340 2276 2374 misericordiam

251 2396 345 2441 quit,
373 2395 489 2429 finiet,
518 2401 552 2426 ιιι
579 2393 613 2425 in
639 2405 678 2423 eo
707 2392 849 2425 interitu
876 2399 990 2424 tamen
1018 2391 1152 2425 iusticia
1182 2404 1239 2425 ex-
1290 2393 1448 2433 ostendi,
1488 2393 1546 2426 sed
1585 2404 1702 2425 veram
1738 2398 1770 2425 ct
1797 2399 1994 2426 nascentem
2018 2392 2053 2425 in
2077 2392 2182 2426 corde
2205 2390 2278 2425 exi—

251 2447 398 2480 oriatur:
437 2445 494 2488 qui
524 2445 670 2476 xerbum
696 2443 937 2475 abbreviatum
966 2443 1096 2482 sacietae
1120 2443 1152 2475 id
1179 2449 1240 2485 est,
1290 2450 1388 2483 stere,
1417 2443 1537 2488 inqua
1558 2450 1670 2477 totum
1690 2449 1808 2487 pectus
1826 2443 1951 2477 sentiat
1970 2443 2127 2476 dolorem
2143 2441 2278 2476 alienae

253 2510 323 2531 rem
342 2496 595 2529 alibrexiatam:
631 2492 695 2526 hoe
715 2501 761 2527 est
778 2521 785 2531 ,
814 2496 917 2525 linem
944 2493 1128 2527 constituet
1159 2491 1240 2527 huic
1291 2494 1461 2529 miseriae.
1515 2493 1596 2527 ldeo
1612 2494 1695 2528 ‹lieit
1718 2490 1911 2541 σπλάγχνα
1928 2494 2138 2539 οἰκτιρμῶν.

252 2548 413 2593 politiae,
450 2546 483 2578 in
505 2558 570 2589 qua
592 2545 706 2577 ludaei
728 2545 895 2589 putabant
917 2555 952 2577 se
979 2545 1126 2587 imperio
1145 2545 1239 2578 orliis
1391 2545 1512 2586 Dices,
1538 2542 1604 2578 hor
1624 2557 1695 2579 esse
1713 2545 1910 2583 minutum,
1938 2551 1968 2578 et
1986 2545 2061 2578 sinc
2078 2541 2142 2577 hac
2165 2544 2278 2578 subti-

253 2608 424 2633 cui-rarum
444 2596 616 2641 potituros
635 2607 716 2628 esse.
771 2594 842 2629 Etsi
862 2595 968 2637 igitur
986 2595 1086 2629 lertio
1105 2595 1238 2629 Graeca
1292 2596 1386 2630 litate
1406 2608 1523 2629 rernm
1541 2607 1693 2629 smnmas
1711 2595 1857 2639 intelligi
1879 2607 1989 2640 posse.

254 2649 434 2683 ccmsusior
460 2653 507 2680 est
520 2674 527 2686 ,
555 2653 669 2680 tamen
696 2645 843 2679 Eliraiee
865 2653 1043 2691 utrunque
1070 2647 1240 2687 eruditus,
1393 2646 1468 2691 Ego
1485 2659 1569 2680 vero
1587 2647 1682 2680 volni
1699 2647 1894 2691 exemplum
1912 2657 2108 2690 proponere
2124 2657 2195 2679 non
2213 2646 2277 2679 ol»-

253 2700 404 2742 aguoscit
427 2698 574 2732 Paulum
593 2697 742 2730 retinere
761 2697 914 2730 nativam
932 2697 1150 2733 senteutiam.
1289 2709 1442 2732 seurum.
1487 2697 1530 2732 Αι
1550 2695 1637 2731 mihi
1657 2697 1787 2732 credite
1805 2703 1897 2731 totus
1913 2708 2027 2731 sermo
2052 2694 2278 2741 propheticus
