2338 2958
87 117 162 153 789

186 201 289 237 Nunc
307 201 416 245 igitur
430 208 468 236 ut
485 202 624 236 accedat
642 203 944 246 commonefactio,
973 214 1076 236 enar-

84 255 171 288 rabo
194 254 325 286 dictum
352 253 656 292 venustissimum,
690 255 727 287 in
751 266 821 298 quo
846 253 1022 288 Ecclesiae
1043 260 1076 286 et

84 303 280 338 scholarum
299 303 411 346 imago
428 304 598 347 pingitur:
626 303 750 337 Simile
767 312 817 339 est
834 316 980 348 reguum
995 316 1075 338 coe—

82 354 198 387 lorum
222 354 414 395 fermento,
442 356 536 399 quod
562 354 690 387 mulier
715 355 836 389 miscet
857 356 970 389 tribus
990 356 1072 388 satis

80 404 233 441 farinae,
261 411 299 437 ut
323 411 393 438 tota
410 416 519 438 massa
537 405 777 439 fermentetur.

181 453 286 488 Scitis
301 455 468 489 usitatum
485 467 568 495 esse,
587 467 724 488 sumere
740 453 909 496 imagines
926 466 964 488 ex
982 452 1072 499 phy—

79 503 162 537 sicis
178 505 362 547 exemplis,
391 517 478 550 quae
494 506 635 551 quidem
652 505 853 538 blandiores
869 512 962 545 sunt,
990 516 1068 538 cum

78 566 97 587 a
115 555 219 588 rebus
237 556 438 589 domesticis
465 563 498 590 et
521 568 561 589 ex
588 555 792 589 oeconomia
809 562 1010 588 sumuntur.

181 604 231 638 Ac
252 606 411 650 opposita
430 614 480 640 est
499 604 582 640 haec
598 607 712 648 imago
738 606 956 649 persuasioni
981 603 1067 649 pha-

78 655 242 696 risaicae,
271 669 358 701 quae
374 669 454 690 cum
470 657 614 699 fingeret
640 667 786 698 regnum
806 655 971 696 Messiae,
1001 657 1067 689 im-

78 707 214 750 perium
233 707 357 739 mundi
374 707 458 748 sore,
483 707 597 739 simile
613 704 696 751 Cyri
713 713 771 739 aut
788 705 981 740 Alexandri
1000 707 1067 739 im-

78 757 195 798 perio,
225 757 456 800 pollicebatur
476 757 601 791 stultae
620 757 840 790 multitudini
868 758 1066 800 provincia—

78 818 158 840 rum
176 808 411 851 partitionem,
437 808 567 847 ocium,
593 819 692 851 opes,
713 808 920 851 voluptates.
970 808 1066 842 Haec

75 857 158 902 quia
176 865 272 901 grata
289 865 390 899 sunt,
416 858 627 891 mirabiliter
643 858 829 891 fascinatae
849 865 949 892 erant
967 871 1064 892 men-

76 914 126 941 tes
149 906 212 941 hac
229 908 411 952 opinione.
463 908 551 942 Nam
569 921 656 954 quae
672 909 796 942 volunt
819 906 998 950 homines,
1026 921 1064 943 ea

74 957 229 993 libenter
246 960 411 998 credunt,
444 967 482 993 ut
497 960 613 1004 inquit
630 957 895 992 Demosthenes.

176 1009 244 1043 Sed
265 1011 439 1043 contraria
456 1011 570 1053 imago
588 1010 686 1052 regni
707 1009 855 1043 Messiae
873 1008 929 1043 hic
946 1016 1063 1043 osten-

75 1059 188 1093 ditur.
243 1059 338 1098 lmo,
371 1061 504 1105 inquit,
540 1060 693 1094 Ecclesia
712 1072 783 1093 non
802 1067 895 1103 reget
915 1060 1063 1104 imperia

74 1111 212 1151 mnndi,
228 1111 285 1143 sed
302 1110 367 1144 erit
381 1112 528 1151 doctrix,
545 1118 578 1144 et
593 1117 629 1143 ut
647 1117 756 1143 mater
772 1111 922 1143 familias
938 1112 1062 1145 misce-

72 1161 125 1194 bit
143 1161 278 1205 aliquot
293 1161 421 1194 modiis
435 1161 568 1195 farinae
583 1161 812 1194 fermentum:
842 1162 877 1194 id
895 1168 956 1200 est,
983 1162 1062 1195 ani-

72 1211 140 1244 mis
157 1218 191 1245 et
207 1212 406 1255 pectoribus
423 1212 625 1245 auditorum
643 1212 771 1244 inseret
788 1212 997 1250 doctrinam,
1024 1219 1061 1245 ut

72 1271 196 1295 sensus
213 1273 251 1295 ac
268 1268 384 1295 motus
400 1263 600 1296 animorum
619 1263 662 1295 ad
679 1261 792 1295 Deum
810 1262 1004 1296 flectantur.

176 1311 223 1346 Ut
239 1320 354 1346 autern
372 1314 516 1356 propius
531 1312 738 1357 aspiciamus
753 1309 845 1345 hanc
862 1313 1062 1356 imaginem,

72 1362 334 1396 consideremus
354 1364 449 1397 unde
476 1370 613 1408 sumpta
641 1363 703 1403 sit,
738 1369 771 1396 et
794 1363 929 1406 singula
955 1365 1061 1397 verba

73 1413 323 1457 expendamus.
376 1413 539 1447 Narratio
559 1425 700 1458 prorsus
723 1413 849 1446 similis
867 1421 915 1447 est
932 1414 969 1446 in
989 1413 1061 1447 Ge-

72 1463 148 1496 nesi
165 1464 207 1496 de
224 1463 406 1504 convivio,
433 1464 470 1497 in
489 1477 558 1509 quo
580 1461 759 1498 Abraham
779 1464 905 1508 excipit
922 1471 990 1498 tres
1009 1464 1062 1497 vi-

70 1525 147 1552 ros,
170 1514 264 1547 inter
283 1526 371 1559 quos
386 1515 564 1549 eratfilius
583 1515 667 1555 Dei,
693 1514 755 1547 ubi
773 1516 915 1548 mandat
934 1515 1056 1548 matri-

69 1564 238 1604 familias,
265 1571 305 1598 ut
319 1565 387 1599 cito
403 1573 529 1611 coquat
546 1577 650 1610 panes
667 1577 707 1598 ex
723 1565 837 1598 tribus
855 1565 989 1598 farinae
1005 1577 1060 1598 sa-

70 1615 135 1656 tis,
164 1623 197 1649 et
217 1622 342 1649 mactat
361 1616 433 1659 ipse
450 1623 608 1649 tenerum
627 1615 790 1649 vitulum.

171 1665 292 1699 Movet
315 1678 370 1699 me
395 1667 609 1700 narrationis
635 1666 848 1706 similitudo,
882 1672 921 1700 ut
940 1666 1060 1699 existi-

67 1727 160 1749 mem
171 1713 353 1750 Christum
373 1717 448 1750 eius
463 1717 617 1750 convivii
635 1728 837 1757 memorem,
864 1716 946 1749 inde
962 1727 1059 1749 sum-

68 1766 176 1810 psisse
192 1764 282 1799 banc
298 1767 499 1809 imaginem,
526 1775 559 1801 et
575 1767 672 1811 quasi
690 1768 864 1800 deducere
880 1767 1057 1800 auditores

68 1817 112 1849 ad
138 1816 430 1849 considerandum
459 1818 547 1850 illud
572 1818 686 1861 ipsum
713 1816 936 1857 convivium,
962 1818 1056 1860 quod

69 1866 174 1900 etiam
210 1866 324 1910 imago
359 1874 410 1900 est
443 1866 630 1902 Ecclesiae.
684 1865 864 1900 Abraham
899 1869 1057 1900 sacerdos

67 1923 196 1950 mactat
213 1917 375 1956 vitulum,
397 1918 455 1962 qui
474 1918 644 1961 significat
661 1925 844 1950 venturam
864 1917 1055 1950 victimam:

67 1968 328 2001 materfamilias
345 1980 470 2012 panes,
498 1969 531 2001 id
552 1975 622 2008 est,
649 1968 844 2001 doctrinam
864 1968 1056 2003 distribuit.

68 2018 209 2052 Assidet
225 2018 298 2062 ipse
315 2018 407 2052 filius
424 2017 510 2059 Dei,
538 2019 597 2064 qui
616 2031 752 2061 semper
769 2019 864 2051 adest
880 2017 1056 2052 Ecclesiae

67 2080 163 2109 suae,
189 2075 221 2102 et
239 2069 405 2102 convivas
422 2081 485 2102 suo
503 2081 662 2102 sermone
682 2075 822 2107 recreat,
850 2075 884 2101 et
903 2069 1054 2111 promis-

67 2119 202 2153 sionem
229 2119 449 2163 praecipuam
483 2120 618 2163 repetit.
680 2118 851 2152 intelli-xit
873 2116 1052 2152 Abraham

67 2170 153 2215 quid
169 2176 339 2211 ageretur,
367 2182 430 2203 nec
447 2170 595 2203 similem
614 2170 714 2203 duxit
730 2181 801 2202 esse
816 2182 891 2202 eam
909 2181 1053 2203 coenam

66 2221 284 2266 quotidianis
300 2221 443 2260 officiis,
469 2233 547 2264 erga
565 2221 651 2253 alios
670 2218 840 2263 hospites,
867 2221 927 2253 sed
946 2232 1054 2263 agno-

68 2272 118 2304 vit
142 2270 354 2308 Dominum,
390 2283 493 2315 quem
524 2272 652 2305 sciebat
672 2269 849 2304 Ecclesiae
875 2273 1052 2304 custodem

67 2332 155 2359 esse,
183 2328 215 2354 et
232 2322 307 2354 fore
331 2321 509 2354 victimam
528 2334 591 2366 pro
615 2322 726 2355 uobis.
780 2320 884 2354 Hunc
904 2329 1052 2355 cernunt

67 2371 178 2405 oculis
201 2368 382 2405 Abraham
409 2379 442 2405 et
464 2371 567 2413 Sara,
602 2370 706 2405 huius
739 2378 857 2416 pectus
887 2379 920 2405 et
948 2384 1053 2414 genas

65 2422 268 2456 dulcissimo
282 2423 463 2466 complexu
484 2430 665 2465 premunt,
696 2421 788 2456 hunc
804 2422 953 2455 audiunt
969 2436 1052 2456 con-

65 2474 264 2506 cionantein
293 2474 336 2506 de
361 2473 521 2506 miranda
547 2474 795 2517 promissione,
829 2481 861 2506 et
887 2474 929 2506 de
959 2474 1052 2507 iudi-

65 2524 120 2556 cio
142 2521 219 2558 Dei.

165 2572 211 2607 Et
231 2573 311 2619 quia
337 2574 425 2608 fiunt
445 2573 654 2607 illustriores
676 2571 864 2614 historiae,
891 2575 1051 2609 conside-

64 2623 201 2657 ratione
227 2624 407 2665 locorum,
443 2625 557 2658 locum
581 2624 686 2658 etiam
710 2626 821 2657 oculis
849 2626 990 2669 aspicite
1014 2627 1049 2659 in

65 2674 195 2708 tabulis
213 2675 345 2709 vestris.
398 2674 465 2708 Hic
480 2676 585 2709 festus
603 2675 689 2715 dies,
717 2682 750 2709 et
767 2673 850 2709 haec
868 2677 1051 2723 panegyris

592 114 749 155 DECL.
790 115 862 152 DE
896 115 1111 154 TRIBUS
1145 114 1407 155 FARINAE
1441 117 1621 158 SATIS.

2043 127 2118 162 790

1130 203 1301 238 celebrata
1326 211 1375 238 est
1399 204 1434 238 in
1454 204 1618 247 Hebron,
1644 218 1733 253 quae
1752 208 1879 243 deinde
1894 209 2032 245 Mamre
2049 224 2116 246 no-

1129 255 1257 287 minata
1275 261 1335 293 est,
1363 267 1450 300 quae
1467 257 1618 291 distabat
1634 259 1791 304 quinque
1809 261 2006 295 miliaribus
2022 261 2114 296 Ger-

1128 305 1290 346 manicis,
1318 312 1349 338 et
1368 306 1471 349 paulo
1490 308 1640 351 amplius
1657 322 1674 342 a
1690 308 1951 357 Hierosolyma:
1978 313 2115 358 fuitque

1127 362 1243 397 postea
1271 355 1336 399 ipsi
1361 355 1546 395 Abrahae,
1583 358 1676 393 Isaac
1700 367 1733 394 et
1756 359 1879 403 Iacob,
1914 363 2112 407 sepulturae

1125 403 1240 445 locus,
1281 406 1379 450 quasi
1406 413 1443 440 ut
1473 415 1694 450 expectarent
1725 423 1870 456 corpora
1902 413 1937 445 in
1966 426 2006 446 eo
2037 414 2111 457 ipso

1125 455 1270 499 vestigio
1309 456 1399 489 vitae
1435 457 1712 501 restitutionem,
1754 461 1791 494 in
1821 475 1890 507 quo
1925 464 2111 508 promissio

1123 505 1214 539 edita
1240 512 1323 542 erat.

1223 563 1313 599 Cum
1336 572 1452 599 autem
1480 577 1552 599 non
1579 567 1727 601 dubium
1753 569 1816 610 sit,
1847 568 1952 604 huius
1984 584 2111 606 coenae

1123 616 1402 649 recordationem
1429 629 1570 649 suavem
1596 618 1702 651 fuisse
1731 619 1795 663 ipsi
1826 617 1975 665 liospiti,
2009 634 2111 667 saepe

1120 667 1342 711 multumque
1360 667 1526 710 cogitanti
1543 668 1585 700 de
1603 669 1770 711 patribus,
1790 678 1954 715 tanquam
1972 674 2014 705 de
2029 674 2110 706 dul-

1121 717 1268 750 cissimis
1290 718 1425 750 amicis:
1454 725 1727 752 consentaneum
1754 727 1804 754 est
1830 721 1911 754 iude
1936 724 2109 757 narratio-

1119 779 1202 800 nem
1225 768 1261 800 in
1279 765 1472 811 Evangelio
1490 775 1663 813 sumptam
1683 781 1772 811 esse,
1799 783 1932 816 nosque
1952 774 2047 807 velut
2064 775 2108 807 ad

1119 818 1193 851 eius
1224 830 1353 851 coenae
1384 819 1719 861 considerationem,
1753 821 1823 854 imo
1852 824 1895 855 nd
1930 821 1991 856 has
2016 825 2107 867 ipsas

1119 869 1239 912 epulas
1262 869 1401 904 deduci.
1463 868 1627 903 Arbitror
1650 872 1755 905 etiam
1779 885 1906 906 coenae
1927 874 2108 908 institutae

1118 920 1155 952 in
1172 917 1327 952 Ecclesia
1347 927 1467 964 typum
1484 921 1588 953 fuisse
1606 921 1694 954 illud
1713 922 1824 966 ipsum
1843 925 2057 958 convivium.

1205 977 1273 1012 Sed
1292 979 1526 1024 undecunque
1540 987 1676 1023 sumpta
1695 987 1744 1013 est
1762 982 1917 1015 narratio
1934 983 1969 1015 in
1986 981 2107 1017 Evan-

1117 1028 1206 1071 gelio
1233 1029 1276 1061 de
1301 1029 1414 1062 tribus
1444 1030 1544 1070 satis,
1579 1031 1684 1063 verba
1711 1038 1802 1064 certe
1827 1040 2044 1076 congruunt,
2073 1041 2106 1068 et

1117 1079 1208 1111 idem
1227 1079 1435 1122 significant.
1488 1079 1590 1113 Nunc
1611 1087 1724 1125 partes
1741 1082 1939 1117 recitemus.

1216 1136 1443 1172 Fermentum
1480 1138 1650 1182 significat
1685 1141 1891 1176 doctrinam.
1952 1140 2105 1177 Etcum

1117 1195 1259 1232 propter
1276 1189 1544 1222 similitudinem
1564 1190 1648 1223 tales
1667 1190 1752 1224 fiant
1770 1192 1993 1234 collationes,
2020 1206 2105 1227 con-

1115 1239 1343 1272 siderandum
1368 1246 1436 1278 est,
1464 1252 1551 1284 quae
1575 1241 1643 1274 sint
1670 1241 1838 1275 utilitates
1859 1243 2043 1282 fermenti,
2071 1251 2104 1279 et

1115 1289 1152 1322 in
1170 1301 1276 1333 pane,
1304 1290 1390 1323 etin
1414 1302 1560 1334 corpore
1584 1288 1738 1324 bominis
1757 1293 1960 1328 nutriendo.
2015 1294 2104 1328 Fer-

1115 1340 1223 1373 menti
1241 1340 1384 1374 effectus
1405 1347 1487 1374 sunt
1503 1341 1539 1373 in
1556 1353 1665 1385 pane,
1692 1341 1836 1383 inflare,
1864 1345 2051 1378 rarefacere
2069 1351 2103 1379 et

1114 1397 1306 1426 attenuare.
1367 1389 1463 1424 Haec
1493 1392 1645 1436 primum
1673 1404 1713 1425 eo
1746 1394 1964 1435 conducunt,
2001 1402 2039 1429 ut
2064 1396 2103 1428 in

1114 1453 1204 1485 pane
1221 1441 1378 1484 singulae
1393 1449 1506 1485 partes
1525 1449 1615 1475 recte
1633 1450 1664 1476 et
1682 1443 1874 1488 aequaliter
1895 1446 1999 1490 coqui
2021 1457 2102 1490 pos-

1113 1493 1194 1527 sint.
1246 1491 1384 1525 Deinde
1407 1494 1536 1526 nostris
1559 1493 1764 1537 corporibus
1789 1495 1910 1528 utilior
1931 1504 1979 1529 est
2002 1497 2102 1540 panis

1115 1542 1246 1580 rarior,
1280 1543 1440 1583 tenuior,
1478 1543 1605 1584 levior,
1638 1556 1676 1577 ac
1698 1545 1930 1589 aequabiliter
1950 1553 2100 1580 assatus:

1112 1593 1248 1625 facilius
1274 1594 1367 1625 enim
1394 1593 1516 1636 arripit
1540 1601 1664 1627 natura
1695 1595 1805 1627 nostri
1834 1597 1989 1638 corporis
2013 1604 2101 1631 atte-

1112 1649 1236 1676 nuatas
1261 1651 1293 1678 et
1314 1643 1499 1677 rarefactas
1527 1651 1660 1687 partes,
1694 1651 1726 1678 et
1751 1644 1823 1688 ipsa
1854 1647 2005 1680 mixtura
2031 1648 2101 1680 fer-

1112 1694 1220 1726 menti
1240 1694 1506 1727 raresactionem
1526 1695 1561 1726 in
1580 1695 1774 1728 ventriculo
1791 1696 1945 1730 adiuvat.
1989 1697 2100 1731 Dein-

1111 1744 1154 1776 de
1172 1751 1205 1778 et
1219 1755 1322 1788 sapor
1339 1756 1376 1777 ex
1395 1745 1495 1777 acido
1513 1752 1547 1778 et
1566 1746 1655 1778 salso
1671 1746 1810 1786 mixtus,
1837 1750 2099 1781 concoctionem

1110 1793 1224 1827 irritat
1243 1801 1275 1827 et
1292 1794 1393 1828 acuit.
1449 1793 1544 1838 Figit
1568 1795 1670 1828 etiam
1696 1803 1728 1829 et
1745 1797 1842 1841 quasi
1860 1797 2009 1840 glutinat
2030 1811 2100 1832 nu-

1111 1844 1326 1880 trimentum.
1386 1843 1474 1878 Cum
1504 1845 1610 1887 igitur
1638 1846 1769 1879 multae
1796 1853 1828 1880 et
1854 1859 1999 1890 magnae
2027 1849 2098 1883 sint

1109 1895 1276 1929 utilitates
1302 1895 1484 1935 fermenti,
1513 1895 1670 1929 Galenus
1696 1897 1882 1942 aliquoties
1900 1899 2005 1940 dicit,
2030 1900 2098 1932 mi-

1110 1945 1204 1978 nime
1220 1946 1376 1979 salubres
1393 1958 1465 1979 esse
1484 1958 1589 1989 panes
1606 1958 1677 1979 non
1694 1947 1930 1982 fermentatos.

1212 2002 1283 2036 Iam
1308 2006 1349 2037 ad
1377 2005 1574 2038 doctrinam
1602 2005 1659 2039 fiat
1685 2006 1827 2040 collatio
1854 2008 1991 2050 dextre,
2023 2020 2096 2042 non

1108 2053 1246 2088 exiliter
1265 2061 1297 2088 et
1314 2056 1461 2089 curiose.

1209 2112 1328 2147 Flatus
1356 2121 1389 2146 et
1412 2121 1527 2147 motus
1553 2125 1664 2147 novos
1684 2115 1844 2148 doctrina
1869 2117 2033 2152 exuscitat
2058 2119 2095 2152 in

1109 2164 1327 2208 pectoribus,
1353 2171 1385 2198 et
1405 2165 1603 2209 squalorem
1620 2165 1735 2198 cordis
1752 2167 1863 2200 nostri
1882 2168 2035 2209 discutit,
2061 2177 2095 2203 et

1106 2215 1245 2247 firmum
1261 2214 1518 2249 nutrimentum
1535 2222 1585 2248 est
1599 2216 1815 2257 animarum,
1842 2229 1969 2251 novam
1986 2219 2094 2253 vitam

1106 2272 1139 2299 et
1157 2265 1326 2298 laeticiam
1343 2266 1441 2310 quasi
1458 2278 1597 2299 succum
1616 2279 1747 2300 novum
1763 2267 1919 2310 gignens.

1208 2323 1275 2357 Sed
1294 2335 1355 2356 cur
1372 2324 1436 2357 tria
1455 2331 1526 2358 sata
1545 2325 1650 2358 sunt?
1702 2323 1769 2358 Hic
1794 2326 1945 2369 primum
1964 2340 2091 2363 moneo

1105 2374 1276 2414 rudiores,
1293 2381 1404 2407 satum
1415 2373 1602 2408 Ebraicam
1616 2376 1886 2419 appellationem
1902 2389 1973 2411 esse
1990 2391 2089 2412 men-

1105 2437 1225 2464 surae,
1258 2437 1345 2469 quae
1372 2425 1442 2457 sere
1466 2427 1554 2458 duos
1586 2426 1723 2459 modios
1752 2433 1883 2460 veteres
1908 2427 2090 2462 Romanos

1106 2475 1273 2509 continet.
1327 2474 1411 2507 Tria
1440 2475 1546 2517 igitur
1572 2483 1643 2509 sata
1668 2488 1753 2519 pene
1771 2478 1989 2512 medimnum
2015 2480 2088 2512 effi-

1105 2526 1220 2565 ciunt,
1245 2525 1304 2570 qui
1331 2527 1491 2568 congruit
1517 2540 1594 2561 cum
1619 2527 1743 2561 usitata
1759 2527 1896 2572 Lipsica
1915 2541 2088 2571 mensura,

1105 2577 1159 2610 cui
1180 2589 1196 2608 a
1212 2573 1337 2619 scapha
1353 2588 1481 2609 nomen
1500 2585 1564 2611 est:
1592 2590 1680 2623 quae
1702 2584 1836 2611 tantum
1856 2579 1986 2612 farinae
2001 2592 2087 2612 con-

1105 2628 1203 2665 tinet,
1231 2633 1400 2671 quantum
1417 2628 1521 2660 semel
1539 2628 1574 2661 in
1594 2628 1760 2661 mediocri
1777 2629 1907 2661 familia
1926 2629 2088 2672 pinsitur.

1105 2677 1175 2711 Nec
1192 2677 1335 2718 dubito,
1359 2689 1545 2711 numerum
1569 2686 1662 2713 certo
1681 2679 1828 2713 consilio
1847 2686 1878 2713 et
1902 2679 1937 2711 in
1956 2678 2086 2713 Genesi

1407 2725 1456 2761 50
1473 2727 1490 2749 ⁴¹
