2338 2958
226 137 298 175 651

227 225 421 259 dedicasse:
450 220 513 254 ‘cui
537 218 747 263 epigramma
771 214 867 259 quod
879 211 995 248 adhuc
1010 221 1121 257 extat,
1152 214 1209 248 in-

229 274 385 321 scripsit,
419 272 456 304 in
474 281 542 314 quo
559 279 632 301 non
651 266 764 299 solum
779 264 1021 299 testimonium
1038 263 1211 300 honorifi-

230 338 330 363 cum,
355 323 414 357 sed
431 321 534 353 etiam
552 317 757 352 vaticinium
774 315 993 349 continetur:

380 373 470 404 Nulla
486 374 583 402 ferent
599 373 689 401 talem
702 371 778 399 secla
790 369 894 399 futura
906 371 1016 400 virum.

231 425 375 460 Mortuo
399 421 504 465 igitur
528 412 695 459 Platone,
736 429 814 451 cum
838 417 908 450 iam
932 428 1020 461 pene
1045 415 1213 460 attigisset

230 472 436 509 Aristoteles
461 469 767 516 quadragesimum
789 478 943 506 annum,
986 478 1065 500 cum
1087 467 1213 500 domus

229 525 302 559 eius
320 522 623 556 nobilissimorum
640 517 825 552 hominum
842 517 1038 563 frequentia
1057 518 1214 551 celebra-

230 581 348 611 retur,
392 570 529 606 scholas
557 569 687 604 habere
715 568 840 612 coepit.
911 567 981 602 Sed
1011 568 1112 601 brevi
1136 574 1214 611 post

230 623 416 667 Philippus
441 621 588 656 Macedo
613 619 757 654 accersit
778 630 857 652 eum
880 619 924 651 ad
952 629 1005 658 se,
1038 624 1079 651 ut
1101 617 1213 650 filium

231 674 472 709 Alexandrum
495 671 662 705 erudiret.
723 668 801 702 Hoc
825 668 995 702 iudicium
1021 668 1112 711 regis
1133 667 1214 701 Ma-

230 724 389 758 cedonici
408 735 447 756 eo
460 722 568 765 magis
584 720 784 753 mirandum
801 719 912 758 duco,
945 718 1039 763 quod
1057 729 1137 752 cum
1155 729 1214 751 eo-

230 777 310 809 dem
332 782 489 817 tempore
514 772 680 805 Isocrates
703 769 844 802 ssoreret
867 768 1058 813 sapientiae
1082 774 1115 802 et
1140 767 1214 801 elo-

230 825 392 871 quentiae
412 825 500 856 fama
511 847 520 860 ,
549 828 582 854 et
598 821 671 863 regi
687 820 877 853 admodum
893 818 1025 852 amicus
1040 824 1146 859 esset,
1181 825 1215 851 et

230 874 321 909 hanc
339 875 447 918 ipsam
473 871 667 906 doctrinam
693 870 930 914 profiteretur,
965 881 1053 914 quae
1073 869 1117 902 ab
1143 869 1214 901 illis

229 925 371 970 politica
401 924 608 963 vocabatur,
648 920 867 965 maximeque
902 920 1080 953 videretur
1118 919 1214 953 utilis

230 975 319 1019 regi:
363 974 537 1018 praelatus
567 979 684 1005 tamen
712 969 937 1011 Aristoteles,
983 977 1125 1014 propter
1156 982 1215 1003 co—

230 1027 337 1071 piam,
358 1031 398 1058 ut
413 1024 578 1067 arbitror,
603 1029 636 1055 ct
652 1022 853 1055 varietatem
871 1020 1064 1054 doctrinae.
1099 1019 1215 1054 Testi-

230 1076 390 1109 monium
407 1086 488 1107 vero
514 1074 557 1106 de
580 1072 738 1105 moribus
759 1068 824 1104 hoc
849 1072 1017 1104 ducamus
1041 1081 1113 1104 esse
1136 1082 1215 1114 gra—

231 1126 426 1159 vissimum.
493 1122 569 1156 Nisi
603 1123 697 1155 enim
726 1133 785 1154 rex
813 1122 992 1164 probasset
1015 1119 1216 1155 Aristotelis

231 1187 362 1215 mores,
388 1186 461 1207 non
479 1173 754 1206 commendasset
769 1171 810 1212 :ei
831 1171 963 1212 filium,
993 1183 1097 1215 quem
1119 1172 1216 1205 vole-

232 1228 290 1261 bat
307 1227 350 1259 ad
369 1223 536 1257 iustitiam
557 1229 590 1255 et
604 1221 903 1261 moderationem,
929 1228 968 1254 ut
984 1221 1057 1264 ipse
1079 1223 1216 1264 praedi-

230 1278 346 1314 cabat,
380 1272 445 1307 hac
468 1272 606 1305 mitiore
623 1278 655 1304 et
672 1271 828 1304 dulciore
844 1270 1003 1304 doctrina
1019 1271 1215 1305 adsuefieri.

232 1325 363 1360 Didicit
380 1324 485 1368 igitur
504 1321 703 1355 Alexander
718 1322 852 1361 literas,
888 1327 1066 1365 poemata,
1093 1319 1217 1355 Philo-

230 1373 390 1420 sophiam
403 1401 412 1414 ,
439 1380 471 1407 et
490 1379 623 1417 partem
642 1372 794 1416 aliquam
814 1370 974 1404 Medicae
992 1371 1086 1405 artis,
1124 1371 1214 1405 Nam

230 1425 320 1460 hanc
345 1435 484 1470 quoque
505 1429 597 1456 recte
619 1421 806 1462 iudicavit,
846 1422 995 1456 ducturo
1024 1422 1215 1466 aliquando

231 1476 403 1510 exercitus
426 1482 552 1517 magno
568 1473 647 1506 usui
664 1473 749 1505 sore.

332 1524 422 1559 Cum
455 1530 569 1558 autem
599 1534 710 1555 annos
742 1528 819 1555 octo
857 1522 949 1565 apud
976 1519 1214 1556 Alexandrum

233 1576 434 1613 mansisset,
468 1574 572 1607 rediit
594 1571 750 1606 Athenas
775 1570 998 1611 Aristoteles,
1032 1585 1071 1606 ac
1096 1584 1216 1605 rursus

233 1629 357 1661 docere
377 1625 516 1669 publice
533 1623 658 1666 coepit.
706 1620 781 1655 Etsi
799 1628 913 1655 autem
931 1622 1045 1655 studia
1064 1620 1215 1655 Athenis

232 1675 438 1721 aliquandiu
457 1674 689 1707 interturbata
707 1678 804 1711 sunt,
831 1683 909 1704 cum
923 1670 1142 1705 Macedonici
1160 1684 1215 1705 re-

233 1739 290 1771 ges
309 1738 404 1759 arma
423 1723 590 1758 Graeciae
611 1723 796 1755 inferrent:
831 1728 948 1754 tamen
967 1729 1103 1766 postea,
1136 1735 1214 1755 cum

234 1776 433 1811 Alexander
451 1775 486 1806 in
507 1772 625 1807 Asiam
641 1772 796 1811 traiecit,
831 1772 945 1804 ocium
963 1773 1040 1806 suit.
1091 1770 1137 1806 Et
1153 1785 1215 1805 au-

231 1827 406 1861 toritatem
432 1823 634 1858 Aristotelis
665 1822 835 1866 profuisse
863 1821 1032 1856 Graeciae
1054 1834 1126 1856 non
1149 1823 1215 1856 du-

232 1878 330 1910 bium
356 1882 423 1914 est,
464 1886 543 1907 cum
574 1885 688 1915 regem
718 1872 885 1906 victorem
909 1873 952 1905 de
976 1873 1216 1906 moderatione

232 1927 397 1961 victoriae
415 1925 522 1958 multa
539 1929 714 1962 moneret,
750 1930 783 1957 et
799 1923 1001 1956 accenderet
1020 1924 1062 1956 ad
1084 1924 1214 1956 bellum

233 1978 268 2011 in
287 1976 406 2011 Asiam
426 1975 718 2008 transferendum.
772 1971 900 2006 Extant
921 1970 1027 2006 bodie
1049 1974 1216 2017 epistolae

232 2029 273 2061 ad
295 2025 535 2060 Alexandrum
556 2025 599 2056 ab
617 2024 691 2067 ipso
710 2024 877 2067 scriptae,
918 2023 954 2056 in
979 2024 1106 2069 quibus
1132 2022 1215 2057 haec

233 2076 476 2111 honestissima
508 2075 619 2107 oratio
644 2081 713 2113 est,
747 2073 891 2117 imperia
915 2075 957 2107 ad
986 2074 1156 2108 iusticiam
1182 2082 1215 2108 et

233 2130 274 2161 ad
297 2126 585 2160 benefaciendum
605 2124 722 2167 generi
744 2121 899 2157 humano
925 2125 1106 2158 reserenda
1132 2135 1216 2165 esse,

234 2190 305 2211 non
325 2178 367 2209 atl
386 2175 582 2220 snperbiam
604 2182 636 2207 ct
655 2172 840 2207 hominnm
862 2175 1061 2218 perniciem.

336 2227 392 2259 Sic
417 2233 530 2259 autem
548 2237 670 2268 operas
690 2225 889 2264 distribuit,
918 2232 955 2259 nt
971 2238 1072 2258 mane
1093 2223 1214 2259 Philo—

234 2275 391 2320 sophiam
418 2277 587 2313 traderet,
623 2275 858 2319 vespertinum
887 2283 1022 2319 tempus
1045 2275 1216 2309 exercitiis

235 2327 455 2372 eloquentiae
482 2327 664 2360 tribueret.
732 2325 885 2359 Maxime
912 2339 993 2359 vero
1020 2327 1216 2360 landandus

233 2386 281 2411 est
300 2376 365 2410 hoc
383 2377 539 2416 nomine,
566 2377 658 2421 quod
676 2376 765 2409 iusto
782 2377 907 2410 ordine
923 2377 1075 2420 singulas
1094 2374 1215 2410 Philo-

235 2427 376 2472 sophiae
401 2434 512 2470 partes
540 2427 699 2460 tradidit:
743 2434 774 2460 et
797 2434 967 2472 quantum
994 2428 1067 2461 fieri
1092 2427 1216 2471 potuit,

233 2478 414 2522 complet-ti
436 2478 586 2518 integras
604 2484 750 2509 conatus
766 2485 827 2513 est.
868 2477 941 2512 llac
958 2479 1139 2521 diligentia
1157 2490 1214 2511 su-

235 2529 368 2573 permit
399 2527 599 2567 Platonem,
635 2527 694 2572 qui
725 2528 786 2561 etsi
821 2541 942 2562 omnes
966 2526 1219 2572 Philosophiae

233 2587 345 2623 partes
363 2578 492 2618 attigit,
520 2585 632 2610 tamen
652 2590 713 2610 nec
731 2579 867 2615 unline.
896 2591 958 2613 nec
979 2580 1127 2623 integras
1144 2586 1214 2612 tra—

232 2630 340 2668 didit,
381 2629 438 2661 sed
465 2628 590 2671 passim
619 2628 652 2659 in
682 2629 829 2671 dialogis
851 2630 1037 2664 dilacerata
1060 2630 1213 2663 membra

232 2680 373 2724 sparsit,
416 2686 447 2711 et
484 2678 571 2711 ludit
606 2678 741 2711 ironiis:
787 2693 849 2713 nec
875 2693 1008 2725 semper
1035 2681 1119 2726 quid
1143 2681 1214 2723 ipse

892 126 1048 166 DECL.
1080 125 1157 166 DE
1188 126 1580 167 ARISTOTELE.

2168 135 2243 176 652

1261 215 1386 261 probet
1412 214 1580 256 maxime,
1619 215 1701 249 satis
1733 225 1848 261 aperte
1879 220 2041 257 ostendit.
2108 219 2156 255 At
2184 219 2243 258 bic

1263 273 1381 300 noster
1404 263 1610 299 methodum
1634 266 1739 300 nobis
1764 268 1949 312 informat,
1981 278 2020 305 ut
2044 278 2161 316 postea
2187 272 2245 305 di-

1263 329 1356 357 cam,
1381 315 1606 350 utilissimam
1622 317 1666 350 ad
1690 318 1841 361 regenda
1864 319 1992 355 iudicia
2017 322 2054 355 in
2078 322 2245 356 omnibus

1264 366 1446 402 doctrinis.

1365 415 1406 450 In
1425 413 1492 450 hoc
1507 416 1584 450 ocio
1594 415 1764 452 Graeciae
1779 418 1883 452 etiam
1897 430 2020 454 aureos
2036 421 2115 456 illos
2133 422 2245 456 libros

1265 468 1308 501 de
1323 467 1459 501 naturis
1475 467 1710 502 animantium
1727 468 1876 513 scripsit,
1902 470 2041 504 adiutus
2050 471 2246 506 Alexandri

1265 518 1484 552 liberalitate.
1534 516 1626 551 Nam
1643 519 1788 562 privatis
1803 520 2001 564 sumptibus
2027 528 2060 555 et
2084 534 2103 555 a
2126 523 2246 568 paucis

1267 568 1440 612 explorari
1474 573 1569 601 tanta
1592 575 1737 602 naturae
1761 569 1908 604 varietas
1932 582 2152 616 nequaquam
2180 585 2245 617 po-

1266 620 1344 653 tuit.
1396 617 1499 652 Misit
1516 618 1624 661 igitur
1646 619 1677 652 ei
1694 618 1894 653 Alexander
1921 620 1959 653 in
1982 618 2071 654 hanc
2096 622 2247 666 inquisi-

1266 669 1398 704 tionem
1429 669 1640 702 conserenda
1673 670 1803 703 talenta
1832 670 2048 714 octingenta,
2089 669 2155 705 hoc
2183 679 2248 713 est,

1267 719 1521 764 quadringenta
1539 725 1572 752 et
1590 720 1762 763 octoginta
1782 720 1894 754 millia
1911 727 2176 763 coronatorum,
2201 722 2248 756 ad

1267 770 1516 803 conducendos
1538 776 1720 804 venatores
1743 777 1776 804 et
1799 772 1842 804 ad
1865 771 1992 806 bestias
2013 772 2174 813 alendas,
2207 778 2248 807 ut

1267 819 1421 864 conspici
1436 831 1554 853 earum
1570 826 1715 854 naturae
1727 828 1877 865 possent.
1902 820 2084 855 Praeclare
2093 819 2250 856 Alexan-

1267 871 1341 905 der.
1383 868 1470 902 Nam
1488 870 1580 903 inter
1594 870 1795 914 praecipuas
1811 883 1931 915 regum
1950 883 2049 905 curas
2067 869 2158 906 hanc
2175 883 2248 906 esse

1267 922 1384 959 decet,
1405 920 1513 953 vitam
1533 917 1718 954 hominum
1735 918 1880 956 honesta
1897 922 2056 956 doctrina
2075 923 2249 956 instruere
2294 955 2296 958 ,

1268 978 1371 1017 atque
1398 982 1543 1011 ornare,
1578 971 1700 1015 idque,
1737 978 1777 1005 ut
1802 972 1917 1013 fieret,
1948 973 2120 1006 divinitus
2145 984 2247 1016 prae-

1268 1021 1562 1056 stantissimorum
1586 1021 1786 1065 principum
1812 1023 2008 1056 voluntates
2032 1023 2181 1056 subinde
2203 1023 2249 1056 ad

1268 1079 1358 1106 artes
1380 1071 1626 1105 instaurandas
1645 1072 1810 1106 excitatae
1830 1079 1924 1107 sunt.
1976 1071 2092 1113 Atlas,
2119 1070 2250 1114 Orion,

1269 1122 1465 1156 doctrinam
1497 1123 1540 1154 de
1572 1122 1725 1154 motibus
1755 1122 1928 1164 siderum,
1968 1129 2002 1156 et
2025 1123 2178 1156 fortassis
2204 1123 2249 1156 de

1269 1173 1353 1205 anni
1368 1171 1470 1205 metis
1485 1170 1652 1204 Graeciae
1669 1172 1900 1207 tradiderunt.
1941 1172 2012 1206 Nec
2030 1173 2146 1217 inepte
2162 1172 2251 1206 dicit

1270 1222 1399 1260 Iulius,
1427 1233 1461 1254 se
1478 1221 1581 1254 etiam
1601 1221 1692 1254 inter
1710 1229 1901 1256 castrorum
1919 1222 2099 1263 fremitus,
2133 1229 2166 1256 et
2190 1229 2249 1256 tu·

1270 1274 1394 1306 barum
1429 1271 1587 1311 classica,
1628 1278 1742 1304 tamen
1771 1272 1905 1316 aliquid
1936 1273 2090 1307 tribuere
2121 1272 2248 1307 studiis

1269 1322 1450 1356 doctrinae
1466 1321 1617 1356 coelesti.
1670 1320 1729 1355 Sic
1747 1321 1840 1354 enim
1859 1323 1974 1368 inquit
1991 1322 2171 1356 Lucanus:

1370 1373 1469 1404 Media
1486 1376 1561 1403 inter
1576 1375 1686 1413 praelia
1702 1385 1818 1414 semper

1370 1423 1530 1455 Stellarum
1546 1427 1683 1466 coelique
1697 1427 1810 1465 plagis,
1836 1425 2009 1465 superisque
2023 1427 2135 1455 vacavi.

1369 1475 1484 1505 Tantus
1499 1486 1581 1505 emor
1596 1477 1669 1507 reri.

1270 1522 1381 1557 Iulius
1404 1523 1528 1566 igitur,
1560 1530 1600 1556 ut
1623 1522 1735 1562 scitis,
1768 1521 1832 1555 toti
1856 1521 1934 1555 orbi
1959 1528 2132 1557 terrarum
2157 1521 2248 1558 hanc

1269 1574 1352 1606 anni
1380 1573 1672 1617 descriptionem,
1700 1584 1767 1617 qua
1793 1569 1961 1606 hactenus
1978 1573 2132 1614 utimur,
2156 1574 2249 1608 tradi

1269 1623 1414 1656 curavit.
1469 1621 1607 1656 Omitto
1639 1623 1736 1657 alios,
1790 1621 1892 1655 Nunc
1926 1624 2153 1657 metuendum
2188 1631 2252 1664 est.

1269 1673 1468 1716 principum
1493 1672 1704 1715 negligentia
1730 1672 1856 1705 multas
1880 1669 2042 1707 honestas
2066 1681 2158 1708 artes
2193 1674 2250 1707 in-

1269 1724 1432 1757 terituras
1452 1734 1534 1757 esse.
1586 1721 1699 1755 Deum
1719 1722 1825 1765 igitur
1841 1733 2000 1761 oremus,
2038 1730 2076 1757 nt
2092 1724 2249 1758 saniores

1269 1773 1405 1817 aliquos
1423 1773 1608 1812 accendat,
1632 1779 1670 1806 ut
1690 1772 1727 1804 in
1755 1770 1817 1805 hac
1841 1783 1878 1805 re
1901 1774 2078 1806 communi
2103 1774 2250 1809 utilitati

1269 1823 1405 1866 generis
1421 1821 1567 1856 humani
1584 1822 1780 1865 diligentia,
1808 1828 1839 1855 et
1856 1822 2035 1856 liberalius
2051 1825 2250 1859 consulant.

1372 1872 1441 1907 Sed
1466 1873 1570 1906 redeo
1593 1873 1634 1905 ad
1660 1871 1904 1913 Aristotelem,
1942 1873 2002 1918 qui
2028 1874 2064 1907 in
2087 1874 2149 1908 illo
2172 1875 2250 1910 ocio

1270 1935 1444 1956 annorum
1475 1923 1661 1963 tredecim,
1696 1935 1766 1967 quo
1794 1920 1942 1956 Athenis
1971 1924 2106 1965 docuit,
2139 1925 2250 1959 multa

1269 1974 1427 2017 scripsit,
1455 1985 1604 2018 quorum
1623 1984 1702 2016 pars
1726 1985 1797 2006 non
1824 1975 2079 2007 contemnenda
2106 1986 2248 2018 prorsus

1270 2024 1393 2068 periit,
1416 2031 1455 2057 ut
1472 2024 1509 2056 in
1525 2023 1630 2057 tantis
1656 2031 1689 2057 et
1711 2030 1781 2056 tam
1805 2023 1935 2056 crebris
1959 2024 2170 2059 tumultibus
2192 2037 2249 2059 re-

1270 2086 1346 2108 rum
1367 2072 1601 2107 humanarum
1620 2085 1691 2107 non
1709 2073 1821 2107 solum
1840 2073 1921 2106 libri
1947 2081 1980 2107 et
2005 2072 2162 2116 chartae,
2187 2077 2248 2110 sed

1270 2125 1375 2159 etiam
1401 2125 1482 2158 illae
1505 2124 1598 2168 ipsae
1619 2135 1738 2157 saxeae
1760 2123 1869 2156 moles
1890 2130 1993 2169 atque
2013 2136 2128 2166 arces,
2160 2137 2249 2171 quae

1269 2177 1435 2208 adversus
1450 2186 1590 2207 omnem
1607 2174 1771 2207 iniuriam
1790 2173 1879 2207 vitae
1900 2175 1973 2207 sore
1995 2175 2249 2218 existimantur,

1270 2226 1416 2259 infinitis
1433 2225 1569 2259 casibus
1584 2224 1754 2258 obnoxiae
1770 2231 1861 2258 sunt.
1914 2223 1979 2257 Dei
2004 2232 2119 2259 tamen
2139 2226 2248 2261 bene-

1270 2277 1385 2310 ficium
1414 2287 1486 2309 csse
1518 2275 1686 2311 sciamus,
1722 2275 1814 2319 quod
1842 2274 2006 2319 reliquias
2029 2288 2101 2309 non
2126 2283 2248 2312 tenues

1270 2324 1446 2360 babemus.
1483 2325 1523 2359 ln
1534 2325 1680 2359 Graecia
1698 2325 1850 2358 arbitror
1864 2332 1941 2369 post
1951 2323 2250 2370 Theophrastum.

1269 2389 1347 2411 cnm
1365 2389 1476 2410 novae
1493 2383 1604 2409 sectae
1619 2382 1757 2408 exortae
1777 2383 1886 2409 esscnt
1900 2402 1908 2414 ,
1935 2375 2052 2410 Stoica
2066 2383 2099 2410 et
2117 2375 2247 2421 Epicu·-

1270 2440 1338 2464 rea.
1365 2439 1452 2472 quae
1467 2439 1485 2461 a
1501 2426 1637 2460 levibus
1654 2426 1815 2467 ingeniis,
1841 2438 1919 2459 cum
1938 2438 2063 2470 magno
2077 2427 2247 2471 adplausu

1270 2486 1427 2521 exceptae
1450 2484 1550 2515 sunt.
1592 2483 1622 2509 et
1648 2484 1685 2509 ut
1711 2473 1902 2519 Sophocles
1927 2477 2055 2521 inquit:
2089 2475 2248 2512 Celerius

1270 2529 1380 2561 malae
1396 2528 1580 2572 opiniones
1598 2527 1816 2566 discurrunt,
1844 2527 1989 2569 neglecti
2011 2533 2091 2561 sunt
2110 2526 2249 2563 Aristo-

1270 2579 1346 2612 telis
1375 2579 1473 2618 libri,
1515 2590 1552 2611 ac
1589 2578 1649 2611 din
1685 2578 1787 2610 etiam
1814 2577 1924 2610 doctis
1958 2577 2066 2619 ignoti
2096 2579 2249 2615 fuerunt.

1268 2630 1428 2675 Cumque
1464 2630 1531 2662 iam
1568 2641 1655 2672 pene
1683 2627 1772 2661 carie.
1797 2636 2106 2667 consumerentur.
2148 2629 2247 2675 Syna

1268 2681 1356 2714 sorte
1382 2681 1417 2713 iu
1438 2679 1584 2715 Graecia
1603 2678 1734 2712 bellum
1759 2688 1898 2720 gerens,
1925 2676 2138 2713 bibliotheca
2160 2691 2248 2724 qua-
