2338 2958
201 111 268 147 151

201 197 390 231 videbatur
412 196 552 240 ingenia
564 222 573 236 ‚
600 204 784 238 moresque
801 199 835 227 et
851 199 959 227 totam
977 192 1078 238 quasi
1092 194 1194 227 πολι-

201 245 305 283 τείαν
327 248 553 282 formicarum
578 244 792 285 describere,
819 245 915 289 quod
938 245 1021 277 inde
1040 244 1193 289 plurima

202 297 519 344 pulcherrimarum
537 297 708 329 virtutum
723 295 899 339 exempla,
926 302 961 329 et
973 307 1070 336 vere,
1098 294 1194 340 quod

204 351 304 384 aiunt
335 349 480 389 Graeci,
511 342 705 393 μυρμήκια
737 344 899 394 ἀγαθῶν
929 357 1050 390 capere
1081 345 1194 379 liceat.

205 401 331 434 Videte
359 407 475 433 autem
499 405 671 444 quantum
694 409 769 430 mea
792 409 847 430 me
873 397 1038 430 fefellerit
1060 396 1196 440 opinio.

206 451 312 495 Quod
343 450 437 484 enim
469 449 669 493 argumenti
697 459 806 492 genus
832 448 1031 481 arbitrabar
1053 453 1197 492 propter

204 502 411 536 tenuitatem
429 501 504 534 sine
522 511 648 543 magno
667 499 812 543 negocio
830 499 958 543 exponi
975 505 1009 532 et
1028 498 1196 542 perpoliri

204 564 322 598 posse,
348 552 382 585 id
407 551 443 584 in
470 551 688 596 experiundo
708 550 857 591 cognovi
877 551 981 592 longe
998 561 1096 583 secus
1112 560 1196 584 esse.

205 602 371 647 Comperi
389 603 483 636 enim
504 615 576 636 non
594 601 780 635 mediocris
792 601 934 634 artificis
951 612 1034 641 esse,
1060 597 1197 633 bonore

204 655 396 688 verborum
418 665 474 687 res
498 654 604 687 exiles
626 664 752 686 ornare
775 664 814 684 ac
831 651 1020 686 illustrare.
1073 650 1198 694 Quan-

205 717 309 751 quam
328 705 435 749 igitur
453 705 644 738 sentiebam
659 715 715 736 me
731 709 890 747 suscepto
909 702 1010 735 oneri
1028 702 1196 746 imparem

204 757 300 795 sore,
328 763 446 790 tamen
471 755 639 800 quoniam
662 766 737 786 non
754 754 798 787 ad
815 753 949 797 ingenii
965 753 1112 793 famam,
1138 753 1197 785 sed

207 807 389 841 exercendi
413 807 494 852 styli
516 817 617 839 causa
640 816 879 848 susceperam,
906 804 1070 837 desistere
1086 803 1199 844 nolui,

205 859 264 892 sed
284 858 401 903 peregi
418 857 572 891 fabulam
589 868 694 902 quam
711 856 921 900 inceperam.
974 854 1114 898 Quaeso
1130 854 1198 898 igi-

205 916 264 943 tur
281 921 361 949 vos,
384 915 424 942 ut
442 920 506 952 pro
526 905 745 941 humanitate
762 914 877 940 vestra
895 918 951 939 me
967 906 1120 949 benigne
1136 917 1199 939 au-

206 960 327 994 diatis:
355 960 451 1005 quod
471 959 500 992 si
518 959 616 992 nulla
635 958 703 991 alia
722 969 795 999 res,
821 964 940 991 tamen
956 955 1097 991 scholae
1114 969 1200 990 con-

206 1011 355 1045 suetudo
379 1023 397 1044 a
421 1010 522 1043 vobis
547 1011 735 1054 impetrare
758 1009 880 1050 debet,
907 1015 939 1042 et
956 1008 986 1041 si
1004 1020 1102 1041 suam
1120 1008 1198 1041 lau-

205 1064 286 1096 dem
301 1059 470 1095 honestus
487 1067 633 1094 conatus
647 1066 814 1099 meretur,
835 1072 908 1093 non
926 1059 1064 1103 indigni
1081 1059 1200 1092 favore

205 1113 387 1148 iudicandi
404 1123 525 1146 sumus
540 1109 789 1146 honestissimo
806 1117 1013 1155 argumento
1029 1116 1201 1154 suscepto,

207 1164 312 1198 etiam
335 1164 365 1197 si
388 1163 456 1204 rei,
489 1175 593 1209 quam
618 1162 854 1203 instituimus,
885 1162 1092 1195 difficultate
1117 1160 1199 1193 victi

207 1226 338 1249 sumus.
400 1214 468 1249 Sed
494 1222 533 1248 ut
557 1211 770 1258 Philosophi
795 1213 833 1246 in
859 1213 1096 1257 descriptione
1122 1211 1201 1245 ani-

207 1266 401 1306 mantium,
429 1265 583 1310 primum
610 1266 653 1298 de
679 1265 848 1309 cuiusque
866 1264 1110 1308 procreatione
1127 1263 1201 1295 dis-

207 1323 354 1362 putant,
382 1317 430 1350 ita
454 1323 487 1350 et
512 1316 616 1349 nobis
643 1315 871 1349 formicarum
896 1322 1013 1355 ortus,
1039 1314 1122 1346 inde
1141 1324 1201 1346 us-

208 1380 278 1414 que
295 1368 339 1401 ab
362 1380 448 1408 ovo,
475 1373 515 1400 ut
537 1367 656 1406 aiunt,
690 1366 901 1409 repetendus
926 1365 1003 1399 erit.
1068 1363 1199 1396 Verum

207 1417 356 1453 historia
378 1418 607 1451 formicarum
633 1416 772 1459 longior
795 1416 906 1449 Iliade
928 1416 1046 1449 futura
1071 1415 1135 1453 sit,
1172 1414 1201 1447 si

207 1470 326 1504 omnia
357 1480 634 1503 commemorare
664 1468 786 1500 velim:
823 1468 881 1500 sed
916 1464 984 1500 hoc
1009 1467 1052 1499 ad
1080 1477 1199 1498 earum

207 1522 348 1555 laudem
365 1531 577 1563 magnopere
592 1518 766 1562 pertinere
783 1517 1076 1557 existimavimus,
1105 1517 1199 1561 quod

208 1585 288 1606 cum
314 1579 384 1605 tam
408 1571 519 1604 multa
543 1569 741 1603 divinitatis
765 1569 910 1611 vestigia
937 1568 975 1601 in
1000 1568 1048 1600 eis
1072 1574 1201 1605 extant,

208 1622 359 1666 intelligi
376 1622 501 1667 possit,
527 1633 582 1654 eas
598 1633 670 1653 non
687 1620 762 1653 sine
778 1627 872 1653 certo
889 1618 956 1652 Dei
972 1619 1121 1652 consilio
1138 1630 1202 1650 ua-

210 1682 262 1709 tas
293 1685 384 1714 esse,
419 1673 603 1717 multoque
627 1671 744 1705 verius
769 1683 874 1715 quam
899 1671 1052 1714 poeticos
1078 1667 1201 1701 heroas

209 1736 320 1769 genus
350 1737 367 1758 a
399 1723 481 1757 love
509 1735 646 1757 summo
680 1723 827 1763 ducere,
861 1729 899 1755 ut
932 1720 1041 1755 Poeta
1074 1720 1201 1765 inquit.

210 1776 400 1820 Quomodo
420 1775 513 1808 enim
532 1775 568 1807 in
589 1771 652 1807 hac
671 1781 809 1808 terrena
827 1780 952 1806 natura
969 1771 1079 1805 futuri
1099 1783 1201 1815 prae-

209 1827 356 1861 scientia
373 1826 448 1859 sine
465 1825 585 1859 divina
605 1825 637 1857 vi
659 1825 805 1858 existere
822 1824 960 1868 potest?
1011 1822 1092 1856 Non
1111 1820 1201 1855 lianc

209 1886 343 1913 tantam
367 1875 514 1911 haberet
533 1874 591 1910 bic
608 1876 821 1909 vermiculus
841 1875 1071 1914 industriam,
1101 1874 1202 1915 longe

209 1931 361 1964 alienam
387 1941 405 1962 a
428 1929 616 1962 brutorum
634 1934 756 1971 captu,
784 1927 881 1960 nulla
899 1925 1092 1969 gregalium
1106 1925 1202 1957 noti-

210 1981 282 2019 cia,
308 1980 406 2014 nulla
430 1987 552 2013 mutua
576 1978 765 2012 collocutio
790 1978 881 2011 inter
901 1989 955 2010 eas
973 1983 1079 2015 esset,
1105 1976 1202 2009 nulla

210 2038 353 2065 nossent
373 2038 572 2075 temporum
598 2029 823 2069 discrimina,
851 2029 918 2061 nisi
938 2035 1091 2061 mentem
1108 2027 1203 2061 Deus

209 2083 393 2117 indidisset
416 2089 594 2116 tantarum
617 2093 756 2121 rerum,
784 2087 924 2125 tamque
948 2080 1126 2112 variarum
1147 2089 1204 2111 ca-

210 2145 343 2179 pacem.
416 2131 559 2167 Etenim
587 2144 730 2177 sapere,
771 2131 971 2165 meminisse
1004 2129 1203 2175 praeterita,

210 2185 460 2230 consequentia
487 2195 648 2223 cernere,
676 2183 794 2216 sutura
820 2182 1044 2227 praevidere,
1072 2193 1115 2213 ne
1138 2177 1203 2213 ho-

210 2236 324 2269 mines
356 2235 520 2280 quidem,
555 2235 622 2267 nisi
650 2235 823 2267 divinitus
849 2233 1015 2267 commoti
1045 2232 1203 2265 excitati-

211 2299 278 2332 que
310 2293 466 2329 possunt.
521 2285 612 2328 Quis
643 2285 756 2326 enim,
797 2284 959 2331 quamvis
990 2283 1204 2327 ingeniosus,

212 2339 286 2370 sine
312 2337 372 2370 Dei
400 2350 484 2382 ope,
513 2337 628 2369 varios
654 2344 770 2370 motus
796 2336 996 2376 stellarum,
1025 2334 1202 2377 magnitu-

210 2389 400 2433 dinesque,
428 2388 555 2420 molem
580 2395 711 2427 terrae,
738 2395 771 2421 et
795 2387 860 2421 alia
879 2387 988 2420 multa
1007 2383 1202 2430 deprehen-

211 2439 343 2473 disset?
395 2439 513 2472 Multo
545 2439 662 2471 minus
692 2439 798 2481 igitur
828 2439 958 2471 bestiae
990 2437 1203 2475 ratiocinari,

210 2498 243 2524 et
258 2491 374 2525 sutura
393 2490 529 2529 videre,
556 2497 587 2524 et
604 2490 883 2523 animadvertere
901 2489 1106 2533 praesentia,
1134 2487 1201 2520 nisi

210 2540 275 2575 Dei
302 2541 469 2574 beneficio
495 2548 652 2584 possunt.
705 2540 826 2586 Neque
845 2541 938 2573 enim
958 2537 1041 2573 liaec
1059 2539 1202 2572 aliunde

210 2605 316 2637 quam
350 2604 367 2625 a
395 2590 469 2624 Deo
505 2592 539 2624 in
567 2599 738 2625 terrenam
765 2600 924 2625 naturam
953 2597 1202 2635 propagantur.

210 2642 353 2677 Habent
382 2643 489 2684 igitur
519 2643 683 2675 formicae
711 2656 782 2676 non
808 2643 957 2676 dubium
984 2642 1122 2684 generis
1147 2641 1199 2674 sui

209 2702 367 2729 autorem
388 2692 520 2735 Deum,
547 2694 646 2727 cuius
670 2695 716 2727 rei
746 2695 778 2727 id
806 2706 947 2741 quoque
969 2694 1108 2738 signum
1128 2704 1201 2726 esse

700 105 856 143 DECL.
891 104 966 142 DE
1001 103 1282 141 ENCOMIO
1317 104 1740 145 FORMICARUM.

2167 109 2240 148 152

1247 193 1397 236 intelligi
1427 199 1558 237 potest:
1596 205 1678 226 nam
1704 205 1783 227 cum
1811 205 1926 227 sacrae
1952 195 2074 229 literae
2099 196 2243 230 mittant

1248 255 1313 278 nos
1336 245 1379 277 ad
1398 244 1582 283 formicas,
1609 250 1776 289 tanquam
1794 246 1836 278 ad
1856 246 2057 289 magistros,
2084 247 2242 292 profecto

1249 295 1447 338 significant
1479 292 1546 328 hoc
1577 295 1726 329 consilio
1756 307 1774 329 a
1799 295 1874 330 Deo
1900 297 2105 331 fabrefactas
2132 304 2165 332 et
2189 295 2244 331 his

1249 345 1382 389 ingenii
1406 345 1548 379 dotibus
1573 346 1760 379 instructas
1777 359 1866 388 esse,
1891 354 1930 381 ut
1948 349 2072 381 docere
2089 360 2153 382 nos
2172 349 2245 383 uti-

1250 397 1294 430 lia
1321 403 1472 441 possent.
1526 395 1574 430 Ut
1594 397 1689 430 enim
1707 397 1828 431 nullus
1847 399 2115 442 paterfamiliaS,
2141 400 2170 432 si
2188 411 2245 432 sa-

1251 448 1342 492 piat,
1370 448 1482 480 filium
1507 449 1705 481 docendum
1731 449 1839 482 tradit
1863 449 1914 488 ei,
1943 449 2043 483 cuius
2067 462 2140 483 non
2160 463 2244 494 pro—

1250 500 1310 532 bat
1334 499 1589 539 eruditionem,
1622 498 1670 532 ita
1693 499 1862 532 credibile
1886 507 1955 541 est,
1989 512 2054 534 nec
2080 501 2244 535 divinum

1251 548 1426 594 Spiritum
1449 562 1513 583 nos
1537 551 1579 582 ad
1605 549 1779 583 eiusmodi
1798 551 1982 594 magistros
1998 552 2156 590 mittere,
2183 552 2246 597 qui

1250 612 1324 634 non
1347 601 1495 634 doceant
1518 601 1692 634 coelestia.
1748 599 1891 634 Necesse
1915 609 1964 635 est
1989 602 2096 646 igitur
2114 614 2171 636 eas
2189 615 2246 635 ar-

1252 658 1321 692 tes,
1350 663 1435 697 quas
1459 651 1544 685 nobi
1587 652 1671 685 ‘stae
1696 651 1880 686 discendas
1902 660 2125 696 proponunt,
2152 654 2246 687 divi-

1252 703 1348 736 nitus
1381 703 1417 735 in
1443 703 1559 736 sensib
1587 714 1602 736 s
1628 715 1667 736 ac
1692 709 1819 736 natura
1845 703 2074 737 formicarum
2099 705 2247 749 scriptas

1252 760 1356 799 atque
1380 753 1532 797 sculptas
1555 766 1648 794 esse,
1674 765 1825 799 vereque
1845 766 1917 787 esse
1936 754 1973 787 in
1991 755 2058 796 eis,
2082 763 2120 790 ut
2138 755 2245 789 Poeta

1252 805 1323 843 ait,
1357 811 1490 848 partem
1519 804 1674 850 aliquam
1697 805 1839 839 divinae
1862 806 2008 845 mentis,
2042 812 2077 839 et
2101 804 2247 840 haustus

1252 852 1445 890 aethereos,

1353 904 1437 939 Dixi
1459 903 1628 940 hactenus
1654 907 1697 940 de
1716 907 1942 941 formicarum
1960 914 2041 942 ortu
2060 920 2098 942 ac
2115 907 2250 941 nobili-

1253 963 1341 997 tate,
1369 969 1458 1002 quae
1487 969 1559 989 non
1589 969 1733 1002 parvam
1757 959 2100 992 commendationem
2126 956 2248 992 habet:

1253 1008 1368 1041 adfert
1399 1008 1494 1041 enim
1526 1009 1694 1041 nobilitas
1726 1021 1798 1042 non
1827 1010 1934 1042 modo
1965 1010 2001 1042 in
2027 1008 2250 1050 homiuibus,

1254 1060 1312 1093 sed
1338 1059 1443 1092 etiam
1466 1059 1502 1091 in
1530 1060 1722 1103 pecudibus
1747 1061 1919 1105 quaedam
1941 1060 2081 1095 virtutis
2105 1061 2250 1102 semina,

1254 1122 1342 1155 quae
1366 1122 1384 1143 a
1411 1117 1597 1154 parentum
1618 1118 1741 1145 natura
1760 1111 1796 1143 in
1817 1118 1976 1155 posteros
1994 1118 2246 1156 propagantur.

1255 1161 1357 1195 Nunc
1387 1161 1430 1194 de
1463 1161 1614 1203 ingeniis
1645 1173 1684 1195 ac
1711 1162 1870 1195 moribus
1895 1162 2009 1207 deque
2036 1163 2133 1195 omni
2158 1163 2250 1196 vitae

1255 1213 1509 1245 consuetudine
1535 1213 1676 1246 illarum
1702 1213 1893 1246 dicendum
1914 1219 1975 1248 est.
2028 1212 2147 1258 Atque
2163 1211 2250 1247 haec

1256 1275 1334 1307 pars
1356 1263 1546 1302 orationis,
1574 1264 1659 1308 quid
1681 1264 1777 1297 aliud
1797 1261 1922 1304 habet,
1950 1276 2056 1309 quam
2074 1262 2252 1298 honestis-

1255 1314 1381 1347 simam
1411 1315 1590 1358 quandam
1618 1314 1769 1347 formam
1796 1321 1888 1348 recte
1913 1315 2084 1349 vivendi?
2137 1314 2249 1349 Nemo

1255 1362 1557 1408 Philosophorum
1591 1377 1664 1397 non
1692 1365 1840 1398 tradidit
1865 1366 1954 1398 bene
1980 1366 2125 1398 vivendi
2150 1378 2252 1410 prae-

1255 1421 1365 1459 cepta.
1420 1414 1490 1449 Sed
1507 1413 1613 1448 buius
1632 1415 1754 1449 insecti
1767 1413 1924 1457 historia,
1949 1417 2034 1462 quid
2050 1417 2093 1451 sit
2107 1424 2252 1459 rectum,

1255 1466 1341 1511 quid
1367 1472 1488 1509 turpe,
1524 1466 1609 1511 quid
1634 1467 1739 1507 utile,
1772 1467 1856 1512 quid
1881 1479 1973 1508 non,
2009 1467 2094 1512 quid
2118 1468 2252 1509 deceat,

1256 1516 1382 1549 melius
1409 1514 1610 1562 Chrysippo
1642 1524 1675 1551 et
1698 1517 1871 1552 Crantore
1894 1519 1991 1553 dicit.
2059 1517 2151 1561 Quis
2177 1531 2251 1553 non

1255 1565 1340 1600 haec
1363 1567 1551 1610 singularis
1576 1569 1786 1611 prudentiae
1806 1568 2080 1614 diligentiaeque
2099 1569 2252 1604 indefes-

1256 1630 1312 1651 sae
1336 1630 1442 1662 opera
1466 1630 1538 1651 esse
1564 1620 1683 1652 dicat?
1734 1617 1936 1662 Colligeudi
1963 1620 2075 1654 xictus
2093 1627 2250 1666 tempora

1256 1669 1476 1712 intelligunt,
1511 1670 1662 1714 proinde.
1691 1682 1856 1703 acervum
1882 1671 2051 1704 frumenti
2079 1671 2114 1704 in
2141 1684 2252 1706 messe

1256 1727 1496 1764 comportant,
1539 1721 1716 1762 condunt,
1754 1729 2053 1768 comparcuntque
2089 1723 2123 1755 in
2164 1721 2251 1769 hye-

1256 1783 1368 1812 mem,
1394 1772 1602 1816 praevident
1621 1772 1714 1804 enim
1733 1769 1857 1818 hyeme
1874 1773 1911 1805 in
1930 1773 2048 1807 vacuis
2067 1773 2158 1817 agris
2174 1775 2251 1807 sru—

1256 1829 1326 1856 stra
1349 1834 1385 1856 se
1408 1823 1577 1867 pabulum
1599 1823 1817 1868 quaesituras
1841 1835 1924 1859 esse.
1984 1822 2107 1858 Onera
2130 1836 2251 1859 morsu

1256 1873 1401 1917 gerunf,
1438 1874 1541 1916 longe
1574 1874 1727 1913 maiora,
1760 1886 1866 1919 quam
1898 1887 1962 1919 pro
1989 1875 2146 1919 corporis
2168 1887 2253 1921 por-

1257 1925 1353 1959 tione
1383 1925 1474 1958 ferre
1506 1937 1606 1969 posse
1636 1925 1805 1959 credibile
1828 1926 1882 1960 sit.
1937 1925 2120 1969 Quaedam
2146 1939 2252 1970 gran-

1257 1976 1357 2009 diora
1372 1977 1606 2020 protrudunt,
1634 1983 1703 2010 tota
1721 1977 1879 2021 corporis
1894 1977 1988 2009 mole
2000 1977 2168 2014 obnixae,
2196 1990 2252 2011 se-

1257 2027 1352 2060 mina
1380 2027 1586 2072 priusquam
1620 2028 1793 2067 condant,
1828 2028 2021 2067 arrodunt,
2054 2040 2098 2060 ne.
2130 2040 2252 2063 rursus

1257 2085 1379 2112 exeant
1405 2079 1441 2111 in
1464 2079 1582 2121 fruges
1606 2090 1624 2111 e
1648 2085 1758 2117 terra,
1784 2079 1976 2112 madefacta
2002 2079 2114 2112 imbre
2136 2080 2252 2123 profe-

1258 2137 1340 2163 runt
1365 2137 1470 2175 atque
1492 2130 1634 2164 siccant.
1687 2128 1760 2162 Nec
1783 2136 1909 2170 noctu,
1935 2130 2038 2174 plena
2055 2130 2160 2170 luna,
2189 2143 2250 2164 va-

1257 2193 1341 2215 cuae
1364 2188 1458 2216 sunt.
1511 2180 1632 2226 Usque
1654 2181 1741 2214 adeo
1766 2187 1867 2225 turpe
1890 2181 2025 2215 ducunt
2048 2181 2186 2221 seriari,
2212 2189 2252 2216 ut

1257 2232 1396 2265 nullum
1419 2232 1486 2265 sibi
1513 2238 1650 2276 tempus
1673 2232 1840 2265 idoneum
1863 2232 1974 2265 labori
1992 2232 2106 2276 perire
2122 2232 2252 2269 sinant.

1259 2282 1457 2317 lnterlunio
1481 2289 1616 2317 cessant
1640 2283 1684 2316 ab
1709 2295 1834 2327 opere.
1861 2283 1982 2328 siquae
2003 2284 2039 2317 in
2059 2283 2185 2318 itinere
2200 2285 2251 2318 fe-

1258 2335 1377 2367 rendis
1401 2335 1520 2378 granis
1542 2341 1704 2377 gravatae.
1729 2341 1830 2374 sunt,
1858 2335 2012 2378 gregales
2037 2342 2189 2374 norunt.
2216 2343 2251 2370 et

1258 2386 1427 2430 quoniam
1453 2397 1555 2432 saepe
1577 2392 1745 2430 tanquam
1770 2398 1809 2418 ex
1827 2385 1976 2419 diversis
1993 2385 2195 2419 civitatibus
2213 2387 2249 2420 in

1257 2438 1377 2470 eadem
1405 2437 1460 2470 via
1484 2436 1721 2475 conveniunt,
1756 2436 1792 2469 in
1817 2449 1929 2470 unum
1953 2436 2106 2482 aliquem
2134 2437 2250 2471 locum

1257 2501 1377 2521 omnes
1394 2489 1596 2522 universum
1612 2494 1845 2521 commeatum
1862 2495 2101 2532 comportant.
2130 2487 2250 2534 ibique

1257 2552 1317 2572 sua
1347 2540 1443 2582 signa
1473 2546 1746 2581 recognoscunt.
1782 2538 1831 2571 ibi
1857 2538 1954 2572 velut
1978 2538 2168 2572 exercitum
2191 2551 2248 2573 re-

1256 2598 1454 2631 censentes,
1479 2591 1618 2634 agmina
1638 2596 1820 2634 separant,
1846 2596 1879 2623 et
1897 2601 1999 2623 suum
2020 2590 2146 2635 cuique
2167 2602 2249 2624 ave-

1256 2639 1412 2675 bendum
1443 2643 1599 2677 tradunt.
1654 2641 1793 2676 Obviae
1827 2640 1919 2674 inter
1948 2652 1984 2673 se
2012 2641 2111 2686 quasi
2139 2640 2249 2675 collo-

1255 2701 1432 2738 quuntur,
1463 2705 1501 2727 ac
1526 2699 1795 2738 percontantur,
1822 2692 1934 2726 donec
1959 2698 2150 2736 agnoscant
2172 2692 2248 2726 sin—
