2338 2958
99 120 173 155 473

93 204 262 238 mentium
293 201 474 235 exauditus
500 207 753 235 consternasset
784 202 970 242 Senatum,
1009 198 1076 233 hoc

93 265 247 299 agamm,
272 252 406 296 inquit,
434 251 471 284 P.
485 250 524 286 C.
550 253 689 296 pauculi
711 253 868 286 seditiosi
885 253 970 285 soris
996 263 1073 283 meo

93 306 187 338 iussu
201 302 470 337 interficiuntur.
500 303 612 336 Addit
626 303 825 336 crudelitati
842 302 1074 341 mendacium,

91 354 157 387 nisi
178 354 266 386 forte
289 353 388 396 pauci
412 353 476 386 visi
501 360 582 386 sunt
605 361 774 398 tyranno,
801 354 857 387 cui
873 363 1072 398 quenquam

89 405 222 438 bonum
246 401 360 436 adhuc
383 403 498 436 vivere
515 404 666 438 dolebat.
720 401 942 437 Theodosius
961 403 1073 446 Impe-

89 460 196 494 rator,
222 455 268 487 ob
288 454 393 487 unius
410 454 546 498 equitis,
574 466 636 487 nec
651 454 797 487 omnino
817 455 945 487 iniuste
963 455 1072 486 inter-

89 504 168 538 fecti
186 516 315 544 necem,
333 511 462 547 septem
481 502 664 537 hominnm
681 504 792 537 millia
812 505 848 537 in
865 501 1074 537 urbeThes—

87 555 240 589 salonica
268 555 505 588 contrucidari
540 554 650 589 iussit.
709 554 823 597 Quem
851 567 931 588 cum
964 554 1010 587 ob
1037 553 1072 586 id

87 606 215 638 factum
232 605 335 637 divus
345 604 551 638 Ambrosius
568 605 909 645 excommunicasset,
931 606 1073 639 tandem

87 656 129 688 ad
149 667 275 699 corpus
295 654 470 688 Ecclesiae
487 656 611 688 iterum
630 662 789 698 recepto,
816 653 906 689 hanc
924 668 1072 701 poenam

87 706 273 750 imposuit,
313 712 353 739 ut
381 706 656 750 quotiescunque
689 716 725 738 se
752 705 881 740 iratum
918 707 1073 744 sentiret,

87 756 226 790 nullum
244 756 389 789 verbum
412 756 508 799 prius
525 767 629 800 quam
653 753 879 800 alphabetum
897 756 1072 791 Graecum

87 808 211 840 ordine
226 807 461 844 recensuisset,
486 806 766 851 proloqueretur,
791 809 949 842 futurum
969 814 1073 848 ratus,

87 864 126 890 ut
146 855 209 890 hac
241 868 337 889 mora
363 856 589 900 interposita,
623 856 736 901 prima
767 859 899 892 rabiosi
929 859 1072 892 affectus

86 907 253 941 violentia
280 903 446 939 nonnihil
469 907 736 947 defervesceret,
765 909 993 944 ettmemoria
1010 909 1073 941 ad-

85 958 182 990 missi
198 968 259 1000 per
273 957 360 989 iram
378 958 531 990 crudelis
546 958 730 999 facinoris,
757 972 820 1003 per
841 960 928 993 iram
945 959 1072 1003 patrati

85 1007 221 1047 delicti,
248 999 544 1048 animo⁵subiens,
569 1010 610 1041 ad
625 1010 798 1042 saniorem
816 1017 969 1043 mentem
994 1021 1072 1042 eum

85 1065 117 1090 et
133 1057 403 1101 placabilitatem
420 1065 606 1092 revocaret.
660 1058 736 1092 Hoc
754 1061 908 1093 remedio
925 1071 1006 1093 usus
1023 1066 1071 1092 est

85 1109 187 1141 divus
218 1108 428 1140 Ambrosius
459 1110 501 1140 ad
534 1110 729 1141 sanandum
761 1111 925 1142 morbum
953 1107 1073 1142 Theo-

84 1158 187 1191 dosii.

83 1209 289 1242 frenandam
307 1208 467 1241 remediis
482 1219 568 1252 opus
587 1209 667 1248 fuit,
691 1221 793 1253 quem
820 1217 965 1243 naturae
991 1221 1072 1242 snae

83 1258 242 1295 bonitas,
270 1265 302 1291 et
325 1265 506 1301 conspecta
524 1259 559 1290 in
585 1256 684 1292 hoste
698 1260 807 1292 virtus
823 1261 937 1293 statim
956 1260 1071 1303 placa-

84 1309 147 1342 vit:
172 1309 255 1341 vicit
273 1319 343 1340 non
364 1308 481 1341 minus
498 1308 636 1341 sortiter
651 1321 687 1341 se
710 1310 823 1353 ipsum
842 1322 945 1354 quam
969 1317 1068 1342 antea

83 1357 219 1392 hostem
244 1358 393 1398 vicerat,
420 1364 454 1391 et
479 1370 518 1390 ex
545 1358 623 1398 illa,
650 1371 754 1403 quam
772 1372 811 1392 ex
835 1358 898 1393 hac
915 1360 1072 1399 victoria,

84 1409 196 1442 multo
218 1408 430 1441 nobiliorem
455 1420 494 1440 ac
516 1409 756 1451 gloriosiorem
775 1407 995 1454 triumphum
1018 1422 1071 1442 re-

84 1459 238 1502 portavit
279 1456 465 1502 Philippus
508 1459 675 1497 Macedo,
735 1467 834 1503 pater
876 1460 1069 1493 Alexandri

84 1508 225 1551 Magni,
252 1520 330 1541 cum
349 1506 570 1553 Olynthum,
596 1521 699 1553 quam
717 1510 778 1542 diu
795 1522 922 1554 magno
942 1517 1071 1543 conatu

83 1565 116 1592 et
132 1559 287 1602 periculo
304 1559 506 1599 obsederat,
532 1560 674 1591 tandem
689 1568 927 1603 expugnasset.
972 1560 1071 1593 Poti-

82 1617 139 1643 tus
154 1609 288 1642 difficili
304 1609 471 1649 victoria,
497 1609 628 1641 dicitur
647 1609 748 1642 ludos
765 1610 842 1643 festi
859 1622 897 1643 ac
914 1610 1071 1644 laeticiae

83 1671 185 1693 causa
201 1659 337 1698 secisse,
361 1670 512 1703 quorum
529 1659 695 1692 ludorum
713 1660 769 1692 die
786 1673 864 1693 cum
881 1661 1070 1694 sacrificas-

81 1716 149 1750 set,
186 1716 220 1742 et
242 1709 406 1742 convivio
432 1709 562 1742 amicos
585 1720 666 1742 suos
686 1722 725 1743 ac
741 1709 855 1743 Duces
875 1711 1070 1754 accepisset,

82 1761 119 1793 in
136 1760 258 1792 vinum
274 1766 307 1792 et
322 1756 535 1792 hilaritatem
555 1759 702 1800 effusus,
729 1760 829 1794 iussit
844 1773 1070 1806 unumquen-

82 1822 150 1856 que
168 1810 395 1843 convivarum
414 1809 547 1853 aliquid
573 1821 591 1841 a
608 1821 643 1843 se
665 1817 800 1853 petere,
827 1812 920 1856 quod
943 1811 1070 1855 cuique

82 1860 304 1893 commodum
330 1865 363 1891 et
391 1859 537 1901 dignum
565 1866 651 1892 esset
683 1871 701 1891 a
722 1859 819 1902 Rege
846 1861 926 1903 peti.
979 1859 1070 1893 Aliis

85 1911 191 1954 igitur
220 1909 315 1942 aliud
348 1909 545 1952 petentibus
572 1920 610 1942 ac
640 1909 924 1952 impetrantibus,
966 1918 1070 1954 prout

82 1961 208 2006 cuique
232 1971 315 1993 usus
340 1965 433 1999 erat,
465 1959 559 1992 solus
583 1959 651 1991 iam
675 1961 823 1993 restabat
840 1960 984 2006 Satyrus
999 1960 1068 1994 Co-

81 2013 244 2051 moedus,
271 2010 330 2055 qui
349 2017 492 2054 propter
506 2016 616 2043 artem
633 2016 665 2043 et
686 2010 817 2052 ingenii
830 2012 1067 2045 dexteritatem

82 2061 265 2106 praecipua
281 2061 371 2104 apud
391 2059 520 2103 Regem
539 2060 648 2103 gratia
670 2067 753 2093 erat.
805 2060 896 2094 Eum
915 2074 992 2095 cum
1012 2063 1068 2094 ni-

81 2111 131 2145 hil
167 2110 280 2145 adbuc
315 2111 513 2155 petivisset,
558 2111 711 2143 invitant
743 2112 867 2144 caeteri
906 2113 1068 2156 primum,

80 2163 207 2196 deinde
242 2162 315 2206 ipse
348 2159 551 2205 Philippus,
591 2167 630 2194 ut
669 2163 967 2206 quemadmodum
1005 2163 1067 2196 alii

81 2212 253 2250 fecissent,
279 2212 352 2255 ipse
368 2224 508 2257 quoqne
523 2211 655 2257 aliquid
673 2218 822 2256 peteret,
850 2225 913 2246 nec
932 2214 1065 2247 donum

80 2270 141 2297 aut
163 2262 443 2296 benevolentiam
459 2261 567 2306 Regis
588 2263 867 2306 adspernaretur.
921 2261 969 2297 At
990 2263 1066 2297 ille:

81 2313 238 2356 Quando
253 2324 270 2344 a
289 2319 322 2345 te
337 2312 472 2352 iubeor,
499 2313 627 2358 inquit,
650 2312 739 2351 Rex,
766 2321 880 2357 petam
899 2314 945 2354 id,
971 2316 1065 2359 quod

80 2371 115 2398 et
140 2361 228 2396 mibi
251 2369 384 2407 petere,
419 2369 452 2396 et
470 2363 535 2396 tibi
565 2363 683 2407 largiri
707 2364 857 2397 maxime
880 2363 1064 2399 honestum

81 2414 209 2448 iudico.
247 2412 330 2447 Fuit
346 2410 433 2445 mihi
450 2419 548 2447 vetus
563 2414 715 2447 amicitia
731 2421 764 2448 et
782 2413 972 2459 hospitium
986 2427 1064 2448 cum

81 2461 329 2509 Apollophane
353 2462 552 2508 Pydnensi,
594 2464 654 2508 qui
677 2476 754 2497 cum
782 2478 821 2498 ex
845 2465 982 2498 insidiis
1007 2466 1063 2499 in-

81 2516 247 2555 teriisset,
281 2521 474 2547 metuentes
499 2515 636 2558 cognati
669 2515 755 2548 iram
788 2517 938 2559 regiam,
977 2516 1064 2550 filias

80 2565 154 2609 eius
177 2577 300 2609 parvas
321 2562 436 2598 adhuc
460 2562 680 2610 Olynthum,
713 2572 752 2599 ut
778 2567 825 2599 ibi
859 2567 968 2600 tutior
993 2567 1064 2601 vita

81 2609 151 2648 illis
175 2622 279 2655 esset,
307 2615 594 2649 transmiserunt:
630 2613 693 2648 hae
718 2628 813 2649 nunc
845 2624 941 2661 capta
975 2617 1062 2651 urbe

80 2666 238 2710 captivae
263 2672 444 2707 tenentur,
477 2667 614 2701 nubiles
640 2666 728 2706 iam,
763 2674 865 2711 atque
891 2680 929 2701 ea
953 2675 1063 2702 aetate

648 114 807 151 DECL.
840 115 914 151 DE
949 111 1228 151 GUELPHO
1261 113 1416 150 DUCE
1452 114 1576 152 BAV.

241 1157 289 1191 At
307 1155 499 1191 Chunrado
517 1157 632 1191 Suevo
657 1156 748 1192 nihil
767 1160 896 1192 talibus
919 1161 961 1192 ad
986 1160 1070 1191 iram
1097 1192 1100 1201 ,

2042 118 2116 153 474

1127 199 1326 240 existentes,
1358 212 1447 245 quae
1470 202 1655 246 praecipue
1683 209 1732 237 est
1754 209 1927 247 oportuna
1953 203 2112 237 iniuriae.

1127 248 1199 282 Has
1223 250 1330 293 igitur
1346 262 1363 283 a
1383 258 1415 284 te
1432 250 1507 285 Rex
1524 260 1623 296 peto,
1650 260 1687 286 ut
1702 265 1757 287 eas
1773 265 1848 286 mea
1869 255 2014 297 pecunia
2038 255 2110 287 elo—

1126 312 1218 341 cem,
1245 313 1288 333 ne
1307 301 1390 346 quid
1412 308 1511 345 turpe
1530 309 1589 336 aut
1607 304 1792 347 indignum
1809 304 1912 337 nobis
1930 311 2032 349 atque
2049 304 2110 337 illo

1126 358 1268 393 parente
1301 363 1363 384 suo
1392 363 1453 395 per
1480 353 1639 386 fortunae
1671 355 1892 399 iniquitatem
1923 355 2112 399 patiantur.

1127 398 1198 433 Alii
1225 402 1319 446 quod
1344 402 1410 434 sibi
1441 402 1538 435 lucro
1564 404 1721 438 arbitrati
1746 412 1828 439 sunt
1850 406 1942 445 sore,
1977 406 2011 438 id
2036 417 2054 437 a
2079 412 2110 437 te

1126 457 1306 495 optarunt,
1334 459 1366 484 et
1383 459 1539 495 optatum
1558 454 1791 488 abstulerunt:
1820 468 1881 499 ego
1899 456 1925 488 si
1944 455 2112 499 impetra-

1126 513 1208 535 vero
1228 503 1357 543 dotem,
1383 502 1526 546 insuper
1541 504 1584 536 de
1601 515 1679 537 meo
1698 506 1877 544 addidero,
1901 504 1991 538 hanc
2008 506 2110 538 fidem

1125 553 1315 585 memoriae
1336 553 1477 586 extincti
1496 554 1616 594 amici,
1640 562 1673 588 et
1695 556 1825 588 relictis
1841 557 1884 589 ab
1904 569 1943 589 eo
1962 557 2112 595 filiabus,

1126 604 1252 636 debere
1270 615 1324 635 me
1341 603 1553 637 existimans.
1602 603 1657 637 Ad
1677 602 1770 638 hunc
1788 617 1983 638 sermonem
1999 619 2016 639 a
2036 613 2109 639 toto

1125 654 1288 686 convivio
1312 654 1454 697 plausus
1475 666 1553 687 cum
1583 656 1836 699 approbatione
1860 657 2026 689 excitatus
2051 662 2111 695 est,

1125 704 1308 748 victusque
1337 702 1521 748 Philippus
1546 705 1645 738 iussit
1674 706 1805 748 puellas
1827 706 1950 751 Satyro
1975 707 2111 746 adduci,

1126 762 1229 799 atque
1247 755 1283 786 in
1299 767 1422 787 manus
1442 756 1552 795 tradi,
1578 756 1770 789 admiratus
1786 754 1940 790 hominis
1957 758 2059 789 fidem
2079 764 2111 789 et

1126 806 1161 837 in
1180 805 1324 837 colenda
1343 806 1493 837 amicitia
1510 807 1757 846 constantiam,
1785 814 1817 840 et
1836 807 1978 850 insuper
1994 809 2110 840 dotem

1125 854 1220 897 Rege
1244 856 1385 897 dignam
1413 857 1551 889 adiecit.
1612 855 1685 889 Etsi
1714 855 1953 901 Apollophani
1983 870 2021 890 ac
2047 857 2112 890 toti

1126 906 1277 938 familiae
1298 906 1405 948 ipsius
1424 918 1496 938 non
1519 907 1694 940 immerito
1714 908 1945 948 irascebatur,
1972 909 2000 941 is
2019 908 2110 940 enim

1126 968 1164 988 ex
1182 956 1373 988 coniuratis
1389 968 1480 988 unus
1495 957 1618 997 fuerat,
1641 958 1800 1001 aquibus
1813 959 2009 991 Alexander
2025 956 2110 991 Phi-

1127 1006 1213 1049 lippi
1237 1007 1342 1038 frater
1358 1018 1419 1049 per
1440 1006 1585 1040 insidias
1608 1007 1810 1041 interfectus
1826 1009 1954 1046 fuerat,
1980 1009 2112 1041 condo-

1125 1057 1221 1089 navit
1243 1063 1359 1089 tamen
1385 1057 1491 1097 iram,
1527 1069 1565 1090 ac
1591 1057 1644 1090 ius
1666 1070 1767 1091 suum
1791 1059 1826 1091 in
1852 1066 1968 1102 captas
1993 1059 2112 1102 pietati

1097 1068 1101 1169 ¹
1125 1106 1261 1150 Satyri,
1294 1113 1397 1150 atque
1422 1119 1500 1139 eum
1523 1108 1649 1140 deinde
1675 1109 1784 1151 magis
1808 1107 1952 1142 charum
1978 1107 2113 1143 habuit.

1097 1173 1100 1190 2
1124 1155 1231 1197 Digni
1256 1157 1358 1188 laude
1383 1163 1547 1201 uterque,
1581 1158 1659 1197 ille,
1694 1160 1787 1203 quod
1815 1160 1916 1192 fidem
1939 1159 2112 1192 amicitiae

1125 1206 1265 1249 propria
1294 1206 1443 1239 utilitate
1467 1207 1638 1250 potiorem
1663 1209 1782 1249 duxit,
1817 1210 2008 1254 maluitque
2033 1221 2112 1242 cum

1125 1256 1279 1299 periculo
1311 1257 1449 1296 amicis,
1484 1270 1589 1301 quam
1618 1265 1693 1291 tuto
1726 1259 1793 1292 sibi
1822 1261 2018 1293 consulere:
2055 1257 2113 1292 hic

1125 1307 1216 1350 quod
1244 1307 1385 1349 dignam
1409 1307 1469 1339 tali
1504 1307 1667 1352 Principe
1704 1309 1973 1352 placabilitatem
2009 1316 2113 1354 atque

1125 1357 1344 1390 clementiam
1364 1368 1441 1398 erga
1463 1357 1596 1390 inimici
1614 1359 1701 1391 filias
1723 1361 1910 1402 praestitit,
1934 1373 1997 1393 nec
2022 1361 2110 1392 iram

1124 1407 1215 1450 apud
1239 1419 1274 1439 se
1299 1407 1377 1450 plus
1400 1407 1532 1448 valere,
1559 1421 1663 1453 qnam
1683 1410 1821 1443 virtutis
1842 1411 2110 1444 admirationem

1126 1469 1243 1500 passus
1267 1464 1327 1490 est.
1380 1456 1447 1490 Sed
1475 1470 1546 1490 non
1570 1459 1674 1502 paulo
1692 1461 1859 1493 maiorem
1880 1462 2019 1495 laudem
2037 1472 2112 1493 me-

1124 1514 1271 1540 ruerunt
1288 1506 1518 1540 Germanicae
1540 1515 1720 1543 matronae
1740 1523 1843 1555 quam
1864 1511 2025 1558 Satyrus:
2053 1509 2111 1544 hic

1124 1557 1217 1589 enim
1234 1558 1367 1602 aliquid
1386 1559 1562 1590 commodi
1581 1559 1683 1592 amici
1701 1572 1801 1593 causa
1823 1562 1986 1605 proiecit,
2015 1561 2112 1594 venit

1125 1608 1161 1639 in
1197 1608 1391 1650 periculum
1428 1620 1471 1640 ne
1500 1609 1672 1642 excideret
1708 1611 1952 1645 benevolentia
1988 1611 2109 1654 Regis:

1123 1658 1203 1689 illae
1236 1658 1271 1690 in
1305 1655 1461 1691 humeris
1491 1659 1635 1692 maritos
1661 1660 1860 1706 liberosque
1886 1674 1946 1706 per
1977 1663 2111 1695 medios

1124 1706 1238 1740 hostes
1257 1709 1473 1746 extulerunt,
1502 1709 1538 1741 in
1556 1711 1684 1754 quibus
1702 1711 1856 1744 indolem
1879 1713 1980 1755 longe
1998 1712 2111 1745 maio-

1124 1770 1194 1790 rem
1230 1758 1292 1790 illo
1325 1769 1425 1798 sexu,
1459 1771 1497 1791 ac
1523 1767 1678 1793 veterum
1707 1759 1933 1796 heminarum
1959 1763 2109 1795 similem

1122 1807 1230 1840 fuisse
1254 1809 1415 1852 adparet,
1442 1821 1527 1853 quas
1546 1822 1622 1851 ,non
1640 1817 1690 1844 tot
1718 1820 1869 1845 armatae
1889 1824 2030 1853 manus,
2059 1819 2110 1845 tot

1122 1858 1229 1900 gladii
1257 1869 1295 1890 ac
1313 1859 1571 1892 circumstantia
1587 1861 1653 1894 tela
1669 1863 1911 1902 retinuerunt,
1934 1863 2019 1907 quin
2038 1874 2107 1896 una

1122 1920 1200 1941 cum
1222 1908 1309 1947 suis,
1337 1909 1363 1941 si
1383 1909 1466 1952 quid
1493 1910 1639 1952 periculi
1657 1920 1762 1950 esset,
1791 1914 1967 1951 subirent,
1995 1920 2027 1946 et
2045 1925 2108 1956 po-

1122 1959 1191 1991 tius
1215 1959 1319 1991 semel
1343 1971 1485 2003 unaque
1510 1961 1682 2003 perirent,
1708 1975 1812 2007 quam
1836 1964 1929 1996 solae
1949 1964 1983 1996 in
2010 1963 2108 1997 orbi-

1121 2015 1190 2042 tate
1212 2021 1250 2042 ac
1273 2009 1386 2049 luctu,
1421 2011 1514 2054 quod
1541 2011 1715 2056 reliquum
1744 2021 1830 2046 esset
1852 2014 1959 2054 vitae,
1993 2014 2108 2055 exige·

1120 2066 1209 2093 rent.
1255 2059 1463 2093 Laudamur
1480 2061 1515 2092 in
1535 2059 1688 2094 historiis
1705 2062 1877 2097 Romanis
1895 2065 2024 2107 priscae
2043 2064 2107 2097 Sa-

1120 2110 1240 2149 binae,
1268 2111 1361 2154 qnod
1388 2111 1547 2154 precibus
1570 2118 1603 2144 et
1628 2113 1821 2147 intercurso
1847 2126 1908 2148 suo
1936 2115 2105 2158 praelium

1121 2161 1212 2193 inter
1229 2161 1372 2193 maritos
1389 2173 1426 2193 ac
1448 2168 1608 2204 parentes
1629 2164 1854 2199 diremerunt.
1909 2165 1957 2198 At
1975 2171 2106 2209 quanto

1120 2211 1246 2245 iustius
1270 2211 1459 2244 laudantur
1483 2219 1639 2253 nostrae,
1666 2226 1754 2258 quac
1778 2215 1880 2257 longe
1905 2214 2106 2259 pulchriore

1119 2261 1274 2294 facinore
1290 2274 1407 2305 pacem
1426 2263 1674 2295 confecerunt?
1708 2263 1837 2298 Illustri
1856 2272 1889 2299 et
1904 2266 1945 2298 ad
1963 2277 2103 2298 omnem

1119 2312 1331 2356 posteritatis
1345 2313 1549 2344 memoriam
1568 2313 1693 2346 celebri
1716 2315 1806 2348 sacto
1825 2316 1986 2359 pietatem
2006 2328 2104 2349 suam

1119 2375 1198 2405 erga
1214 2363 1379 2405 coniuges
1395 2363 1617 2396 declararunt
1634 2363 1837 2409 Minyarum
1855 2378 1996 2407 uxores;
2025 2378 2102 2399 cum

1119 2414 1212 2446 enim
1239 2413 1304 2445 viri
1330 2425 1368 2445 ex
1399 2425 1435 2444 ea
1464 2413 1596 2446 familia
1619 2426 1760 2455 omnes,
1796 2428 1943 2450 numero
1965 2416 2104 2450 circiter

1118 2463 1239 2501 XXX,
1269 2470 1414 2508 propter
1429 2463 1576 2498 affectati
1593 2465 1824 2508 suspicionem
1843 2468 1939 2510 regni
1960 2480 1977 2499 a
1994 2466 2102 2510 Spar—

1117 2515 1208 2548 tanis
1231 2515 1391 2558 publicae
1407 2514 1583 2547 custodiae
1601 2515 1744 2556 inclusi,
1764 2524 1796 2550 et
1814 2518 1985 2561 supplicio
2007 2517 2101 2559 capi-

1117 2565 1178 2599 tali
1201 2565 1269 2597 iam
1297 2565 1460 2597 destinati
1485 2572 1617 2608 essent,
1646 2568 1738 2610 quod
1768 2579 1845 2600 cum
1865 2574 1979 2600 vetere
2002 2567 2099 2599 insti-

1116 2623 1192 2650 tuto
1207 2615 1565 2649 Lacedaemoniorum
1587 2624 1760 2650 nocturno
1786 2625 1942 2662 tempore
1967 2616 2098 2660 passuri

1116 2674 1246 2708 essent,
1282 2666 1446 2709 coniuges
1478 2678 1598 2699 eorum
1631 2679 1669 2700 ex
1702 2668 1928 2701 nobilissimis
1959 2665 2100 2700 familiis
