2338 2958
156 98 179 131 7
670 89 831 127 DECL.
863 87 938 125 DE
973 86 1235 124 ARTIBUS
1268 86 1682 125 LIBERALIBUS.
2176 99 2199 132 8

158 195 222 230 par
245 181 400 216 studium
424 179 583 220 accedat,
609 185 643 213 et
667 183 707 211 ut
727 177 765 210 in
781 187 917 210 summa
931 175 1066 217 dicam,
1093 187 1153 209 rex

159 233 318 279 Iuppiter
341 231 508 266 omnibus
531 230 635 265 idem.
689 226 850 261 Grandia
867 224 953 261 haec
969 233 1063 268 tum,
1089 237 1154 260 nec

161 279 440 332 ἀπροσδιόνυσα
453 282 485 315 ei
497 282 585 316 loco.
620 279 690 313 Sed
701 278 887 323 exporrigo
898 278 1051 312 frontem
1065 277 1153 311 adu-

163 335 348 370 lescentiae
365 334 534 368 dicturus.
587 330 770 373 Quaedam
787 329 1016 370 iucundiora,
1045 340 1154 373 quae-

161 389 242 421 dam
270 386 375 420 etiam
406 384 556 418 clariora
585 380 766 425 prioribus
787 381 898 414 feram
923 380 959 413 in
984 379 1153 413 medium.

163 439 210 472 At
227 436 387 476 interim,
413 435 441 468 si
461 433 545 479 quid
566 433 610 466 ab
628 429 848 466 humanitate
867 437 1000 471 vestra,
1025 429 1152 474 optimi

163 489 248 529 viri,
282 488 390 532 pietas
420 496 514 525 mea,
549 484 604 517 vel
625 495 643 517 a
670 483 771 516 vobis
791 482 1032 515 adulescentes
1057 492 1151 514 nun-

162 551 268 586 quam
284 549 356 572 non
375 535 527 569 officiosa
545 535 710 568 voluntas
727 533 874 567 emereri
893 539 1017 577 potest,
1044 543 1152 577 quae-

162 603 200 624 so
229 601 302 623 non
331 587 406 620 solo
438 585 638 630 argumenti
667 585 828 624 nomine,
862 595 985 617 verum
1014 590 1047 617 et
1075 594 1153 616 mea

162 641 271 685 ipsius
293 649 412 677 causa,
441 637 517 682 pari
535 648 613 671 cum
635 635 778 670 caeteris
795 632 1012 669 Oratoribus
1029 633 1153 668 vestris

164 693 240 725 loco
258 689 334 735 pari
349 689 459 734 gratia
475 686 611 723 habete.

262 740 440 776 Constans
467 746 500 773 et
529 745 665 773 vetusta
695 737 788 770 fama
817 744 886 777 est,
919 743 1042 771 natum
1068 734 1153 770 Iove

163 792 401 831 Mercurium,
450 802 559 836 quum
598 790 642 823 ad
666 787 819 834 Aegypti
845 788 993 821 flumina
1020 800 1109 832 puer
1134 800 1153 820 a

161 841 338 890 Nymphis
354 843 522 880 aleretur,
550 847 589 874 ut
604 847 678 874 erat
696 840 834 873 indoles
849 839 972 874 festiva
984 866 993 880 ,
1022 851 1083 883 per
1098 839 1153 872 lu-

162 907 239 929 sum
258 895 443 938 iocumque
455 893 598 926 solitum
610 892 777 936 pleraque
788 890 1031 929 commentari,
1059 890 1154 924 Deas

162 945 304 979 vafricie
328 945 468 983 fallere,
495 954 605 977 novas
630 949 738 983 artes,
763 954 853 976 nova
871 954 975 986 opera
992 941 1153 974 miranda

162 996 311 1042 posteris
329 996 503 1038 effingere.
545 992 685 1028 Eximia
701 1001 762 1035 est,
784 1005 874 1039 quae
889 993 1052 1037 gentibus
1070 993 1152 1025 inde

162 1048 298 1093 aliquot
322 1047 414 1080 inter
431 1057 528 1080 sacra
546 1045 612 1079 suit
627 1044 740 1091 Lyra,
767 1045 802 1078 id
821 1044 915 1077 enim
937 1044 1066 1078 sabulis
1083 1043 1151 1077 cal-

163 1099 235 1132 lido
263 1110 395 1131 nomen
423 1097 568 1130 invento
601 1096 774 1140 proditur.
834 1094 976 1129 Factam
1008 1095 1110 1129 aiunt
1136 1107 1153 1127 e

163 1146 296 1183 concha
313 1161 419 1195 quam
435 1149 527 1182 forte
542 1147 685 1181 fortuna
703 1147 770 1180 iam
787 1147 825 1179 in
840 1146 931 1180 sicco
947 1146 1154 1180 destituerat

161 1201 266 1235 Nilus
297 1200 335 1233 in
365 1200 504 1233 alveum
535 1209 727 1242 regressus:
763 1197 995 1232 Testudinem
1026 1203 1155 1231 vocant

162 1251 296 1286 notiori
334 1251 518 1285 vocabulo.
592 1249 773 1284 Festivum
811 1249 967 1293 profecto
1007 1256 1154 1283 naturae

162 1314 262 1348 opus.
335 1299 541 1345 Oblongula
573 1307 643 1340 est,
685 1307 724 1334 ut
754 1300 890 1346 reliqua
923 1307 1076 1340 taceam,
1121 1305 1155 1333 et

161 1353 272 1398 capite
307 1353 408 1398 quasi
444 1353 482 1385 in
510 1353 632 1386 orbem
663 1351 822 1392 sinuato,
861 1364 900 1385 ac
929 1351 976 1385 ob
1005 1351 1041 1383 id
1073 1357 1153 1394 apta

161 1405 326 1438 manibus
341 1402 517 1438 habendo.
558 1402 665 1446 Quod
683 1414 761 1436 cum
779 1402 816 1435 in
830 1402 908 1447 ripa
924 1402 1050 1436 ludens
1066 1413 1154 1446 puer

161 1456 398 1496 observasset,
434 1455 558 1489 utilem
590 1460 684 1487 ratus
715 1454 842 1487 ostraci
873 1453 1040 1497 figuram,
1079 1452 1152 1486 adit

160 1506 326 1551 propius,
359 1505 496 1540 aridam
519 1505 650 1546 caedit,
677 1511 778 1538 sonat
802 1516 840 1537 ea
865 1510 899 1537 et
923 1504 1041 1537 nescio
1066 1503 1152 1549 quid

162 1558 348 1599 blandius,
374 1557 492 1591 statim
515 1555 612 1591 Deus
636 1556 760 1600 arripit
784 1556 1036 1594 laetabundus,
1063 1555 1153 1587 bene

163 1606 329 1653 pulchrae
353 1608 403 1642 rei
426 1619 589 1653 sperans,
615 1607 741 1652 pellem
760 1619 869 1640 nervo
888 1606 1013 1640 culmis
1030 1605 1154 1649 infigit,

162 1658 311 1694 chordas
336 1660 485 1693 adstruit
510 1665 663 1703 septem,
691 1658 844 1692 intendit
867 1655 988 1703 chely,
1015 1657 1154 1701 experi-

162 1719 219 1746 tur
233 1717 338 1745 cantu
356 1723 527 1754 organon,
554 1707 784 1756 αὐτοσχεδίῳ
803 1709 962 1747 miratur,
991 1708 1153 1754 interque

162 1774 286 1795 manus
308 1768 340 1795 et
364 1759 507 1795 brachia
534 1768 667 1801 versat,
695 1761 876 1806 plaeetque
901 1761 969 1793 iam
994 1772 1065 1793 non
1089 1771 1153 1792 au-

161 1813 229 1847 tori
249 1820 403 1853 tantum,
429 1814 487 1846 sed
507 1813 589 1857 ipsis
608 1812 710 1846 etiam
729 1811 806 1845 Diis
823 1811 1036 1845 nutricibus:
1062 1809 1153 1844 Coe-

162 1865 212 1909 pit
235 1876 306 1898 esse
330 1864 511 1897 laudatum
530 1871 562 1897 et
582 1863 718 1897 selectis
735 1863 960 1896 numinibus:
989 1861 1153 1895 Donatnr

163 1915 334 1959 Apollini.
387 1914 457 1949 Nec
483 1916 587 1959 longo
613 1922 689 1959 post
714 1921 870 1958 tempore.
887 1912 1052 1947 Phoebus
1068 1925 1152 1957 ope-

163 1979 236 1999 ram
250 1979 382 1999 navans
393 1963 578 2000 hominum
592 1966 733 2008 gratiae,
757 1963 884 2011 chelyn
897 1966 991 1998 dedit
1003 1962 1151 2009 Orpheo

163 2018 312 2052 muneri.
365 2017 447 2051 Fuit
470 2014 721 2063 ε’,πάχορ-(Ιος,
752 2016 909 2050 llomero
933 2029 971 2050 ac
996 2015 1150 2049 Pindaro

163 2069 298 2112 magnis
329 2069 492 2108 testibus,
525 2070 609 2101 ‹lum
635 2066 803 2112 Orpheus
828 2066 1008 2113 Calliopae
1034 2068 1150 2100 studio

162 2121 205 2152 de
243 2119 424 2152 Musarum
463 2132 610 2153 numero
646 2121 734 2152 duas
763 2120 928 2153 adiiceret
961 2119 1151 2153 resticulaS.

164 2169 242 2203 Post
263 2168 400 2215 Orphei
428 2171 512 2209 sata,
539 2171 636 2203 aiunt
661 2171 720 2203 alii
741 2172 782 2203 ad
803 2170 987 2204 Musaeum
1006 2177 1149 2213 gnatum

163 2222 315 2260 venisse,
341 2221 400 2254 alii
427 2221 602 2254 fatidicam
628 2223 661 2254 iu
682 2221 820 2255 Lesbon
845 2223 1020 2261 delatam,
1047 2230 1151 2266 atque

164 2273 243 2306 iude
265 2285 282 2305 a
309 2272 517 2316 'l'erpandro
542 2273 576 2304 in
603 2273 799 2318 Aegyptum
826 2273 992 2317 patriam,
1025 2274 1151 2314 gratis-

162 2336 246 2356 Slms'l
279 2336 442 2360 muneri»,

165 2374 215 2407 lbi
233 2387 304 2407 esse
323 2375 433 2418 eoepit
453 2372 612 2420 Aegypto
631 2387 742 2412 sarra,
772 2389 875 2421 quani
896 2376 1082 2420 pleraeque
1097 2388 1150 2407 se-

481 2324 684 2356 ‹livinorum
718 2325 866 2357 consciis
899 2324 1150 2359 sacerdotibus.

162 2433 260 2458 rutae
287 2426 465 2466 nationes,
503 2426 623 2458 itidem
646 2427 786 2459 coluere
814 2426 983 2460 Mercurii
1011 2425 1150 2472 rhelyn.

161 2476 298 2510 Nomen
325 2477 405 2509 inde
434 2478 560 2511 sactum
586 2477 699 2522 syderi
716 2505 723 2516 ,
754 2478 861 2523 Lyra,
889 2491 958 2523 quo
977 2490 1030 2510 res
1048 2479 1148 2511 aetati

162 2535 318 2572 posterae
333 2528 419 2561 soret
438 2528 617 2569 augustior
672 2527 765 2561 llaee
783 2536 830 2561 est
852 2529 960 2562 ln‘rae
976 2529 1149 2561 celebrata

162 2579 326 2613 nobilitas
345 2586 391 2611 tot
410 2580 589 2619 gentibus,
617 2586 663 2612 tot
685 2580 815 2614 liberis.
870 2582 1048 2621 Quorsum
1069 2593 1149 2612 vero

160 2628 269 2662 bac-c?
304 2630 387 2676 quid
414 2632 456 2662 de
482 2644 550 2663 una
575 2631 639 2662 sibi
668 2638 801 2663 tantum
823 2630 910 2676 Lyra
931 2632 1037 2674 placet
1058 2631 1150 2664 anti-
1174 2660 1175 2664 ,

160 2682 298 2725 quitas'?
331 2682 470 2723 Quaeso
486 2679 572 2714 mibi
592 2682 768 2726 paulisper
784 2695 901 2715 aurem
922 2683 1150 2723 romnunlale,
1173 2717 1175 2723 Ι

1202 187 1277 210 rem
1307 174 1490 220 explicabo
1515 186 1589 209 non
1615 186 1739 212 vanus.
1799 175 1942 212 Poe'tica
1962 175 2104 224 mythos
2124 191 2197 215 uno

1203 227 1398 272 eodemque
1432 225 1588 260 iucundo
1619 225 1825 266 involucro,
1859 234 1894 262 et
1920 229 2090 273 ‚populari
2116 231 2197 277 qui-

1203 278 1282 310 dem
1293 301 1303 316 ‚
1326 276 1458 321 primas
1473 276 1603 310 artium
1620 276 1786 321 origines,
1811 278 2016 325 primosque
2031 277 2197 316 authort'zs

1203 335 1308 362 tenet.
1362 326 1565 361 Mercurius
1590 327 1672 361 love
1695 335 1818 370 natus,
1845 328 1939 363 Iovis
1964 342 2064 364 mens
2087 328 2196 366 habe—

1203 386 1260 412 tur
1276 378 1337 417 iis,
1361 378 1423 423 qui
1443 378 1570 412 veteris
1587 376 1840 423 Philosophiae
1859 381 1960 425 periti
1978 388 2072 418 sunt.
2123 382 2197 429 Ly-

1203 442 1278 463 ram
1301 430 1345 463 de
1368 429 1564 472 testudine,
1595 442 1669 463 non
1693 430 1778 464 salsa
1799 432 1924 465 mundi
1948 432 2122 477 imagine,
2146 434 2196 468 sic

1204 481 1241 514 in
1280 492 1318 514 re
1351 492 1459 525 parva
1489 481 1573 514 lusit
1604 487 1748 521 natura,
1794 480 2072 519 πολυδαίδαλον
2105 485 2197 527 secit,

1203 530 1346 565 chordis
1369 532 1511 566 ornavit
1534 538 1682 576 septem:
1711 530 1777 566 Est
1793 533 1887 566 enim
1904 534 1964 568 ille
1979 547 2075 569 sacer
2092 533 2196 570 habi-

1204 590 1259 617 tus
1283 594 1463 618 numeruS.
1524 582 1665 627 Septem
1691 580 1757 617 hae
1783 591 1867 618 sunt
1891 592 2001 628 artes,
2031 593 2070 621 ut
2095 598 2195 631 agam

1203 632 1370 669 historica
1401 634 1488 674 fide,
1536 646 1661 678 supera
1692 635 1850 668 defluxae
1880 644 2014 678 mente,
2066 639 2197 683 quibus

1204 685 1319 719 omnis
1356 691 1503 719 naturae
1539 685 1684 719 scientia
1724 683 2044 731 comprehenditur.
2123 688 2196 723 lam

1204 743 1237 770 et
1277 736 1454 781 praesides
1495 735 1620 770 Musae
1663 736 1829 777 totidem,
1858 749 1970 783 ·quae
2013 740 2102 773 duae
2142 753 2198 774 re-

1204 788 1322 833 liquae
1346 794 1492 832 septeno
1515 785 1625 821 choro
1647 788 1702 822 ius
1723 788 1883 821 omnium
1910 788 1978 822 sibi
1997 790 2198 827 vendicant.

1203 837 1294 873 Ecc'e
1317 837 1383 872 Dei
1410 850 1517 872 manu
1541 839 1766 873 fabrefactam
1791 838 1940 885 Lyram,
1980 852 2057 874 ecce
2082 839 2198 875 Deum
2233 851 2236 854 ’

1204 901 1352 929 munus,
1381 888 1495 924 Artes.
1549 888 1645 923 Mihi
1669 902 1753 924 vero
1774 890 1842 924 iam
1863 891 1906 924 de
1921 898 2067 925 naturae
2084 892 2199 926 scieu-

1203 942 1270 982 tia,
1295 953 1368 974 non
1395 939 1583 975 Daemonii
1609 954 1692 975 voce
1718 953 1773 975 res
1797 949 1865 983 est,
1889 949 2046 988 putoque
2068 943 2199 977 nostris

1204 993 1357 1037 ingeniis
1381 993 1542 1037 propria,
1576 993 1724 1027 rationis
1750 1004 1815 1026 usu
1838 993 2022 1038 contingit.
2072 992 2124 1028 Ea
2148 1001 2200 1028 est

1204 1044 1242 1077 in
1273 1043 1434 1077 oratione
1461 1043 1608 1088 partim,
1651 1044 1778 1089 partim
1804 1043 1840 1077 in
1867 1044 1984 1080 rebus.
2043 1043 2198 1080 Scientia

1204 1107 1321 1128 rerum
1337 1095 1446 1140 prior,
1473 1096 1530 1128 sed
1549 1107 1612 1128 nos
1629 1095 1764 1139 vulgari
1781 1107 1879 1128 more
1894 1095 2060 1130 dicemus.
2097 1095 2200 1140 Quae

1204 1147 1248 1179 ad
1280 1158 1478 1180 sermonem
1512 1153 1688 1190 spectant,
1746 1146 1972 1190 ingeniorum
2006 1147 2199 1192 puerilium

1204 1197 1388 1231 exercendi
1419 1195 1596 1231 habentur
1625 1197 1738 1232 initia.
1802 1196 2042 1232 Grammatica
2071 1198 2200 1243 prima,

1204 1248 1260 1282 cui
1287 1249 1456 1294 quoniam
1484 1249 1654 1283 elementa
1680 1249 1861 1283 literarum
1884 1249 2072 1289 debemus,
2099 1249 2199 1283 nulla

1205 1312 1244 1333 ex
1274 1307 1372 1344 parte
1402 1312 1476 1333 non
1507 1308 1558 1334 est
1585 1301 1795 1334 necessaria:
1842 1300 1927 1345 quid
1953 1300 2048 1334 enim
2073 1301 2200 1335 attinet

1204 1351 1344 1394 longius
1361 1351 1540 1384 immorari
1560 1351 1673 1395 palam
1691 1363 1874 1384 concessae
1894 1351 1962 1391 rei,
1987 1363 2092 1397 quam
2108 1351 2197 1386 utile

1203 1402 1413 1435 mortalibus
1433 1409 1628 1445 repertum,
1654 1402 1789 1441 literae,
1816 1401 1992 1446 ἄσβεστοι
2008 1402 2200 1436 memoriae

1204 1453 1383 1492 custodes,
1410 1452 1592 1497 popularis
1615 1453 1756 1496 regulae
1780 1453 1971 1494 sermonis,
1999 1460 2038 1487 ut
2060 1454 2198 1487 mittam

1204 1509 1350 1537 caetera.
1410 1502 1504 1536 Huic
1529 1503 1662 1537 accedit
1687 1504 1845 1547 proxima
1875 1503 2082 1543 Dialectica,
2114 1505 2199 1538 sub·

1203 1554 1277 1588 tilis
1301 1554 1495 1588 disserendi
1523 1554 1630 1595 ratio,
1659 1566 1740 1588 nam
1767 1554 1802 1587 id
1821 1554 1954 1588 indicat
1971 1566 2101 1587 nomen
2121 1555 2200 1589 lite-

1204 1612 1344 1639 raturae
1362 1617 1488 1644 comes,
1517 1607 1698 1650 complexa
1716 1605 1885 1651 quicquid
1903 1603 1970 1639 boc
1983 1618 2101 1646 omne,
2128 1618 2199 1652 quo

1204 1669 1239 1691 se
1263 1657 1382 1702 aliqua
1408 1657 1460 1690 vis
1484 1657 1583 1690 effert
1612 1657 1762 1701 ingenii:
1791 1669 1830 1690 ac
1853 1657 1881 1690 si
1903 1656 1981 1690 licet
2003 1654 2068 1690 hoc
2088 1659 2199 1690 auda-

1205 1709 1279 1742 cius
1304 1708 1428 1752 paulo,
1453 1708 1527 1741 sola
1550 1706 1639 1741 mihi
1665 1708 1826 1741 omnium
1852 1714 1964 1742 mater
1987 1708 2116 1742 artium
2134 1705 2198 1742 ha-

1205 1759 1279 1793 beri
1314 1771 1414 1804 posse
1444 1759 1599 1792 videtur:
1643 1758 1800 1793 Tantum
1836 1759 1952 1799 abest,
1982 1766 2021 1793 nt
2050 1759 2196 1803 dignum

1204 1813 1308 1845 docto
1343 1821 1480 1855 speres,
1517 1817 1557 1844 ut
1590 1818 1709 1855 pectus
1741 1811 1783 1843 ad
1810 1810 2018 1854 sapientiam
2047 1810 2199 1844 formare

1204 1862 1329 1908 quovis
1354 1863 1461 1895 modo
1489 1873 1613 1907 queas,
1649 1862 1675 1895 si
1704 1861 1924 1895 Dialecticon
1951 1861 2111 1905 politias,
2139 1873 2200 1894 va-

1204 1913 1347 1946 nissime
1371 1913 1552 1953 omnium,
1576 1913 1736 1959 quisquis
1756 1925 1791 1946 es
1810 1913 2072 1956 contempseris.
2126 1912 2199 1946 Ne-

1204 1977 1272 2010 que
1304 1965 1397 1998 enim
1433 1965 1491 1997 ille
1525 1965 1694 1998 meri-ium
1731 1971 1828 2009 pater
1859 1961 2026 1997 Oceanus
2059 1970 2197 1997 tantum

1203 2028 1332 2061 opum,
1359 2023 1494 2049 tantum
1514 2015 1719 2049 divitiarum
1741 2015 1817 2048 orbi
1838 2011 2003 2048 convehit
2020 2015 2198 2054 universo=

1203 2074 1375 2113 quantum
1394 2067 1522 2100 artium
1541 2079 1610 2100 una
1627 2066 1868 2113 cyclopediae,
1896 2064 2099 2101 Dialectica.
2150 2063 2197 2099 Et

1203 2119 1409 2161 attingerem
1437 2131 1475 2151 ex
1504 2118 1545 2151 iis
1569 2118 1723 2163 aliquot.
1752 2118 1787 2150 ni
1818 2117 1943 2161 passim
1975 2117 2008 2150 id
2028 2124 2197 2151 sonarent

1201 2168 1357 2203 scholae:
1387 2177 1419 2203 at
1444 2170 1471 2202 si
1499 2169 1606 2202 vultis
1628 2176 1762 2207 tamen,
1791 2169 1972 2201 ostendam
1993 2169 2071 2201 usui
2088 2168 2195 2201 fuisse

1203 2222 1256 2254 vel
1275 2221 1421 2254 summis
1439 2221 1599 2263 ingeniis.
1658 2219 1721 2253 Vir
1737 2220 1843 2253 animi
1859 2231 1959 2261 sagax
1979 2219 2196 2260 Aristoteles,

1202 2280 1238 2307 ut
1258 2270 1352 2305 liunc
1371 2273 1564 2311 nominem,
1594 2271 1627 2304 iu
1643 2284 1746 2316 quem
1764 2271 1886 2316 opinio
1907 2268 2092 2304 bominum
2110 2283 2196 2304 rou-

1202 2324 1356 2357 sentiens
1388 2323 1508 2357 multis
1540 2323 1606 2355 iam
1638 2323 1764 2356 seculis
1796 2321 2031 2365 conspirauit.
2066 2333 2195 2367 quaeso

1202 2375 1287 2420 quid
1313 2382 1460 2419 praestat
1488 2375 1619 2419 ubique
1638 2374 1690 2406 vel
1711 2374 1826 2417 aptius
1846 2374 1898 2406 vel
1919 2373 2092 2406 eruditius
2109 2370 2195 2406 Dia-

1204 2427 1350 2459 lectira'?
1387 2433 1568 2471 potestque
1595 2426 1653 2458 illa
1678 2425 1776 2471 qnasi
1800 2422 1970 2469 llelpliiro
1993 2423 2128 2467 gladio,
2155 2430 2195 2458 nt

1202 2479 1362 2511 omnium
1395 2490 1494 2511 seusa
1521 2489 1702 2521 nunqnam
1732 2489 1802 2509 uon
1828 2475 2046 2520 penitissime
2070 2475 2194 2509 conso-

1202 2529 1286 2562 diat.
1343 2529 1499 2566 lux-enit,
1527 2528 1705 2571 disponit,
1734 2527 1941 2561 Dialecticae
1968 2527 2091 2565 (lebet,
2118 2526 2192 2569 ipsa

1174 2585 1176 2593 *
1202 2581 1296 2613 enim
1327 2581 1410 2626 qui-l
1439 2592 1597 2625 quaeque
1622 2592 1695 2618 res,
1730 2579 1814 2624 quid
1839 2577 1967 2623 ruique
1991 2574 2193 2617 cohaerens,

1202 2639 1231 2664 et
1258 2644 1328 2677 quo
1355 2632 1497 2669 ordine,
1533 2628 1768 2674 pulcherrime
1793 2628 1969 2662 distinctis
1994 2629 2059 2661 silis
2083 2635 2193 2664 notat.

1206 2682 1276 2716 lam
1301 2683 1327 2716 si
1349 2682 1550 2716 Platonicos
1570 2680 1638 2715 linc
1656 2682 1766 2715 accire
1783 2682 1904 2719 datur,
1931 2686 2084 2725 quantus
2102 2680 2193 2713 inter
