<?xml version="1.0" encoding="UTF-8"?>
<!DOCTYPE html PUBLIC "-//W3C//DTD XHTML 1.0 Transitional//EN"
    "http://www.w3.org/TR/xhtml1/DTD/xhtml1-transitional.dtd">
<html xmlns="http://www.w3.org/1999/xhtml" xml:lang="en" lang="en">
 <head>
  <title>
</title>
<meta http-equiv="Content-Type" content="text/html;charset=utf-8" />
  <meta name='ocr-system' content='tesseract 3.04.00' />
  <meta name='ocr-capabilities' content='ocr_page ocr_carea ocr_par ocr_line ocrx_word'/>
</head>
<body>
  <div class='ocr_page' id='page_1' title='image "./operaquaesupersu11melauoft/operaquaesupersu11melauoft_0016.png"; bbox 0 0 2338 2958; ppageno 0'>
   <div class='ocr_carea' id='block_1_1' title="bbox 191 110 346 231">
    <p class='ocr_par' dir='ltr' id='par_1_1' title="bbox 191 110 346 231">
     <span class='ocr_line' id='line_1_1' title="bbox 191 110 237 148; baseline -0.043 0"><span class='ocrx_word' id='word_1_1' title='bbox 191 110 237 148; x_wconf 83' lang='lat'><em>15</em></span> 
     </span>
     <span class='ocr_line' id='line_1_2' title="bbox 223 194 346 231; baseline -0.041 0"><span class='ocrx_word' id='word_1_2' title='bbox 223 195 287 231; x_wconf 73' lang='lat' dir='ltr'><em>No.</em></span> <span class='ocrx_word' id='word_1_3' title='bbox 310 194 346 227; x_wconf 78' lang='lat'><em>2.</em></span> 
     </span>
    </p>
   </div>
   <div class='ocr_carea' id='block_1_2' title="bbox 206 239 377 259">
    <p class='ocr_par' dir='ltr' id='par_1_2' title="bbox 206 239 377 259">
     <span class='ocr_line' id='line_1_3' title="bbox 206 239 377 259; baseline -0.018 0"><span class='ocrx_word' id='word_1_4' title='bbox 206 239 377 259; x_wconf 54' lang='grc' dir='ltr'>Μ</span> 
     </span>
    </p>
   </div>
   <div class='ocr_carea' id='block_1_3' title="bbox 1014 176 1175 208">
    <p class='ocr_par' dir='ltr' id='par_1_3' title="bbox 1014 176 1175 208">
     <span class='ocr_line' id='line_1_4' title="bbox 1014 176 1175 208; baseline -0.019 0"><span class='ocrx_word' id='word_1_5' title='bbox 1014 189 1063 208; x_wconf 78' lang='lat' dir='ltr'><em>an.</em></span> <span class='ocrx_word' id='word_1_6' title='bbox 1083 176 1175 208; x_wconf 82' lang='lat'>1518.</span> 
     </span>
    </p>
   </div>
   <div class='ocr_carea' id='block_1_4' title="bbox 1011 222 1183 237">
    <p class='ocr_par' dir='ltr' id='par_1_4' title="bbox 1011 222 1183 237">
     <span class='ocr_line' id='line_1_5' title="bbox 1011 222 1183 237; baseline 0 2721"><span class='ocrx_word' id='word_1_7' title='bbox 1011 222 1183 237; x_wconf 95' lang='lat' dir='ltr'><em> </em></span> 
     </span>
    </p>
   </div>
   <div class='ocr_carea' id='block_1_5' title="bbox 317 287 1065 350">
    <p class='ocr_par' dir='ltr' id='par_1_5' title="bbox 317 287 1065 350">
     <span class='ocr_line' id='line_1_6' title="bbox 317 287 1065 350; baseline -0.025 -4"><span class='ocrx_word' id='word_1_8' title='bbox 317 304 391 346; x_wconf 84' lang='lat' dir='ltr'><em>De</em></span> <span class='ocrx_word' id='word_1_9' title='bbox 421 292 711 350; x_wconf 76' lang='lat' dir='ltr'><em>corrigendis</em></span> <span class='ocrx_word' id='word_1_10' title='bbox 743 289 864 331; x_wconf 83' lang='lat' dir='ltr'><em>adol.</em></span> <span class='ocrx_word' id='word_1_11' title='bbox 890 287 1065 330; x_wconf 76' lang='lat' dir='ltr'><em>studiis.</em></span> 
     </span>
    </p>
   </div>
   <div class='ocr_carea' id='block_1_6' title="bbox 274 373 1196 564">
    <p class='ocr_par' dir='ltr' id='par_1_6' title="bbox 274 373 1196 564">
     <span class='ocr_line' id='line_1_7' title="bbox 274 373 1193 427; baseline -0.023 -8"><span class='ocrx_word' id='word_1_12' title='bbox 274 391 423 427; x_wconf 80' lang='lat' dir='ltr'><em>Separatim</em></span> <span class='ocrx_word' id='word_1_13' title='bbox 451 387 520 413; x_wconf 79' lang='lat' dir='ltr'><em>edita</em></span> <span class='ocrx_word' id='word_1_14' title='bbox 547 381 664 417; x_wconf 71' lang='lat' dir='ltr'><em>prodiit,</em></span> <span class='ocrx_word' id='word_1_15' title='bbox 695 385 724 405; x_wconf 86' lang='lat' dir='ltr'><em>ut</em></span> <span class='ocrx_word' id='word_1_16' title='bbox 744 379 854 404; x_wconf 83' lang='lat' dir='ltr'><em>uberius</em></span> <span class='ocrx_word' id='word_1_17' title='bbox 875 377 979 403; x_wconf 85' lang='lat' dir='ltr'><em>dictum</em></span> <span class='ocrx_word' id='word_1_18' title='bbox 1004 381 1043 401; x_wconf 88' lang='lat' dir='ltr'><em>est</em></span> <span class='ocrx_word' id='word_1_19' title='bbox 1068 375 1095 400; x_wconf 90' lang='lat' dir='ltr'><em>in</em></span> <span class='ocrx_word' id='word_1_20' title='bbox 1123 373 1193 406; x_wconf 72' lang='lat' dir='ltr'><em>Epp-</em></span> 
     </span>
     <span class='ocr_line' id='line_1_8' title="bbox 307 409 1195 457; baseline -0.021 -5"><span class='ocrx_word' id='word_1_21' title='bbox 307 427 367 452; x_wconf 83' lang='lat' dir='ltr'><em>Vol.</em></span> <span class='ocrx_word' id='word_1_22' title='bbox 381 425 400 450; x_wconf 91' lang='lat' dir='ltr'><em>l.</em></span> <span class='ocrx_word' id='word_1_23' title='bbox 417 433 442 457; x_wconf 89' lang='lat' dir='ltr'><em>p.</em></span> <span class='ocrx_word' id='word_1_24' title='bbox 459 422 490 448; x_wconf 75' lang='grc'><em>52</em></span> <span class='ocrx_word' id='word_1_25' title='bbox 506 429 561 453; x_wconf 84' lang='lat' dir='ltr'><em>sq.,</em></span> <span class='ocrx_word' id='word_1_26' title='bbox 581 416 626 442; x_wconf 90' lang='lat' dir='ltr'><em>ubi</em></span> <span class='ocrx_word' id='word_1_27' title='bbox 643 414 785 449; x_wconf 75' lang='lat' dir='ltr'><em>epistolam</em></span> <span class='ocrx_word' id='word_1_28' title='bbox 805 411 1034 445; x_wconf 72' lang='lat' dir='ltr'>nuncupatoriam</span> <span class='ocrx_word' id='word_1_29' title='bbox 1060 409 1195 448; x_wconf 72' lang='lat' dir='ltr'><em>dedimus.</em></span> 
     </span>
     <span class='ocr_line' id='line_1_9' title="bbox 306 446 1195 487; baseline -0.022 0"><span class='ocrx_word' id='word_1_30' title='bbox 306 462 408 487; x_wconf 75' lang='lat' dir='ltr'><em>Recusa</em></span> <span class='ocrx_word' id='word_1_31' title='bbox 432 462 469 482; x_wconf 83' lang='lat' dir='ltr'><em>est</em></span> <span class='ocrx_word' id='word_1_32' title='bbox 491 455 516 480; x_wconf 92' lang='lat' dir='ltr'><em>in</em></span> <span class='ocrx_word' id='word_1_33' title='bbox 537 451 665 485; x_wconf 78' lang='lat' dir='ltr'>operibus</span> <span class='ocrx_word' id='word_1_34' title='bbox 686 449 752 475; x_wconf 86' lang='lat' dir='ltr'><em>Mel.</em></span> <span class='ocrx_word' id='word_1_35' title='bbox 775 448 856 473; x_wconf 81' lang='lat' dir='ltr'><em>Basil.</em></span> <span class='ocrx_word' id='word_1_36' title='bbox 881 447 914 472; x_wconf 87' lang='lat' dir='ltr'><em>T.</em></span> <span class='ocrx_word' id='word_1_37' title='bbox 932 448 962 470; x_wconf 88' lang='lat' dir='ltr'><em>V.</em></span> <span class='ocrx_word' id='word_1_38' title='bbox 985 453 1011 479; x_wconf 85' lang='lat' dir='ltr'><em>p.</em></span> <span class='ocrx_word' id='word_1_39' title='bbox 1032 446 1071 475; x_wconf 89' lang='lat'><em>1.‚</em></span> <span class='ocrx_word' id='word_1_40' title='bbox 1097 449 1195 468; x_wconf 83' lang='lat' dir='ltr'><em>iterum</em></span> 
     </span>
     <span class='ocr_line' id='line_1_10' title="bbox 310 477 1196 530; baseline -0.016 -13"><span class='ocrx_word' id='word_1_41' title='bbox 310 496 378 530; x_wconf 65' lang='lat' dir='ltr'><em>apud</em></span> <span class='ocrx_word' id='word_1_42' title='bbox 396 493 541 517; x_wconf 71' lang='lat' dir='ltr'><em>cratonem</em></span> <span class='ocrx_word' id='word_1_43' title='bbox 559 487 586 512; x_wconf 89' lang='grc' dir='ltr'><strong>Μ</strong></span> <span class='ocrx_word' id='word_1_44' title='bbox 610 486 675 511; x_wconf 89' lang='lat' dir='ltr'><em>lium</em></span> <span class='ocrx_word' id='word_1_45' title='bbox 697 494 721 516; x_wconf 88' lang='lat' dir='ltr'><em>p.</em></span> <span class='ocrx_word' id='word_1_46' title='bbox 736 483 778 509; x_wconf 84' lang='lat'><em>85.</em></span> <span class='ocrx_word' id='word_1_47' title='bbox 802 484 828 507; x_wconf 86' lang='lat' dir='ltr'><em>in</em></span> <span class='ocrx_word' id='word_1_48' title='bbox 850 482 904 508; x_wconf 81' lang='lat' dir='ltr'><em>Sel.</em></span> <span class='ocrx_word' id='word_1_49' title='bbox 922 481 1045 506; x_wconf 66' lang='lat' dir='ltr'><em>Denta-n.</em></span> <span class='ocrx_word' id='word_1_50' title='bbox 1068 479 1150 504; x_wconf 87' lang='lat' dir='ltr'><em>Tom.</em></span> <span class='ocrx_word' id='word_1_51' title='bbox 1171 477 1196 503; x_wconf 78' lang='grc' dir='ltr'><em>Ι.</em></span> 
     </span>
     <span class='ocr_line' id='line_1_11' title="bbox 310 496 1082 564; baseline -0.019 -12"><span class='ocrx_word' id='word_1_52' title='bbox 310 541 337 564; x_wconf 73' lang='lat' dir='ltr'><em>p.</em></span> <span class='ocrx_word' id='word_1_53' title='bbox 351 529 426 558; x_wconf 43' lang='lat' dir='ltr'><em>som,</em></span> <span class='ocrx_word' id='word_1_54' title='bbox 447 525 488 549; x_wconf 88' lang='lat' dir='ltr'><em>ed.</em></span> <span class='ocrx_word' id='word_1_55' title='bbox 504 524 580 550; x_wconf 73' lang='lat' dir='ltr'><em>Serv.</em></span> <span class='ocrx_word' id='word_1_56' title='bbox 591 496 615 547; x_wconf 65' lang='lat' dir='ltr'><em>i.</em></span> <span class='ocrx_word' id='word_1_57' title='bbox 628 530 654 555; x_wconf 89' lang='lat' dir='ltr'><em>p.</em></span> <span class='ocrx_word' id='word_1_58' title='bbox 668 518 745 550; x_wconf 61' lang='lat'><em>438„</em></span> <span class='ocrx_word' id='word_1_59' title='bbox 770 517 898 544; x_wconf 81' lang='lat' dir='ltr'><em>Richard.</em></span> <span class='ocrx_word' id='word_1_60' title='bbox 914 515 948 544; x_wconf 84' lang='grc' dir='ltr'><em>Τ,</em></span> <span class='ocrx_word' id='word_1_61' title='bbox 964 516 983 541; x_wconf 91' lang='grc' dir='ltr'><em>Ι.</em></span> <span class='ocrx_word' id='word_1_62' title='bbox 1001 523 1027 548; x_wconf 89' lang='lat' dir='ltr'><em>p.</em></span> <span class='ocrx_word' id='word_1_63' title='bbox 1041 514 1082 539; x_wconf 84' lang='lat'><em>15.</em></span> 
     </span>
    </p>
   </div>
   <div class='ocr_carea' id='block_1_7' title="bbox 213 600 1200 716">
    <p class='ocr_par' dir='ltr' id='par_1_7' title="bbox 213 600 1200 716">
     <span class='ocr_line' id='line_1_12' title="bbox 213 600 1200 659; baseline -0.024 -2"><span class='ocrx_word' id='word_1_64' title='bbox 213 627 339 659; x_wconf 84' lang='lat' dir='ltr'><em>Sermo</em></span> <span class='ocrx_word' id='word_1_65' title='bbox 374 613 528 650; x_wconf 72' lang='lat' dir='ltr'><em>habitus</em></span> <span class='ocrx_word' id='word_1_66' title='bbox 560 608 662 655; x_wconf 82' lang='lat' dir='ltr'><em>apud</em></span> <span class='ocrx_word' id='word_1_67' title='bbox 696 609 930 643; x_wconf 79' lang='lat' dir='ltr'><em>iuventutem</em></span> <span class='ocrx_word' id='word_1_68' title='bbox 966 600 1200 637; x_wconf 78' lang='lat' dir='ltr'><em>Academiae</em></span> 
     </span>
     <span class='ocr_line' id='line_1_13' title="bbox 217 654 1199 716; baseline -0.023 -8"><span class='ocrx_word' id='word_1_69' title='bbox 217 667 523 716; x_wconf 66' lang='lat' dir='ltr'><em>Witebev·9ensi-5‚</em></span> <span class='ocrx_word' id='word_1_70' title='bbox 568 661 613 696; x_wconf 83' lang='lat' dir='ltr'><em>de</em></span> <span class='ocrx_word' id='word_1_71' title='bbox 647 655 882 705; x_wconf 69' lang='lat' dir='ltr'><strong><em>corrigendis</em></strong></span> <span class='ocrx_word' id='word_1_72' title='bbox 920 654 1199 689; x_wconf 74' lang='lat' dir='ltr'><em>adolescentiae</em></span> 
     </span>
    </p>
   </div>
   <div class='ocr_carea' id='block_1_8' title="bbox 417 706 994 756">
    <p class='ocr_par' dir='ltr' id='par_1_8' title="bbox 417 706 994 756">
     <span class='ocr_line' id='line_1_14' title="bbox 417 706 994 756; baseline -0.019 -4"><span class='ocrx_word' id='word_1_73' title='bbox 417 715 555 752; x_wconf 79' lang='lat' dir='ltr'><em>studiis</em></span> <span class='ocrx_word' id='word_1_74' title='bbox 585 711 637 756; x_wconf 87' lang='lat' dir='ltr'><em>(d.</em></span> <span class='ocrx_word' id='word_1_75' title='bbox 655 710 715 747; x_wconf 83' lang='lat'><em>29.</em></span> <span class='ocrx_word' id='word_1_76' title='bbox 731 711 824 756; x_wconf 64' lang='lat' dir='ltr'><em>Aug.</em></span> <span class='ocrx_word' id='word_1_77' title='bbox 856 706 994 751; x_wconf 69' lang='lat'><strong>1518).</strong></span> 
     </span>
    </p>
   </div>
   <div class='ocr_carea' id='block_1_9' title="bbox 215 781 1242 2323">
    <p class='ocr_par' dir='ltr' id='par_1_9' title="bbox 215 781 1242 2323">
     <span class='ocr_line' id='line_1_15' title="bbox 215 781 1206 840; baseline -0.021 -7"><span class='ocrx_word' id='word_1_78' title='bbox 215 793 300 836; x_wconf 81' lang='lat' dir='ltr'><em>Nae</em></span> <span class='ocrx_word' id='word_1_79' title='bbox 317 807 379 840; x_wconf 81' lang='lat' dir='ltr'><em>ego</em></span> <span class='ocrx_word' id='word_1_80' title='bbox 399 793 502 838; x_wconf 89' lang='lat' dir='ltr'><em>plane</em></span> <span class='ocrx_word' id='word_1_81' title='bbox 520 789 640 822; x_wconf 67' lang='lat' dir='ltr'><em>videar</em></span> <span class='ocrx_word' id='word_1_82' title='bbox 658 785 846 830; x_wconf 85' lang='lat' dir='ltr'><em>impudens</em></span> <span class='ocrx_word' id='word_1_83' title='bbox 859 810 868 825; x_wconf 90' lang='lat'><em>,</em></span> <span class='ocrx_word' id='word_1_84' title='bbox 894 789 999 827; x_wconf 79' lang='lat' dir='ltr'><em>atque</em></span> <span class='ocrx_word' id='word_1_85' title='bbox 1018 781 1086 814; x_wconf 89' lang='lat' dir='ltr'><em>mei</em></span> <span class='ocrx_word' id='word_1_86' title='bbox 1102 791 1206 825; x_wconf 92' lang='lat' dir='ltr'><em>pror-</em></span> 
     </span>
     <span class='ocr_line' id='line_1_16' title="bbox 218 830 1204 884; baseline -0.023 1"><span class='ocrx_word' id='word_1_87' title='bbox 218 862 296 884; x_wconf 88' lang='lat' dir='ltr'><em>sum</em></span> <span class='ocrx_word' id='word_1_88' title='bbox 316 846 469 882; x_wconf 87' lang='lat' dir='ltr'><em>oblitus,</em></span> <span class='ocrx_word' id='word_1_89' title='bbox 498 842 534 874; x_wconf 91' lang='lat' dir='ltr'><em>in</em></span> <span class='ocrx_word' id='word_1_90' title='bbox 557 838 624 873; x_wconf 86' lang='lat' dir='ltr'><em>hoc</em></span> <span class='ocrx_word' id='word_1_91' title='bbox 647 844 750 871; x_wconf 78' lang='lat' dir='ltr'><em>coetu</em></span> <span class='ocrx_word' id='word_1_92' title='bbox 766 835 864 878; x_wconf 82' lang='lat' dir='ltr'><em>Mag.</em></span> <span class='ocrx_word' id='word_1_93' title='bbox 882 833 926 869; x_wconf 90' lang='lat' dir='ltr'><em>D.</em></span> <span class='ocrx_word' id='word_1_94' title='bbox 943 832 1044 867; x_wconf 71' lang='lat' dir='ltr'><em>Itect.</em></span> <span class='ocrx_word' id='word_1_95' title='bbox 1072 830 1204 866; x_wconf 83' lang='lat' dir='ltr'><em>Eximii</em></span> 
     </span>
     <span class='ocr_line' id='line_1_17' title="bbox 218 882 1208 942; baseline -0.021 -7"><span class='ocrx_word' id='word_1_96' title='bbox 218 899 400 942; x_wconf 80' lang='lat' dir='ltr'><em>Principes</em></span> <span class='ocrx_word' id='word_1_97' title='bbox 424 891 632 929; x_wconf 81' lang='lat' dir='ltr'><em>Academiae</em></span> <span class='ocrx_word' id='word_1_98' title='bbox 666 888 848 927; x_wconf 77' lang='lat' dir='ltr'><em>dicturus,</em></span> <span class='ocrx_word' id='word_1_99' title='bbox 883 897 987 931; x_wconf 89' lang='lat' dir='ltr'><em>quem</em></span> <span class='ocrx_word' id='word_1_100' title='bbox 1020 895 1099 917; x_wconf 91' lang='lat' dir='ltr'><em>cum</em></span> <span class='ocrx_word' id='word_1_101' title='bbox 1121 882 1208 916; x_wconf 89' lang='lat' dir='ltr'><em>alias</em></span> 
     </span>
     <span class='ocr_line' id='line_1_18' title="bbox 221 931 1209 993; baseline -0.021 -7"><span class='ocrx_word' id='word_1_102' title='bbox 221 960 253 986; x_wconf 88' lang='lat' dir='ltr'><em>et</em></span> <span class='ocrx_word' id='word_1_103' title='bbox 272 948 452 993; x_wconf 84' lang='lat' dir='ltr'><em>ingenium</em></span> <span class='ocrx_word' id='word_1_104' title='bbox 471 951 505 978; x_wconf 88' lang='lat' dir='ltr'><em>et</em></span> <span class='ocrx_word' id='word_1_105' title='bbox 525 940 714 976; x_wconf 78' lang='lat' dir='ltr'><em>umbratile</em></span> <span class='ocrx_word' id='word_1_106' title='bbox 730 938 930 972; x_wconf 85' lang='lat' dir='ltr'><em>studiorum</em></span> <span class='ocrx_word' id='word_1_107' title='bbox 947 946 1058 980; x_wconf 90' lang='lat' dir='ltr'><em>genus</em></span> <span class='ocrx_word' id='word_1_108' title='bbox 1075 934 1118 967; x_wconf 91' lang='lat' dir='ltr'><em>ab</em></span> <span class='ocrx_word' id='word_1_109' title='bbox 1140 931 1209 967; x_wconf 89' lang='lat' dir='ltr'><em>hu-</em></span> 
     </span>
     <span class='ocr_line' id='line_1_19' title="bbox 222 983 1209 1037; baseline -0.02 0"><span class='ocrx_word' id='word_1_110' title='bbox 222 999 376 1037; x_wconf 89' lang='lat' dir='ltr'><em>iusmodi</em></span> <span class='ocrx_word' id='word_1_111' title='bbox 393 995 549 1034; x_wconf 80' lang='lat' dir='ltr'><em>theatris,</em></span> <span class='ocrx_word' id='word_1_112' title='bbox 564 999 597 1026; x_wconf 90' lang='lat' dir='ltr'><em>et</em></span> <span class='ocrx_word' id='word_1_113' title='bbox 613 990 678 1025; x_wconf 87' lang='lat' dir='ltr'><em>hac</em></span> <span class='ocrx_word' id='word_1_114' title='bbox 698 988 882 1035; x_wconf 73' lang='lat' dir='ltr'><em>plausibili</em></span> <span class='ocrx_word' id='word_1_115' title='bbox 894 985 1090 1021; x_wconf 89' lang='lat' dir='ltr'><em>Oratorum</em></span> <span class='ocrx_word' id='word_1_116' title='bbox 1109 983 1209 1030; x_wconf 88' lang='lat' dir='ltr'><em>quasi</em></span> 
     </span>
     <span class='ocr_line' id='line_1_20' title="bbox 222 1035 1210 1088; baseline -0.02 0"><span class='ocrx_word' id='word_1_117' title='bbox 222 1053 317 1088; x_wconf 85' lang='lat' dir='ltr'><em>curia</em></span> <span class='ocrx_word' id='word_1_118' title='bbox 349 1055 488 1085; x_wconf 80' lang='lat' dir='ltr'><em>avocet,</em></span> <span class='ocrx_word' id='word_1_119' title='bbox 530 1045 723 1077; x_wconf 73' lang='lat' dir='ltr'><em>absterrere</em></span> <span class='ocrx_word' id='word_1_120' title='bbox 753 1041 861 1073; x_wconf 88' lang='lat' dir='ltr'><em>modo</em></span> <span class='ocrx_word' id='word_1_121' title='bbox 892 1050 972 1072; x_wconf 89' lang='lat' dir='ltr'><em>cum</em></span> <span class='ocrx_word' id='word_1_122' title='bbox 1007 1036 1131 1082; x_wconf 90' lang='lat' dir='ltr'><em>primis</em></span> <span class='ocrx_word' id='word_1_123' title='bbox 1159 1035 1210 1069; x_wconf 87' lang='lat' dir='ltr'><em>rei</em></span> 
     </span>
     <span class='ocr_line' id='line_1_21' title="bbox 224 1089 1212 1151; baseline -0.019 -13"><span class='ocrx_word' id='word_1_124' title='bbox 224 1115 328 1151; x_wconf 84' lang='lat' dir='ltr'><em>quam</em></span> <span class='ocrx_word' id='word_1_125' title='bbox 353 1108 493 1135; x_wconf 88' lang='lat' dir='ltr'><em>acturus</em></span> <span class='ocrx_word' id='word_1_126' title='bbox 517 1108 595 1130; x_wconf 92' lang='lat' dir='ltr'><em>sum</em></span> <span class='ocrx_word' id='word_1_127' title='bbox 614 1092 802 1127; x_wconf 85' lang='lat' dir='ltr'><em>difficultas</em></span> <span class='ocrx_word' id='word_1_128' title='bbox 826 1090 963 1136; x_wconf 87' lang='lat' dir='ltr'><em>potuit,</em></span> <span class='ocrx_word' id='word_1_129' title='bbox 984 1089 1024 1122; x_wconf 91' lang='lat' dir='ltr'><em>ni</em></span> <span class='ocrx_word' id='word_1_130' title='bbox 1051 1100 1106 1121; x_wconf 90' lang='lat' dir='ltr'><em>me</em></span> <span class='ocrx_word' id='word_1_131' title='bbox 1131 1099 1212 1120; x_wconf 89' lang='lat' dir='ltr'><em>cum</em></span> 
     </span>
     <span class='ocr_line' id='line_1_22' title="bbox 223 1138 1213 1201; baseline -0.019 -12"><span class='ocrx_word' id='word_1_132' title='bbox 223 1157 332 1201; x_wconf 76' lang='lat' dir='ltr'><em>pietas</em></span> <span class='ocrx_word' id='word_1_133' title='bbox 350 1153 387 1185; x_wconf 90' lang='lat' dir='ltr'><em>in</em></span> <span class='ocrx_word' id='word_1_134' title='bbox 404 1156 496 1184; x_wconf 90' lang='lat' dir='ltr'><em>recta</em></span> <span class='ocrx_word' id='word_1_135' title='bbox 515 1146 652 1186; x_wconf 89' lang='lat' dir='ltr'><em>studia,</em></span> <span class='ocrx_word' id='word_1_136' title='bbox 681 1151 756 1178; x_wconf 91' lang='lat' dir='ltr'><em>tum</em></span> <span class='ocrx_word' id='word_1_137' title='bbox 775 1142 882 1176; x_wconf 88' lang='lat' dir='ltr'><em>officii</em></span> <span class='ocrx_word' id='word_1_138' title='bbox 898 1140 968 1174; x_wconf 90' lang='lat' dir='ltr'><em>mei</em></span> <span class='ocrx_word' id='word_1_139' title='bbox 984 1140 1138 1174; x_wconf 90' lang='lat' dir='ltr'><em>rationes</em></span> <span class='ocrx_word' id='word_1_140' title='bbox 1156 1138 1213 1171; x_wconf 89' lang='lat' dir='ltr'><em>in-</em></span> 
     </span>
     <span class='ocr_line' id='line_1_23' title="bbox 223 1189 1216 1246; baseline -0.019 -5"><span class='ocrx_word' id='word_1_141' title='bbox 223 1206 430 1243; x_wconf 79' lang='lat' dir='ltr'><em>hortentur,</em></span> <span class='ocrx_word' id='word_1_142' title='bbox 453 1212 523 1246; x_wconf 92' lang='lat' dir='ltr'><em>quo</em></span> <span class='ocrx_word' id='word_1_143' title='bbox 550 1199 662 1231; x_wconf 90' lang='lat' dir='ltr'><em>bonas</em></span> <span class='ocrx_word' id='word_1_144' title='bbox 687 1196 807 1229; x_wconf 85' lang='lat' dir='ltr'><em>literas</em></span> <span class='ocrx_word' id='word_1_145' title='bbox 828 1207 867 1227; x_wconf 88' lang='lat' dir='ltr'><em>ac</em></span> <span class='ocrx_word' id='word_1_146' title='bbox 889 1198 1112 1226; x_wconf 79' lang='lat' dir='ltr'><em>renascentes</em></span> <span class='ocrx_word' id='word_1_147' title='bbox 1128 1189 1216 1224; x_wconf 84' lang='lat' dir='ltr'><em>Mu-</em></span> 
     </span>
     <span class='ocr_line' id='line_1_24' title="bbox 225 1240 1217 1301; baseline -0.018 -10"><span class='ocrx_word' id='word_1_148' title='bbox 225 1269 296 1295; x_wconf 83' lang='lat' dir='ltr'><em>sas,</em></span> <span class='ocrx_word' id='word_1_149' title='bbox 324 1266 429 1301; x_wconf 87' lang='lat' dir='ltr'><em>quam</em></span> <span class='ocrx_word' id='word_1_150' title='bbox 453 1251 546 1297; x_wconf 90' lang='lat' dir='ltr'><em>quod</em></span> <span class='ocrx_word' id='word_1_151' title='bbox 572 1247 722 1281; x_wconf 77' lang='lat' dir='ltr'><em>maxime</em></span> <span class='ocrx_word' id='word_1_152' title='bbox 738 1245 999 1279; x_wconf 87' lang='lat' dir='ltr'><em>commendatas</em></span> <span class='ocrx_word' id='word_1_153' title='bbox 1017 1242 1117 1276; x_wconf 82' lang='lat' dir='ltr'><em>vobis</em></span> <span class='ocrx_word' id='word_1_154' title='bbox 1134 1240 1217 1274; x_wconf 89' lang='lat' dir='ltr'><em>uni-</em></span> 
     </span>
     <span class='ocr_line' id='line_1_25' title="bbox 227 1293 1217 1342; baseline -0.016 -1"><span class='ocrx_word' id='word_1_155' title='bbox 227 1307 336 1342; x_wconf 80' lang='lat' dir='ltr'><em>versis</em></span> <span class='ocrx_word' id='word_1_156' title='bbox 361 1304 478 1339; x_wconf 80' lang='lat' dir='ltr'><em>velim.</em></span> <span class='ocrx_word' id='word_1_157' title='bbox 540 1300 687 1334; x_wconf 86' lang='lat' dir='ltr'><em>Illarum</em></span> <span class='ocrx_word' id='word_1_158' title='bbox 712 1297 806 1331; x_wconf 90' lang='lat' dir='ltr'><em>enim</em></span> <span class='ocrx_word' id='word_1_159' title='bbox 831 1307 970 1330; x_wconf 90' lang='lat' dir='ltr'><em>causam</em></span> <span class='ocrx_word' id='word_1_160' title='bbox 999 1293 1134 1338; x_wconf 85' lang='lat' dir='ltr'><em>suscepi</em></span> <span class='ocrx_word' id='word_1_161' title='bbox 1159 1299 1217 1326; x_wconf 91' lang='lat' dir='ltr'><em>tu-</em></span> 
     </span>
     <span class='ocr_line' id='line_1_26' title="bbox 229 1341 1218 1397; baseline -0.019 -3"><span class='ocrx_word' id='word_1_162' title='bbox 229 1360 392 1397; x_wconf 86' lang='lat' dir='ltr'><em>tandam,</em></span> <span class='ocrx_word' id='word_1_163' title='bbox 427 1355 595 1388; x_wconf 84' lang='lat' dir='ltr'><em>adversus</em></span> <span class='ocrx_word' id='word_1_164' title='bbox 617 1361 693 1390; x_wconf 89' lang='lat' dir='ltr'><em>eos,</em></span> <span class='ocrx_word' id='word_1_165' title='bbox 720 1348 781 1394; x_wconf 86' lang='lat' dir='ltr'><em>qui</em></span> <span class='ocrx_word' id='word_1_166' title='bbox 804 1348 910 1390; x_wconf 83' lang='lat' dir='ltr'><em>vulgo</em></span> <span class='ocrx_word' id='word_1_167' title='bbox 936 1345 1004 1379; x_wconf 90' lang='lat' dir='ltr'><em>sibi</em></span> <span class='ocrx_word' id='word_1_168' title='bbox 1027 1345 1064 1377; x_wconf 92' lang='lat' dir='ltr'><em>in</em></span> <span class='ocrx_word' id='word_1_169' title='bbox 1088 1341 1218 1377; x_wconf 90' lang='lat' dir='ltr'><em>scholis</em></span> 
     </span>
     <span class='ocr_line' id='line_1_27' title="bbox 229 1394 1220 1446; baseline -0.019 -2"><span class='ocrx_word' id='word_1_170' title='bbox 229 1413 415 1445; x_wconf 84' lang='lat' dir='ltr'><em>doctorum</em></span> <span class='ocrx_word' id='word_1_171' title='bbox 433 1403 555 1439; x_wconf 89' lang='lat' dir='ltr'><em>titulos</em></span> <span class='ocrx_word' id='word_1_172' title='bbox 571 1414 609 1435; x_wconf 90' lang='lat' dir='ltr'><em>ac</em></span> <span class='ocrx_word' id='word_1_173' title='bbox 624 1400 778 1446; x_wconf 87' lang='lat' dir='ltr'><em>premia,</em></span> <span class='ocrx_word' id='word_1_174' title='bbox 804 1397 953 1431; x_wconf 86' lang='lat' dir='ltr'><em>Barbari</em></span> <span class='ocrx_word' id='word_1_175' title='bbox 978 1394 1139 1429; x_wconf 90' lang='lat' dir='ltr'><em>barbaris</em></span> <span class='ocrx_word' id='word_1_176' title='bbox 1162 1405 1220 1426; x_wconf 87' lang='lat' dir='ltr'><em>ar-</em></span> 
     </span>
     <span class='ocr_line' id='line_1_28' title="bbox 232 1443 1220 1500; baseline -0.019 -4"><span class='ocrx_word' id='word_1_177' title='bbox 232 1462 344 1500; x_wconf 90' lang='lat' dir='ltr'><em>tibus,</em></span> <span class='ocrx_word' id='word_1_178' title='bbox 371 1456 438 1491; x_wconf 90' lang='lat' dir='ltr'><em>hoc</em></span> <span class='ocrx_word' id='word_1_179' title='bbox 460 1461 528 1494; x_wconf 88' lang='lat' dir='ltr'><em>est,</em></span> <span class='ocrx_word' id='word_1_180' title='bbox 554 1453 590 1486; x_wconf 77' lang='lat' dir='ltr'><em>vi</em></span> <span class='ocrx_word' id='word_1_181' title='bbox 607 1459 640 1486; x_wconf 90' lang='lat' dir='ltr'><em>et</em></span> <span class='ocrx_word' id='word_1_182' title='bbox 656 1451 780 1484; x_wconf 82' lang='lat' dir='ltr'><em>fraude</em></span> <span class='ocrx_word' id='word_1_183' title='bbox 795 1453 1026 1492; x_wconf 85' lang='lat' dir='ltr'><em>arrogarunt,</em></span> <span class='ocrx_word' id='word_1_184' title='bbox 1049 1451 1083 1479; x_wconf 89' lang='lat' dir='ltr'><em>et</em></span> <span class='ocrx_word' id='word_1_185' title='bbox 1099 1443 1220 1479; x_wconf 89' lang='lat' dir='ltr'><em>hacte-</em></span> 
     </span>
     <span class='ocr_line' id='line_1_29' title="bbox 234 1497 1220 1547; baseline -0.019 0"><span class='ocrx_word' id='word_1_186' title='bbox 234 1524 301 1547; x_wconf 87' lang='lat' dir='ltr'><em>nus</em></span> <span class='ocrx_word' id='word_1_187' title='bbox 335 1511 406 1543; x_wconf 86' lang='lat' dir='ltr'><em>scre</em></span> <span class='ocrx_word' id='word_1_188' title='bbox 449 1503 639 1540; x_wconf 89' lang='lat' dir='ltr'><em>maliciosis</em></span> <span class='ocrx_word' id='word_1_189' title='bbox 673 1500 824 1545; x_wconf 88' lang='lat' dir='ltr'><em>ingeniis</em></span> <span class='ocrx_word' id='word_1_190' title='bbox 859 1497 1022 1533; x_wconf 85' lang='lat' dir='ltr'><em>homines</em></span> <span class='ocrx_word' id='word_1_191' title='bbox 1056 1497 1220 1530; x_wconf 78' lang='lat' dir='ltr'><em>retinent.</em></span> 
     </span>
     <span class='ocr_line' id='line_1_30' title="bbox 233 1547 1223 1599; baseline -0.021 0"><span class='ocrx_word' id='word_1_192' title='bbox 233 1559 484 1599; x_wconf 80' lang='lat' dir='ltr'><em>Germanicam</em></span> <span class='ocrx_word' id='word_1_193' title='bbox 513 1556 735 1590; x_wconf 89' lang='lat' dir='ltr'><em>iuventutem</em></span> <span class='ocrx_word' id='word_1_194' title='bbox 766 1551 870 1596; x_wconf 91' lang='lat' dir='ltr'><em>paulo</em></span> <span class='ocrx_word' id='word_1_195' title='bbox 894 1547 1137 1594; x_wconf 84' lang='lat' dir='ltr'><em>superioribus</em></span> <span class='ocrx_word' id='word_1_196' title='bbox 1159 1558 1223 1580; x_wconf 81' lang='lat' dir='ltr'><em>an-</em></span> 
     </span>
     <span class='ocr_line' id='line_1_31' title="bbox 235 1599 1225 1648; baseline -0.018 0"><span class='ocrx_word' id='word_1_197' title='bbox 235 1615 290 1648; x_wconf 91' lang='lat' dir='ltr'><em>nis</em></span> <span class='ocrx_word' id='word_1_198' title='bbox 309 1610 438 1647; x_wconf 88' lang='lat' dir='ltr'><em>alicubi</em></span> <span class='ocrx_word' id='word_1_199' title='bbox 458 1614 620 1642; x_wconf 89' lang='lat' dir='ltr'><em>conatam</em></span> <span class='ocrx_word' id='word_1_200' title='bbox 645 1605 682 1637; x_wconf 93' lang='lat' dir='ltr'><em>in</em></span> <span class='ocrx_word' id='word_1_201' title='bbox 703 1602 770 1637; x_wconf 92' lang='lat' dir='ltr'><em>hoc</em></span> <span class='ocrx_word' id='word_1_202' title='bbox 788 1602 892 1636; x_wconf 83' lang='lat' dir='ltr'><em>soelix</em></span> <span class='ocrx_word' id='word_1_203' title='bbox 909 1607 1084 1635; x_wconf 88' lang='lat' dir='ltr'><em>certamen</em></span> <span class='ocrx_word' id='word_1_204' title='bbox 1105 1599 1225 1632; x_wconf 89' lang='lat' dir='ltr'><em>litera-</em></span> 
     </span>
     <span class='ocr_line' id='line_1_32' title="bbox 238 1648 1226 1700; baseline -0.018 -1"><span class='ocrx_word' id='word_1_205' title='bbox 238 1678 315 1700; x_wconf 88' lang='lat' dir='ltr'><em>rum</em></span> <span class='ocrx_word' id='word_1_206' title='bbox 349 1660 580 1697; x_wconf 83' lang='lat' dir='ltr'><em>descendere,</em></span> <span class='ocrx_word' id='word_1_207' title='bbox 617 1657 684 1690; x_wconf 85' lang='lat' dir='ltr'><em>iam</em></span> <span class='ocrx_word' id='word_1_208' title='bbox 718 1666 814 1688; x_wconf 92' lang='lat' dir='ltr'><em>nunc</em></span> <span class='ocrx_word' id='word_1_209' title='bbox 842 1664 983 1699; x_wconf 88' lang='lat' dir='ltr'><em>quoque</em></span> <span class='ocrx_word' id='word_1_210' title='bbox 1015 1662 1088 1684; x_wconf 91' lang='lat' dir='ltr'><em>non</em></span> <span class='ocrx_word' id='word_1_211' title='bbox 1113 1648 1226 1694; x_wconf 90' lang='lat' dir='ltr'><em>pauci,</em></span> 
     </span>
     <span class='ocr_line' id='line_1_33' title="bbox 239 1698 1227 1749; baseline -0.018 1"><span class='ocrx_word' id='word_1_212' title='bbox 239 1717 334 1749; x_wconf 66' lang='lat' dir='ltr'><em>velut</em></span> <span class='ocrx_word' id='word_1_213' title='bbox 353 1727 370 1747; x_wconf 88' lang='lat' dir='ltr'><em>c</em></span> <span class='ocrx_word' id='word_1_214' title='bbox 389 1713 506 1746; x_wconf 88' lang='lat' dir='ltr'><em>medio</em></span> <span class='ocrx_word' id='word_1_215' title='bbox 529 1720 651 1747; x_wconf 86' lang='lat' dir='ltr'><em>cursu,</em></span> <span class='ocrx_word' id='word_1_216' title='bbox 678 1712 877 1740; x_wconf 85' lang='lat' dir='ltr'><em>commento</em></span> <span class='ocrx_word' id='word_1_217' title='bbox 900 1704 1088 1749; x_wconf 85' lang='lat' dir='ltr'><em>plusquam</em></span> <span class='ocrx_word' id='word_1_218' title='bbox 1108 1698 1227 1734; x_wconf 85' lang='lat' dir='ltr'><em>Thra-</em></span> 
     </span>
     <span class='ocr_line' id='line_1_34' title="bbox 239 1753 1228 1801; baseline -0.017 0"><span class='ocrx_word' id='word_1_219' title='bbox 239 1769 292 1801; x_wconf 79' lang='lat' dir='ltr'><em>cio</em></span> <span class='ocrx_word' id='word_1_220' title='bbox 313 1771 494 1800; x_wconf 77' lang='lat' dir='ltr'><em>revocant:</em></span> <span class='ocrx_word' id='word_1_221' title='bbox 548 1758 739 1794; x_wconf 75' lang='lat' dir='ltr'><em>Difficilius</em></span> <span class='ocrx_word' id='word_1_222' title='bbox 763 1769 835 1791; x_wconf 88' lang='lat' dir='ltr'><em>esse</em></span> <span class='ocrx_word' id='word_1_223' title='bbox 860 1755 1019 1789; x_wconf 88' lang='lat' dir='ltr'><em>studium</em></span> <span class='ocrx_word' id='word_1_224' title='bbox 1044 1753 1228 1787; x_wconf 86' lang='lat' dir='ltr'><em>literarum</em></span> 
     </span>
     <span class='ocr_line' id='line_1_35' title="bbox 242 1804 1230 1858; baseline -0.018 -5"><span class='ocrx_word' id='word_1_225' title='bbox 242 1815 519 1854; x_wconf 79' lang='lat' dir='ltr'><em>renascentium,</em></span> <span class='ocrx_word' id='word_1_226' title='bbox 547 1822 653 1858; x_wconf 86' lang='lat' dir='ltr'><em>quam</em></span> <span class='ocrx_word' id='word_1_227' title='bbox 678 1809 818 1842; x_wconf 86' lang='lat' dir='ltr'><em>utilius:</em></span> <span class='ocrx_word' id='word_1_228' title='bbox 874 1806 1008 1841; x_wconf 89' lang='lat' dir='ltr'><em>Graeca</em></span> <span class='ocrx_word' id='word_1_229' title='bbox 1033 1817 1051 1838; x_wconf 93' lang='lat' dir='ltr'><em>a</em></span> <span class='ocrx_word' id='word_1_230' title='bbox 1081 1804 1230 1849; x_wconf 90' lang='lat' dir='ltr'><em>quibus-</em></span> 
     </span>
     <span class='ocr_line' id='line_1_36' title="bbox 241 1857 1232 1903; baseline -0.016 0"><span class='ocrx_word' id='word_1_231' title='bbox 241 1872 322 1903; x_wconf 76' lang='lat' dir='ltr'><em>«lam</em></span> <span class='ocrx_word' id='word_1_232' title='bbox 348 1867 437 1901; x_wconf 82' lang='lat' dir='ltr'><em>male</em></span> <span class='ocrx_word' id='word_1_233' title='bbox 467 1863 601 1898; x_wconf 80' lang='lat' dir='ltr'><em>seriatis</em></span> <span class='ocrx_word' id='word_1_234' title='bbox 625 1860 776 1903; x_wconf 78' lang='lat' dir='ltr'><em>ingeniis</em></span> <span class='ocrx_word' id='word_1_235' title='bbox 799 1858 927 1903; x_wconf 77' lang='lat' dir='ltr'><em>arripi,</em></span> <span class='ocrx_word' id='word_1_236' title='bbox 955 1870 994 1891; x_wconf 82' lang='lat' dir='ltr'><em>ac</em></span> <span class='ocrx_word' id='word_1_237' title='bbox 1018 1857 1061 1889; x_wconf 90' lang='lat' dir='ltr'><em>ad</em></span> <span class='ocrx_word' id='word_1_238' title='bbox 1077 1862 1232 1889; x_wconf 88' lang='lat' dir='ltr'><em>ostenta-</em></span> 
     </span>
     <span class='ocr_line' id='line_1_37' title="bbox 242 1905 1233 1963; baseline -0.016 -9"><span class='ocrx_word' id='word_1_239' title='bbox 242 1922 373 1955; x_wconf 75' lang='lat' dir='ltr'><em>tionem</em></span> <span class='ocrx_word' id='word_1_240' title='bbox 399 1916 530 1963; x_wconf 86' lang='lat' dir='ltr'><em>parari:</em></span> <span class='ocrx_word' id='word_1_241' title='bbox 567 1913 704 1948; x_wconf 86' lang='lat' dir='ltr'><em>Dubiae</em></span> <span class='ocrx_word' id='word_1_242' title='bbox 733 1911 811 1944; x_wconf 78' lang='lat' dir='ltr'><em>fidei</em></span> <span class='ocrx_word' id='word_1_243' title='bbox 830 1909 990 1944; x_wconf 83' lang='lat' dir='ltr'><em>llcbraea</em></span> <span class='ocrx_word' id='word_1_244' title='bbox 1010 1919 1100 1941; x_wconf 84' lang='lat' dir='ltr'><em>esse:</em></span> <span class='ocrx_word' id='word_1_245' title='bbox 1138 1905 1233 1940; x_wconf 90' lang='lat' dir='ltr'><em>Inte-</em></span> 
     </span>
     <span class='ocr_line' id='line_1_38' title="bbox 244 1955 1232 2013; baseline -0.016 -7"><span class='ocrx_word' id='word_1_246' title='bbox 244 1973 311 2007; x_wconf 97' lang='lat' dir='ltr'><em>rim</em></span> <span class='ocrx_word' id='word_1_247' title='bbox 338 1983 354 2004; x_wconf 89' lang='lat' dir='ltr'><em>a</em></span> <span class='ocrx_word' id='word_1_248' title='bbox 374 1967 528 2013; x_wconf 78' lang='lat' dir='ltr'><em>genuino</em></span> <span class='ocrx_word' id='word_1_249' title='bbox 551 1966 670 1999; x_wconf 79' lang='lat' dir='ltr'><em>literas</em></span> <span class='ocrx_word' id='word_1_250' title='bbox 686 1963 782 1997; x_wconf 88' lang='lat' dir='ltr'><em>cultu</em></span> <span class='ocrx_word' id='word_1_251' title='bbox 803 1961 933 2007; x_wconf 84' lang='lat' dir='ltr'><em>perire:</em></span> <span class='ocrx_word' id='word_1_252' title='bbox 962 1955 1232 2003; x_wconf 86' lang='lat' dir='ltr'><em>Philosophiam</em></span> 
     </span>
     <span class='ocr_line' id='line_1_39' title="bbox 246 2008 1234 2059; baseline -0.015 -3"><span class='ocrx_word' id='word_1_253' title='bbox 246 2026 420 2057; x_wconf 64' lang='lat' dir='ltr'><em>‹less-rium</em></span> <span class='ocrx_word' id='word_1_254' title='bbox 442 2019 502 2059; x_wconf 89' lang='lat' dir='ltr'><em>iri,</em></span> <span class='ocrx_word' id='word_1_255' title='bbox 530 2025 561 2051; x_wconf 83' lang='lat' dir='ltr'><em>et</em></span> <span class='ocrx_word' id='word_1_256' title='bbox 582 2017 614 2049; x_wconf 84' lang='lat' dir='ltr'><em>id</em></span> <span class='ocrx_word' id='word_1_257' title='bbox 637 2026 746 2057; x_wconf 81' lang='lat' dir='ltr'><em>genus</em></span> <span class='ocrx_word' id='word_1_258' title='bbox 765 2013 912 2058; x_wconf 81' lang='lat' dir='ltr'><em>reliquis</em></span> <span class='ocrx_word' id='word_1_259' title='bbox 930 2010 1110 2045; x_wconf 89' lang='lat' dir='ltr'><em>conviciis.</em></span> <span class='ocrx_word' id='word_1_260' title='bbox 1143 2008 1234 2044; x_wconf 90' lang='lat' dir='ltr'><em>Cum</em></span> 
     </span>
     <span class='ocr_line' id='line_1_40' title="bbox 248 2060 1236 2115; baseline -0.015 -8"><span class='ocrx_word' id='word_1_261' title='bbox 248 2077 312 2107; x_wconf 76' lang='lat' dir='ltr'><em>isto</em></span> <span class='ocrx_word' id='word_1_262' title='bbox 334 2084 434 2115; x_wconf 75' lang='lat' dir='ltr'><em>grege.</em></span> <span class='ocrx_word' id='word_1_263' title='bbox 454 2070 677 2102; x_wconf 83' lang='lat' dir='ltr'><em>indoctorum</em></span> <span class='ocrx_word' id='word_1_264' title='bbox 696 2075 947 2108; x_wconf 75' lang='lat' dir='ltr'><em>congressum,</em></span> <span class='ocrx_word' id='word_1_265' title='bbox 976 2062 1055 2107; x_wconf 90' lang='lat' dir='ltr'><em>quis</em></span> <span class='ocrx_word' id='word_1_266' title='bbox 1082 2073 1155 2094; x_wconf 89' lang='lat' dir='ltr'><em>non</em></span> <span class='ocrx_word' id='word_1_267' title='bbox 1180 2060 1236 2093; x_wconf 89' lang='lat' dir='ltr'><em>in·-</em></span> 
     </span>
     <span class='ocr_line' id='line_1_41' title="bbox 250 2111 1238 2167; baseline -0.015 -8"><span class='ocrx_word' id='word_1_268' title='bbox 250 2125 381 2167; x_wconf 73' lang='lat' dir='ltr'><em>tvlligat</em></span> <span class='ocrx_word' id='word_1_269' title='bbox 409 2122 461 2153; x_wconf 66' lang='lat' dir='ltr'><em>x&#39;cl</em></span> <span class='ocrx_word' id='word_1_270' title='bbox 491 2119 634 2153; x_wconf 78' lang='lat' dir='ltr'><em>llcrculi</em></span> <span class='ocrx_word' id='word_1_271' title='bbox 663 2130 735 2150; x_wconf 88' lang='lat' dir='ltr'><em>non</em></span> <span class='ocrx_word' id='word_1_272' title='bbox 762 2129 834 2149; x_wconf 86' lang='lat' dir='ltr'><em>uno</em></span> <span class='ocrx_word' id='word_1_273' title='bbox 859 2113 1000 2148; x_wconf 79' lang='lat' dir='ltr'><em>Theseo</em></span> <span class='ocrx_word' id='word_1_274' title='bbox 1027 2125 1115 2157; x_wconf 86' lang='lat' dir='ltr'><em>opus</em></span> <span class='ocrx_word' id='word_1_275' title='bbox 1141 2111 1238 2145; x_wconf 84' lang='lat' dir='ltr'><em>csse&#39;?</em></span> 
     </span>
     <span class='ocr_line' id='line_1_42' title="bbox 251 2163 1238 2215; baseline -0.013 -7"><span class='ocrx_word' id='word_1_276' title='bbox 251 2177 349 2210; x_wconf 66' lang='lat' dir='ltr'><em>Ado-o</em></span> <span class='ocrx_word' id='word_1_277' title='bbox 382 2179 543 2215; x_wconf 72' lang='lat' dir='ltr'><em>suscepto</em></span> <span class='ocrx_word' id='word_1_278' title='bbox 577 2169 721 2210; x_wconf 75' lang='lat' dir='ltr'><em>negocio</em></span> <span class='ocrx_word' id='word_1_279' title='bbox 754 2180 825 2200; x_wconf 90' lang='lat' dir='ltr'><em>non</em></span> <span class='ocrx_word' id='word_1_280' title='bbox 849 2179 972 2210; x_wconf 87' lang='lat' dir='ltr'><em>parum</em></span> <span class='ocrx_word' id='word_1_281' title='bbox 999 2176 1112 2209; x_wconf 86' lang='lat' dir='ltr'><em>aequo</em></span> <span class='ocrx_word' id='word_1_282' title='bbox 1140 2163 1238 2196; x_wconf 87' lang='lat' dir='ltr'><em>dicar</em></span> 
     </span>
     <span class='ocr_line' id='line_1_43' title="bbox 252 2213 1240 2261; baseline -0.014 -1"><span class='ocrx_word' id='word_1_283' title='bbox 252 2225 430 2260; x_wconf 77' lang='lat' dir='ltr'><em>audacior.</em></span> <span class='ocrx_word' id='word_1_284' title='bbox 485 2222 527 2255; x_wconf 57' lang='lat' dir='ltr'><em>l‘t</em></span> <span class='ocrx_word' id='word_1_285' title='bbox 551 2221 690 2254; x_wconf 72' lang='lat' dir='ltr'><em>interim</em></span> <span class='ocrx_word' id='word_1_286' title='bbox 710 2219 831 2252; x_wconf 80' lang='lat' dir='ltr'><em>sileam</em></span> <span class='ocrx_word' id='word_1_287' title='bbox 850 2217 906 2250; x_wconf 75' lang='lat' dir='ltr'><em>vix</em></span> <span class='ocrx_word' id='word_1_288' title='bbox 925 2228 1024 2261; x_wconf 83' lang='lat' dir='ltr'><em>posse</em></span> <span class='ocrx_word' id='word_1_289' title='bbox 1042 2213 1133 2248; x_wconf 82' lang='lat' dir='ltr'><em>lianc</em></span> <span class='ocrx_word' id='word_1_290' title='bbox 1151 2227 1168 2248; x_wconf 91' lang='lat' dir='ltr'><em>a</em></span> <span class='ocrx_word' id='word_1_291' title='bbox 1185 2225 1240 2246; x_wconf 89' lang='lat' dir='ltr'><em>me</em></span> 
     </span>
     <span class='ocr_line' id='line_1_44' title="bbox 253 2267 1242 2323; baseline -0.012 -14"><span class='ocrx_word' id='word_1_292' title='bbox 253 2275 470 2323; x_wconf 58' lang='lat' dir='ltr'><em>proxinciam</em></span> <span class='ocrx_word' id='word_1_293' title='bbox 496 2271 750 2308; x_wconf 73' lang='lat' dir='ltr'><em>:nlministrari,</em></span> <span class='ocrx_word' id='word_1_294' title='bbox 778 2269 864 2303; x_wconf 87' lang='lat' dir='ltr'><em>citra</em></span> <span class='ocrx_word' id='word_1_295' title='bbox 888 2267 1077 2301; x_wconf 71' lang='lat' dir='ltr'><em>modestiae</em></span> <span class='ocrx_word' id='word_1_296' title='bbox 1104 2267 1242 2310; x_wconf 77' lang='lat' dir='ltr'><em>pericu-</em></span> 
     </span>
    </p>
   </div>
   <div class='ocr_carea' id='block_1_10' title="bbox 256 2313 1242 2419">
    <p class='ocr_par' dir='ltr' id='par_1_10' title="bbox 256 2313 1242 2419">
     <span class='ocr_line' id='line_1_45' title="bbox 256 2313 1242 2371; baseline -0.013 -9"><span class='ocrx_word' id='word_1_297' title='bbox 256 2331 348 2367; x_wconf 74' lang='lat' dir='ltr'><em>lum,</em></span> <span class='ocrx_word' id='word_1_298' title='bbox 375 2338 442 2371; x_wconf 80' lang='lat' dir='ltr'><em>qua</em></span> <span class='ocrx_word' id='word_1_299' title='bbox 461 2324 672 2367; x_wconf 60' lang='lat' dir='ltr'><em>dispeream,</em></span> <span class='ocrx_word' id='word_1_300' title='bbox 700 2322 726 2354; x_wconf 86' lang='lat' dir='ltr'><em>si</em></span> <span class='ocrx_word' id='word_1_301' title='bbox 751 2321 836 2366; x_wconf 83' lang='lat' dir='ltr'><em>quid</em></span> <span class='ocrx_word' id='word_1_302' title='bbox 860 2331 1017 2365; x_wconf 88' lang='lat' dir='ltr'><em>unquam</em></span> <span class='ocrx_word' id='word_1_303' title='bbox 1037 2330 1154 2351; x_wconf 78' lang='lat' dir='ltr'><em>rerum</em></span> <span class='ocrx_word' id='word_1_304' title='bbox 1175 2313 1242 2349; x_wconf 84' lang='lat' dir='ltr'><em>hu-</em></span> 
     </span>
     <span class='ocr_line' id='line_1_46' title="bbox 256 2373 686 2419; baseline -0.019 -6"><span class='ocrx_word' id='word_1_305' title='bbox 256 2390 439 2413; x_wconf 80' lang='lat' dir='ltr'><em>manarum</em></span> <span class='ocrx_word' id='word_1_306' title='bbox 469 2375 566 2419; x_wconf 83' lang='lat' dir='ltr'><em>prius</em></span> <span class='ocrx_word' id='word_1_307' title='bbox 592 2373 686 2406; x_wconf 76' lang='lat' dir='ltr'><em>«luxi.</em></span> 
     </span>
    </p>
   </div>
   <div class='ocr_carea' id='block_1_11' title="bbox 257 2419 1251 2726">
    <p class='ocr_par' dir='ltr' id='par_1_11' title="bbox 257 2419 1251 2726">
     <span class='ocr_line' id='line_1_47' title="bbox 257 2419 1244 2475; baseline -0.013 -11"><span class='ocrx_word' id='word_1_308' title='bbox 257 2439 287 2464; x_wconf 81' lang='lat' dir='ltr'><em>ct</em></span> <span class='ocrx_word' id='word_1_309' title='bbox 315 2442 424 2475; x_wconf 81' lang='lat' dir='ltr'><em>quum</em></span> <span class='ocrx_word' id='word_1_310' title='bbox 452 2427 566 2459; x_wconf 78' lang='lat' dir='ltr'><em>stu-lia</em></span> <span class='ocrx_word' id='word_1_311' title='bbox 591 2431 702 2457; x_wconf 67' lang='lat' dir='ltr'><em>vestra</em></span> <span class='ocrx_word' id='word_1_312' title='bbox 729 2421 952 2456; x_wconf 68' lang='lat' dir='ltr'><em>veliementer</em></span> <span class='ocrx_word' id='word_1_313' title='bbox 976 2421 1089 2454; x_wconf 73' lang='lat' dir='ltr'><em>iuvari</em></span> <span class='ocrx_word' id='word_1_314' title='bbox 1120 2419 1244 2453; x_wconf 84' lang='lat' dir='ltr'><em>adule-</em></span> 
     </span>
     <span class='ocr_line' id='line_1_48' title="bbox 259 2471 1245 2521; baseline -0.013 -6"><span class='ocrx_word' id='word_1_315' title='bbox 259 2489 392 2515; x_wconf 69' lang='lat' dir='ltr'><em>scentes</em></span> <span class='ocrx_word' id='word_1_316' title='bbox 418 2477 577 2521; x_wconf 75' lang='lat' dir='ltr'><em>cupiam,</em></span> <span class='ocrx_word' id='word_1_317' title='bbox 623 2478 676 2508; x_wconf 60' lang='grc' dir='ltr'>[ιι-Ι</span> <span class='ocrx_word' id='word_1_318' title='bbox 707 2481 740 2506; x_wconf 87' lang='lat' dir='ltr'><em>ut</em></span> <span class='ocrx_word' id='word_1_319' title='bbox 771 2475 942 2517; x_wconf 74' lang='lat' dir='ltr'><em>quaedam</em></span> <span class='ocrx_word' id='word_1_320' title='bbox 971 2471 1117 2506; x_wconf 81' lang='lat' dir='ltr'><em>liberius</em></span> <span class='ocrx_word' id='word_1_321' title='bbox 1140 2483 1245 2516; x_wconf 78' lang='lat' dir='ltr'><em>quain</em></span> 
     </span>
     <span class='ocr_line' id='line_1_49' title="bbox 261 2522 1246 2569; baseline -0.013 -3"><span class='ocrx_word' id='word_1_322' title='bbox 261 2533 315 2566; x_wconf 83' lang='lat' dir='ltr'><em>isti</em></span> <span class='ocrx_word' id='word_1_323' title='bbox 336 2531 450 2563; x_wconf 72' lang='lat' dir='ltr'><em>volent</em></span> <span class='ocrx_word' id='word_1_324' title='bbox 464 2554 471 2565; x_wconf 80' lang='grc'>,</span> <span class='ocrx_word' id='word_1_325' title='bbox 501 2528 627 2560; x_wconf 72' lang='lat' dir='ltr'><em>«liram.</em></span> <span class='ocrx_word' id='word_1_326' title='bbox 686 2523 728 2558; x_wconf 65' lang='lat' dir='ltr'><em>At</em></span> <span class='ocrx_word' id='word_1_327' title='bbox 747 2526 889 2569; x_wconf 75' lang='lat' dir='ltr'><em>quando</em></span> <span class='ocrx_word' id='word_1_328' title='bbox 910 2537 963 2556; x_wconf 76' lang='lat' dir='ltr'><em>mc</em></span> <span class='ocrx_word' id='word_1_329' title='bbox 982 2522 1050 2557; x_wconf 87' lang='lat' dir='ltr'><em>huc</em></span> <span class='ocrx_word' id='word_1_330' title='bbox 1068 2523 1140 2556; x_wconf 68' lang='lat' dir='ltr'><em>sive</em></span> <span class='ocrx_word' id='word_1_331' title='bbox 1158 2522 1246 2555; x_wconf 82' lang='lat' dir='ltr'><em>ratio</em></span> 
     </span>
     <span class='ocr_line' id='line_1_50' title="bbox 259 2573 1249 2630; baseline -0.011 -14"><span class='ocrx_word' id='word_1_332' title='bbox 259 2583 325 2630; x_wconf 86' lang='lat' dir='ltr'><em>(ita</em></span> <span class='ocrx_word' id='word_1_333' title='bbox 345 2583 437 2615; x_wconf 72' lang='lat' dir='ltr'><em>enim</em></span> <span class='ocrx_word' id='word_1_334' title='bbox 459 2580 580 2612; x_wconf 65' lang='lat' dir='ltr'><em>videor</em></span> <span class='ocrx_word' id='word_1_335' title='bbox 599 2574 702 2619; x_wconf 79' lang='lat' dir='ltr'><em>mibi)</em></span> <span class='ocrx_word' id='word_1_336' title='bbox 730 2576 802 2608; x_wconf 61' lang='lat' dir='ltr'><em>sire</em></span> <span class='ocrx_word' id='word_1_337' title='bbox 827 2588 925 2607; x_wconf 81' lang='lat' dir='ltr'><em>casus</em></span> <span class='ocrx_word' id='word_1_338' title='bbox 951 2574 1080 2620; x_wconf 80' lang='lat' dir='ltr'><em>aliquis</em></span> <span class='ocrx_word' id='word_1_339' title='bbox 1097 2573 1249 2618; x_wconf 80' lang='lat' dir='ltr'><em>impulit,</em></span> 
     </span>
     <span class='ocr_line' id='line_1_51' title="bbox 258 2623 1249 2667; baseline -0.008 -1"><span class='ocrx_word' id='word_1_340' title='bbox 258 2635 338 2667; x_wconf 69' lang='lat' dir='ltr'><em>volo</em></span> <span class='ocrx_word' id='word_1_341' title='bbox 355 2631 443 2666; x_wconf 79' lang='lat' dir='ltr'><em>lianc</em></span> <span class='ocrx_word' id='word_1_342' title='bbox 462 2643 608 2665; x_wconf 66' lang='lat' dir='ltr'><em>merum,</em></span> <span class='ocrx_word' id='word_1_343' title='bbox 635 2626 830 2661; x_wconf 70' lang='lat' dir='ltr'><em>Clarissimi</em></span> <span class='ocrx_word' id='word_1_344' title='bbox 851 2626 916 2658; x_wconf 75' lang='lat' dir='ltr'><em>viri</em></span> <span class='ocrx_word' id='word_1_345' title='bbox 931 2653 939 2665; x_wconf 80' lang='lat'><em>,</em></span> <span class='ocrx_word' id='word_1_346' title='bbox 963 2639 1102 2659; x_wconf 80' lang='lat' dir='ltr'><em>causam</em></span> <span class='ocrx_word' id='word_1_347' title='bbox 1120 2623 1249 2659; x_wconf 66' lang='lat' dir='ltr'><em>babere</em></span> 
     </span>
     <span class='ocr_line' id='line_1_52' title="bbox 260 2677 1251 2726; baseline -0.007 -11"><span class='ocrx_word' id='word_1_348' title='bbox 260 2694 566 2721; x_wconf 67' lang='lat' dir='ltr'><em>vuscnmmuncm,</em></span> <span class='ocrx_word' id='word_1_349' title='bbox 583 2691 735 2726; x_wconf 81' lang='lat' dir='ltr'><em>quorum</em></span> <span class='ocrx_word' id='word_1_350' title='bbox 753 2677 940 2718; x_wconf 83' lang='lat' dir='ltr'><em>industria,</em></span> <span class='ocrx_word' id='word_1_351' title='bbox 959 2677 1115 2711; x_wconf 83' lang='lat' dir='ltr'><em>consiliis</em></span> <span class='ocrx_word' id='word_1_352' title='bbox 1126 2688 1251 2722; x_wconf 82' lang='lat' dir='ltr'><em>opera-</em></span> 
     </span>
    </p>
   </div>
   <div class='ocr_carea' id='block_1_12' title="bbox 605 80 1807 133">
    <p class='ocr_par' dir='ltr' id='par_1_12' title="bbox 605 80 1807 133">
     <span class='ocr_line' id='line_1_53' title="bbox 605 80 1807 133; baseline -0.012 0"><span class='ocrx_word' id='word_1_353' title='bbox 605 95 773 133; x_wconf 88' lang='lat' dir='ltr'><strong>DECL.</strong></span> <span class='ocrx_word' id='word_1_354' title='bbox 806 91 879 128; x_wconf 85' lang='lat' dir='ltr'><em>DE</em></span> <span class='ocrx_word' id='word_1_355' title='bbox 909 83 1320 126; x_wconf 81' lang='lat' dir='ltr'>CORRIGENDIS</span> <span class='ocrx_word' id='word_1_356' title='bbox 1354 81 1521 120; x_wconf 85' lang='lat' dir='ltr'><strong>ADOL.</strong></span> <span class='ocrx_word' id='word_1_357' title='bbox 1556 80 1807 118; x_wconf 83' lang='lat' dir='ltr'><strong>STUDHS.</strong></span> 
     </span>
    </p>
   </div>
   <div class='ocr_carea' id='block_1_13' title="bbox 1210 175 1271 2189">
    <p class='ocr_par' dir='ltr' id='par_1_13' title="bbox 1210 175 1271 2189">
     <span class='ocr_line' id='line_1_54' title="bbox 1210 175 1225 339; baseline 0 -96"><span class='ocrx_word' id='word_1_358' title='bbox 1210 175 1225 339; x_wconf 95' lang='lat' dir='ltr'><em>   </em></span> 
     </span>
     <span class='ocr_line' id='line_1_55' title="bbox 1212 339 1227 395; baseline 0 2563"><span class='ocrx_word' id='word_1_359' title='bbox 1212 339 1227 395; x_wconf 95' lang='lat' dir='ltr'><em> </em></span> 
     </span>
     <span class='ocr_line' id='line_1_56' title="bbox 1213 395 1228 440; baseline 0 2518"><span class='ocrx_word' id='word_1_360' title='bbox 1213 395 1228 440; x_wconf 95' lang='lat' dir='ltr'><em> </em></span> 
     </span>
     <span class='ocr_line' id='line_1_57' title="bbox 1215 440 1230 493; baseline 0 2465"><span class='ocrx_word' id='word_1_361' title='bbox 1215 440 1230 493; x_wconf 95' lang='lat' dir='ltr'><em> </em></span> 
     </span>
     <span class='ocr_line' id='line_1_58' title="bbox 1216 493 1231 548; baseline 0 2410"><span class='ocrx_word' id='word_1_362' title='bbox 1216 493 1231 548; x_wconf 95' lang='lat' dir='ltr'><em> </em></span> 
     </span>
     <span class='ocr_line' id='line_1_59' title="bbox 1217 548 1232 593; baseline 0 2365"><span class='ocrx_word' id='word_1_363' title='bbox 1217 548 1232 593; x_wconf 95' lang='lat' dir='ltr'><em> </em></span> 
     </span>
     <span class='ocr_line' id='line_1_60' title="bbox 1218 593 1234 649; baseline 0 2309"><span class='ocrx_word' id='word_1_364' title='bbox 1218 593 1234 649; x_wconf 95' lang='lat' dir='ltr'><em> </em></span> 
     </span>
     <span class='ocr_line' id='line_1_61' title="bbox 1220 649 1235 697; baseline 0 2261"><span class='ocrx_word' id='word_1_365' title='bbox 1220 649 1235 697; x_wconf 95' lang='lat' dir='ltr'><em> </em></span> 
     </span>
     <span class='ocr_line' id='line_1_62' title="bbox 1221 697 1236 746; baseline 0 2212"><span class='ocrx_word' id='word_1_366' title='bbox 1221 697 1236 746; x_wconf 95' lang='lat' dir='ltr'><em> </em></span> 
     </span>
     <span class='ocr_line' id='line_1_63' title="bbox 1222 746 1238 798; baseline 0 2160"><span class='ocrx_word' id='word_1_367' title='bbox 1222 746 1238 798; x_wconf 95' lang='lat' dir='ltr'><em> </em></span> 
     </span>
     <span class='ocr_line' id='line_1_64' title="bbox 1223 798 1239 856; baseline 0 2102"><span class='ocrx_word' id='word_1_368' title='bbox 1223 798 1239 856; x_wconf 95' lang='lat' dir='ltr'><em> </em></span> 
     </span>
     <span class='ocr_line' id='line_1_65' title="bbox 1225 856 1240 902; baseline 0 2056"><span class='ocrx_word' id='word_1_369' title='bbox 1225 856 1240 902; x_wconf 95' lang='lat' dir='ltr'><em> </em></span> 
     </span>
     <span class='ocr_line' id='line_1_66' title="bbox 1226 902 1242 949; baseline 0 2009"><span class='ocrx_word' id='word_1_370' title='bbox 1226 902 1242 949; x_wconf 95' lang='lat' dir='ltr'><em> </em></span> 
     </span>
     <span class='ocr_line' id='line_1_67' title="bbox 1227 949 1243 1004; baseline 0 1954"><span class='ocrx_word' id='word_1_371' title='bbox 1227 949 1243 1004; x_wconf 95' lang='lat' dir='ltr'><em> </em></span> 
     </span>
     <span class='ocr_line' id='line_1_68' title="bbox 1229 1004 1244 1050; baseline 0 1908"><span class='ocrx_word' id='word_1_372' title='bbox 1229 1004 1244 1050; x_wconf 95' lang='lat' dir='ltr'><em> </em></span> 
     </span>
     <span class='ocr_line' id='line_1_69' title="bbox 1230 1050 1245 1095; baseline 0 1863"><span class='ocrx_word' id='word_1_373' title='bbox 1230 1050 1245 1095; x_wconf 95' lang='lat' dir='ltr'><em> </em></span> 
     </span>
     <span class='ocr_line' id='line_1_70' title="bbox 1231 1095 1247 1161; baseline 0 1797"><span class='ocrx_word' id='word_1_374' title='bbox 1231 1095 1247 1161; x_wconf 95' lang='lat' dir='ltr'><em> </em></span> 
     </span>
     <span class='ocr_line' id='line_1_71' title="bbox 1232 1161 1248 1215; baseline 0 1743"><span class='ocrx_word' id='word_1_375' title='bbox 1232 1161 1248 1215; x_wconf 95' lang='lat' dir='ltr'><em> </em></span> 
     </span>
     <span class='ocr_line' id='line_1_72' title="bbox 1234 1215 1249 1256; baseline 0 1702"><span class='ocrx_word' id='word_1_376' title='bbox 1234 1215 1249 1256; x_wconf 95' lang='lat' dir='ltr'><em> </em></span> 
     </span>
     <span class='ocr_line' id='line_1_73' title="bbox 1235 1256 1271 2189; baseline 0 -870"><span class='ocrx_word' id='word_1_377' title='bbox 1235 1256 1271 2189; x_wconf 95' lang='lat' dir='ltr'><em>    </em></span> 
     </span>
    </p>
   </div>
   <div class='ocr_carea' id='block_1_14' title="bbox 741 2367 1273 2404">
    <p class='ocr_par' dir='ltr' id='par_1_14' title="bbox 741 2367 1273 2404">
     <span class='ocr_line' id='line_1_74' title="bbox 741 2367 1273 2404; baseline -0.008 0"><span class='ocrx_word' id='word_1_378' title='bbox 741 2371 859 2404; x_wconf 66' lang='lat' dir='ltr'><em>Ardea</em></span> <span class='ocrx_word' id='word_1_379' title='bbox 885 2371 978 2403; x_wconf 80' lang='lat' dir='ltr'><em>enim</em></span> <span class='ocrx_word' id='word_1_380' title='bbox 1002 2381 1121 2403; x_wconf 86' lang='lat' dir='ltr'><em>amore</em></span> <span class='ocrx_word' id='word_1_381' title='bbox 1148 2367 1244 2404; x_wconf 77' lang='lat' dir='ltr'><em>recti.</em></span> <span class='ocrx_word' id='word_1_382' title='bbox 1271 2371 1273 2383; x_wconf 89' lang='lat'><strong>¹</strong></span> 
     </span>
    </p>
   </div>
   <div class='ocr_carea' id='block_1_15' title="bbox 2179 87 2225 123">
    <p class='ocr_par' dir='ltr' id='par_1_15' title="bbox 2179 87 2225 123">
     <span class='ocr_line' id='line_1_75' title="bbox 2179 87 2225 123; baseline -0.022 0"><span class='ocrx_word' id='word_1_383' title='bbox 2179 87 2225 123; x_wconf 86' lang='lat'><em>16</em></span> 
     </span>
    </p>
   </div>
   <div class='ocr_carea' id='block_1_16' title="bbox 1242 168 2295 2722">
    <p class='ocr_par' dir='ltr' id='par_1_16' title="bbox 1242 168 2258 1391">
     <span class='ocr_line' id='line_1_76' title="bbox 1242 168 2232 218; baseline -0.001 -12"><span class='ocrx_word' id='word_1_384' title='bbox 1242 184 1310 218; x_wconf 88' lang='lat' dir='ltr'><em>que</em></span> <span class='ocrx_word' id='word_1_385' title='bbox 1337 171 1396 212; x_wconf 83' lang='lat' dir='ltr'><em>fit,</em></span> <span class='ocrx_word' id='word_1_386' title='bbox 1421 178 1461 203; x_wconf 91' lang='lat' dir='ltr'><em>ut</em></span> <span class='ocrx_word' id='word_1_387' title='bbox 1486 168 1615 213; x_wconf 89' lang='lat' dir='ltr'><em>passim</em></span> <span class='ocrx_word' id='word_1_388' title='bbox 1641 180 1660 201; x_wconf 90' lang='lat' dir='ltr'><em>a</em></span> <span class='ocrx_word' id='word_1_389' title='bbox 1690 168 1759 202; x_wconf 86' lang='lat' dir='ltr'><em>situ</em></span> <span class='ocrx_word' id='word_1_390' title='bbox 1783 175 1818 202; x_wconf 87' lang='lat' dir='ltr'><em>et</em></span> <span class='ocrx_word' id='word_1_391' title='bbox 1840 168 2005 214; x_wconf 85' lang='lat' dir='ltr'><em>squalore</em></span> <span class='ocrx_word' id='word_1_392' title='bbox 2022 171 2232 208; x_wconf 84' lang='lat' dir='ltr'><em>adserantur</em></span> 
     </span>
     <span class='ocr_line' id='line_1_77' title="bbox 1244 219 2234 268; baseline -0.001 -10"><span class='ocrx_word' id='word_1_393' title='bbox 1244 225 1387 262; x_wconf 86' lang='lat' dir='ltr'><em>literae,</em></span> <span class='ocrx_word' id='word_1_394' title='bbox 1420 220 1652 264; x_wconf 80' lang='lat' dir='ltr'><em>nativumque</em></span> <span class='ocrx_word' id='word_1_395' title='bbox 1679 219 1832 252; x_wconf 86' lang='lat' dir='ltr'><em>nitorem</em></span> <span class='ocrx_word' id='word_1_396' title='bbox 1861 220 1994 265; x_wconf 86' lang='lat' dir='ltr'><em>ubique</em></span> <span class='ocrx_word' id='word_1_397' title='bbox 2029 230 2234 268; x_wconf 80' lang='lat' dir='ltr'><em>recepturae</em></span> 
     </span>
     <span class='ocr_line' id='line_1_78' title="bbox 1245 270 2232 319; baseline 0.001 -12"><span class='ocrx_word' id='word_1_398' title='bbox 1245 279 1440 319; x_wconf 83' lang='lat' dir='ltr'><em>sperentur.</em></span> <span class='ocrx_word' id='word_1_399' title='bbox 1494 270 1631 303; x_wconf 87' lang='lat' dir='ltr'><em>Placuit</em></span> <span class='ocrx_word' id='word_1_400' title='bbox 1649 270 1758 313; x_wconf 85' lang='lat' dir='ltr'><em>igitur</em></span> <span class='ocrx_word' id='word_1_401' title='bbox 1781 270 1901 314; x_wconf 89' lang='lat' dir='ltr'><em>paucis</em></span> <span class='ocrx_word' id='word_1_402' title='bbox 1926 282 2150 308; x_wconf 89' lang='lat' dir='ltr'><em>commonere</em></span> <span class='ocrx_word' id='word_1_403' title='bbox 2175 273 2232 308; x_wconf 82' lang='lat' dir='ltr'><em>iu-</em></span> 
     </span>
     <span class='ocr_line' id='line_1_79' title="bbox 1246 320 2234 370; baseline 0 -12"><span class='ocrx_word' id='word_1_404' title='bbox 1246 331 1426 358; x_wconf 77' lang='lat' dir='ltr'><em>ventutem</em></span> <span class='ocrx_word' id='word_1_405' title='bbox 1452 322 1600 355; x_wconf 88' lang='lat' dir='ltr'><em>illustris</em></span> <span class='ocrx_word' id='word_1_406' title='bbox 1627 320 1838 354; x_wconf 80' lang='lat' dir='ltr'><em>Academiae</em></span> <span class='ocrx_word' id='word_1_407' title='bbox 1863 329 2023 366; x_wconf 85' lang='lat' dir='ltr'><em>nostrae,</em></span> <span class='ocrx_word' id='word_1_408' title='bbox 2058 331 2097 358; x_wconf 90' lang='lat' dir='ltr'><em>ut</em></span> <span class='ocrx_word' id='word_1_409' title='bbox 2119 335 2234 370; x_wconf 83' lang='lat' dir='ltr'><em>quan—</em></span> 
     </span>
     <span class='ocr_line' id='line_1_80' title="bbox 1248 371 2235 417; baseline 0 -7"><span class='ocrx_word' id='word_1_410' title='bbox 1248 384 1323 410; x_wconf 89' lang='lat' dir='ltr'><em>tum</em></span> <span class='ocrx_word' id='word_1_411' title='bbox 1348 376 1390 407; x_wconf 91' lang='lat' dir='ltr'><em>ad</em></span> <span class='ocrx_word' id='word_1_412' title='bbox 1416 384 1589 406; x_wconf 87' lang='lat' dir='ltr'><em>summam</em></span> <span class='ocrx_word' id='word_1_413' title='bbox 1615 371 1782 416; x_wconf 88' lang='lat' dir='ltr'><em>praeclari</em></span> <span class='ocrx_word' id='word_1_414' title='bbox 1802 372 1955 407; x_wconf 87' lang='lat' dir='ltr'><em>instituti</em></span> <span class='ocrx_word' id='word_1_415' title='bbox 1971 374 2080 408; x_wconf 85' lang='lat' dir='ltr'><em>vestri</em></span> <span class='ocrx_word' id='word_1_416' title='bbox 2097 375 2235 417; x_wconf 84' lang='lat' dir='ltr'><em>attinet,</em></span> 
     </span>
     <span class='ocr_line' id='line_1_81' title="bbox 1249 423 2236 470; baseline 0.001 -10"><span class='ocrx_word' id='word_1_417' title='bbox 1249 426 1443 469; x_wconf 85' lang='lat' dir='ltr'><em>intelligat,</em></span> <span class='ocrx_word' id='word_1_418' title='bbox 1469 436 1558 470; x_wconf 89' lang='lat' dir='ltr'><em>quae</em></span> <span class='ocrx_word' id='word_1_419' title='bbox 1576 423 1620 456; x_wconf 89' lang='lat' dir='ltr'><em>sit</em></span> <span class='ocrx_word' id='word_1_420' title='bbox 1638 423 1897 457; x_wconf 86' lang='lat' dir='ltr'><em>renascentium</em></span> <span class='ocrx_word' id='word_1_421' title='bbox 1915 425 2114 459; x_wconf 85' lang='lat' dir='ltr'><em>studiorum</em></span> <span class='ocrx_word' id='word_1_422' title='bbox 2132 427 2236 469; x_wconf 90' lang='lat' dir='ltr'><em>ratio,</em></span> 
     </span>
     <span class='ocr_line' id='line_1_82' title="bbox 1249 473 2237 523; baseline 0.001 -12"><span class='ocrx_word' id='word_1_423' title='bbox 1249 490 1338 523; x_wconf 85' lang='lat' dir='ltr'><em>quae</em></span> <span class='ocrx_word' id='word_1_424' title='bbox 1356 476 1500 509; x_wconf 90' lang='lat' dir='ltr'><em>illorum</em></span> <span class='ocrx_word' id='word_1_425' title='bbox 1521 487 1610 520; x_wconf 85' lang='lat' dir='ltr'><em>quae</em></span> <span class='ocrx_word' id='word_1_426' title='bbox 1626 473 1774 507; x_wconf 83' lang='lat' dir='ltr'><em>Barbari</em></span> <span class='ocrx_word' id='word_1_427' title='bbox 1792 475 1942 509; x_wconf 86' lang='lat' dir='ltr'><em>maiores</em></span> <span class='ocrx_word' id='word_1_428' title='bbox 1960 477 2072 511; x_wconf 91' lang='lat' dir='ltr'><em>nostri</em></span> <span class='ocrx_word' id='word_1_429' title='bbox 2088 489 2106 511; x_wconf 90' lang='lat' dir='ltr'><em>e</em></span> <span class='ocrx_word' id='word_1_430' title='bbox 2122 476 2237 512; x_wconf 88' lang='lat' dir='ltr'><em>Scotis</em></span> 
     </span>
     <span class='ocr_line' id='line_1_83' title="bbox 1252 523 2240 570; baseline 0 -7"><span class='ocrx_word' id='word_1_431' title='bbox 1252 530 1288 563; x_wconf 88' lang='lat' dir='ltr'><em>in</em></span> <span class='ocrx_word' id='word_1_432' title='bbox 1306 527 1480 566; x_wconf 80' lang='lat' dir='ltr'><em>Galliam,</em></span> <span class='ocrx_word' id='word_1_433' title='bbox 1506 538 1524 560; x_wconf 88' lang='lat' dir='ltr'><em>e</em></span> <span class='ocrx_word' id='word_1_434' title='bbox 1547 524 1676 559; x_wconf 87' lang='lat' dir='ltr'><em>Galliis</em></span> <span class='ocrx_word' id='word_1_435' title='bbox 1700 525 1738 558; x_wconf 89' lang='lat' dir='ltr'><em>in</em></span> <span class='ocrx_word' id='word_1_436' title='bbox 1761 523 1990 560; x_wconf 73' lang='lat' dir='ltr'><em>Germaniam</em></span> <span class='ocrx_word' id='word_1_437' title='bbox 2017 527 2240 570; x_wconf 88' lang='lat' dir='ltr'><em>invexerunt,</em></span> 
     </span>
     <span class='ocr_line' id='line_1_84' title="bbox 1253 576 2236 625; baseline -0.001 -11"><span class='ocrx_word' id='word_1_438' title='bbox 1253 589 1290 614; x_wconf 90' lang='lat' dir='ltr'><em>ut</em></span> <span class='ocrx_word' id='word_1_439' title='bbox 1308 579 1433 613; x_wconf 87' lang='lat' dir='ltr'><em>ordine</em></span> <span class='ocrx_word' id='word_1_440' title='bbox 1453 589 1492 611; x_wconf 88' lang='lat' dir='ltr'><em>ac</em></span> <span class='ocrx_word' id='word_1_441' title='bbox 1508 578 1617 611; x_wconf 90' lang='lat' dir='ltr'><em>ductu</em></span> <span class='ocrx_word' id='word_1_442' title='bbox 1632 576 1769 620; x_wconf 85' lang='lat' dir='ltr'><em>generis</em></span> <span class='ocrx_word' id='word_1_443' title='bbox 1783 576 1966 623; x_wconf 85' lang='lat' dir='ltr'><em>utriusque</em></span> <span class='ocrx_word' id='word_1_444' title='bbox 1985 580 2144 623; x_wconf 87' lang='lat' dir='ltr'><em>cognito,</em></span> <span class='ocrx_word' id='word_1_445' title='bbox 2168 580 2236 625; x_wconf 89' lang='lat' dir='ltr'><em>ipsi</em></span> 
     </span>
     <span class='ocr_line' id='line_1_85' title="bbox 1253 627 2238 674; baseline -0.007 -9"><span class='ocrx_word' id='word_1_446' title='bbox 1253 630 1435 671; x_wconf 87' lang='lat' dir='ltr'><em>iudicetis,</em></span> <span class='ocrx_word' id='word_1_447' title='bbox 1456 635 1577 663; x_wconf 84' lang='lat' dir='ltr'><em>utrum</em></span> <span class='ocrx_word' id='word_1_448' title='bbox 1600 627 1733 661; x_wconf 85' lang='lat' dir='ltr'><em>maiore</em></span> <span class='ocrx_word' id='word_1_449' title='bbox 1754 629 1958 670; x_wconf 79' lang='lat' dir='ltr'><em>commodo,</em></span> <span class='ocrx_word' id='word_1_450' title='bbox 1985 631 2142 674; x_wconf 78' lang='lat' dir='ltr'><em>periculo</em></span> <span class='ocrx_word' id='word_1_451' title='bbox 2170 631 2238 664; x_wconf 76' lang='lat' dir='ltr'><em>mi-</em></span> 
     </span>
     <span class='ocr_line' id='line_1_86' title="bbox 1255 676 2240 724; baseline 0 -8"><span class='ocrx_word' id='word_1_452' title='bbox 1255 695 1361 724; x_wconf 88' lang='lat' dir='ltr'><em>nore,</em></span> <span class='ocrx_word' id='word_1_453' title='bbox 1389 681 1489 714; x_wconf 86' lang='lat' dir='ltr'><em>liceat</em></span> <span class='ocrx_word' id='word_1_454' title='bbox 1508 679 1683 724; x_wconf 88' lang='lat' dir='ltr'><em>amplecti.</em></span> <span class='ocrx_word' id='word_1_455' title='bbox 1736 676 1863 724; x_wconf 86' lang='lat' dir='ltr'><em>Adque</em></span> <span class='ocrx_word' id='word_1_456' title='bbox 1883 679 1917 712; x_wconf 90' lang='lat' dir='ltr'><em>id</em></span> <span class='ocrx_word' id='word_1_457' title='bbox 1942 678 2010 714; x_wconf 90' lang='lat' dir='ltr'><em>hoc</em></span> <span class='ocrx_word' id='word_1_458' title='bbox 2024 683 2142 716; x_wconf 87' lang='lat' dir='ltr'><em>omnis</em></span> <span class='ocrx_word' id='word_1_459' title='bbox 2159 693 2240 716; x_wconf 84' lang='lat' dir='ltr'><em>ora-</em></span> 
     </span>
     <span class='ocr_line' id='line_1_87' title="bbox 1257 729 2245 775; baseline -0.007 -7"><span class='ocrx_word' id='word_1_460' title='bbox 1257 735 1306 769; x_wconf 90' lang='lat' dir='ltr'><em>tio</em></span> <span class='ocrx_word' id='word_1_461' title='bbox 1324 745 1399 767; x_wconf 87' lang='lat' dir='ltr'><em>mea</em></span> <span class='ocrx_word' id='word_1_462' title='bbox 1416 731 1614 769; x_wconf 85' lang='lat' dir='ltr'><em>incumbet,</em></span> <span class='ocrx_word' id='word_1_463' title='bbox 1641 729 1694 764; x_wconf 90' lang='lat' dir='ltr'><em>uti</em></span> <span class='ocrx_word' id='word_1_464' title='bbox 1711 741 1807 774; x_wconf 89' lang='lat' dir='ltr'><em>spem</em></span> <span class='ocrx_word' id='word_1_465' title='bbox 1823 730 1923 764; x_wconf 85' lang='lat' dir='ltr'><em>vobis</em></span> <span class='ocrx_word' id='word_1_466' title='bbox 1940 730 2107 775; x_wconf 72' lang='lat' dir='ltr'><em>elegantis</em></span> <span class='ocrx_word' id='word_1_467' title='bbox 2125 734 2245 768; x_wconf 74' lang='lat' dir='ltr'><em>litera-</em></span> 
     </span>
     <span class='ocr_line' id='line_1_88' title="bbox 1258 780 2245 831; baseline -0.003 -13"><span class='ocrx_word' id='word_1_468' title='bbox 1258 793 1358 821; x_wconf 84' lang='lat' dir='ltr'><em>turae</em></span> <span class='ocrx_word' id='word_1_469' title='bbox 1378 782 1442 831; x_wconf 82' lang='lat' dir='ltr'><em>(de</em></span> <span class='ocrx_word' id='word_1_470' title='bbox 1461 783 1596 818; x_wconf 86' lang='lat' dir='ltr'><em>Graeca</em></span> <span class='ocrx_word' id='word_1_471' title='bbox 1615 788 1648 815; x_wconf 87' lang='lat' dir='ltr'><em>et</em></span> <span class='ocrx_word' id='word_1_472' title='bbox 1661 781 1789 815; x_wconf 89' lang='lat' dir='ltr'><em>Latina</em></span> <span class='ocrx_word' id='word_1_473' title='bbox 1811 780 1957 827; x_wconf 88' lang='lat' dir='ltr'><em>loquor)</em></span> <span class='ocrx_word' id='word_1_474' title='bbox 1975 782 2112 819; x_wconf 83' lang='lat' dir='ltr'><em>faciam.</em></span> <span class='ocrx_word' id='word_1_475' title='bbox 2163 783 2245 819; x_wconf 86' lang='lat' dir='ltr'><em>Scio</em></span> 
     </span>
     <span class='ocr_line' id='line_1_89' title="bbox 1259 833 2248 879; baseline -0.002 -9"><span class='ocrx_word' id='word_1_476' title='bbox 1259 837 1353 870; x_wconf 85' lang='lat' dir='ltr'><em>enim</em></span> <span class='ocrx_word' id='word_1_477' title='bbox 1370 836 1407 869; x_wconf 91' lang='lat' dir='ltr'><em>in</em></span> <span class='ocrx_word' id='word_1_478' title='bbox 1425 835 1500 879; x_wconf 88' lang='lat' dir='ltr'><em>ipso</em></span> <span class='ocrx_word' id='word_1_479' title='bbox 1516 834 1585 867; x_wconf 89' lang='lat' dir='ltr'><em>iam</em></span> <span class='ocrx_word' id='word_1_480' title='bbox 1602 833 1778 867; x_wconf 82' lang='lat' dir='ltr'><em>vestibulo</em></span> <span class='ocrx_word' id='word_1_481' title='bbox 1796 833 1982 879; x_wconf 84' lang='lat' dir='ltr'><em>plerosque</em></span> <span class='ocrx_word' id='word_1_482' title='bbox 2005 834 2164 868; x_wconf 86' lang='lat' dir='ltr'><em>novitate</em></span> <span class='ocrx_word' id='word_1_483' title='bbox 2184 835 2248 876; x_wconf 89' lang='lat' dir='ltr'><em>rei,</em></span> 
     </span>
     <span class='ocr_line' id='line_1_90' title="bbox 1261 883 2247 928; baseline -0.004 -6"><span class='ocrx_word' id='word_1_484' title='bbox 1261 889 1289 922; x_wconf 87' lang='lat' dir='ltr'><em>si</em></span> <span class='ocrx_word' id='word_1_485' title='bbox 1314 899 1386 922; x_wconf 90' lang='lat' dir='ltr'><em>non</em></span> <span class='ocrx_word' id='word_1_486' title='bbox 1415 885 1604 925; x_wconf 84' lang='lat' dir='ltr'><em>deterreri,</em></span> <span class='ocrx_word' id='word_1_487' title='bbox 1637 891 1729 918; x_wconf 87' lang='lat' dir='ltr'><em>certe</em></span> <span class='ocrx_word' id='word_1_488' title='bbox 1751 885 1844 928; x_wconf 87' lang='lat' dir='ltr'><em>angi.</em></span> <span class='ocrx_word' id='word_1_489' title='bbox 1899 883 2104 919; x_wconf 88' lang='lat' dir='ltr'><em>Praestabat</em></span> <span class='ocrx_word' id='word_1_490' title='bbox 2129 891 2247 920; x_wconf 86' lang='lat' dir='ltr'><em>autem</em></span> 
     </span>
     <span class='ocr_line' id='line_1_91' title="bbox 1263 935 2251 981; baseline -0.003 -8"><span class='ocrx_word' id='word_1_491' title='bbox 1263 937 1435 973; x_wconf 86' lang='lat' dir='ltr'><em>orationis</em></span> <span class='ocrx_word' id='word_1_492' title='bbox 1462 946 1729 981; x_wconf 82' lang='lat' dir='ltr'><em>argumentum,</em></span> <span class='ocrx_word' id='word_1_493' title='bbox 1763 942 1796 970; x_wconf 87' lang='lat' dir='ltr'><em>et</em></span> <span class='ocrx_word' id='word_1_494' title='bbox 1821 935 1920 981; x_wconf 86' lang='lat' dir='ltr'><em>quasi</em></span> <span class='ocrx_word' id='word_1_495' title='bbox 1945 936 2064 978; x_wconf 86' lang='lat' dir='ltr'><em>filum,</em></span> <span class='ocrx_word' id='word_1_496' title='bbox 2098 937 2142 970; x_wconf 90' lang='lat' dir='ltr'><em>ab</em></span> <span class='ocrx_word' id='word_1_497' title='bbox 2165 935 2251 981; x_wconf 87' lang='lat' dir='ltr'><em>ipsis</em></span> 
     </span>
     <span class='ocr_line' id='line_1_92' title="bbox 1263 987 2252 1029; baseline -0.005 -4"><span class='ocrx_word' id='word_1_498' title='bbox 1263 990 1462 1025; x_wconf 89' lang='lat' dir='ltr'><em>studiorum</em></span> <span class='ocrx_word' id='word_1_499' title='bbox 1480 987 1639 1022; x_wconf 86' lang='lat' dir='ltr'><em>sontibus</em></span> <span class='ocrx_word' id='word_1_500' title='bbox 1652 1014 1662 1029; x_wconf 92' lang='lat'><em>,</em></span> <span class='ocrx_word' id='word_1_501' title='bbox 1691 994 1723 1021; x_wconf 87' lang='lat' dir='ltr'><em>et</em></span> <span class='ocrx_word' id='word_1_502' title='bbox 1738 987 1899 1021; x_wconf 91' lang='lat' dir='ltr'><em>omnium</em></span> <span class='ocrx_word' id='word_1_503' title='bbox 1914 988 2113 1021; x_wconf 88' lang='lat' dir='ltr'><em>seculorum</em></span> <span class='ocrx_word' id='word_1_504' title='bbox 2129 987 2252 1022; x_wconf 84' lang='lat' dir='ltr'><em>litera—</em></span> 
     </span>
     <span class='ocr_line' id='line_1_93' title="bbox 1265 1038 2253 1076; baseline -0.002 -1"><span class='ocrx_word' id='word_1_505' title='bbox 1265 1043 1308 1076; x_wconf 89' lang='lat' dir='ltr'><em>tis</em></span> <span class='ocrx_word' id='word_1_506' title='bbox 1327 1039 1497 1075; x_wconf 88' lang='lat' dir='ltr'><em>institutis</em></span> <span class='ocrx_word' id='word_1_507' title='bbox 1515 1040 1659 1073; x_wconf 86' lang='lat' dir='ltr'><em>ducere:</em></span> <span class='ocrx_word' id='word_1_508' title='bbox 1688 1039 1746 1072; x_wconf 90' lang='lat' dir='ltr'><em>sed</em></span> <span class='ocrx_word' id='word_1_509' title='bbox 1766 1050 1804 1072; x_wconf 88' lang='lat' dir='ltr'><em>ea</em></span> <span class='ocrx_word' id='word_1_510' title='bbox 1822 1050 1944 1072; x_wconf 90' lang='lat' dir='ltr'><em>scenae</em></span> <span class='ocrx_word' id='word_1_511' title='bbox 1965 1038 2110 1073; x_wconf 89' lang='lat' dir='ltr'><em>alterius</em></span> <span class='ocrx_word' id='word_1_512' title='bbox 2137 1045 2253 1073; x_wconf 84' lang='lat' dir='ltr'><em>erunt.</em></span> 
     </span>
     <span class='ocr_line' id='line_1_94' title="bbox 1266 1088 2252 1137; baseline -0.005 -10"><span class='ocrx_word' id='word_1_513' title='bbox 1266 1093 1337 1128; x_wconf 87' lang='lat' dir='ltr'><em>lam</em></span> <span class='ocrx_word' id='word_1_514' title='bbox 1362 1092 1455 1137; x_wconf 89' lang='lat' dir='ltr'><em>quod</em></span> <span class='ocrx_word' id='word_1_515' title='bbox 1483 1091 1626 1129; x_wconf 82' lang='lat' dir='ltr'><em>attinet,</em></span> <span class='ocrx_word' id='word_1_516' title='bbox 1654 1089 1822 1124; x_wconf 90' lang='lat' dir='ltr'><em>brevibus</em></span> <span class='ocrx_word' id='word_1_517' title='bbox 1845 1088 2002 1123; x_wconf 84' lang='lat' dir='ltr'><em>Barbara</em></span> <span class='ocrx_word' id='word_1_518' title='bbox 2026 1090 2142 1124; x_wconf 90' lang='lat' dir='ltr'><em>studia</em></span> <span class='ocrx_word' id='word_1_519' title='bbox 2172 1100 2252 1123; x_wconf 90' lang='lat' dir='ltr'><em>cum</em></span> 
     </span>
     <span class='ocr_line' id='line_1_95' title="bbox 1266 1139 2254 1190; baseline -0.005 -12"><span class='ocrx_word' id='word_1_520' title='bbox 1266 1143 1421 1190; x_wconf 88' lang='lat' dir='ltr'><em>synceris</em></span> <span class='ocrx_word' id='word_1_521' title='bbox 1439 1141 1656 1176; x_wconf 86' lang='lat' dir='ltr'><em>committam</em></span> <span class='ocrx_word' id='word_1_522' title='bbox 1668 1168 1675 1182; x_wconf 94' lang='lat'>‚</span> <span class='ocrx_word' id='word_1_523' title='bbox 1703 1141 1837 1175; x_wconf 87' lang='lat' dir='ltr'><em>docebo</em></span> <span class='ocrx_word' id='word_1_524' title='bbox 1856 1140 1985 1186; x_wconf 89' lang='lat' dir='ltr'><em>quibus</em></span> <span class='ocrx_word' id='word_1_525' title='bbox 2001 1141 2170 1186; x_wconf 88' lang='lat' dir='ltr'><em>auspiciis</em></span> <span class='ocrx_word' id='word_1_526' title='bbox 2183 1139 2254 1174; x_wconf 85' lang='lat' dir='ltr'><em>La-</em></span> 
     </span>
     <span class='ocr_line' id='line_1_96' title="bbox 1268 1190 2255 1234; baseline -0.006 -4"><span class='ocrx_word' id='word_1_527' title='bbox 1268 1197 1341 1231; x_wconf 89' lang='lat' dir='ltr'><em>tina</em></span> <span class='ocrx_word' id='word_1_528' title='bbox 1361 1194 1527 1228; x_wconf 87' lang='lat' dir='ltr'><em>discenda</em></span> <span class='ocrx_word' id='word_1_529' title='bbox 1552 1192 1642 1234; x_wconf 91' lang='lat' dir='ltr'><em>sint,</em></span> <span class='ocrx_word' id='word_1_530' title='bbox 1665 1199 1700 1226; x_wconf 88' lang='lat' dir='ltr'><em>et</em></span> <span class='ocrx_word' id='word_1_531' title='bbox 1717 1190 1853 1226; x_wconf 84' lang='lat' dir='ltr'><em>Graeca</em></span> <span class='ocrx_word' id='word_1_532' title='bbox 1875 1193 2054 1226; x_wconf 86' lang='lat' dir='ltr'><em>tentanda.</em></span> <span class='ocrx_word' id='word_1_533' title='bbox 2106 1190 2255 1226; x_wconf 89' lang='lat' dir='ltr'><em>Interim</em></span> 
     </span>
     <span class='ocr_line' id='line_1_97' title="bbox 1269 1241 2256 1293; baseline -0.005 -13"><span class='ocrx_word' id='word_1_534' title='bbox 1269 1258 1399 1293; x_wconf 83' lang='lat' dir='ltr'><em>quaeso</em></span> <span class='ocrx_word' id='word_1_535' title='bbox 1424 1245 1599 1278; x_wconf 88' lang='lat' dir='ltr'><em>dicentem</em></span> <span class='ocrx_word' id='word_1_536' title='bbox 1623 1242 1771 1287; x_wconf 83' lang='lat' dir='ltr'><em>benigni</em></span> <span class='ocrx_word' id='word_1_537' title='bbox 1785 1242 1920 1285; x_wconf 89' lang='lat' dir='ltr'><em>audite,</em></span> <span class='ocrx_word' id='word_1_538' title='bbox 1947 1243 1984 1277; x_wconf 88' lang='lat' dir='ltr'><em>id</em></span> <span class='ocrx_word' id='word_1_539' title='bbox 2001 1243 2097 1289; x_wconf 88' lang='lat' dir='ltr'><em>quod</em></span> <span class='ocrx_word' id='word_1_540' title='bbox 2113 1255 2131 1276; x_wconf 90' lang='lat' dir='ltr'><em>a</em></span> <span class='ocrx_word' id='word_1_541' title='bbox 2154 1241 2256 1276; x_wconf 89' lang='lat' dir='ltr'><em>vobis</em></span> 
     </span>
     <span class='ocr_line' id='line_1_98' title="bbox 1270 1293 2258 1340; baseline -0.004 -9"><span class='ocrx_word' id='word_1_542' title='bbox 1270 1298 1326 1331; x_wconf 74' lang='lat' dir='ltr'><em>vel</em></span> <span class='ocrx_word' id='word_1_543' title='bbox 1351 1296 1530 1340; x_wconf 82' lang='lat' dir='ltr'><em>singulare</em></span> <span class='ocrx_word' id='word_1_544' title='bbox 1554 1307 1672 1328; x_wconf 89' lang='lat' dir='ltr'><em>meum</em></span> <span class='ocrx_word' id='word_1_545' title='bbox 1694 1306 1773 1338; x_wconf 88' lang='lat' dir='ltr'><em>erga</em></span> <span class='ocrx_word' id='word_1_546' title='bbox 1804 1306 1866 1328; x_wconf 87' lang='lat' dir='ltr'><em>vos</em></span> <span class='ocrx_word' id='word_1_547' title='bbox 1886 1295 2065 1336; x_wconf 84' lang='lat' dir='ltr'><em>studium,</em></span> <span class='ocrx_word' id='word_1_548' title='bbox 2098 1294 2155 1328; x_wconf 84' lang='lat' dir='ltr'><em>vel</em></span> <span class='ocrx_word' id='word_1_549' title='bbox 2183 1293 2258 1338; x_wconf 89' lang='lat' dir='ltr'><em>ipsa</em></span> 
     </span>
     <span class='ocr_line' id='line_1_99' title="bbox 1271 1345 1858 1391; baseline -0.003 -9"><span class='ocrx_word' id='word_1_550' title='bbox 1271 1350 1455 1383; x_wconf 90' lang='lat' dir='ltr'><em>literarum</em></span> <span class='ocrx_word' id='word_1_551' title='bbox 1473 1347 1625 1391; x_wconf 85' lang='lat' dir='ltr'><em>dignitas</em></span> <span class='ocrx_word' id='word_1_552' title='bbox 1643 1345 1858 1390; x_wconf 87' lang='lat' dir='ltr'><em>impetrabit.</em></span> 
     </span>
    </p>

    <p class='ocr_par' dir='ltr' id='par_1_17' title="bbox 1269 1395 2295 2722">
     <span class='ocr_line' id='line_1_100' title="bbox 1359 1395 2261 1440; baseline -0.002 -9"><span class='ocrx_word' id='word_1_553' title='bbox 1359 1396 1475 1432; x_wconf 83' lang='lat' dir='ltr'><em>Annis</em></span> <span class='ocrx_word' id='word_1_554' title='bbox 1496 1395 1627 1430; x_wconf 85' lang='lat' dir='ltr'><em>abhinc</em></span> <span class='ocrx_word' id='word_1_555' title='bbox 1651 1397 1780 1440; x_wconf 88' lang='lat' dir='ltr'><em>opinor</em></span> <span class='ocrx_word' id='word_1_556' title='bbox 1794 1396 2024 1440; x_wconf 86' lang='lat' dir='ltr'><em>octingentis,</em></span> <span class='ocrx_word' id='word_1_557' title='bbox 2048 1397 2135 1431; x_wconf 88' lang='lat' dir='ltr'><em>orbe</em></span> <span class='ocrx_word' id='word_1_558' title='bbox 2150 1407 2261 1440; x_wconf 88' lang='lat' dir='ltr'><em>prope</em></span> 
     </span>
     <span class='ocr_line' id='line_1_101' title="bbox 1274 1444 2262 1492; baseline -0.004 -9"><span class='ocrx_word' id='word_1_559' title='bbox 1274 1449 1440 1484; x_wconf 88' lang='lat' dir='ltr'><em>universo</em></span> <span class='ocrx_word' id='word_1_560' title='bbox 1471 1460 1489 1482; x_wconf 90' lang='lat' dir='ltr'><em>a</em></span> <span class='ocrx_word' id='word_1_561' title='bbox 1516 1444 1662 1481; x_wconf 86' lang='lat' dir='ltr'><em>Gotthis</em></span> <span class='ocrx_word' id='word_1_562' title='bbox 1685 1453 1883 1487; x_wconf 89' lang='lat' dir='ltr'><em>commoto,</em></span> <span class='ocrx_word' id='word_1_563' title='bbox 1916 1455 1950 1482; x_wconf 88' lang='lat' dir='ltr'><em>et</em></span> <span class='ocrx_word' id='word_1_564' title='bbox 1972 1460 1990 1481; x_wconf 88' lang='lat' dir='ltr'><em>a</em></span> <span class='ocrx_word' id='word_1_565' title='bbox 2014 1445 2262 1492; x_wconf 86' lang='lat' dir='ltr'><em>Longobardis</em></span> 
     </span>
     <span class='ocr_line' id='line_1_102' title="bbox 1275 1495 2266 1541; baseline -0.006 -6"><span class='ocrx_word' id='word_1_566' title='bbox 1275 1503 1451 1535; x_wconf 85' lang='lat' dir='ltr'><em>devastata</em></span> <span class='ocrx_word' id='word_1_567' title='bbox 1471 1497 1590 1539; x_wconf 90' lang='lat' dir='ltr'><em>ltalia,</em></span> <span class='ocrx_word' id='word_1_568' title='bbox 1619 1498 1724 1531; x_wconf 90' lang='lat' dir='ltr'><em>simul</em></span> <span class='ocrx_word' id='word_1_569' title='bbox 1742 1509 1822 1531; x_wconf 91' lang='lat' dir='ltr'><em>cum</em></span> <span class='ocrx_word' id='word_1_570' title='bbox 1839 1496 2006 1531; x_wconf 88' lang='lat' dir='ltr'><em>Romano</em></span> <span class='ocrx_word' id='word_1_571' title='bbox 2023 1497 2173 1541; x_wconf 86' lang='lat' dir='ltr'><em>imperio</em></span> <span class='ocrx_word' id='word_1_572' title='bbox 2188 1495 2266 1532; x_wconf 87' lang='lat' dir='ltr'><em>Ro-</em></span> 
     </span>
     <span class='ocr_line' id='line_1_103' title="bbox 1276 1545 2268 1594; baseline -0.007 -8"><span class='ocrx_word' id='word_1_573' title='bbox 1276 1563 1401 1586; x_wconf 88' lang='lat' dir='ltr'><em>manae</em></span> <span class='ocrx_word' id='word_1_574' title='bbox 1419 1550 1540 1584; x_wconf 81' lang='lat' dir='ltr'><em>literae</em></span> <span class='ocrx_word' id='word_1_575' title='bbox 1562 1556 1644 1583; x_wconf 89' lang='lat' dir='ltr'><em>sunt</em></span> <span class='ocrx_word' id='word_1_576' title='bbox 1661 1548 1933 1588; x_wconf 81' lang='lat' dir='ltr'><em>intermortuae,</em></span> <span class='ocrx_word' id='word_1_577' title='bbox 1958 1549 2054 1594; x_wconf 91' lang='lat' dir='ltr'><em>quod</em></span> <span class='ocrx_word' id='word_1_578' title='bbox 2082 1559 2153 1582; x_wconf 90' lang='lat' dir='ltr'><em>una</em></span> <span class='ocrx_word' id='word_1_579' title='bbox 2181 1545 2268 1580; x_wconf 87' lang='lat' dir='ltr'><em>belli</em></span> 
     </span>
     <span class='ocr_line' id='line_1_104' title="bbox 1278 1597 2271 1639; baseline -0.005 -2"><span class='ocrx_word' id='word_1_580' title='bbox 1278 1605 1379 1637; x_wconf 84' lang='lat' dir='ltr'><em>furor</em></span> <span class='ocrx_word' id='word_1_581' title='bbox 1411 1608 1445 1635; x_wconf 87' lang='lat' dir='ltr'><em>et</em></span> <span class='ocrx_word' id='word_1_582' title='bbox 1477 1598 1711 1635; x_wconf 81' lang='lat' dir='ltr'><em>bibliothecas</em></span> <span class='ocrx_word' id='word_1_583' title='bbox 1746 1599 1940 1639; x_wconf 83' lang='lat' dir='ltr'><em>exciderat,</em></span> <span class='ocrx_word' id='word_1_584' title='bbox 1973 1605 2006 1633; x_wconf 86' lang='lat' dir='ltr'><em>et</em></span> <span class='ocrx_word' id='word_1_585' title='bbox 2034 1597 2156 1633; x_wconf 89' lang='lat' dir='ltr'><em>Musas</em></span> <span class='ocrx_word' id='word_1_586' title='bbox 2180 1597 2271 1637; x_wconf 85' lang='lat' dir='ltr'><em>ocio,</em></span> 
     </span>
     <span class='ocr_line' id='line_1_105' title="bbox 1280 1649 2266 1695; baseline -0.006 -7"><span class='ocrx_word' id='word_1_587' title='bbox 1280 1655 1326 1688; x_wconf 88' lang='lat' dir='ltr'><em>ita</em></span> <span class='ocrx_word' id='word_1_588' title='bbox 1353 1660 1393 1687; x_wconf 91' lang='lat' dir='ltr'><em>ut</em></span> <span class='ocrx_word' id='word_1_589' title='bbox 1421 1653 1479 1692; x_wconf 80' lang='lat' dir='ltr'><em>fit,</em></span> <span class='ocrx_word' id='word_1_590' title='bbox 1502 1658 1628 1695; x_wconf 84' lang='lat' dir='ltr'><em>negato</em></span> <span class='ocrx_word' id='word_1_591' title='bbox 1651 1651 1857 1685; x_wconf 81' lang='lat' dir='ltr'><em>extinxerat.</em></span> <span class='ocrx_word' id='word_1_592' title='bbox 1911 1649 2017 1685; x_wconf 90' lang='lat' dir='ltr'><em>Scitis</em></span> <span class='ocrx_word' id='word_1_593' title='bbox 2041 1650 2137 1684; x_wconf 88' lang='lat' dir='ltr'><em>enim</em></span> <span class='ocrx_word' id='word_1_594' title='bbox 2161 1660 2266 1695; x_wconf 90' lang='lat' dir='ltr'><em>quam</em></span> 
     </span>
     <span class='ocr_line' id='line_1_106' title="bbox 1281 1701 2270 1748; baseline -0.006 -8"><span class='ocrx_word' id='word_1_595' title='bbox 1281 1718 1354 1740; x_wconf 91' lang='lat' dir='ltr'><em>non</em></span> <span class='ocrx_word' id='word_1_596' title='bbox 1371 1703 1562 1738; x_wconf 84' lang='lat' dir='ltr'><em>conveniat</em></span> <span class='ocrx_word' id='word_1_597' title='bbox 1578 1715 1656 1737; x_wconf 87' lang='lat' dir='ltr'><em>cum</em></span> <span class='ocrx_word' id='word_1_598' title='bbox 1672 1702 1862 1747; x_wconf 79' lang='lat' dir='ltr'><em>sapientiae</em></span> <span class='ocrx_word' id='word_1_599' title='bbox 1884 1702 2028 1742; x_wconf 86' lang='lat' dir='ltr'><em>studiis,</em></span> <span class='ocrx_word' id='word_1_600' title='bbox 2054 1709 2159 1748; x_wconf 87' lang='lat' dir='ltr'><em>atque</em></span> <span class='ocrx_word' id='word_1_601' title='bbox 2183 1701 2270 1734; x_wconf 89' lang='lat' dir='ltr'><em>adeo</em></span> 
     </span>
     <span class='ocr_line' id='line_1_107' title="bbox 1282 1751 2272 1798; baseline -0.005 -8"><span class='ocrx_word' id='word_1_602' title='bbox 1282 1756 1441 1791; x_wconf 88' lang='lat' dir='ltr'><em>civilium</em></span> <span class='ocrx_word' id='word_1_603' title='bbox 1469 1766 1586 1788; x_wconf 89' lang='lat' dir='ltr'><em>rerum</em></span> <span class='ocrx_word' id='word_1_604' title='bbox 1605 1754 1701 1787; x_wconf 89' lang='lat' dir='ltr'><em>cultu</em></span> <span class='ocrx_word' id='word_1_605' title='bbox 1720 1752 1851 1794; x_wconf 88' lang='lat' dir='ltr'><em>Marti,</em></span> <span class='ocrx_word' id='word_1_606' title='bbox 1882 1765 1985 1798; x_wconf 87' lang='lat' dir='ltr'><em>quem</em></span> <span class='ocrx_word' id='word_1_607' title='bbox 2012 1753 2113 1798; x_wconf 84' lang='lat' dir='ltr'><em>fingit</em></span> <span class='ocrx_word' id='word_1_608' title='bbox 2137 1751 2272 1786; x_wconf 88' lang='lat' dir='ltr'><em>Home—</em></span> 
     </span>
     <span class='ocr_line' id='line_1_108' title="bbox 1283 1803 2273 1843; baseline -0.007 0"><span class='ocrx_word' id='word_1_609' title='bbox 1283 1820 1343 1843; x_wconf 89' lang='lat' dir='ltr'><em>rus</em></span> <span class='ocrx_word' id='word_1_610' title='bbox 1369 1813 1489 1840; x_wconf 88' lang='lat' dir='ltr'><em>nostcr</em></span> <span class='ocrx_word' id='word_1_611' title='bbox 1514 1818 1593 1839; x_wconf 85' lang='lat' dir='ltr'><em>cum</em></span> <span class='ocrx_word' id='word_1_612' title='bbox 1620 1805 1765 1839; x_wconf 79' lang='lat' dir='ltr'><em>Pallade</em></span> <span class='ocrx_word' id='word_1_613' title='bbox 1793 1805 1928 1838; x_wconf 84' lang='lat' dir='ltr'><em>acerbis</em></span> <span class='ocrx_word' id='word_1_614' title='bbox 1952 1804 2044 1839; x_wconf 92' lang='lat' dir='ltr'><em>odiis</em></span> <span class='ocrx_word' id='word_1_615' title='bbox 2065 1803 2273 1838; x_wconf 84' lang='lat' dir='ltr'><em>conflictan-</em></span> 
     </span>
     <span class='ocr_line' id='line_1_109' title="bbox 1285 1850 2277 1903; baseline -0.007 -9"><span class='ocrx_word' id='word_1_616' title='bbox 1285 1867 1374 1899; x_wconf 85' lang='lat' dir='ltr'><em>tem,</em></span> <span class='ocrx_word' id='word_1_617' title='bbox 1408 1853 1655 1903; x_wconf 54' lang='lat' dir='ltr'><em>¹nauffiuevor,</em></span> <span class='ocrx_word' id='word_1_618' title='bbox 1690 1863 1728 1890; x_wconf 88' lang='lat' dir='ltr'><em>ut</em></span> <span class='ocrx_word' id='word_1_619' title='bbox 1759 1856 1832 1901; x_wconf 87' lang='lat' dir='ltr'><em>ipsc</em></span> <span class='ocrx_word' id='word_1_620' title='bbox 1865 1856 1936 1896; x_wconf 89' lang='lat' dir='ltr'><em>ait,</em></span> <span class='ocrx_word' id='word_1_621' title='bbox 1969 1854 2106 1890; x_wconf 74' lang='grc' dir='ltr'>τυκτὸν</span> <span class='ocrx_word' id='word_1_622' title='bbox 2141 1850 2277 1893; x_wconf 80' lang='grc' dir='ltr'><em>κακόν.</em></span> 
     </span>
     <span class='ocr_line' id='line_1_110' title="bbox 1286 1905 2276 1957; baseline -0.004 -12"><span class='ocrx_word' id='word_1_623' title='bbox 1286 1923 1356 1957; x_wconf 93' lang='lat' dir='ltr'><em>quo</em></span> <span class='ocrx_word' id='word_1_624' title='bbox 1381 1910 1453 1943; x_wconf 84' lang='lat' dir='ltr'><em>scre</em></span> <span class='ocrx_word' id='word_1_625' title='bbox 1471 1916 1627 1953; x_wconf 85' lang='lat' dir='ltr'><em>tempore</em></span> <span class='ocrx_word' id='word_1_626' title='bbox 1642 1907 1858 1950; x_wconf 72' lang='lat' dir='ltr'><em>Gregorius,</em></span> <span class='ocrx_word' id='word_1_627' title='bbox 1886 1919 1991 1953; x_wconf 86' lang='lat' dir='ltr'><em>quem</em></span> <span class='ocrx_word' id='word_1_628' title='bbox 2018 1907 2073 1941; x_wconf 90' lang='lat' dir='ltr'><em>isti</em></span> <span class='ocrx_word' id='word_1_629' title='bbox 2091 1905 2276 1950; x_wconf 72' lang='lat' dir='ltr'><em>Magnum.</em></span> 
     </span>
     <span class='ocr_line' id='line_1_111' title="bbox 1288 1955 2278 2006; baseline -0.007 -10"><span class='ocrx_word' id='word_1_630' title='bbox 1288 1975 1350 2006; x_wconf 85' lang='lat' dir='ltr'><em>ego</em></span> <span class='ocrx_word' id='word_1_631' title='bbox 1379 1961 1632 2005; x_wconf 80' lang='lat' dir='ltr'><em>praesultorem</em></span> <span class='ocrx_word' id='word_1_632' title='bbox 1659 1956 1720 1993; x_wconf 75' lang='grc' dir='ltr'><em>καὶ</em></span> <span class='ocrx_word' id='word_1_633' title='bbox 1741 1956 1932 2004; x_wconf 72' lang='grc' dir='ltr'><em>ὃαδοῦχον</em></span> <span class='ocrx_word' id='word_1_634' title='bbox 1955 1955 2174 2001; x_wconf 82' lang='lat' dir='ltr'><em>Theologiae</em></span> <span class='ocrx_word' id='word_1_635' title='bbox 2198 1967 2278 2001; x_wconf 86' lang='lat' dir='ltr'><em>per-</em></span> 
     </span>
     <span class='ocr_line' id='line_1_112' title="bbox 1290 2006 2280 2054; baseline -0.006 -7"><span class='ocrx_word' id='word_1_636' title='bbox 1290 2013 1404 2047; x_wconf 81' lang='lat' dir='ltr'><em>euntis</em></span> <span class='ocrx_word' id='word_1_637' title='bbox 1432 2025 1537 2051; x_wconf 69' lang='lat' dir='ltr'><em>voco,</em></span> <span class='ocrx_word' id='word_1_638' title='bbox 1574 2018 1748 2045; x_wconf 86' lang='lat' dir='ltr'><em>caeterum</em></span> <span class='ocrx_word' id='word_1_639' title='bbox 1776 2010 1901 2043; x_wconf 78' lang='lat' dir='ltr'><em>eximia</em></span> <span class='ocrx_word' id='word_1_640' title='bbox 1933 2009 1988 2042; x_wconf 74' lang='lat' dir='ltr'><em>vir</em></span> <span class='ocrx_word' id='word_1_641' title='bbox 2012 2009 2160 2054; x_wconf 81' lang='lat' dir='ltr'><em>pictate,</em></span> <span class='ocrx_word' id='word_1_642' title='bbox 2204 2006 2280 2042; x_wconf 86' lang='lat' dir='ltr'><em>Ro-</em></span> 
     </span>
     <span class='ocr_line' id='line_1_113' title="bbox 1290 2058 2282 2101; baseline -0.008 -3"><span class='ocrx_word' id='word_1_643' title='bbox 1290 2076 1429 2098; x_wconf 84' lang='lat' dir='ltr'><em>manam</em></span> <span class='ocrx_word' id='word_1_644' title='bbox 1451 2061 1645 2097; x_wconf 82' lang='lat' dir='ltr'><em>Ecclesiam</em></span> <span class='ocrx_word' id='word_1_645' title='bbox 1663 2060 1946 2101; x_wconf 80' lang='lat' dir='ltr'><em>administravit,</em></span> <span class='ocrx_word' id='word_1_646' title='bbox 1973 2068 2004 2094; x_wconf 85' lang='lat' dir='ltr'><em>et</em></span> <span class='ocrx_word' id='word_1_647' title='bbox 2025 2058 2282 2094; x_wconf 78' lang='lat' dir='ltr'><em>infoelicissimi</em></span> 
     </span>
     <span class='ocr_line' id='line_1_114' title="bbox 1292 2111 2284 2159; baseline -0.007 -10"><span class='ocrx_word' id='word_1_648' title='bbox 1292 2115 1399 2150; x_wconf 80' lang='lat' dir='ltr'><em>seculi</em></span> <span class='ocrx_word' id='word_1_649' title='bbox 1427 2127 1564 2154; x_wconf 86' lang='lat' dir='ltr'><em>casum,</em></span> <span class='ocrx_word' id='word_1_650' title='bbox 1591 2114 1706 2159; x_wconf 85' lang='lat' dir='ltr'><em>quoad</em></span> <span class='ocrx_word' id='word_1_651' title='bbox 1734 2112 1869 2156; x_wconf 77' lang='lat' dir='ltr'><em>potuit,</em></span> <span class='ocrx_word' id='word_1_652' title='bbox 1897 2113 2056 2145; x_wconf 80' lang='lat' dir='ltr'><em>docendo</em></span> <span class='ocrx_word' id='word_1_653' title='bbox 2077 2111 2284 2145; x_wconf 81' lang='lat' dir='ltr'><em>scribendo-</em></span> 
     </span>
     <span class='ocr_line' id='line_1_115' title="bbox 1293 2162 2284 2213; baseline -0.007 -13"><span class='ocrx_word' id='word_1_654' title='bbox 1293 2179 1361 2213; x_wconf 86' lang='lat' dir='ltr'><em>quc</em></span> <span class='ocrx_word' id='word_1_655' title='bbox 1379 2166 1558 2200; x_wconf 82' lang='lat' dir='ltr'><em>sustinuit.</em></span> <span class='ocrx_word' id='word_1_656' title='bbox 1617 2163 1692 2198; x_wconf 87' lang='lat' dir='ltr'><em>Sub</em></span> <span class='ocrx_word' id='word_1_657' title='bbox 1713 2163 1746 2196; x_wconf 82' lang='lat' dir='ltr'><em>id</em></span> <span class='ocrx_word' id='word_1_658' title='bbox 1773 2163 1892 2197; x_wconf 74' lang='lat' dir='ltr'><em>aetatis</em></span> <span class='ocrx_word' id='word_1_659' title='bbox 1917 2175 2039 2201; x_wconf 74' lang='lat' dir='ltr'><em>nemo.</em></span> <span class='ocrx_word' id='word_1_660' title='bbox 2068 2169 2105 2196; x_wconf 89' lang='lat' dir='ltr'><em>ut</em></span> <span class='ocrx_word' id='word_1_661' title='bbox 2132 2162 2284 2197; x_wconf 68' lang='lat' dir='ltr'><em>videtur.</em></span> 
     </span>
     <span class='ocr_line' id='line_1_116' title="bbox 1295 2213 2286 2260; baseline -0.005 -9"><span class='ocrx_word' id='word_1_662' title='bbox 1295 2225 1498 2251; x_wconf 81' lang='lat' dir='ltr'><em>nostrorum</em></span> <span class='ocrx_word' id='word_1_663' title='bbox 1532 2215 1718 2249; x_wconf 87' lang='lat' dir='ltr'><em>hominum</em></span> <span class='ocrx_word' id='word_1_664' title='bbox 1755 2215 1840 2252; x_wconf 74' lang='lat' dir='ltr'><em>suit,</em></span> <span class='ocrx_word' id='word_1_665' title='bbox 1876 2215 1936 2260; x_wconf 90' lang='lat' dir='ltr'><em>qui</em></span> <span class='ocrx_word' id='word_1_666' title='bbox 1973 2214 2109 2259; x_wconf 88' lang='lat' dir='ltr'><em>aliquid</em></span> <span class='ocrx_word' id='word_1_667' title='bbox 2147 2213 2286 2256; x_wconf 78' lang='lat' dir='ltr'><em>insigne</em></span> 
     </span>
     <span class='ocr_line' id='line_1_117' title="bbox 1295 2262 2287 2313; baseline -0.008 -10"><span class='ocrx_word' id='word_1_668' title='bbox 1295 2269 1464 2313; x_wconf 75' lang='lat' dir='ltr'><em>scriptum</em></span> <span class='ocrx_word' id='word_1_669' title='bbox 1501 2269 1543 2301; x_wconf 87' lang='lat' dir='ltr'><em>ad</em></span> <span class='ocrx_word' id='word_1_670' title='bbox 1582 2274 1738 2311; x_wconf 77' lang='lat' dir='ltr'><em>posteros</em></span> <span class='ocrx_word' id='word_1_671' title='bbox 1763 2266 1908 2299; x_wconf 72' lang='lat' dir='ltr'><em>dederit.</em></span> <span class='ocrx_word' id='word_1_672' title='bbox 1964 2265 2095 2299; x_wconf 64' lang='lat' dir='ltr'><em>Verum</em></span> <span class='ocrx_word' id='word_1_673' title='bbox 2118 2262 2287 2298; x_wconf 82' lang='lat' dir='ltr'><em>hactenus</em></span> 
     </span>
     <span class='ocr_line' id='line_1_118' title="bbox 1269 2305 2286 2366; baseline -0.006 -13"><span class='ocrx_word' id='word_1_674' title='bbox 1269 2305 1273 2366; x_wconf 48' lang='grc' dir='ltr'>ἱ</span> <span class='ocrx_word' id='word_1_675' title='bbox 1299 2320 1460 2354; x_wconf 79' lang='lat' dir='ltr'><em>inScotis</em></span> <span class='ocrx_word' id='word_1_676' title='bbox 1477 2317 1761 2365; x_wconf 78' lang='lat' dir='ltr'><em>atquellilwrnis</em></span> <span class='ocrx_word' id='word_1_677' title='bbox 1781 2317 1898 2351; x_wconf 69' lang='lat' dir='ltr'><em>literas</em></span> <span class='ocrx_word' id='word_1_678' title='bbox 1915 2317 2085 2350; x_wconf 85' lang='lat' dir='ltr'><em>diuturna</em></span> <span class='ocrx_word' id='word_1_679' title='bbox 2105 2328 2167 2360; x_wconf 80' lang='lat' dir='ltr'><em>pax</em></span> <span class='ocrx_word' id='word_1_680' title='bbox 2187 2315 2286 2348; x_wconf 84' lang='lat' dir='ltr'><em>aluc-</em></span> 
     </span>
     <span class='ocr_line' id='line_1_119' title="bbox 1272 2366 2286 2415; baseline -0.007 -10"><span class='ocrx_word' id='word_1_681' title='bbox 1272 2398 1273 2414; x_wconf 53' lang='grc'>,</span> <span class='ocrx_word' id='word_1_682' title='bbox 1299 2379 1372 2410; x_wconf 87' lang='lat' dir='ltr'><em>rat,</em></span> <span class='ocrx_word' id='word_1_683' title='bbox 1401 2372 1649 2415; x_wconf 74' lang='lat' dir='ltr'><em>clarebantquc</em></span> <span class='ocrx_word' id='word_1_684' title='bbox 1678 2366 1712 2401; x_wconf 84' lang='lat' dir='ltr'><em>bi</em></span> <span class='ocrx_word' id='word_1_685' title='bbox 1739 2381 1816 2401; x_wconf 82' lang='lat' dir='ltr'><em>rum</em></span> <span class='ocrx_word' id='word_1_686' title='bbox 1843 2369 1922 2401; x_wconf 88' lang='lat' dir='ltr'><em>aliis</em></span> <span class='ocrx_word' id='word_1_687' title='bbox 1945 2368 2176 2414; x_wconf 79' lang='lat' dir='ltr'><em>quibusdam,</em></span> <span class='ocrx_word' id='word_1_688' title='bbox 2213 2373 2286 2399; x_wconf 86' lang='lat' dir='ltr'><em>tum</em></span> 
     </span>
     <span class='ocr_line' id='line_1_120' title="bbox 1272 2415 2287 2464; baseline -0.006 -8"><span class='ocrx_word' id='word_1_689' title='bbox 1272 2420 1274 2464; x_wconf 47' lang='lat' dir='ltr'>f</span> <span class='ocrx_word' id='word_1_690' title='bbox 1300 2422 1449 2456; x_wconf 75' lang='lat' dir='ltr'><em>maxime</em></span> <span class='ocrx_word' id='word_1_691' title='bbox 1474 2421 1668 2455; x_wconf 65' lang='lat' dir='ltr'><em>venerabili</em></span> <span class='ocrx_word' id='word_1_692' title='bbox 1692 2417 1813 2458; x_wconf 68' lang='lat' dir='ltr'><em>Reda,</em></span> <span class='ocrx_word' id='word_1_693' title='bbox 1842 2420 1976 2453; x_wconf 75' lang='lat' dir='ltr'><em>Graeco</em></span> <span class='ocrx_word' id='word_1_694' title='bbox 2000 2425 2031 2453; x_wconf 81' lang='lat' dir='ltr'><em>rt</em></span> <span class='ocrx_word' id='word_1_695' title='bbox 2046 2417 2172 2452; x_wconf 86' lang='lat' dir='ltr'><em>Latine</em></span> <span class='ocrx_word' id='word_1_696' title='bbox 2193 2415 2287 2451; x_wconf 80' lang='lat' dir='ltr'><em>haud</em></span> 
     </span>
     <span class='ocr_line' id='line_1_121' title="bbox 1273 2467 2289 2518; baseline -0.006 -12"><span class='ocrx_word' id='word_1_697' title='bbox 1273 2468 1275 2502; x_wconf 59' lang='grc' dir='ltr'>ἶ</span> <span class='ocrx_word' id='word_1_698' title='bbox 1301 2474 1493 2516; x_wconf 65' lang='lat' dir='ltr'><em>vulgariter</em></span> <span class='ocrx_word' id='word_1_699' title='bbox 1520 2472 1649 2518; x_wconf 79' lang='lat' dir='ltr'><em>perito:</em></span> <span class='ocrx_word' id='word_1_700' title='bbox 1687 2473 1728 2504; x_wconf 85' lang='lat' dir='ltr'><em>ad</em></span> <span class='ocrx_word' id='word_1_701' title='bbox 1754 2469 1836 2505; x_wconf 79' lang='lat' dir='ltr'><em>hacc</em></span> <span class='ocrx_word' id='word_1_702' title='bbox 1868 2471 1903 2504; x_wconf 91' lang='lat' dir='ltr'><em>in</em></span> <span class='ocrx_word' id='word_1_703' title='bbox 1928 2467 2179 2514; x_wconf 77' lang='lat' dir='ltr'><em>Philosophia,</em></span> <span class='ocrx_word' id='word_1_704' title='bbox 2210 2467 2289 2501; x_wconf 85' lang='lat' dir='ltr'><em>Ma-</em></span> 
     </span>
     <span class='ocr_line' id='line_1_122' title="bbox 1274 2517 2291 2563; baseline -0.006 -5"><span class='ocrx_word' id='word_1_705' title='bbox 1274 2517 1518 2563; x_wconf 76' lang='lat' dir='ltr'><em>&#39;tbrmaticis,</em></span> <span class='ocrx_word' id='word_1_706' title='bbox 1554 2523 1660 2557; x_wconf 86' lang='lat' dir='ltr'><em>sacris</em></span> <span class='ocrx_word' id='word_1_707' title='bbox 1695 2523 1742 2555; x_wconf 87' lang='lat' dir='ltr'><em>sic</em></span> <span class='ocrx_word' id='word_1_708' title='bbox 1775 2523 1936 2559; x_wconf 81' lang='lat' dir='ltr'><em>erudito.</em></span> <span class='ocrx_word' id='word_1_709' title='bbox 1971 2527 2009 2555; x_wconf 87' lang='lat' dir='ltr'><em>ut</em></span> <span class='ocrx_word' id='word_1_710' title='bbox 2040 2532 2119 2554; x_wconf 81' lang='lat' dir='ltr'><em>cum</em></span> <span class='ocrx_word' id='word_1_711' title='bbox 2145 2519 2291 2553; x_wconf 78' lang='lat' dir='ltr'><em>vetustis</em></span> 
     </span>
     <span class='ocr_line' id='line_1_123' title="bbox 1275 2569 2293 2621; baseline -0.005 -13"><span class='ocrx_word' id='word_1_712' title='bbox 1275 2574 1277 2585; x_wconf 81' lang='lat'><strong>¹</strong></span> <span class='ocrx_word' id='word_1_713' title='bbox 1303 2589 1444 2621; x_wconf 78' lang='lat' dir='ltr'><em>quoquc</em></span> <span class='ocrx_word' id='word_1_714' title='bbox 1469 2575 1621 2609; x_wconf 71' lang='lat' dir='ltr'><em>conferri</em></span> <span class='ocrx_word' id='word_1_715' title='bbox 1648 2581 1777 2619; x_wconf 80' lang='lat' dir='ltr'><em>posset.</em></span> <span class='ocrx_word' id='word_1_716' title='bbox 1831 2571 1976 2606; x_wconf 78' lang='lat' dir='ltr'><em>interim</em></span> <span class='ocrx_word' id='word_1_717' title='bbox 2002 2571 2152 2615; x_wconf 76' lang='lat' dir='ltr'><em>frigebat</em></span> <span class='ocrx_word' id='word_1_718' title='bbox 2180 2569 2293 2608; x_wconf 78' lang='lat' dir='ltr'><em>ltalia.</em></span> 
     </span>
     <span class='ocr_line' id='line_1_124' title="bbox 1276 2622 2293 2669; baseline -0.005 -9"><span class='ocrx_word' id='word_1_719' title='bbox 1276 2631 1277 2636; x_wconf 78' lang='grc'>’</span> <span class='ocrx_word' id='word_1_720' title='bbox 1303 2627 1452 2669; x_wconf 64' lang='lat' dir='ltr'><em>frigebat</em></span> <span class='ocrx_word' id='word_1_721' title='bbox 1465 2626 1593 2660; x_wconf 78' lang='lat' dir='ltr'><em>Gallia.</em></span> <span class='ocrx_word' id='word_1_722' title='bbox 1648 2624 1840 2659; x_wconf 74' lang='lat' dir='ltr'><em>(ici-mania</em></span> <span class='ocrx_word' id='word_1_723' title='bbox 1856 2631 1892 2658; x_wconf 91' lang='lat' dir='ltr'><em>ut</em></span> <span class='ocrx_word' id='word_1_724' title='bbox 1908 2635 2045 2668; x_wconf 82' lang='lat' dir='ltr'><em>semper</em></span> <span class='ocrx_word' id='word_1_725' title='bbox 2062 2622 2170 2656; x_wconf 82' lang='lat' dir='ltr'><em>armis</em></span> <span class='ocrx_word' id='word_1_726' title='bbox 2188 2633 2293 2667; x_wconf 84' lang='lat' dir='ltr'><em>quam</em></span> 
     </span>
     <span class='ocr_line' id='line_1_125' title="bbox 1277 2671 2295 2722; baseline -0.008 -10"><span class='ocrx_word' id='word_1_727' title='bbox 1277 2672 1280 2717; x_wconf 75' lang='lat' dir='ltr'><em>l</em></span> <span class='ocrx_word' id='word_1_728' title='bbox 1306 2679 1416 2713; x_wconf 79' lang='lat' dir='ltr'><em>literis</em></span> <span class='ocrx_word' id='word_1_729' title='bbox 1434 2677 1640 2713; x_wconf 84' lang='lat' dir='ltr'><em>instructior</em></span> <span class='ocrx_word' id='word_1_730' title='bbox 1656 2684 1746 2717; x_wconf 81' lang='lat' dir='ltr'><em>erat,</em></span> <span class='ocrx_word' id='word_1_731' title='bbox 1773 2688 1882 2722; x_wconf 82' lang='lat' dir='ltr'><em>caque</em></span> <span class='ocrx_word' id='word_1_732' title='bbox 1908 2682 1982 2710; x_wconf 89' lang='lat' dir='ltr'><em>tum</em></span> <span class='ocrx_word' id='word_1_733' title='bbox 2010 2674 2232 2719; x_wconf 87' lang='lat' dir='ltr'><em>potissimum</em></span> <span class='ocrx_word' id='word_1_734' title='bbox 2259 2671 2295 2705; x_wconf 90' lang='lat' dir='ltr'><em>in</em></span> 
     </span>
    </p>
   </div>
  </div>
 </body>
</html>
