2338 2958
39 1813 43 1829 ²
62 1807 173 1848 livor,

79 150 154 188 845
578 145 737 182 DECL.
773 145 846 182 DE
882 145 1083 182 DICTO:

75 237 161 273 Non
177 237 283 282 pingo
299 233 414 267 ideam
433 234 605 277 perfectae
623 232 781 275 virtutis,
809 233 868 266 sed
888 232 1071 278 possibilia

75 293 260 335 praecepta
276 284 475 319 recitamus.
527 282 642 318 Vitari
657 290 749 318 certe
765 281 850 318 haec
868 283 1070 328 turpissima

76 346 111 374 et
126 343 273 383 possunt
288 342 322 370 et
337 335 486 375 debent,
513 334 654 378 ignavia
679 341 711 368 et
736 335 968 378 impudentia.
1021 332 1070 368 Et

31 407 35 434 ξ
75 390 162 435 quid
177 386 360 431 indignius
377 393 444 426 est,
467 397 575 431 quam
595 397 674 419 cum
692 385 770 420 loco
785 384 853 419 Dei
869 397 990 419 vocem
1013 384 1069 418 di-

26 440 41 451 '
74 439 193 472 vinam
219 449 345 472 sonare
366 438 512 477 debeas,
547 443 664 470 tamen
690 447 770 469 cum
793 448 867 470 non
891 436 1067 479 intelligas

40 508 43 519 ›
73 489 272 524 doctrinam
294 488 496 528 coelestem,
530 488 695 520 audacter
716 494 750 521 et
773 487 1000 532 impudenter
1025 497 1065 518 ex

33 551 43 586 .·0
72 540 170 584 vulgi
185 539 410 573 sermonibus
429 543 595 571 consutos
611 543 775 570 centones
798 538 837 570 in
865 535 959 570 bunc
985 548 1065 569 coe—

36 597 41 630 ,1
71 598 146 626 tum
162 591 317 631 adferre,
345 590 383 622 in
399 589 528 634 quibus
542 588 646 622 etiam
662 587 691 620 si
710 600 778 633 qua
801 587 960 620 membra
982 599 1062 620 vera

71 648 171 681 sunt,
207 648 324 675 tamen
350 640 460 673 multa
485 639 570 672 falsa
598 638 811 677 miscentur,
847 644 880 671 et
911 638 1063 671 maxima

70 704 151 737 pars
167 691 330 733 continet
341 691 515 724 virulenta
533 695 593 722 aut
609 688 768 722 scurrilia
785 688 956 729 convicia,
979 688 1061 734 quia

70 740 127 776 his
150 743 322 787 parergis,
356 753 434 776 cum
460 739 739 784 petulantissime
767 739 952 778 dicuntur,
987 752 1061 773 ma-

69 794 162 827 xime
194 792 361 827 delectari
395 798 428 825 et
458 790 605 824 retineri
628 790 770 824 stultam
793 790 1059 824 multitudinem

68 844 196 880 sciunt.

172 893 386 938 Quanquam
418 897 536 924 autem
569 892 611 924 de
645 891 752 924 modo
779 890 930 924 docendi
957 890 1060 935 plura

67 945 218 978 dicenda
234 949 358 983 essent,
381 949 498 976 tamen
513 942 582 974 iam
599 948 743 986 propter
759 942 956 985 angustiam
971 949 1059 975 tem-

65 995 174 1040 poris,
196 995 240 1028 ad
258 1000 410 1027 caeteras
425 993 572 1026 virtutes
586 1004 748 1037 propero,
769 1004 900 1038 vosque
916 999 1060 1036 propter

66 1047 273 1079 mandatum
300 1051 333 1078 et
357 1043 505 1087 gloriam
533 1043 603 1077 Dei
627 1043 803 1084 obtestor,
836 1043 875 1076 in
899 1043 1057 1076 docendo

66 1096 172 1130 fidem
198 1102 231 1130 et
255 1094 474 1138 diligentiam
502 1092 578 1127 Deo
608 1094 763 1126 debitam
787 1094 989 1137 praestetis,
1025 1099 1059 1126 et

66 1147 202 1191 eligatis
218 1158 272 1180 res
289 1145 516 1185 necessarias,
543 1150 576 1177 et
592 1143 790 1177 doctrinam
808 1144 980 1178 modestia
998 1156 1056 1176 ve-

64 1205 136 1232 stra
156 1197 301 1231 ornetis.

167 1247 292 1281 Postea
311 1247 354 1280 de
368 1245 528 1279 moribus
549 1244 709 1290 loquitur
726 1243 878 1286 Paulus,
903 1251 937 1279 et
961 1245 1058 1278 iubet

65 1311 130 1333 nos
146 1298 304 1342 exemplo
322 1297 399 1331 aliis
417 1308 499 1332 esse.
552 1297 592 1328 In
619 1295 903 1336 conversatione,
935 1296 970 1329 id
996 1302 1057 1333 est,

42 1346 45 1352 ’
65 1350 104 1383 in
123 1356 264 1383 externa
289 1348 476 1393 disciplina
501 1344 667 1387 honesta,
694 1346 790 1379 iuxta
814 1346 1058 1390 omnia‘prae-

65 1407 164 1445 cepta
184 1399 354 1443 decalogi.
404 1398 494 1433 Cum
519 1398 613 1430 enim
635 1397 797 1430 nominat
818 1398 1056 1430 conversatio-

63 1463 164 1492 nem,
190 1451 234 1484 de
251 1457 326 1485 toto
342 1461 467 1494 genere
490 1456 713 1482 externarum
735 1447 914 1481 actionum
940 1448 1057 1493 loqui-

63 1509 132 1544 tur,
158 1502 253 1547 quod
273 1501 398 1535 usitate
415 1511 580 1533 vocamus
597 1498 765 1532 iustitiam
784 1499 1031 1533 universalem.

166 1552 238 1587 Sed
257 1552 372 1586 addit:
409 1550 450 1584 ln
471 1549 680 1588 dilectione,
713 1549 750 1582 id
773 1556 842 1588 est,
876 1561 949 1582 non
974 1549 1056 1582 satis

63 1610 112 1638 est
138 1603 294 1637 actiones
321 1609 480 1636 externas
506 1601 703 1644 inculpatas
726 1611 817 1641 esse,
849 1606 887 1633 ut
913 1607 995 1633 sunt
1018 1600 1055 1631 in

63 1654 186 1688 multis
204 1652 413 1699 hypocritis:
433 1652 492 1685 sed
511 1651 555 1686 sit
573 1650 786 1694 vera-cordis
803 1650 946 1684 dilectio
964 1651 1056 1684 inter

206 1703 337 1739 Absint
367 1702 552 1748 superbia,
592 1703 720 1740 fastus,
762 1701 979 1742 invidentia,
1023 1708 1056 1734 et

62 1755 253 1790 aemulatio
287 1754 450 1794 Cainica,
503 1749 744 1799 φιλονεικεία,
793 1751 1054 1789 malevolentia,

220 1803 447 1849 κακοήθεια,
496 1803 723 1842 obtrectatio,
770 1802 943 1845 cupiditas
976 1802 1055 1834 vin-

63 1858 195 1898 dictae,
222 1856 390 1895 insidiae,
418 1853 630 1888 calumniae:
658 1853 716 1885 sed
735 1852 778 1885 sit
803 1864 883 1885 vera
901 1853 1054 1886 benevo-

63 1717 138 1741 VOS.

0 1927 8 1932 -
39 1909 171 1942 lentia
207 1907 300 1940 inter
334 1905 483 1948 collegas
516 1903 673 1936 muneris
707 1903 869 1936 omnium
914 1903 1054 1941 summi,

41 1979 43 1984 ·
64 1971 155 2005 quae
176 1957 402 1991 concordiam
416 1955 488 1988 alat
504 1961 536 1988 et
554 1960 711 1994 tueatur,
738 1954 968 1986 necessariam
986 1952 1055 1987 Ec-

63 2010 204 2044 clesiae:
242 2008 325 2053 quia
351 2005 527 2040 discordia
553 2004 756 2037 docentium
790 2005 908 2038 turbat
929 2004 967 2036 in
991 2016 1054 2048 po-

42 2084 43 2089 =
61 2061 146 2106 pulo
164 2059 294 2094 iudicia
311 2060 354 2092 de
370 2056 543 2094 doctrina,
565 2063 598 2089 et
614 2055 774 2088 accendit
791 2054 913 2088 odium
929 2056 1055 2088 adver-

63 2123 122 2146 sus
138 2123 213 2145 eam
225 2137 235 2151 ,
262 2116 296 2143 et
313 2107 485 2152 extinguit
500 2106 772 2140 invocationem.

165 2161 294 2195 Addit:
323 2159 365 2194 In
381 2158 528 2204 spiritu,
557 2157 591 2190 id
614 2163 687 2197 est,
715 2156 788 2189 zelo
807 2155 962 2199 spiritus.
1000 2155 1055 2191 Sit

41 2206 43 2261 ζ
63 2212 205 2248 dilectio
223 2212 259 2244 in
278 2211 398 2245 nobis:
430 2210 489 2243 sed
508 2215 624 2242 tamen
642 2208 712 2250 ita,
739 2219 783 2240 ne
801 2218 935 2240 errores
951 2214 985 2241 et
1001 2208 1055 2239 vi-

42 2271 43 2274 ’
61 2265 110 2300 tia
128 2263 378 2297 confirmemus
401 2267 519 2294 nostra
540 2258 781 2302 indulgentia,
808 2259 867 2291 sed
891 2259 1052 2302 petulan—

41 2315 110 2350 tia
125 2313 266 2357 ingenia
289 2324 405 2346 severe
426 2307 689 2350 coherceamus,
723 2321 767 2343 ne
790 2309 906 2353 spargi
929 2321 1054 2353 pravas

42 2398 43 2407 ,
63 2365 250 2411 opiniones
267 2363 442 2401 sinamus,
470 2374 534 2394 nec
558 2373 695 2395 morum
721 2359 960 2405 turpitudines
981 2360 1052 2393 dis-

41 2410 43 2416 ⁴
62 2416 282 2451 simulemus.

164 2464 212 2501 Et
235 2464 380 2511 quidem
403 2462 537 2496 iudicio
554 2461 698 2506 spiritus
716 2461 858 2505 negocia
876 2460 1052 2495 discerna-

16 2519 18 2521 ’
60 2529 160 2559 mus,
184 2524 223 2551 ut
250 2515 312 2549 ubi
338 2514 567 2559 pugnandum
594 2512 658 2553 sit,
694 2513 755 2546 ubi
780 2513 905 2546 lenitas
930 2512 1052 2546 utilior

0 2584 6 2602 ·.
42 2568 127 2609 sit,
152 2567 422 2601 consideremus.

42 2625 45 2631 “
62 2618 163 2653 ritus.
203 2617 275 2651 Nec
293 2616 388 2650 enim
411 2615 626 2649 laudandum
645 2621 696 2647 est
714 2613 901 2647 consilium
919 2625 1052 2656 eorum,

472 2563 568 2597 Haec
584 2563 725 2607 propria
743 2571 824 2597 sunt
843 2563 964 2596 iudicii
979 2564 1051 2607 spi-

0 2693 6 2699 ·
42 2682 125 2715 qui
141 2673 285 2713 propter
308 2667 536 2712 pertinaciam
562 2666 599 2698 in
624 2665 729 2698 rebus
753 2677 825 2698 non
848 2665 1050 2699 necessariis

2 2752 4 2754 .
42 2714 118 2754 'vel
146 2720 340 2759 disserunt,
373 2718 427 2752 vel
453 2713 655 2751 distrahunt
676 2713 868 2757 Ecclesias,
906 2723 944 2750 ut
970 2729 1048 2749 cum

1120 147 1308 184 TYPUS
1341 146 1492 183 ESTO
1519 157 1618 183 erc.
2047 150 2119 185 846

1124 240 1255 277 peteret
1281 233 1473 278 imperator
1498 232 1753 268 Constantinus
1778 244 1796 266 a
1819 232 2028 278 quibusdam
2047 231 2116 268 Ec-

1124 284 1238 317 clesiis
1254 285 1292 317 in
1305 282 1472 325 Oriente,
1499 292 1538 318 ut
1548 283 1654 318 Pasca
1672 283 1801 318 usitato
1819 284 1875 316 die
1892 284 2035 317 caeteris
2053 297 2109 318 ce-

1123 334 1317 375 lebrarent,
1350 342 1389 369 ut
1411 336 1538 368 laetior
1564 335 1636 379 ipse
1662 335 1699 368 in
1721 347 1840 368 earum
1864 332 2046 375 EcclesHs,
2080 336 2110 368 si

1121 386 1264 429 quando
1284 397 1323 418 eo
1341 386 1508 426 venisset,
1542 386 1648 419 simul
1666 386 1841 419 celebrare
1858 383 1964 418 Pasca
1983 393 2109 429 posset.

1119 434 1201 468 Non
1228 435 1295 468 fuit
1320 447 1374 468 res
1397 436 1503 478 digna
1531 436 1758 469 contentione
1781 436 1816 468 in
1843 443 2004 469 neutram
2025 448 2108 480 par—

1119 492 1201 521 tem.
1243 484 1312 519 Sed
1328 486 1449 519 fuisset
1466 486 1642 519 laudanda
1661 487 1806 526 lenitas,
1833 488 1860 519 si
1879 485 2037 520 Audiani
2053 495 2108 522 to-

1118 543 1189 570 tam
1216 535 1314 569 illam
1335 536 1595 570 contentionem
1615 537 1755 570 silentio
1775 537 1988 571 obruissent.
2041 536 2107 572 Ce-

1117 587 1209 621 dunt
1226 587 1320 621 inter
1336 598 1372 620 se
1391 588 1493 621 orbes
1510 587 1674 621 coelestes
1688 587 1788 620 miris
1807 588 2041 629 anfractibus,
2067 595 2107 622 ut

1116 649 1214 671 suam
1233 635 1456 671 harmoniam
1473 645 1505 673 et
1522 638 1747 672 concordiam
1764 649 1804 671 eo
1820 638 1918 683 quasi
1934 639 2105 684 obsequio

1116 695 1292 724 tueantur.

1218 740 1419 773 Teneamus
1436 739 1543 783 igitur
1565 739 1767 773 discrimen.
1807 737 1926 772 Simus
1943 738 1978 771 in
2000 739 2103 773 rebus

1114 790 1319 824 necessariis
1335 790 1427 823 firmi
1445 797 1477 824 et
1493 797 1707 824 constantes:
1740 790 1776 822 in
1793 789 1871 822 aliis
1887 801 1966 822 cum
1982 787 2104 823 Eccle-

1113 841 1184 874 siae
1207 841 1341 876 utilitas
1359 842 1529 886 postulat,
1555 842 1781 875 moderemur
1804 840 1952 874 consilia
1974 841 2103 884 proba-

1113 892 1177 926 bili
1194 889 1374 928 ἐπιείκεια.

1213 943 1327 978 Addit
1355 942 1503 976 Paulus:
1544 940 1585 975 In
1613 942 1702 982 fide,
1735 942 1771 974 id
1804 949 1872 982 est,
1907 941 2036 975 fiducia
2068 947 2100 974 et

1112 994 1352 1038 expectatione
1368 993 1482 1026 divini
1500 993 1622 1026 auxilii
1637 993 1676 1025 in
1692 992 1928 1036 periculorum
1947 992 2101 1026 toleran-

1111 1044 1170 1079 tia.
1222 1043 1276 1078 De
1302 1045 1433 1077 virtute
1457 1044 1604 1084 eximia,
1639 1049 1672 1076 et
1698 1043 1861 1087 inprimis
1889 1043 1926 1075 in
1944 1040 2102 1075 Ecclesia

1111 1095 1316 1133 necessaria,
1344 1094 1575 1138 praecipitur,
1602 1095 1644 1127 de
1661 1106 1728 1139 qua
1746 1093 1933 1136 diligenter
1951 1093 2100 1126 docendi

1111 1153 1193 1179 sunt
1207 1143 1381 1178 homines.
1432 1142 1478 1178 Et
1500 1151 1540 1178 ut
1560 1145 1796 1188 intelligatur,
1824 1142 2008 1177 hominum
2033 1150 2102 1176 tre—

1111 1195 1308 1239 pidationes
1327 1203 1358 1230 et
1374 1195 1519 1228 consilia
1536 1195 1573 1227 in
1589 1195 1754 1239 periculis
1772 1195 1990 1239 aspiciamus.
2021 1193 2102 1228 Usi-

1111 1247 1320 1281 tatissimum
1340 1252 1408 1284 est,
1440 1246 1625 1279 decurrere
1642 1243 1804 1278 homines
1821 1246 1857 1278 in
1875 1244 2040 1289 periculis
2058 1246 2102 1277 ad

1111 1294 1265 1331 humana
1292 1296 1488 1342 praesidia,
1521 1296 1625 1330 etiam
1649 1296 1724 1329 sine
1750 1297 1892 1330 ordine:
1927 1303 1966 1329 ut
1985 1293 2103 1329 Achas

1111 1361 1184 1382 non
1202 1349 1279 1382 vult
1295 1348 1418 1381 audire
1434 1345 1594 1388 Esaiam,
1623 1347 1683 1392 qui
1708 1354 1799 1381 vetat
1824 1360 1903 1380 eum
1928 1358 2102 1379 accersere

1111 1399 1302 1443 impiorum
1336 1410 1457 1442 regum
1491 1398 1641 1438 auxilia,
1679 1397 1762 1442 quia
1789 1398 1931 1430 difficile
1957 1403 2006 1430 est
2032 1397 2100 1429 fide

1111 1456 1288 1495 expectare
1305 1448 1544 1482 defensionem
1563 1447 1680 1484 aDeo.
1712 1447 1779 1482 Sed
1801 1449 1943 1492 politica
1961 1447 2101 1491 sapien-

1110 1501 1157 1534 tia
1175 1501 1251 1534 vult
1267 1512 1339 1534 esse
1358 1506 1491 1533 armata
1506 1499 1727 1539 foederibus,
1749 1499 1969 1539 exercitibus,
1997 1505 2029 1532 et
2046 1510 2102 1531 re—

1110 1552 1208 1597 liquo
1226 1553 1396 1595 adparatu
1414 1550 1558 1585 visibili.
1611 1549 1679 1583 Hic
1695 1562 1793 1583 error
1816 1550 1941 1583 evertit
1962 1549 2102 1588 multos,

1110 1602 1182 1635 imo
1207 1600 1292 1635 haec
1318 1601 1391 1645 ipsa
1413 1601 1553 1634 foedera
1579 1600 1701 1633 multis
1725 1600 1831 1634 exitio
1847 1601 2012 1640 fuerunt,
2041 1600 2102 1644 qui

1109 1665 1189 1686 cum
1206 1650 1272 1686 hac
1290 1651 1448 1696 potentia
1471 1651 1593 1684 confisi
1617 1662 1672 1683 res
1692 1651 1904 1695 periculosas
1928 1650 2101 1694 suscepis-

1109 1710 1206 1747 sent,
1241 1704 1383 1736 tandem
1409 1709 1595 1736 senserunt
1620 1714 1694 1735 non
1717 1703 1930 1746 respondere
1956 1707 2102 1734 eventus

1110 1754 1180 1787 illis
1196 1753 1360 1798 politicae
1379 1752 1571 1796 sapientiae.
1587 1752 1754 1787 consiliis.
1782 1759 1814 1786 et
1838 1752 1966 1785 similia
1982 1752 2101 1796 priva-

1109 1805 1153 1839 tis
1170 1811 1202 1838 et
1219 1803 1516 1847 gubernatoribus
1530 1803 1714 1843 accidunt,
1742 1803 1802 1847 qui
1819 1810 1954 1837 tantum
1971 1803 2012 1835 ad
2032 1799 2101 1835 hu-

1109 1867 1212 1889 mana
1232 1854 1404 1898 praesidia
1422 1854 1609 1897 confugere
1632 1853 1757 1888 solent.

1211 1905 1415 1939 Praeluceat
1439 1905 1548 1948 igitur
1574 1905 1658 1937 fides
1684 1903 1885 1937 docentium
1912 1903 2044 1947 populo
2069 1910 2103 1936 et

1110 1955 1354 1999 Principibus.
1407 1954 1504 1988 Haec
1524 1961 1683 1995 moneat,
1724 1967 1768 1987 ne
1793 1954 1878 1998 quid
1905 1961 2010 1997 agant
2031 1953 2101 1986 nisi

1110 2007 1319 2040 necessaria:
1356 2013 1388 2040 et
1411 2017 1491 2039 suas
1516 2003 1709 2046 Ecclesias,
1736 2016 1815 2038 suas
1837 2005 1994 2048 politias‚
2025 2017 2101 2037 mo-

1109 2059 1204 2091 deste
1221 2068 1347 2090 ornare
1365 2057 1546 2097 studeant,
1582 2063 1614 2090 et
1639 2055 1731 2089 intra
1755 2062 1863 2088 metas
1887 2067 1970 2089 suae
1996 2067 2100 2088 voca·

1109 2108 1216 2142 tionis
1241 2119 1276 2141 se
1301 2107 1516 2141 contineant.
1577 2104 1625 2140 Et
1650 2106 1688 2139 in
1715 2106 1769 2140 sui
1794 2106 1951 2140 muneris
1976 2106 2101 2139 officiis

1109 2165 1289 2203 expectent
1304 2159 1475 2192 auxilium
1498 2164 1531 2191 et
1547 2157 1787 2191 defensionem
1813 2169 1832 2189 a
1854 2155 1945 2191 Deo.
1997 2155 2100 2190 Hanc

1108 2210 1315 2254 sapientiam
1339 2207 1516 2242 Ecclesiae
1549 2208 1727 2252 propriam
1756 2215 1789 2241 et
1814 2207 2010 2251 intelligere
2035 2219 2100 2241 nos

1108 2267 1266 2305 oportet,
1300 2266 1333 2293 et
1348 2261 1391 2293 de
1409 2272 1446 2292 ea
1464 2259 1635 2303 populum
1652 2259 1777 2292 docere
1791 2283 1799 2297 ‚
1832 2270 1876 2290 ne
1902 2270 1941 2291 ex
1968 2259 2099 2302 praesi-

1108 2312 1176 2345 diis
1193 2309 1357 2344 humanis
1376 2312 1550 2354 pendens,
1577 2309 1806 2342 obliviscatur
1825 2307 1904 2343 Dei.

1209 2360 1261 2395 Ac
1279 2361 1381 2394 nobis
1399 2361 1597 2405 pastoribus
1611 2357 1677 2393 hac
1700 2359 1941 2393 consolatione
1967 2359 2101 2403 praeci-

1108 2425 1175 2458 pue
1201 2423 1289 2456 opus
1314 2418 1373 2445 est.
1426 2411 1566 2445 Scimus
1589 2411 1718 2444 multos
1743 2417 1774 2444 et
1799 2416 1958 2454 potentes
1983 2407 2100 2443 hostes

1107 2476 1178 2497 esse
1194 2461 1400 2505 Evangelii,
1427 2462 1488 2506 qni
1507 2468 1539 2495 et
1556 2473 1620 2494 nos
1635 2469 1667 2495 et
1683 2459 1858 2495 Ecclesias
1877 2467 2015 2494 nostras
2039 2461 2100 2492 ‹le-

1107 2516 1178 2547 lere
1203 2514 1367 2557 cupiunt:
1411 2520 1443 2546 et
1473 2512 1715 2545 defensionem
1740 2512 1852 2546 nostri
1879 2524 1951 2544 non
1979 2509 2100 2542 multis

1107 2577 1209 2599 curae
1242 2576 1323 2597 esse.
1401 2562 1469 2596 Sed
1506 2575 1579 2596 non
1611 2563 1816 2596 abiiciamus
1847 2561 2101 2606 professionem

1106 2616 1286 2650 doctrinae
1303 2614 1402 2648 fracti
1420 2621 1532 2647 metu:
1561 2615 1619 2647 sed
1639 2621 1732 2647 certo
1750 2620 1960 2651 statuamus,
1986 2611 2098 2644 Deum

1105 2668 1283 2701 custodem
1309 2667 1383 2699 fore
1412 2672 1444 2698 et
1469 2664 1672 2698 docentium
1706 2671 1737 2697 et
1759 2662 2015 2700 Ecclesiarnm,
2058 2667 2098 2693 ut

1104 2718 1270 2762 scriptum
1291 2723 1357 2750 est:
1386 2713 1522 2749 Omnes
1545 2715 1664 2759 capilli
1691 2714 1813 2758 capitis
1836 2712 1941 2745 vestri
1969 2722 2097 2744 nume-
