2338 2958
220 152 292 186 703

601 143 759 180 DECL.
800 140 872 177 DE
906 137 1152 176 OFFlClO
1186 133 1617 174 MINISTRORUM
1649 134 1859 174 EVANG.

2169 136 2242 171 704

322 234 359 270 Si
378 233 455 280 quis
472 243 575 268 vem,
602 229 698 274 quod
718 227 827 268 absit,
853 223 944 260 hanc
969 232 1126 259 nostram
1148 226 1211 258 be-
1262 234 1329 256 nus
1342 221 1446 255 Pater
1462 218 1610 254 Domini
1626 220 1739 253 nostri
1758 219 1834 254 lesu
1854 219 1987 256 Christi
2006 226 2120 254 servet
2138 220 2247 253 mini-

221 286 385 320 nevolam
401 280 678 317 admonitionem
697 284 937 317 contemnem,
959 277 1015 309 vel
1033 276 1140 309 verbo
1157 275 1211 308 vel

223 336 380 379 exemplo
398 333 475 366 aliis
492 329 706 365 offendiculo
722 328 847 368 suerit,
870 328 898 360 is
914 326 1051 360 noverit
1069 326 1213 370 impune

224 399 259 421 se
278 385 343 419 hoc
361 395 433 417 non
451 383 644 419 facturum,
669 391 783 424 neque
806 379 915 412 iustae
939 376 1214 411 animadversio-

224 437 281 469 nis
294 445 442 479 poenam
461 431 700 475 effugiturum.

327 492 511 526 Postremo
536 501 616 523 cum
638 486 809 533 Apostolo
835 484 1022 526 adhortor,
1065 492 1103 518 ut
1135 491 1215 518 ante

226 543 346 578 omnia
372 543 458 575 fiant
478 539 758 585 deprecationes,
793 537 1070 575 obsecrationes,
1106 535 1215 568 inter-

226 593 452 639 pellationes,
475 591 665 635 gratiarum
684 589 855 628 actiones,
887 600 950 631 pro
967 587 1133 619 omnibus
1151 582 1216 617 ho-

229 644 407 681 minibus,
445 654 508 686 pro
527 641 686 684 regibus,
719 646 751 672 et
775 638 940 671 omnibus
966 637 1002 669 in
1028 635 1216 668 eminentia

230 693 449 733 constitutis,
475 699 514 725 ut
538 691 710 734 placidam
738 700 776 721 ac
802 688 955 732 quietam
983 686 1089 719 vitam
1114 686 1218 727 dega-

229 756 310 778 mus
322 771 331 785 ,
358 755 437 776 cum
453 742 549 775 omni
568 741 692 785 pietate
709 745 741 771 et
759 736 959 777 honestate,
987 736 1218 779 glorificantes

232 796 270 828 in
287 795 392 828 corde
408 800 440 826 et
466 803 610 835 corpore
633 796 753 822 nostro
769 787 963 821 Dominum
986 793 1145 820 nostrum
1166 785 1219 819 le—

233 857 309 878 sum
336 842 536 881 Christum,
571 840 632 885 qui
656 851 734 872 cum
757 838 858 871 Patre
883 844 917 871 et
939 836 1074 880 Spiritu
1101 842 1220 869 sancto

232 896 321 928 vivit
340 901 372 927 et
389 898 529 935 regnat,
557 890 760 924 benedictus
781 888 875 922 Deus
894 888 931 920 in
950 888 1085 920 saecula
1102 898 1221 919 saecu-

234 946 368 983 lorum,
393 942 520 977 Amen.

339 1000 493 1035 Oremus
512 999 629 1043 igitur,
657 1010 695 1031 ac
713 997 910 1031 coniunctis
926 997 1015 1031 votis
1030 1004 1061 1030 et
1080 997 1223 1030 vocibus

236 1060 414 1087 cantemus
437 1062 525 1084 una:
561 1049 613 1082 Da
632 1061 749 1093 pacem
769 1047 919 1081 Domine
942 1048 979 1079 in
1005 1047 1129 1081 diebus
1158 1059 1224 1080 no-

238 1103 338 1143 stris,
367 1108 428 1136 etc.

245 1300 310 1333 No.
332 1297 391 1332 85.
1038 1308 1086 1329 an.
1110 1298 1202 1328 1554.

1012 1342 1222 1359 Μ

324 1400 398 1440 De
432 1394 586 1451 officio
613 1395 927 1435 ministrorum
960 1392 1140 1451 Evang.

315 1487 344 1513 ln
362 1485 511 1511 neclan-ar.
525 1484 559 1509 T.
575 1482 622 1508 ΙΙΙ.
636 1490 661 1515 p.
677 1481 728 1506 600
742 1491 818 1515 sqq.,

347 1525 373 1545 et
393 1519 461 1551 apud
477 1517 593 1544 ltichard
616 1518 649 1542 T.
668 1515 712 1542 lll.
739 1526 762 1548 p.
783 1517 824 1542 54.

848 1482 876 1506 in
892 1482 1008 1507 Servest.
1023 1482 1057 1507 Τ.
1074 1482 1120 1508 ΙΙΙ.
1134 1491 1158 1515 p.
1174 1483 1230 1508 568.

868 1516 935 1541 ltem
958 1515 986 1540 in
1010 1516 1092 1541 libr-ns
1117 1517 1230 1549 Georgii

349 1553 482 1586 Principis
495 1551 630 1577 Anhattini
644 1551 791 1576 conciones
806 1556 830 1576 et
844 1550 942 1583 scripta
952 1554 1003 1576 etc.
1020 1549 1145 1582 (Vviteb.
1158 1552 1231 1576 1570.

348 1588 418 1619 Fol.)
441 1595 466 1619 p.
481 1586 540 1611 402.
560 1599 593 1604 --
612 1586 655 1609 Est
670 1584 742 1608 eni-n
760 1585 846 1610 oratio
862 1584 888 1609 in
903 1584 1015 1616 Synodo
1031 1590 1167 1616 pastorum
1183 1585 1232 1610 ha-

351 1621 455 1650 benda,
487 1628 570 1654 quam
594 1618 657 1643 Mel.
682 1617 787 1650 scripsit
807 1619 832 1642 in
855 1627 934 1642 usum
956 1617 1069 1651 Georgii
1088 1619 1233 1647 Antiatum,

347 1657 392 1689 qui
413 1664 469 1680 eam
484 1652 605 1680 recitavit
619 1651 733 1684 Synodo
747 1651 812 1676 fei-ia
827 1656 886 1684 post
895 1650 1030 1683 Ursutae,
1050 1652 1088 1677 M.
1105 1652 1141 1678 D.
1152 1652 1233 1678 xm.

252 1737 378 1769 Oratio
405 1731 612 1778 (synodica)
646 1730 693 1764 cle
726 1727 853 1776 officio
878 1740 1023 1773 eorum,
1062 1734 1235 1775 quisunt

493 1785 531 1816 in
553 1783 762 1815 ministerio
785 1781 994 1826 Evangelii.

253 1853 380 1892 Veteri
400 1857 474 1899 lege
492 1853 637 1888 honesta
655 1861 688 1887 et
704 1853 784 1887 utili
811 1855 1014 1887 mandatum
1040 1861 1109 1894 est,
1135 1862 1173 1888 ut
1200 1855 1236 1887 in

254 1908 402 1951 singuiis
423 1906 623 1949 regionibus
650 1904 828 1948 praecipui
847 1906 1098 1947 gubernatores
1117 1903 1238 1939 Eccle-

255 1961 405 1995 siarum,
448 1956 636 2002 quotannis
662 1955 732 1995 bis,
773 1955 957 1988 inferiores
981 1954 1159 1993 Pastores‚
1201 1969 1239 1989 ac

256 2009 454 2043 doctrinam
473 2007 670 2051 explorent,
698 2012 730 2038 et
749 2005 804 2048 pia
821 2005 986 2042 consilia,
1021 2017 1109 2050 quae
1125 2007 1167 2038 ad
1187 2019 1240 2039 rc-

257 2060 438 2094 tinendani
461 2056 644 2099 Evangelii
668 2056 854 2099 puritatem
882 2062 915 2089 et
949 2057 991 2088 ad
1017 2056 1240 2100 disciplinam

258 2110 480 2144 sanciendam
500 2108 682 2151 profutura
700 2106 884 2143 videntur,
911 2106 1089 2139 communi
1107 2107 1241 2141 delibe-

259 2161 394 2194 ratione
411 2165 595 2203 quaerant,
625 2157 820 2201 mansitque
837 2156 910 2189 eius
924 2156 1032 2189 moris
1049 2157 1244 2199 vestigium,

261 2224 319 2244 svn
338 2211 462 2243 umbra
481 2209 595 2252 potius
614 2205 781 2240 hactenus
805 2213 854 2240 tot
880 2207 1037 2242 saeculis.
1090 2207 1162 2240 Nos
1179 2209 1243 2251 igi-

262 2270 317 2295 tur
342 2262 398 2304 pio
422 2260 537 2291 studio
573 2265 605 2290 et
627 2269 758 2290 moreni
775 2265 949 2290 vetustum
970 2257 1177 2297 retinemus,
1211 2267 1244 2292 et

263 2309 536 2356 quantanmis
553 2309 730 2347 concedet,
752 2320 789 2340 ea
809 2308 932 2340 facturi
951 2319 1082 2348 sumus,
1104 2316 1246 2352 propter

263 2374 349 2406 quae·
370 2360 521 2393 Ecclesia
541 2357 605 2392 lios
623 2365 814 2391 conventus
832 2358 939 2390 indici
959 2359 1083 2392 voluit.
1139 2359 1246 2393 Conn-

265 2411 536 2443 rnouvsaciownus
553 2409 711 2443 pastores
729 2409 770 2440 de
788 2420 869 2441 suae
895 2409 1086 2441 functionis
1112 2411 1247 2453 magui-

266 2462 388 2495 tudino
401 2488 408 2497 ,
439 2460 662 2503 inspiciemus
679 2459 894 2497 doctrinam,
922 2466 953 2492 et
969 2460 1012 2491 dc
1031 2461 1175 2493 caeteris
1194 2473 1247 2493 ri·-

265 2513 350 2553 bus,
393 2512 519 2555 quilius
548 2518 664 2542 nostra
699 2509 880 2549 diligentia
906 2516 1085 2555 utcunque
1117 2512 1246 2544 mederi

267 2569 395 2607 potest„
423 2561 600 2593 salviscum
621 2560 904 2593 deliberabimus

370 2628 461 2662 llaec
493 2634 527 2659 ut
555 2628 678 2658 ordine
705 2628 806 2668 liant,
849 2627 1001 2670 primum
1035 2640 1128 2662 nnnc
1160 2629 1250 2662 inter

271 2680 427 2725 publicas
445 2689 581 2722 preces,
615 2678 742 2720 quilius
768 2677 935 2720 petimus,
967 2685 1003 2711 ut
1024 2677 1116 2712 Deus
1140 2686 1250 2712 aeter-

1264 272 1407 306 sterium
1426 268 1630 314 Evangelii,
1658 269 1818 303 Pastores
1840 269 2029 310 hortabor,
2057 278 2095 304 ut
2117 271 2161 303 de
2184 282 2247 303 suo

1265 321 1381 356 officio
1397 321 1585 364 diligenter
1598 320 1762 363 cogitent.
1798 319 1837 353 ln
1855 322 2014 366 quolibet
2030 322 2121 355 vitae
2138 321 2249 364 gradu

1265 373 1418 417 primum
1435 371 1632 414 intelligere
1649 382 1925 416 unumquenque
1939 383 2074 405 necesse
2090 377 2152 411 est,
2167 382 2250 414 pro-

1264 423 1381 467 prium
1399 433 1479 455 suae
1494 433 1663 466 personae
1680 432 1827 460 munus,
1854 428 1887 455 et
1905 421 1960 467 (ut
1975 433 2039 454 nos
2055 419 2251 466 loquimur)

1265 472 1485 506 vocationem
1510 483 1629 509 suam,
1660 483 1679 504 a
1706 483 1794 516 quo,
1829 472 1872 504 ad
1895 471 1992 516 quod
2017 483 2103 515 opus
2126 470 2251 504 delecti

1267 524 1393 560 simus,
1428 534 1517 567 quae
1542 521 1690 561 auxilia,
1729 521 1789 566 qui
1813 521 1924 555 exitus
1948 521 2150 565 expectandi
2172 521 2253 561 sint,

1268 585 1356 619 quae
1374 573 1418 606 sit
1434 573 1551 606 sutura
1570 572 1731 604 laborum
1749 577 1782 604 et
1801 571 2032 604 certaminum
2056 577 2164 611 meta,
2197 571 2253 604 cui

1269 624 1446 657 reddenda
1463 623 1506 656 sit
1523 622 1683 655 omnium
1702 621 1929 655 consiliorum
1948 627 1981 654 et
1998 620 2174 654 actionum
2197 632 2255 654 ra-

1270 675 1331 708 tio,
1394 672 1490 706 Ilaec
1513 684 1585 705 non
1611 672 1762 715 cogitare
1785 671 1821 703 in
1851 671 1939 711 vita,
1971 678 2093 715 stupor
2114 677 2184 711 est,
2216 677 2256 704 ut

1271 723 1371 757 multi
1389 723 1554 756 omnibus
1569 722 1788 766 temporibus
1805 720 1991 755 sacrificuli
2007 722 2170 759 fuerunt,
2195 719 2256 764 qui

1271 785 1452 818 nunquam
1477 785 1592 806 secum
1619 773 1684 816 ipsi
1709 772 1974 817 quaesiverunt,
2009 772 2103 816 quod
2128 780 2258 804 munus

1273 825 1496 858 sustinerent.
1532 821 1700 866 Exempla
1716 823 1952 867 sequebantur
1968 828 2006 855 ut
2021 821 2159 861 simiae,
2178 831 2258 854 curn

1274 875 1435 907 viderent
1451 873 1538 906 alios
1555 884 1691 905 servare
1708 879 1820 905 certos
1838 873 1927 906 ritus
1943 873 1984 905 ad
2003 883 2116 911 aram,
2143 870 2260 904 imita-

1274 927 1403 958 bantur
1425 935 1544 956 eorum
1562 930 1694 966 gestus,
1722 923 1923 965 ignorantes
1939 923 2024 967 quid
2041 927 2196 965 agerent.

1376 973 1567 1018 Postquam
1587 980 1701 1006 autem
1721 971 1816 1006 Deus
1833 973 2001 1005 immensa
2021 970 2262 1005 misericordia

1275 1026 1380 1058 nobis
1406 1025 1517 1057 lucem
1540 1022 1726 1065 Evangelii
1755 1023 1931 1063 accendit,
1964 1029 1998 1056 et
2019 1033 2084 1055 nos
2107 1022 2149 1055 de
2172 1020 2263 1054 veris

1277 1075 1467 1117 evangelici
1496 1073 1683 1106 ministerii
1715 1073 1839 1106 officiis
1871 1072 2156 1111 commonefecit,
2204 1082 2264 1104 ex-

1277 1137 1373 1159 cussa
1394 1125 1509 1168 priore
1523 1123 1694 1161 socordia,
1721 1124 1907 1163 discamus,
1934 1123 2028 1168 quod
2045 1122 2090 1156 sit
2105 1127 2265 1155 nostrum

1278 1187 1429 1213 munus,
1469 1181 1501 1207 et
1527 1174 1564 1206 in
1591 1186 1630 1207 eo
1657 1173 1821 1206 obeundo
1846 1173 2063 1216 diligentiam
2098 1179 2133 1205 et
2161 1171 2265 1205 fidem

1279 1231 1504 1269 praestemus.
1558 1223 1689 1265 Magna
1714 1235 1767 1256 res
1791 1231 1860 1263 est,
1895 1229 1929 1256 et
1955 1235 1973 1256 a
1997 1222 2071 1256 Deo
2095 1222 2266 1260 instituta,

1279 1282 1313 1309 et
1329 1275 1404 1307 sine
1419 1273 1549 1307 auxilio
1568 1271 1633 1305 Dei
1651 1273 1890 1306 administrari
1908 1285 1981 1306 non
2001 1279 2114 1316 potest
2140 1272 2267 1315 guber-

1281 1325 1378 1358 natio
1408 1323 1568 1366 politica:
1619 1323 1678 1356 sed
1702 1320 1786 1355 haec
1808 1329 1920 1356 vestra
1948 1322 2105 1360 functio,
2143 1323 2268 1354 docete

1281 1374 1516 1418 Evangelium
1531 1371 1681 1413 Christi,
1707 1373 1857 1406 retinere
1874 1373 2060 1417 puritatem
2071 1369 2268 1415 Evangelii,

1283 1426 1476 1460 diiudicare
1493 1425 1696 1466 dogmatum
1714 1423 1985 1463 controversias,
2013 1433 2129 1466 regere
2144 1420 2268 1455 Eccle-

1283 1477 1369 1510 siam
1381 1501 1389 1513 ‚
1418 1482 1450 1509 et
1465 1474 1636 1508 sustinere
1655 1471 1808 1507 hostium
1827 1473 1975 1513 furores,
2000 1473 2103 1516 longe
2117 1478 2270 1516 superat,

1283 1526 1464 1569 dignitate,
1490 1524 1697 1557 difficultate
1713 1531 1747 1557 et
1760 1524 2004 1568 magnitudine
2021 1522 2272 1567 periculorum,

1284 1576 1573 1619 gubernationem
1598 1574 1787 1618 politicam.

1387 1624 1462 1658 Etsi
1487 1624 1634 1656 inferior
1659 1624 1799 1656 videtur
1825 1620 1881 1656 hic
1905 1624 2052 1666 gradus,
2092 1623 2174 1668 quia
2199 1633 2272 1655 non

1287 1687 1406 1710 sumus
1426 1674 1553 1707 muniti
1578 1674 1731 1717 potentia
1754 1680 1786 1706 et
1809 1673 1953 1716 opibus:
1987 1680 2103 1706 tamen
2130 1685 2166 1705 re
2191 1683 2273 1705 vera

1287 1725 1484 1759 ministerio
1504 1724 1705 1767 evangelico
1738 1723 1836 1756 nulla
1863 1723 1997 1756 functio
2022 1723 2186 1757 mandata
2211 1735 2275 1756 an-

1288 1776 1372 1820 gelis
1391 1787 1429 1807 ac
1446 1772 1651 1807 hominibus
1680 1774 1716 1806 in
1735 1774 1832 1806 coelo
1850 1780 1882 1806 et
1899 1773 1936 1805 in
1954 1779 2048 1807 terra
2064 1773 2178 1806 maior
2193 1780 2254 1806 est.

1391 1824 1462 1858 Res
1483 1825 1572 1867 ipsas
1590 1831 1705 1857 niente
1729 1824 1944 1862 intueamur,
1976 1830 2009 1856 et
2034 1823 2211 1867 paulisper
2231 1824 2276 1856 ab

1289 1875 1442 1909 externis
1459 1874 1657 1917 tragoediis,
1677 1886 1764 1918 quae
1781 1873 1978 1916 impediunt
1997 1873 2177 1914 iudicium,
2193 1885 2278 1907 ocu-

1290 1927 1343 1960 los
1359 1925 1595 1959 deflectamus.
1647 1924 1725 1957 Non
1750 1923 1918 1957 intuearis
1941 1923 1978 1956 in
1996 1923 2106 1957 Paulo
2123 1923 2279 1963 vulnera,

1292 1976 1493 2019 compedes,
1527 1975 1717 2019 supplicia,
1763 1986 1834 2007 non
1871 1974 1908 2006 in
1935 1972 2077 2007 Pastore
2111 1974 2279 2018 inopiam,

1293 2027 1508 2071 squalorem,
1540 2025 1683 2063 famem,
1718 2025 1838 2058 exilia:
1878 2024 1938 2057 sed
1972 2023 2085 2067 ipsum
2118 2025 2279 2058 ministe-

1295 2079 1398 2111 rium.
1451 2074 1573 2109 Edidit
1595 2087 1633 2108 ex
1658 2087 1785 2108 arcano
1809 2074 1890 2107 sinu
1905 2072 2000 2107 Deus
2023 2085 2142 2107 vocem
2160 2072 2280 2108 Evan-

1297 2129 1356 2167 lii,
1391 2125 1455 2160 liae
1472 2125 1603 2169 colligit
1620 2125 1687 2158 sibi
1712 2132 1887 2159 aeternam
1902 2121 2116 2163 Ecclesiam,
2151 2122 2215 2158 hac
2243 2125 2279 2158 in

1296 2178 1473 2211 mentibus
1496 2177 1654 2209 accendit
1677 2187 1802 2209 novam
1833 2175 1965 2213 lucem',
2006 2181 2039 2208 et
2071 2186 2188 2208 veram
2210 2175 2279 2209 Dei

1298 2228 1533 2269 agnitionem,
1558 2224 1621 2259 liae
1640 2238 1721 2259 vnce
1736 2226 1844 2259 ell'nso
1863 2225 1898 2257 in
1917 2236 1981 2257 nos
1998 2224 2133 2268 Spiritu
2151 2232 2282 2264 sancto.

1299 2276 1442 2311 inchoat
1461 2278 1495 2309 in
1515 2277 1617 2310 nobis
1638 2276 1742 2310 vitam
1762 2283 1955 2314 aeternam,
1979 2281 2018 2308 ut
2038 2275 2167 2309 Paulus
2183 2276 2283 2309 affir—

1299 2337 1379 2367 mat,
1407 2329 1542 2361 dicens:
1570 2325 1802 2369 Evangelinm
1818 2337 1890 2359 esse
1908 2325 2187 2369 potentii-muci,
2214 2337 2282 2371 qua

1299 2380 1384 2412 salvi
1405 2380 1488 2411 liant
1505 2378 1695 2411 credentes.
1734 2375 1777 2410 Et
1795 2378 1836 2409 ad
1848 2373 2054 2409 Corinthios
2073 2376 2136 2409 ait:
2165 2373 2282 2409 Evan-

1299 2431 1429 2472 gelium
1448 2440 1519 2461 esse
1535 2428 1768 2460 ministerium
1783 2427 1953 2471 Spiritus,
1988 2438 2060 2458 non
2079 2425 2218 2463 literae.
2247 2426 2283 2458 iil

1301 2487 1361 2519 est,
1388 2492 1447 2523 per
1465 2479 1559 2523 quod
1575 2478 1685 2510 ess'uso
1704 2478 1738 2510 in
1758 2485 1890 2511 mentes
1899 2475 2034 2520 Spiritu
2050 2482 2186 2516 sancto,
2213 2476 2283 2510 vita

1301 2538 1438 2564 aeterna
1459 2529 1671 2563 accenditur.

1405 2579 1520 2613 liuius
1536 2579 1623 2612 tanti
1644 2578 1798 2611 muneris
1814 2576 2036 2619 magnitudo,
2063 2577 2160 2609 nulla
2178 2576 2285 2610 ullius

1303 2631 1438 2673 angeli,
1486 2636 1544 2663 aut
1575 2627 1729 2661 liominis
1760 2626 1957 2672 eloquentia
1987 2626 2069 2659 satis
2093 2627 2284 2671 praedicari

1306 2689 1426 2726 potest.
1482 2681 1568 2713 Nam
1587 2677 1652 2712 huc
1676 2691 1746 2712 uno
1764 2689 1906 2711 munero
1924 2673 2082 2710 homines
2101 2677 2285 2721 praecipue
