2338 2958
95 120 166 155 169

95 217 161 239 nae
178 203 304 237 mentis
319 203 431 236 inesse
449 209 482 236 et
498 213 614 236 mores
635 214 674 236 ac
697 203 892 237 sententiae
911 215 990 236 cum
1006 209 1080 235 stu-

95 255 164 289 diis
186 265 376 297 congruere
401 253 531 286 debent
555 261 675 287 contra
697 254 918 294 ebrietatem,
953 265 1020 298 qua
1042 253 1079 285 in

94 303 159 340 hac
180 305 321 350 quidem
344 304 415 337 vita
438 301 530 336 nihil
553 304 690 337 foedius
707 316 779 337 esse
795 310 926 348 potest,
960 304 1081 337 dicen-

93 357 179 389 dum
205 355 267 396 sit,
297 352 389 388 nihil
412 355 554 394 dubito,
588 355 674 399 quin
699 355 780 388 satis
804 366 933 399 aequos
959 361 991 388 et
1019 355 1082 387 be·-

94 407 221 450 nignos
236 405 414 439 auditores
431 405 495 438 sim
515 402 710 439 habiturus.
762 403 809 438 Et
826 417 881 438 me
899 412 1081 439 contume-

94 457 142 490 lia
166 467 228 490 vos
257 456 392 489 afficere
423 455 632 496 iudicarem,
666 455 694 488 si
722 456 819 488 velut
847 456 1012 489 dubitans
1039 456 1081 488 de

95 513 208 541 vestra
226 507 263 539 in
280 504 344 539 hac
359 518 459 539 causa
478 505 740 546 benevolentia,
766 506 868 548 longa
894 506 1083 550 praefatio-

95 569 139 591 ne
155 569 229 591 eam
245 554 336 589 mihi
357 557 612 590 conciliandam
634 563 805 600 putarem.
857 555 1082 601 Quapropter

95 606 160 642 hac
177 608 319 652 quidem
336 615 433 651 parte
449 607 592 647 omissa,
621 619 732 640 unum
751 618 813 639 vos
830 608 1016 650 precabor,
1043 613 1082 640 ut

93 658 122 692 si
147 658 265 691 minus
289 670 393 703 quam
416 670 480 702 pro
504 657 683 691 atrocitate
712 669 752 690 ac
779 657 945 691 foeditate
976 656 1082 691 huius

94 709 217 752 flagitii
241 709 354 742 dicam
376 715 407 741 et
430 714 573 752 propter
594 707 870 741 imbecillitatem
889 709 988 741 oneri
1005 720 1078 741 suc-

95 760 255 793 cumbam
269 784 278 798 ,
320 759 356 792 id
390 770 453 803 pro
487 764 600 792 vest-ra
634 759 810 803 aequitate
846 760 949 792 aetati
977 771 1083 799 meae,

96 822 201 855 quam
226 809 390 852 gravibus
413 808 628 851 argumentis
655 809 847 842 tractandis
878 807 992 843 adhuc
1017 810 1076 842 im-

96 867 268 894 maturam
285 871 356 892 esse
371 860 515 897 videtis,
544 867 577 893 et
602 859 766 893 tenuitati
791 860 924 903 ingenii
951 861 1084 893 condo—

95 911 198 945 netis.
250 910 356 953 Quod
381 922 436 943 me
452 909 593 955 quidem
612 923 630 942 a
646 911 746 943 vobis
765 923 838 943 non
861 911 1003 944 difficile
1019 911 1085 943 im-

96 968 314 1006 petraturum
333 962 483 1005 spondet
498 972 632 994 summa
651 958 850 995 humanitas
867 969 979 995 vestra
998 959 1085 994 mihi

95 1024 169 1046 non
186 1012 318 1055 ignota.

200 1059 341 1096 Omissa
362 1061 471 1105 igitur
494 1061 653 1104 longiore
677 1062 909 1105 praefatione,
944 1063 987 1095 ad
1012 1074 1083 1094 rem

97 1113 214 1157 potius
237 1113 347 1156 ipsam
369 1112 584 1145 accedamus.
644 1110 697 1145 De
721 1113 926 1146 temulentia
949 1111 1036 1145 mihi
1055 1119 1085 1145 et

97 1163 264 1197 ebrietate
285 1162 323 1195 in
346 1161 542 1206 praesentia
567 1163 680 1196 oratio
704 1163 786 1204 erit,
826 1164 1086 1201 Adulescentes,

96 1215 139 1248 de
155 1225 222 1259 qua
239 1224 319 1256 ego,
346 1213 404 1245 sed
420 1212 489 1245 alio
509 1213 661 1256 quodam
677 1215 783 1247 modo
800 1214 916 1247 dicere
934 1226 1086 1258 possum,

97 1265 194 1310 quod
225 1265 268 1296 de
298 1263 429 1296 virtute
462 1261 562 1296 Plato
597 1263 703 1304 dixit,
747 1265 974 1298 incredibiles
1010 1276 1085 1297 eam

97 1326 233 1348 amores
253 1314 292 1346 in
308 1313 434 1346 animis
448 1310 652 1354 hominum,
678 1314 705 1347 si
724 1315 834 1347 oculis
853 1316 985 1358 percipi
1007 1326 1087 1359 pos-

98 1371 165 1406 set,
197 1364 434 1398 excitaturam.
492 1363 546 1396 Ita
571 1364 770 1397 ebrietatem
785 1391 794 1404 ,
827 1366 856 1397 si
881 1366 956 1398 eius
975 1365 1089 1408 turpi—

98 1416 204 1456 tudo,
231 1420 362 1459 quanta
384 1419 453 1452 est,
484 1425 502 1446 a
528 1413 632 1447 nobis
654 1421 872 1455 cerneretur,
902 1427 941 1448 ac
965 1416 993 1448 si
1015 1426 1087 1447 non

98 1465 191 1500 oculi
206 1464 318 1498 nostri
332 1475 405 1497 rem
421 1470 490 1497 tam
505 1464 643 1497 foedam
658 1466 910 1498 consuetudine
928 1467 1089 1510 quadam,

98 1528 167 1562 qua
180 1512 274 1548 nihil
293 1515 330 1547 in
355 1515 460 1547 rebus
476 1514 577 1547 malis
592 1515 777 1548 nocentius
800 1522 867 1555 est,
894 1528 1002 1559 prope
1020 1516 1086 1547 iam

98 1569 189 1600 serre
207 1565 428 1605 didicissent,
456 1561 551 1597 haud
570 1564 677 1598 dubie
697 1565 942 1607 gravissimum
965 1566 1087 1598 odium

98 1618 153 1651 sui
176 1617 269 1661 apud
293 1626 414 1649 omnes
434 1615 639 1658 parituram.
692 1615 804 1648 Nemo
820 1616 913 1648 enim
933 1623 1000 1656 est,
1027 1616 1089 1661 qui

98 1679 172 1702 non
197 1673 271 1700 toto
294 1677 440 1710 corpore
463 1672 567 1710 atque
591 1665 711 1699 animo
739 1663 1016 1707 cohorresceret‚
1049 1679 1088 1699 ae

97 1719 194 1753 velut
209 1718 253 1750 ad
271 1717 470 1750 ominosum
484 1723 517 1749 et
532 1716 724 1750 infaustum
736 1717 877 1761 aliquod
890 1724 1087 1750 monstrum

98 1774 258 1814 paveret,
284 1767 420 1812 quoties
436 1767 474 1799 in
495 1766 583 1800 ebrii
601 1767 749 1800 alicuius
764 1764 921 1800 hominis
943 1779 1083 1811 conspe-

99 1826 194 1854 ctum
207 1818 406 1856 incidisset,
433 1817 462 1849 si
477 1828 551 1849 non
569 1817 678 1851 veluti
691 1818 814 1851 morbo
831 1819 980 1862 quodam
996 1818 1087 1851 oculi

102 1869 213 1903 nostri
237 1866 391 1901 hebetati
415 1867 644 1908 caecutirent,
670 1874 704 1901 et
724 1875 858 1901 mentes
881 1870 922 1901 ad
947 1881 1086 1902 sensum

99 1926 216 1954 tantae
237 1917 414 1951 foeditatis
439 1918 692 1951 consuetudine
716 1919 789 1961 ipsa
818 1919 885 1951 iam
905 1920 1088 1953 occalluis-

100 1976 187 2004 sent.
246 1968 284 2002 Si
304 1968 396 2000 enim
416 1980 494 2000 cum
512 1968 597 2012 quid
614 1968 651 2000 in
667 1975 790 2002 natura
807 1981 923 2003 rerum
949 1982 966 2003 a
992 1982 1087 2003 com-

100 2019 201 2054 muni
219 2019 292 2062 lege
318 2030 357 2051 ac
379 2019 504 2051 ordine
528 2019 725 2052 deerratum
752 2020 929 2061 videmus,
961 2018 1087 2054 exhor-

99 2083 176 2105 rere
189 2076 292 2114 atque
316 2080 354 2102 ea
371 2075 526 2102 monstra
543 2069 739 2102 abominari
765 2070 934 2110 solemus,
967 2078 1086 2115 utpote

99 2133 178 2156 cum
196 2133 235 2154 ex
251 2121 342 2153 bove
358 2119 518 2162 bicipites
543 2120 690 2161 vitulos,
724 2132 763 2153 ex
789 2132 849 2154 sue
872 2133 992 2154 canem
1013 2123 1087 2155 edi-

100 2180 173 2206 tum
185 2198 195 2212 ,
221 2177 281 2205 aut
296 2170 430 2215 aliquid
447 2170 651 2203 inusitatum
667 2183 685 2204 e
707 2177 796 2204 terra
812 2178 931 2204 natum
943 2199 952 2213 ‚
979 2173 1032 2205 vel
1050 2173 1085 2205 in

100 2222 197 2256 coelo
229 2228 451 2264 conspectum
483 2221 696 2265 accepimus,
739 2234 811 2255 non
848 2223 964 2256 minus
996 2231 1086 2257 certe

99 2271 336 2306 abominabile
353 2278 385 2305 et
401 2271 613 2305 obscoenum
637 2279 838 2315 portentum
857 2272 1084 2307 iudicandum

99 2331 168 2364 est,
189 2335 268 2356 cum
285 2319 445 2354 homines
458 2322 783 2356 excellentissimam
800 2323 897 2356 illam
914 2331 1085 2364 naturam,

99 2386 189 2420 quae
203 2374 244 2406 ad
263 2372 410 2415 gloriam
426 2370 512 2410 Dei,
539 2373 581 2405 ad
606 2373 925 2414 immortalitatem,
951 2376 992 2408 ad
1013 2376 1083 2408 vir-

98 2431 207 2459 tutem
228 2430 331 2468 atque
347 2422 612 2466 temperantiam
627 2425 767 2457 condita
789 2431 857 2465 est,
885 2425 943 2458 illa
962 2426 1086 2459 imma-

98 2475 137 2508 ni
154 2473 322 2508 heluandi
341 2486 379 2506 ac
395 2474 601 2517 perpotandi
623 2475 878 2508 consuetudine
900 2475 946 2508 ita
965 2488 1002 2509 ex
1020 2473 1085 2509 ho-

99 2525 254 2558 minibus
270 2525 306 2557 in
329 2524 418 2557 seras
443 2523 569 2556 bestias
584 2526 826 2558 transformari
844 2526 1020 2567 videmus,
1045 2534 1084 2560 ut

100 2582 236 2620 praeter
260 2575 331 2608 oris
354 2575 564 2607 lineamenta
592 2575 628 2607 in
650 2575 719 2608 illis
737 2573 882 2609 humani
903 2574 993 2610 nihil
1009 2589 1084 2609 am-

604 2624 653 2659 At
675 2626 760 2671 quid
783 2628 826 2660 de
847 2627 966 2661 bestiis
993 2628 1083 2666 dico,

99 2625 194 2670 plius
217 2636 401 2669 agnoscere
424 2625 544 2669 possis.

98 2687 246 2721 quarum
270 2675 339 2709 vita
362 2682 443 2709 utut
467 2682 533 2715 est,
560 2676 671 2710 multo
694 2683 803 2718 certe,
830 2690 932 2722 quam
955 2675 1081 2712 horum

761 116 919 155 DECL.
974 115 1049 152 DE
1091 113 1449 151 EBRIETATE.

1111 2367 1113 2410 ff
1140 2375 1187 2407 mi
1213 2375 1327 2417 vigere
1353 2387 1391 2407 ac
1419 2376 1532 2408 valere
1555 2376 1740 2410 debebant.

1111 2464 1112 2470 ἵ
1139 2425 1235 2457 nulla
1263 2425 1356 2457 enim
1381 2437 1460 2468 pars
1476 2433 1524 2459 est
1547 2427 1720 2469 corporis,
1748 2438 1860 2470 neque
1881 2427 2009 2466 animi,
2036 2439 2123 2471 quae

2048 114 2118 150 170

1133 197 1341 241 hominum,
1377 202 1495 235 minus
1523 207 1573 235 est
1607 201 1838 243 detestabilis,
1878 208 1998 246 utpote
2029 213 2117 247 quae

1132 256 1279 283 naturae
1303 251 1370 294 ipsi
1390 257 1506 285 tamen
1530 252 1719 285 conformis
1743 259 1775 286 et
1800 260 2032 286 consentanea
2055 259 2115 286 est.

1134 298 1182 334 At
1206 301 1263 334 isti
1290 298 1450 334 homines
1473 303 1590 345 sugere
1614 314 1758 346 prorsus
1780 314 1815 336 se
1840 303 1924 347 ipsi,
1951 310 1984 337 et
2001 301 2118 336 homi-

1134 363 1215 383 nem
1250 363 1290 384 ex
1324 349 1467 385 homine
1501 359 1681 394 exuentes,
1730 360 1890 387 naturam
1925 352 2117 387 humanam

1134 401 1248 434 odisse
1271 403 1454 441 videntur,
1489 403 1559 435 imo
1585 415 1666 435 vero
1690 416 1768 437 cum
1793 416 1831 437 ea
1855 405 2119 448 belligerantur,

1135 459 1168 485 et
1183 460 1374 496 expugnata
1392 453 1484 496 ipsa,
1510 454 1631 494 aliam,
1659 466 1697 486 ae
1714 455 1823 488 nimio
1841 455 1920 499 plus
1936 467 2039 500 quam
2057 455 2120 487 be-

1135 503 1268 535 luinam
1286 504 1456 544 induunt,
1482 510 1521 537 ut
1538 510 1628 537 recte
1646 504 1778 537 dictum
1796 506 1857 539 sit:
1886 504 2040 539 Omnem
2057 517 2119 537 na-

1137 561 1249 586 turam
1275 565 1363 598 quae
1387 566 1405 587 a
1427 566 1487 587 sua
1512 554 1626 599 specie
1649 555 1851 598 degeneret,
1877 557 1913 588 in
1931 557 2042 590 multo
2059 557 2120 589 de-

1136 604 1300 638 teriorem
1317 605 1431 645 abire,
1458 617 1562 649 quam
1578 605 1606 637 si
1624 617 1699 637 eam
1718 611 1879 639 naturam
1896 607 2121 649 ingenuisset.

1135 653 1182 687 Et
1206 667 1284 687 cum
1309 652 1546 696 horrendum,
1579 663 1652 689 tum
1684 667 1765 688 vero
1798 656 1901 689 etiam
1924 657 2122 690 miserabile

1137 711 1208 746 est,
1230 718 1269 738 ex
1287 706 1451 739 omnibus
1466 706 1704 739 animantibus
1727 718 1838 740 unum
1855 704 2034 741 hominem
2050 715 2122 741 tam

1136 756 1240 798 longe
1259 757 1302 789 ab
1319 769 1356 789 ea
1373 757 1574 790 excellentia
1587 784 1596 797 ‚
1624 758 1666 789 ad
1685 769 1789 801 quam
1813 757 1983 792 divinitus
2001 758 2123 791 condi-

1138 813 1192 839 tus
1212 814 1279 847 est,
1305 808 1526 850 degenerare.
1580 808 1676 849 Quid
1695 808 1788 840 euim
1809 819 1880 841 esse
1895 816 1955 842 aut
1978 808 2123 851 cogitari

1140 864 1267 901 potest,
1294 869 1366 890 non
1383 859 1451 890 iam
1468 859 1581 891 dicam
1595 856 1825 899 humanitati,
1850 860 1909 892 sed
1926 859 1991 903 ipsi
2008 859 2123 891 omni-

1139 920 1184 940 no
1202 914 1348 941 naturae
1373 909 1482 952 magis
1505 910 1708 949 adversum,
1735 921 1839 954 quam
1857 910 1928 943 suis
1945 909 2125 949 membris,

1139 959 1335 991 valetudini
1364 960 1524 1004 vitaeque
1549 959 1732 1003 propriae,
1773 960 1868 993 ultro
1893 967 1924 993 et
1951 960 2048 993 nulla
2083 961 2126 992 de

1140 1021 1240 1041 causa
1265 1009 1336 1041 vim
1360 1010 1509 1043 afferre?
1561 1009 1686 1043 Solent
1709 1008 1774 1043 hoc
1798 1022 2055 1055 nonnunquam
2075 1011 2127 1043 fa—

1141 1071 1234 1099 cere,
1269 1061 1327 1104 qui
1351 1068 1467 1094 mente
1490 1061 1581 1104 capti
1609 1067 1712 1105 atque
1734 1061 1772 1093 in
1798 1061 1952 1094 furorem
1971 1061 2056 1101 acti,
2082 1072 2126 1093 ne

1140 1110 1272 1153 seipsos
1302 1111 1462 1151 laedant,
1505 1112 1656 1144 vinculis
1687 1109 1928 1145 cohercentur.
1995 1110 2045 1145 At
2070 1111 2126 1144 isti

1141 1158 1327 1200 helnones,
1355 1162 1415 1206 qui
1432 1159 1547 1195 adhuc
1570 1162 1698 1196 mentis
1722 1175 1760 1195 ac
1777 1163 1923 1196 rationis
1940 1169 2128 1206 compoteS,

1141 1212 1166 1244 si
1188 1211 1264 1244 Diis
1284 1212 1412 1255 placet,
1440 1213 1551 1245 videri
1570 1213 1770 1256 postulant,
1797 1213 1825 1246 si
1842 1214 1948 1246 modo
1966 1220 2068 1252 sunt,
2095 1219 2129 1245 et

1140 1274 1212 1294 non
1230 1264 1340 1295 multo
1358 1264 1510 1305 graviori
1531 1275 1656 1305 genere
1679 1264 1808 1296 furoris
1833 1264 2027 1307 agitantur,
2064 1261 2128 1296 bo-

1141 1313 1255 1345 stilem
1280 1313 1315 1345 in
1339 1315 1482 1347 modum
1508 1314 1576 1347 sibi
1598 1314 1663 1357 ipsi
1688 1325 1814 1347 manus
1837 1314 2007 1355 afferunt,
2040 1314 2076 1346 in
2094 1325 2129 1346 se

1142 1363 1234 1405 ipsos
1265 1364 1473 1404 saevientes,
1515 1364 1825 1409 infestissimosque
1854 1365 2013 1405 morbos,
2049 1376 2129 1397 cru-

1142 1413 1269 1450 ciatus,
1295 1421 1398 1457 atque
1416 1414 1578 1452 exitium,
1605 1414 1699 1447 ultro
1722 1426 1759 1448 ac
1776 1415 1931 1448 volentes
1950 1415 2129 1448 videntes-

1142 1474 1208 1507 que
1227 1463 1295 1495 sibi
1312 1472 1502 1498 accersunt.
1544 1463 1584 1496 Id
1602 1465 1647 1498 ita
1664 1476 1734 1498 esse
1749 1466 1952 1509 quotidiana
1971 1466 2128 1510 exempla

1142 1513 1248 1545 nimis
1272 1513 1380 1546 multa
1413 1520 1606 1554 testantur,
1639 1521 1670 1547 et
1697 1527 1751 1548 res
1773 1516 1932 1560 loquitur
1962 1516 2053 1560 ipsa,
2090 1523 2130 1550 ut

1142 1575 1324 1607 nunquam
1346 1565 1461 1597 verius
1484 1576 1587 1610 quam
1614 1562 1680 1598 hoc
1703 1572 1858 1609 tempore
1881 1567 1948 1599 dici
1966 1567 2130 1611 potuerit,

1141 1614 1259 1658 plures
1277 1615 1418 1657 crapula
1437 1628 1540 1660 quam
1563 1615 1678 1658 gladio
1701 1617 1927 1657 occumbere,
1953 1617 2024 1650 imo
2046 1629 2128 1650 vero

1141 1666 1260 1709 plures
1284 1666 1424 1709 crapula
1451 1667 1582 1710 seipsos
1603 1667 1792 1700 crudeliter
1815 1668 1990 1708 occidere,
2024 1680 2128 1712 quam

1141 1716 1215 1748 ullo
1243 1716 1311 1749 alio
1338 1727 1462 1758 genere
1485 1717 1608 1750 mortis
1636 1724 1696 1751 aut
1719 1729 1860 1751 casuum
1892 1715 2128 1752 humanorum

1142 1766 1266 1810 perire.
1327 1766 1416 1799 Nam
1441 1769 1532 1812 quod
1560 1765 1644 1800 haec
1671 1768 1716 1803 sit
1749 1769 1945 1802 communis
1972 1769 2067 1803 labes
2091 1781 2129 1802 ac

1142 1817 1243 1850 ruina
1260 1817 1422 1851 sanitatis
1440 1819 1548 1851 animi
1566 1819 1696 1861 pariter
1719 1831 1757 1851 ac
1773 1820 1945 1862 corporis,
1972 1821 2064 1864 quod
2085 1820 2127 1852 ad

1142 1870 1438 1911 corrumpendum
1460 1882 1498 1902 ac
1523 1870 1756 1911 frangendum
1789 1870 1942 1913 vigorem
1967 1870 2126 1903 omnium

1141 1919 1399 1960 membrorum,
1435 1921 1478 1952 ad
1504 1920 1645 1952 exitium
1671 1932 1709 1953 ac
1731 1928 1878 1953 mortem
1904 1921 2001 1953 nulla
2019 1921 2128 1963 magis

1141 1970 1419 2013 compendiaria,
1453 1982 1517 2003 nec
1541 1971 1681 2003 brevior
1703 1971 1747 2004 sit
1771 1972 1845 2011 via,
1880 1983 1952 2003 non
1972 1972 2129 2014 longum,

1141 2032 1254 2064 neque
1279 2020 1422 2053 difficile
1454 2022 1518 2055 erit
1540 2022 1733 2054 ostendere.
1793 2020 1907 2063 Quem
1934 2022 2027 2054 enim
2058 2034 2127 2055 un-

1141 2083 1245 2115 quam
1262 2071 1399 2104 vidistis
1417 2073 1594 2105 ebriosum
1611 2069 1808 2111 hominem,
1834 2072 1889 2104 cui
1908 2084 1980 2105 non
1999 2073 2034 2105 in
2053 2085 2126 2105 me-

1141 2122 1197 2154 dia
1226 2122 1364 2155 iuventa
1390 2135 1515 2166 corpus
1541 2123 1637 2155 omni
1663 2134 1788 2165 genere
1812 2123 2016 2156 morborum
2043 2135 2125 2155 con-

1140 2173 1268 2205 sectum
1295 2185 1332 2205 ac
1359 2173 1596 2212 debilitatum,
1633 2185 1754 2206 sensus
1781 2185 1902 2206 omnes
1928 2173 2125 2207 labefactati

1141 2223 1366 2267 corruptique
1382 2224 1552 2256 fuissent?
1594 2221 1753 2268 Occupat
1767 2224 1847 2256 illos
1866 2224 2001 2257 senium
2019 2231 2052 2257 et
2068 2237 2126 2257 oc-

1140 2285 1236 2306 casus
1266 2274 1374 2313 vitae,
1413 2275 1496 2306 dum
1526 2271 1641 2307 adhuc
1670 2282 1751 2308 sunt
1775 2275 1935 2314 iuvenes,
1971 2276 2125 2319 dumque

1141 2337 1244 2368 quam
1269 2324 1418 2357 maxime
1441 2325 1574 2357 viribus
1600 2325 1729 2368 pariter
1754 2325 1910 2368 corporis
1928 2332 2030 2370 atque
2047 2326 2124 2357 ani-

1793 2375 1914 2420 Neque
1932 2376 1964 2408 id
1984 2376 2124 2415 mirum,

1139 2488 1210 2508 non
1229 2476 1291 2508 ista
1309 2476 1452 2508 immani
1471 2478 1677 2520 perpotandi
1695 2490 1732 2509 ac
1755 2474 1920 2509 holuandi
1937 2484 2123 2510 consuetu-

1139 2527 1220 2559 dine
1249 2526 1452 2567 gravissime
1481 2528 1650 2561 laedatur.
1720 2525 1946 2561 Stomachum
1970 2528 2120 2571 primum

1137 2584 1171 2610 et
1192 2589 1292 2620 epar,
1327 2589 1485 2622 quaeque
1501 2579 1568 2611 alia
1586 2579 1741 2611 membra
1761 2578 1950 2610 nutritioni
1970 2584 2121 2610 caetero-

1137 2639 1215 2660 rum
1234 2627 1403 2661 destinata
1429 2635 1529 2669 sunt,
1561 2641 1699 2662 necesse
1725 2635 1792 2668 est,
1821 2628 1885 2661 isto
1913 2628 2118 2671 poculorum

1108 2710 1111 2718 k
1137 2678 1299 2722 proluvio
1326 2678 1370 2712 ita
1395 2679 1571 2713 debilitari
1599 2687 1702 2725 atque
1724 2678 1919 2722 corrumpi,
1947 2684 1984 2710 ut
2007 2690 2120 2722 neque
