2338 2958
62 116 111 154 29

611 113 768 153 DECL.
801 115 875 151 DE
909 114 1329 151 MAXIMILIANO
1363 115 1517 152 CAES.

2035 121 2083 156 30

62 201 223 236 laudatos
248 199 453 245 Principes,
492 200 552 234 sed
587 199 794 236 clementiae
827 202 931 236 laude
968 214 1047 236 cum
1071 202 1075 236 l
1098 201 1165 234 mis
1187 202 1272 240 fuit,
1302 203 1348 236 ita
1364 214 1436 236 non
1455 203 1559 245 gessit
1575 215 1655 236 curn
1671 202 1749 237 aliis
1774 203 1884 242 bella,
1907 204 1977 239 nisi
2002 218 2082 239 cum

62 251 313 287 Maximiliano
338 264 411 285 non
436 258 566 285 temere
591 253 841 292 conferendos,
881 265 969 297 quae
992 253 1048 286 vel

61 300 130 336 hoc
150 302 304 346 amplior
326 309 395 344 est,
422 303 517 347 quod
541 302 614 347 ipsa
642 303 685 337 sit
711 304 870 336 omnium
889 301 1048 337 heroica-

60 364 141 386 rum
158 353 330 387 virtutum
349 365 503 394 summa,
525 366 628 397 prora
646 361 678 387 et
693 354 840 398 puppis,
857 361 896 388 ut
912 355 1044 388 dicunt.

59 400 203 437 Etenim
220 416 299 437 cum
316 415 431 437 sacrae
454 403 574 438 literae
591 403 705 437 Deum
725 402 811 448 Opt.
828 404 925 439 Max.
951 417 1046 438 mor-

60 455 190 490 talibus
216 455 437 498 potissimum
465 455 652 499 praeconio
675 455 879 489 clementiae
904 464 935 490 et
961 457 1044 501 φιλ-

60 503 283 551 ανθρωπίας
305 507 569 546 commendant,
603 517 673 538 non
699 512 811 549 potest
835 518 907 539 esse
932 508 1044 540 bonus

59 555 249 601 Princeps,
289 556 351 601 qui
383 568 455 590 non
487 557 590 601 pleno
621 563 761 599 pectore
790 564 1043 591 sacrosanctam

60 607 158 641 illam
177 607 336 641 coelestis
363 605 650 651 philanthropiae
673 607 822 650 speciem
844 608 1044 652 complexus

59 664 118 693 est.
170 657 261 691 Nam
287 656 352 691 hac
375 670 444 691 una
468 658 609 691 iubetur
623 659 769 691 maxime
786 659 915 691 referre
942 670 1044 702 supe-

59 722 139 744 rum
164 722 202 742 ac
228 709 375 742 coeleste
398 720 530 741 numen
556 709 593 741 in
613 709 727 742 terris.
780 708 941 743 Tandem
962 721 1043 743 vero

61 760 188 794 sedatis
229 759 404 793 intestinis
431 759 602 799 motibus,
641 758 884 802 Burgundiam
918 759 1044 793 Gallus

60 811 208 851 invasit,
232 811 295 843 uhi
322 821 422 853 saepe
448 822 526 843 cum
551 807 652 843 hoste
677 822 881 853 congressus
904 819 955 844 est
979 824 1044 844 no-

59 869 146 902 ster,
179 861 277 904 signa
312 872 413 904 saepe
446 860 582 894 retulit.
644 859 685 893 ln
709 873 863 902 summa,
897 860 1041 895 Gallum

61 911 254 946 Germania
273 911 491 951 exturbavit,
517 918 622 956 atque
640 909 696 944 hic
719 913 861 957 quidem
881 919 930 945 est
955 913 1043 945 adu-

60 963 247 998 lescentiae
268 961 497 996 Caesarianae
521 974 661 1000 cursim,
695 963 794 995 cuius
822 975 882 996 vos
905 970 1041 996 tautum

60 1013 250 1054 admonui,
277 1025 358 1045 nam
374 1019 412 1046 ut
430 1013 567 1056 singula
582 1013 818 1057 explicentur,
846 1026 960 1058 neque
978 1011 1043 1045 hoc

60 1064 193 1109 patitur
208 1064 349 1097 dicendi
374 1064 549 1108 spacium,
576 1075 689 1108 neque
708 1064 888 1106 ingenium
916 1077 1043 1098 meum.

61 1115 137 1148 lam
156 1122 188 1148 et
211 1115 347 1159 reliqua
368 1125 629 1157 percurremus,
656 1114 863 1147 melioribus
883 1115 965 1147 inde
984 1127 1041 1147 us—

60 1177 128 1211 que
144 1165 246 1199 annis
267 1176 346 1198 cum
363 1165 457 1198 bello
482 1171 556 1198 tum
572 1176 654 1208 pace
671 1172 763 1208 gesta
775 1192 783 1205 ,
810 1177 898 1210 quae
923 1165 1041 1198 omnia

59 1216 238 1260 ingentem
261 1222 294 1249 et
319 1227 398 1248 vere
413 1213 597 1249 horoicum
619 1214 858 1249 Maximiliani
885 1216 1041 1249 animum

59 1273 224 1310 arguunt.
253 1265 374 1311 ltaque
391 1266 419 1299 is
436 1266 556 1299 indole
573 1266 644 1306 tali,
663 1278 729 1300 usu
745 1279 863 1300 rerum
883 1266 952 1300 iam
970 1278 1042 1300 non

58 1317 248 1357 mediocri,
275 1328 369 1361 spem
388 1317 441 1350 sui
463 1323 594 1350 tantam
608 1316 822 1350 Germaniae
841 1318 1043 1361 proceribus

58 1368 160 1407 fecit,
183 1374 222 1401 ut
238 1379 349 1401 unum
364 1368 516 1400 fascibus
532 1366 706 1401 Romanis
717 1395 724 1408 ‚
753 1375 785 1401 et
801 1380 928 1401 corona
952 1367 1042 1401 Ger-

58 1418 189 1452 manici
208 1418 305 1461 regni
324 1418 470 1460 dignum
497 1417 708 1451 censuerint.
764 1417 959 1462 Imperator
983 1419 1044 1449 de-

59 1469 234 1513 signatus,
261 1469 354 1512 apud
366 1467 629 1513 Aquisgranum
640 1467 751 1511 Regio
768 1466 903 1501 honore
921 1475 1042 1500 auctus

58 1527 127 1560 est,
151 1519 257 1563 idque
277 1525 420 1564 parente
438 1519 538 1558 vivo,
565 1530 653 1562 quae
667 1518 754 1551 raris
771 1518 941 1551 foelicitas
959 1529 1043 1550 con-

58 1571 149 1615 tigit.
200 1569 361 1603 Primum
383 1569 543 1602 omnium
568 1568 781 1602 Germaniae
805 1575 932 1601 statum
956 1580 1041 1600 con-

57 1622 296 1656 foederatione
321 1619 469 1654 Suevica
500 1619 652 1660 sancita,
687 1620 928 1659 confirmavit,
963 1619 1040 1651 utili

59 1685 142 1707 sane
164 1671 330 1712 consilio,
365 1683 434 1716 quo
462 1669 675 1704 Germaniae
701 1682 783 1714 opes
814 1670 869 1703 vel
903 1669 1042 1713 potissi-

57 1736 155 1758 mum
173 1721 408 1756 communitae
427 1728 526 1755 sunt:
553 1721 621 1753 fuit
644 1721 737 1753 enim
758 1733 794 1753 ea
816 1721 1042 1753 confoedera-

59 1775 109 1810 tio
127 1772 296 1807 hactenus
316 1773 352 1805 in
377 1773 482 1805 rebus
498 1771 617 1804 dubiis
639 1771 869 1804 certissimum
892 1769 1042 1804 Germa-

61 1825 141 1858 niae
158 1823 390 1867 praesidium:
414 1820 572 1855 Ostriam
591 1822 718 1854 deinde
735 1822 778 1854 ab
791 1821 971 1863 Hungaris
989 1832 1041 1853 as-

62 1875 180 1908 seruit.
232 1873 308 1907 Sub
326 1873 418 1905 idem
438 1879 575 1915 tempus
590 1872 776 1915 imperavit
792 1871 920 1905 Turcis
938 1878 1041 1905 notae

61 1924 210 1958 ferociae
232 1923 388 1956 Baiazita
414 1934 490 1963 rex,
517 1922 577 1966 qui
605 1922 641 1954 in
657 1921 926 1966 Hellespontum
947 1934 1041 1965 gras-

61 1982 154 2009 satus
183 1974 294 2014 bello,
329 1972 469 2018 Illyrios
495 1973 634 2005 afflixit:
690 1972 885 2011 Dalmatas,
912 1974 1039 2006 deinde

61 2038 150 2072 quae
185 2032 266 2058 sunt
300 2024 338 2056 in
373 2023 514 2056 viciniis
541 2023 716 2066 regiones,
751 2022 971 2057 Carintlliam
1008 2031 1041 2057 et

61 2076 205 2111 Croatas
239 2075 386 2114 invasit,
419 2075 673 2118 depraedatum
706 2074 846 2107 similis:
899 2075 1039 2118 pessimi

60 2128 174 2161 fuerat
191 2126 339 2169 exempli
357 2137 411 2158 res
428 2126 543 2158 futura
556 2152 565 2165 ,
592 2125 659 2158 nisi
684 2125 933 2169 irrumpentem
961 2125 1039 2159 Ma-

61 2178 262 2212 ximilianus
286 2173 542 2220 prohibuisset:
579 2176 716 2220 aliquot
743 2176 939 2209 'furcarum
965 2189 1040 2209 ma-

61 2229 176 2274 nipuli
206 2229 243 2261 in
278 2228 360 2271 fuga
395 2227 483 2260 caesi
510 2233 603 2262 sunt.
656 2226 727 2259 Iam
755 2233 828 2259 tum
855 2224 922 2260 hoc
941 2229 1040 2270 duce,

62 2279 253 2314 Germania
277 2278 411 2312 Turcas
436 2278 531 2310 vinci
557 2289 656 2321 posse
676 2278 818 2317 didicit,
849 2289 889 2311 ex
912 2279 1041 2323 quibus

61 2343 126 2365 nos
143 2330 248 2374 paulo
265 2336 362 2369 ante,
379 2341 515 2373 semper
530 2329 615 2361 alias
632 2341 771 2373 quoque
790 2329 946 2370 invictis,
963 2341 1040 2372 gra-

61 2381 237 2415 vissimam
263 2380 396 2413 cladem
422 2380 486 2412 sub
502 2378 729 2423 Sigismundo
745 2379 891 2413 Caesare
909 2380 1040 2424 accepi-

60 2443 155 2466 mus:
183 2443 304 2464 verum
324 2427 415 2463 nihil
430 2431 544 2464 fuerat
567 2430 713 2473 periculi
731 2430 860 2464 nostris
877 2431 979 2464 rebus
1002 2443 1041 2464 ex

61 2482 188 2517 Turcis
206 2480 272 2516 hoc
289 2482 390 2521 vivo,
415 2493 518 2526 quem
534 2481 665 2514 scilicet
689 2482 756 2514 iam
775 2482 860 2515 olim
883 2481 1040 2524 agnitum

62 2543 136 2567 non
153 2539 282 2566 temere
299 2533 335 2565 in
353 2544 447 2565 arma
468 2531 623 2565 vocaturi
647 2539 761 2566 erant:
791 2539 922 2566 caetera
937 2531 1043 2566 Baia-

62 2585 130 2618 zita
152 2584 321 2623 invictus,
345 2581 451 2616 huius
476 2582 547 2615 vim
566 2595 637 2616 non
660 2583 837 2617 sustinuit.
892 2582 1043 2627 Regres-

62 2646 120 2669 sus
138 2634 265 2667 deinde
285 2634 322 2667 in
340 2633 532 2668 Sicambris
549 2634 680 2667 bellum
696 2635 819 2678 gessit,
841 2646 911 2679 quo
930 2640 1044 2668 essent

1097 252 1140 286 iis
1160 253 1221 298 qui
1240 253 1401 297 publicae
1420 255 1525 287 saluti
1541 254 1659 288 infesti
1675 261 1785 289 erant.
1828 254 2006 289 Privatam
2024 256 2082 289 in—

1097 303 1223 336 iuriam
1242 304 1382 337 videtur
1399 304 1519 337 tulisse
1535 305 1651 338 minus
1676 317 1794 349 aegre,
1816 318 1921 351 quam
1945 307 2080 340 soleant

1095 354 1200 397 vulgo
1228 353 1366 398 Regum
1390 354 1543 398 ingenia.
1605 355 1673 389 Sed
1700 357 1785 401 quid
1814 368 1886 390 non
1914 357 2080 400 privatim

1094 405 1201 439 ferret
1230 405 1258 438 is
1276 406 1337 451 qui
1360 418 1434 438 non
1460 405 1527 439 sibi
1549 406 1679 439 sciehat
1696 407 1884 451 imperium
1902 408 1992 450 geri,
2020 409 2078 441 sed

1094 453 1298 490 Christiano
1325 457 1476 501 populo,
1512 457 1582 489 imo
1604 454 1766 490 Christo?
1795 470 1858 490 nec
1882 458 1978 491 aliud
2008 470 2080 492 esse

1094 505 1246 549 Regem,
1279 519 1385 552 quam
1411 508 1546 541 bonum
1570 509 1880 551 patremfamilias?
1913 509 1974 553 qui
2005 517 2080 543 tum

1094 568 1129 589 se
1154 558 1294 590 demum
1318 559 1459 592 beatum
1487 564 1603 602 putat,
1630 570 1708 590 cum
1736 559 1870 591 beatam
1895 559 1990 593 videt
2017 571 2078 593 sua

1094 620 1174 640 cura
1189 635 1198 648 ,
1225 608 1297 641 suis
1316 609 1490 649 consiliis,
1513 621 1575 641 sua
1594 608 1768 642 industria
1788 609 1970 643 familiam.
2027 609 2080 644 Ita

1093 658 1202 701 Regis
1225 666 1293 700 est,
1319 671 1390 692 non
1420 659 1569 693 libidine
1593 671 1653 691 sua
1675 662 1821 692 modum
1840 666 1990 693 statuere
2012 661 2080 693 im-

1094 710 1217 753 periis,
1244 711 1304 742 sed
1321 711 1506 744 commodo
1524 709 1679 754 publico.
1734 709 1815 752 Quo
1834 710 1951 743 minus
1967 712 2080 744 bonos

1093 767 1200 803 agunt
1226 760 1427 805 Principes,
1463 761 1524 805 qui
1552 761 1619 793 sibi
1644 761 1785 804 quidvis
1807 760 1913 794 licere
1939 769 2079 805 putant:

1094 811 1248 854 peiores,
1277 812 1405 857 quibus
1421 812 1562 857 quidvis
1580 811 1684 852 libet,
1711 812 1757 844 ita
1775 811 1938 845 videlicet
1961 812 2081 845 imbu-

1093 862 1159 900 tis,
1196 869 1235 895 ut
1259 863 1358 896 nullo
1384 862 1586 896 discrimine
1615 859 1761 895 honesta
1788 874 1827 894 ac
1851 861 1989 906 turpia,
2029 862 2081 895 fas

1094 912 1191 945 nefas
1210 913 1396 946 misceant:
1426 913 1486 958 qui
1510 925 1545 946 se
1570 924 1715 955 regnare
1737 925 1811 945 non
1837 919 1984 957 putant,
2012 913 2080 946 nisi

1094 975 1154 1006 per
1177 964 1297 997 omnia
1319 964 1500 1004 libidinis,
1527 976 1566 996 ac
1586 963 1815 1007 turpitudinis
1838 963 2080 996 crudelissima

1093 1014 1267 1058 exempla,
1311 1014 1384 1055 ius,
1434 1015 1504 1055 fas,
1553 1015 1707 1054 bonum,
1755 1026 1923 1058 aequum,
1973 1014 2082 1057 pium,

1092 1071 1273 1104 sanctum,
1302 1065 1423 1105 fidem,
1450 1065 1675 1107 religionem,
1703 1064 1855 1110 denique
1871 1065 1990 1098 omnia
2013 1077 2081 1108 pu-

1092 1115 1181 1148 blica
1209 1122 1242 1148 et
1269 1116 1403 1159 privata
1427 1116 1650 1150 conturbent.
1711 1114 1802 1149 Nolo
1835 1127 1930 1148 nuuc
1954 1115 2080 1147 memi-

1091 1166 1183 1198 nisse
1209 1165 1464 1206 Claudiorum,
1488 1166 1692 1206 Neronum,
1718 1164 1926 1206 Commodi,
1954 1164 2081 1198 Helio—

1091 1217 1224 1260 gabali,
1249 1215 1484 1258 Diocletiani,
1508 1216 1701 1257 Maxentii,
1729 1223 1761 1250 et
1780 1216 1962 1251 similium.
2010 1214 2079 1260 lpsi

1091 1279 1156 1300 nos
1187 1268 1225 1299 in
1257 1264 1337 1301 sinu
1370 1275 1513 1309 nostro,
1545 1266 1734 1306 Germani,
1770 1267 1831 1312 qui
1865 1266 2080 1300 assuevimus

1090 1330 1227 1362 semper
1241 1329 1313 1351 esse
1332 1319 1455 1359 liberi,
1483 1319 1568 1351 tales
1593 1318 1720 1351 alimus
1739 1317 1913 1360 Regulos3
1941 1329 2030 1362 quos
2051 1316 2078 1350 si

1091 1381 1170 1400 cum
1196 1369 1370 1401 maiorum
1398 1369 1607 1401 saevissimis
1636 1378 1667 1401 et
1691 1368 1955 1401 immanissimis
1979 1367 2080 1410 flagi-

1091 1419 1149 1450 tiis
1175 1430 1438 1462 comparemus,
1475 1419 1576 1451 facile
1603 1418 1832 1459 crediderim,
1866 1430 1966 1462 posse
1999 1418 2079 1451 illos

1091 1466 1197 1501 hodie
1222 1468 1259 1499 in
1288 1480 1476 1500 numerum
1501 1469 1678 1501 bonorum
1702 1468 1908 1512 Principum
1929 1469 2077 1501 relatum

1092 1518 1149 1551 iri.
1201 1517 1343 1559 Quanto
1361 1519 1468 1551 satius
1490 1525 1562 1551 erat
1582 1518 1764 1562 Principes
1788 1516 1894 1551 huius
1919 1519 2039 1552 aetatis
2061 1531 2078 1551 e

1094 1568 1331 1601 Maximiliani
1351 1568 1512 1612 ingenio,
1541 1580 1600 1602 sua
1625 1576 1835 1612 temperare,
1861 1577 1899 1602 ut
1926 1581 2029 1614 quem
2059 1581 2077 1601 a

1091 1619 1225 1662 superis
1250 1626 1454 1663 acceperant
1475 1626 1627 1662 patrem,
1662 1626 1695 1652 et
1721 1627 1953 1660 servatorem,
1988 1631 2076 1652 eun—

1091 1672 1168 1702 dem
1185 1670 1344 1703 moribus
1369 1671 1561 1711 referrent,
1588 1670 1643 1703 vel
1662 1667 1727 1703 hoc
1745 1670 1869 1710 etiam,
1897 1683 1967 1715 quo
1996 1681 2077 1712 gra—

1092 1720 1280 1753 titudinem
1304 1719 1412 1753 animi
1449 1722 1503 1753 sui
1537 1721 1744 1754 coelestibus
1775 1721 2011 1761 declararent,
2048 1720 2077 1753 si

1090 1771 1191 1803 illum
1217 1771 1267 1803 sic
1289 1778 1403 1804 essent
1428 1771 1620 1815 complexi,
1646 1778 1684 1804 ut
1709 1771 1783 1804 eius
1806 1783 1910 1816 quam
1927 1772 2077 1804 maxime

1090 1821 1222 1854 similes
1245 1832 1280 1854 se
1302 1822 1444 1857 vellent.
1498 1822 1538 1855 In
1565 1820 1631 1855 hoc
1656 1834 1733 1855 cum
1759 1834 1894 1866 semper
1915 1822 2078 1866 publicae

1090 1873 1210 1906 salutis
1233 1873 1355 1905 arserit
1378 1885 1478 1911 cura,
1513 1871 1604 1905 nihil
1631 1885 1702 1905 non
1729 1873 1849 1906 datum
1886 1879 1936 1906 est
1958 1873 2075 1906 studio

1092 1923 1202 1966 pacis,
1231 1923 1392 1966 publicae
1414 1923 1532 1968 pietati
1556 1931 1589 1957 et
1612 1923 1787 1965 religioni.
1841 1922 1918 1967 Ipse
1940 1935 2077 1967 semper

1091 1975 1127 2006 in
1145 1975 1251 2006 armis
1267 1974 1352 2015 suit,
1375 1986 1419 2007 ne
1439 1987 1596 2019 unquam
1620 1975 1737 2007 subito
1754 1981 1852 2008 motu
1871 1974 2076 2007 turbaretur

1093 2024 1294 2058 Germania.
1350 2024 1427 2069 lpse
1451 2037 1587 2069 semper
1605 2025 1695 2058 bella
1714 2025 1836 2068 gessit,
1862 2031 1900 2057 ut
1916 2025 1960 2057 ab
1976 2024 2074 2057 omni

1090 2082 1185 2109 metu
1202 2076 1376 2109 bellorum
1401 2082 1473 2109 tuta
1491 2083 1577 2109 esset
1597 2075 1805 2108 Germania:
1834 2088 1912 2108 cum
1931 2073 2076 2108 Geldris

1091 2127 1168 2159 ideo
1188 2126 1379 2165 dimicavit,
1401 2138 1445 2159 ne
1463 2127 1626 2159 viciniam
1646 2126 1839 2159 latrociniis
1853 2126 2074 2159 infestarent:

1090 2189 1167 2209 cum
1189 2176 1380 2217 Helvetiis,
1407 2185 1445 2211 ut
1462 2189 1542 2210 suos
1567 2190 1585 2210 a
1604 2177 1636 2209 vi
1664 2184 1846 2210 assereret:
1875 2189 1953 2210 cum
1971 2175 2075 2209 Pala-

1091 2228 1166 2261 tino
1190 2229 1290 2266 item,
1314 2240 1358 2260 ne
1383 2228 1419 2260 in
1434 2225 1601 2262 Rhenum
1620 2228 1699 2271 plus
1715 2240 1827 2269 aequo
1848 2233 2076 2270 grassaretur.

1091 2278 1181 2321 Quis
1204 2285 1254 2312 est
1277 2278 1371 2311 enim
1397 2279 1457 2324 qui
1487 2279 1595 2312 nescit
1622 2286 1828 2323 occupatum
1856 2278 1892 2310 in
1922 2277 2076 2317 Geldris,

1092 2331 1132 2362 ad
1157 2329 1418 2373 suscipiendum
1442 2341 1521 2362 cum
1546 2328 1717 2363 Helvetiis
1739 2329 1869 2361 bellum
1894 2329 1990 2371 gravi
2018 2340 2076 2361 re-

1092 2392 1169 2413 rum
1189 2392 1331 2414 suarum
1351 2380 1510 2424 periculo
1526 2392 1544 2412 a
1557 2380 1681 2413 suevis
1700 2387 1880 2413 evocatum
1900 2390 1990 2417 esse,
2013 2379 2073 2423 qui

1092 2432 1160 2464 iam
1187 2438 1267 2465 ante
1290 2431 1421 2464 bellum
1446 2431 1630 2473 gerebant,
1665 2443 1768 2475 quam
1795 2430 1890 2463 illius
1915 2429 2012 2472 signa
2041 2436 2075 2462 et

1091 2483 1226 2527 aquilas
1253 2481 1449 2515 vidissent?
1481 2488 1514 2515 et
1541 2493 1619 2514 cum
1653 2480 1823 2514 Palatinis
1848 2479 2074 2524 Principibus

1091 2541 1170 2566 ante
1194 2533 1303 2566 multa
1327 2533 1369 2564 de
1393 2532 1468 2565 iure
1492 2539 1564 2565 acta
1582 2539 1681 2570 sunt,
1710 2544 1814 2577 quam
1834 2543 1929 2564 arma
1951 2542 2073 2563 move-

1091 2591 1231 2624 rentur,
1258 2584 1402 2616 sortasse
1421 2589 1495 2616 tum
1513 2595 1653 2628 quoque
1673 2593 1858 2626 parsurus,
1885 2581 1955 2614 nisi
1971 2580 2073 2614 Pala-

1091 2635 1205 2668 tinum
1227 2634 1382 2667 converti
1406 2634 1449 2666 ad
1475 2634 1546 2667 vim
1571 2633 1743 2668 sensisset.
1797 2632 1874 2677 Ipse
1898 2630 1964 2665 hoc
1990 2631 2074 2671 scio,

63 2685 200 2720 accolae
216 2697 235 2718 a
251 2684 446 2719 latrociniis
462 2684 540 2720 tuti.
593 2683 682 2718 Nam
699 2691 738 2719 ut
759 2685 899 2719 assiduo
922 2685 959 2718 in
984 2697 1042 2719 ar·-
1091 2697 1172 2731 pars
1189 2685 1334 2719 illorum
1348 2684 1535 2726 malorum,
1559 2697 1636 2718 cum
1655 2683 1805 2718 comitiis
1814 2682 1991 2726 Augustae
2009 2678 2073 2714 ha-
