2338 2958
184 127 256 164 951

185 217 261 251 lum
279 211 375 248 hunc
392 223 496 247 usum
514 208 657 249 habent,
683 215 722 241 ut
739 204 951 252 prohibeant
967 217 1012 239 ne
1026 204 1179 239 nimium

187 267 315 301 influat
330 271 390 298 aut
407 263 536 301 effluat,
559 261 618 293 sed
635 259 739 292 etiam
758 269 886 302 organa
902 263 983 290 sunt
999 256 1180 290 attractio-

188 319 265 358 nis,
291 328 373 350 nam
392 320 489 348 motu
504 311 620 345 cordis
647 317 765 344 tensae
793 309 943 343 tendunt
961 314 994 341 et
1011 307 1105 350 ipsae
1123 319 1181 341 ca-

188 369 323 403 nalium
339 365 484 404 tunicas,
505 369 544 396 ut
559 361 778 405 sanguinem,
800 359 977 404 spiritum,
993 365 1053 392 aut
1067 362 1180 392 aerem

190 431 294 466 quem
311 416 512 454 continent,
539 413 684 458 pellant.

290 467 373 502 Dixi
391 465 595 499 brevissime
614 465 657 497 de
675 461 833 497 aedificio
851 459 989 501 cordis,
1015 460 1109 505 quod
1131 458 1180 493 ita

190 519 299 562 magis
320 515 596 556 admirabimur,
623 527 700 548 cum
720 524 804 547 usus
823 519 855 545 et
881 518 998 545 motus
1022 510 1181 544 conside—

190 567 357 604 rabimus».
412 567 555 602 Utilitas
572 573 622 600 est
637 565 750 609 prima
767 571 799 598 et
814 574 962 603 summa,
987 562 1080 607 qnod
1099 560 1183 593 reli-

191 633 261 667 quo
277 618 417 664 corpori
433 619 512 652 fons
528 624 562 651 et
578 617 718 650 initium
737 622 785 648 est
796 616 885 648 vitae
901 620 933 647 et
950 613 1075 646 caloris
1091 611 1183 643 vivi-

190 672 266 712 fici,
302 671 373 704 sive
409 667 493 702 haec
527 668 704 702 discernas
737 666 811 699 sive
845 665 938 697 idem
973 675 1045 696 esse
1079 663 1182 696 dicas.

189 721 327 756 Deinde
346 720 520 765 spiritum,
549 726 581 752 et
594 717 689 752 hunc
706 717 884 749 vivificum
904 714 1054 748 calorem
1074 714 1109 746 in
1130 720 1183 746 to-

190 780 266 807 tum
284 784 410 816 corpus
435 771 583 815 spargit,
612 769 691 802 ideo
708 767 825 812 inquit
842 765 1064 800 Aristoteles:
1091 776 1183 809 καρ-

189 821 254 859 δία
279 821 376 857 ἐστὶν
401 819 494 866 ἀρχὴ
517 818 606 866 βίου
631 821 720 853 πᾶσι
737 816 880 863 μέρεσι,
906 814 969 850 καὶ
990 812 1185 860 μεταδιδοῖ.

190 872 405 918 θερμασίαν
428 869 606 917 βιωτικὴν
629 872 736 910 πᾶσι,
764 866 826 903 καὶ
849 869 995 911 πνεῦμα
1013 870 1066 912 τῷ
1084 866 1183 913 ἐγκε-

191 925 300 971 φάλῳ
315 922 375 958 καὶ
394 922 515 968 ἥπατι.
569 922 730 956 Secunda
749 919 900 959 utilitas,
927 919 1023 964 quod
1040 917 1184 961 spiritus
1208 916 1211 961 ζ

190 976 298 1020 geniti
326 976 362 1008 in
379 975 500 1014 corde,
528 985 606 1006 cum
633 979 750 1016 postea
776 970 909 1004 cerebri
928 970 963 1002 vi
983 976 1183 1012 temperan-
1208 965 1210 977 “

191 1034 266 1067 tur,
293 1027 381 1060 fiunt
406 1025 636 1058 instrumenta
657 1022 813 1067 proxima
831 1022 1010 1054 actionum
1027 1020 1063 1052 in
1089 1031 1183 1052 cere·
1208 1016 1212 1043 ²

192 1079 256 1111 bro
276 1084 307 1110 et
324 1077 359 1109 in
377 1076 514 1116 nervis,
541 1083 574 1109 et
591 1075 684 1107 cient
701 1073 965 1116 cogitationem,
994 1082 1134 1103 sensnm
1152 1075 1184 1102 et

191 1136 338 1166 motum,
366 1127 451 1172 quid
470 1132 584 1159 autem
603 1132 687 1158 esset
706 1124 776 1157 vita
792 1123 866 1155 sine
883 1134 996 1161 sensu,
1024 1128 1123 1154 motu
1151 1127 1183 1153 et

191 1179 412 1222 cogitatione.
466 1176 587 1209 Tertia
612 1175 746 1209 utilitas
769 1173 917 1206 maxime
942 1172 1083 1216 propria
1106 1183 1184 1204 cor-

192 1231 258 1270 dis,
282 1230 374 1274 qnod
394 1239 468 1261 non
484 1227 597 1260 solum
617 1227 715 1259 sedes
732 1231 780 1257 est
797 1224 1000 1266 affectuum,
1028 1223 1086 1254 sed
1104 1221 1184 1254 sons

191 1282 297 1315 etiam
315 1287 347 1314 et
363 1290 485 1321 causa,
512 1285 551 1311 ut
567 1277 737 1310 sentimus
754 1275 861 1308 vitam
879 1274 1052 1307 laeticiam
1070 1284 1184 1318 quan-

191 1334 271 1366 dam
295 1342 385 1371 esse,
412 1329 625 1362 moesticiam
645 1339 727 1360 vero
751 1334 898 1359 mortem
917 1331 951 1358 et
974 1324 1184 1358 destructio-

191 1384 247 1416 nis
263 1393 411 1415 causam.
458 1379 504 1414 Et
521 1391 722 1425 quanquam
739 1377 844 1410 sentit
861 1389 921 1409 cor
937 1387 1060 1409 suaves
1077 1381 1111 1408 et
1129 1374 1184 1406 in-

190 1445 312 1467 suaves
332 1432 503 1466 motiones
521 1443 581 1474 per
597 1440 743 1469 nervos,
771 1429 829 1473 qni
846 1440 863 1460 a
884 1434 978 1460 sexto
1006 1426 1079 1470 pari
1102 1437 1184 1458 ner-

192 1496 317 1517 vorum
351 1483 484 1516 cerebri
512 1482 548 1514 in
580 1493 640 1514 cor
670 1479 810 1513 deducti
840 1486 940 1519 sunt,
973 1484 1090 1511 tamen
1122 1488 1184 1510 sua

189 1536 360 1580 quaedam
381 1541 432 1567 est
455 1540 579 1566 natura
597 1532 732 1580 cordis,
758 1543 825 1575 qua
846 1530 914 1563 ciet
941 1529 1116 1568 adfectus,
1152 1533 1184 1560 et

191 1586 328 1620 laeticia
352 1585 500 1624 fruitur,
536 1591 569 1617 et
586 1582 801 1616 contabescit
819 1581 952 1613 dolore.
1008 1579 1099 1613 Sunt
1121 1591 1185 1611 au-

192 1644 260 1670 tem
278 1634 361 1669 haec
377 1636 413 1668 in
431 1636 498 1667 vita
517 1634 715 1678 praecipua,
742 1643 874 1669 sensus,
903 1630 1080 1672 cogitatio,
1108 1641 1183 1661 mo-

191 1695 263 1725 tus,
292 1687 410 1720 laetari
435 1686 538 1718 rebus
558 1683 870 1721 convenientibus,
898 1688 956 1714 aut
981 1681 1101 1713 dolere
1122 1680 1184 1711 ad-

191 1738 317 1776 versis,
345 1735 470 1769 liornm
493 1737 614 1769 ultima
634 1735 774 1778 propria
796 1733 910 1765 cordis
933 1743 1004 1764 esse
1022 1732 1182 1764 fatemur.

191 1790 310 1834 ltaque.
342 1789 382 1820 ad
416 1785 508 1819 linnc
535 1799 636 1819 usum
661 1783 903 1827 principaliter
929 1782 1109 1815 conditum
1135 1788 1185 1814 est

189 1852 266 1880 cor,
297 1846 334 1872 nt
362 1838 580 1871 domicilium
604 1835 669 1869 Dei
688 1837 748 1875 sit,
779 1841 809 1867 et
827 1834 947 1866 divina
975 1833 1108 1865 laeticia
1130 1844 1184 1865 re—

191 1892 318 1925 fertum
337 1890 391 1924 sit.

292 1941 392 1974 llauc
425 1939 605 1971 mirificam
638 1937 753 1981 operis
781 1935 1006 1973 varietatem,
1042 1940 1073 1966 et
1100 1931 1184 1966 baec

191 1992 257 2027 Dei
282 1991 447 2033 consilia,
476 1989 559 2022 soris
579 1995 609 2021 et
631 2001 691 2033 per
711 1989 853 2020 densam
880 1985 1065 2027 caliginem
1092 1985 1185 2028 aspi-

193 2044 322 2077 cientes
345 2041 641 2085 obstupescimus,
668 2052 706 2072 ac
729 2039 889 2070 dolemus
914 2048 976 2068 nos
994 2048 1064 2068 nou
1086 2035 1184 2079 peni-

193 2103 247 2128 tus
271 2093 497 2136 introspicere
524 2097 703 2127 naturam,
739 2097 771 2122 et
793 2100 912 2120 causas
932 2088 1049 2119 videre
1075 2098 1184 2130 posse.

192 2146 258 2178 Sed
295 2152 376 2177 tunc
403 2144 544 2175 demum
574 2154 651 2174 cnm
682 2142 793 2174 ideam
823 2146 968 2171 naturae
998 2138 1032 2170 iu
1069 2144 1184 2171 mente

191 2196 310 2228 divina
335 2205 533 2228 cernemus,
568 2193 706 2235 penitus
733 2198 765 2225 et
790 2188 878 2223 lianc
903 2186 1122 2227 machinam,
1152 2195 1183 2221 et

191 2258 310 2280 causas
338 2245 496 2278 omnium
528 2256 673 2287 opernm
703 2242 908 2275 divinorum
938 2240 1184 2282 intelligemus.

192 2297 292 2331 Nunc
316 2294 476 2329 inchoata
505 2292 567 2327 liae
591 2293 888 2329 consideratione,
923 2290 1036 2324 Deum
1068 2288 1181 2323 1111111-

192 2355 320 2382 tectum
355 2358 598 2388 agnoscamus,
635 2353 667 2378 et
693 2345 788 2377 illius
815 2344 984 2386 perlectae
1010 2342 1182 2374 desiderio

192 2400 432 2432 acc-eiulamnr.
498 2396 738 2429 Consideratis
768 2402 883 2427 autem
913 2393 1127 2427 utilitatibus
1151 2399 1182 2426 et
1208 2413 1211 2429 .

191 2451 314 2483 officiis
338 2449 471 2486 cordis,
507 2448 727 2479 discernendi
755 2453 832 2478 suut
865 2451 894 2477 et
921 2451 1048 2478 111111115.
1103 2443 1182 2476 Ῑ)1111
1208 2454 1211 2469 ¹

192 2509 306 2533 antem
335 2507 414 2532 sunt
440 2511 562 2539 genera
586 2505 765 2535 motuum.
794 2497 853 2541 qni
871 2496 967 2528 cordi
987 2497 1181 2528 secundum
1207 2485 1211 2546 J

192 2559 351 2585 iit-turam
368 2557 566 2594 competunt
584 2576 591 2585 ,
620 2561 676 2580 sen
700 2549 758 2593 qui
778 2555 856 2580 sunt
875 2544 1070 2593 ἐνῳγιιήι,
1102 2546 1182 2590 pul·
1207 2559 1209 2595 1

190 2615 247 2636 5115
279 2603 438 2635 videlicet
473 2609 502 2633 et
543 2600 701 2632 allectus.

191 2653 368 2700 im'pyem,
403 2659 432 2685 et
462 2663 603 2696 prorsus
629 2651 770 2682 aliunde
801 2650 924 2682 oritur.

187 2713 234 2738 est
262 2713 376 2738 antem
399 2704 508 2737 motio
533 2714 621 2746 quae
644 2702 847 2733 nominatur
869 2700 1008 2744 pulsus.
1037 2707 1180 2743 propter
1203 2724 1207 2735 .

746 2612 826 2631 uam
861 2606 991 2631 tremor
1025 2611 1095 2629 111111
1131 2604 1208 2641 est¹

981 2648 1178 2681 Necessaria

559 121 718 159 DECL.
755 119 827 156 DE
861 117 1160 155 PARTIBUS
1193 117 1267 154 ET
1301 117 1573 156 MOTIBUS
1606 118 1839 158 CORDIS.

2148 123 2225 160 952

1232 206 1360 240 multas
1382 217 1513 241 causas.
1566 204 1657 240 Nam
1681 213 1715 241 et
1737 208 1835 241 cordi
1857 208 2122 253 refrigeratione
2136 221 2226 254 opus

1234 264 1303 298 est,
1327 254 1473 291 attrahit
1494 255 1603 300 igitur
1628 263 1663 291 et
1688 254 1827 293 exhalat
1851 267 1985 302 aerem,
2013 260 2141 294 deinde
2162 271 2228 294 nec

1234 308 1394 352 generari
1417 308 1562 352 spiritus
1585 307 1654 341 nisi
1680 309 1794 342 calore
1816 316 1850 343 et
1875 317 1974 344 motu
1991 311 2135 354 poterit,
2161 323 2227 346 nec

1233 361 1308 393 sine
1333 365 1433 392 motu
1453 359 1571 404 aliquo
1592 359 1782 393 transmitti
1810 368 1934 405 potest.
1987 361 2081 396 Mira
2096 369 2146 397 est
2162 374 2227 397 au-

1234 418 1304 444 tern
1330 410 1508 454 copulatio
1532 409 1622 443 aeris
1645 421 1724 443 cum
1750 412 1878 445 nostris
1908 412 2125 456 corporibus.
2178 411 2228 448 Ut

1235 461 1330 494 enim
1353 461 1534 494 nutrimur
1558 461 1663 494 rebus
1686 462 1777 495 natis
1800 474 1841 495 ex
1859 469 2011 508 quatuor
2032 463 2227 503 elementis,

1235 512 1318 557 quia
1343 524 1384 545 ex
1409 509 1465 544 his
1493 518 1526 545 et
1551 517 1670 545 nostra
1693 523 1839 557 corpora
1865 513 2015 547 conflata
2042 520 2144 555 sunt,
2178 515 2228 548 ita

1236 575 1313 596 cum
1331 563 1367 596 in
1389 570 1466 597 aere
1483 574 1679 603 versemur,
1705 563 1899 606 plurimum
1923 562 2106 598 haurimus
2125 564 2229 606 aeris,

1236 611 1345 647 ethic
1369 620 1540 657 temperat
1565 613 1817 647 lucidissimam
1844 615 2040 656 flammam,
2067 627 2156 661 quae
2178 622 2231 650 est

1236 665 1379 709 spiritus
1398 664 1524 699 vitalis.
1576 662 1641 697 Est
1658 671 1773 697 antem
1796 663 1853 699 hic
1871 672 1986 700 motus
2002 665 2038 698 in
2056 667 2160 700 corde
2177 666 2229 700 la-

1235 716 1329 749 xatio
1349 722 1381 748 et
1404 715 1596 748 contractio
1614 716 1910 757 ventriculorum,
1939 728 2028 762 quae
2043 716 2092 750 sic
2111 717 2148 751 fit
2165 728 2230 750 na-

1237 774 1314 800 tura
1333 765 1468 808 cordis,
1495 777 1557 798 nec
1578 766 1712 809 regitur
1729 779 1746 799 a
1765 768 1907 800 cerebro
1932 774 1992 801 aut
2007 767 2142 806 nervis,
2168 767 2229 801 sed

1237 818 1343 850 fibrae
1360 823 1442 850 suut
1459 817 1621 859 propriae
1637 818 1771 858 cordis,
1797 815 1902 852 huius
1920 825 2037 852 motus
2056 818 2228 852 rectrices.

1236 868 1307 901 Nec
1323 868 1423 912 plura
1444 879 1538 900 nnnc
1557 869 1599 900 de
1615 880 1655 900 eo
1671 867 1802 908 dicam,
1830 875 1965 902 tantum
1982 871 2157 903 admoneo
2174 869 2231 903 iu·

1237 920 1373 958 niores,
1400 925 1437 951 ut
1456 918 1607 960 cogitent
1626 918 1839 953 necessitatis
1855 931 1914 953 seu
1931 920 2021 954 vitae
2038 931 2159 960 causa,
2184 920 2230 953 ad

1238 968 1301 1003 hos
1324 981 1407 1002 usus
1428 969 1628 1002 institutum
1648 981 1738 1012 esse,
1766 970 1846 1015 quia
1867 968 1933 1004 hoc
1958 978 2055 1005 motu
2080 967 2230 1004 attrahi-

1237 1028 1294 1054 tur
1322 1024 1398 1060 aer,
1442 1026 1474 1053 et
1508 1021 1697 1054 adiuvatur
1731 1022 1910 1064 generatio
1942 1028 1975 1056 et
2009 1021 2229 1056 transmissio

1237 1072 1440 1116 spirituum.

1339 1121 1439 1155 Alter
1453 1128 1569 1155 motus
1588 1121 1624 1153 in
1640 1123 1744 1155 corde
1760 1123 1966 1156 nominatur
1981 1122 2147 1163 adfectus,
2167 1122 2230 1168 qui

1237 1173 1474 1215 cognitionem
1499 1172 1676 1216 sequitur,
1704 1180 1736 1207 et
1757 1174 1960 1206 accenditur
1981 1173 2132 1208 noticiis.
2187 1171 2230 1207 Id

1237 1235 1320 1256 vero
1340 1224 1518 1268 quomodo
1535 1223 1593 1255 fiat
1605 1248 1615 1263 ,
1637 1229 1697 1256 aut
1714 1235 1802 1268 quae
1817 1224 1870 1257 vis
1890 1224 1935 1258 sit
1953 1223 2088 1257 cerebri
2105 1230 2138 1257 et
2155 1223 2231 1268 spi-

1238 1275 1369 1308 rituum
1385 1273 1588 1307 ferientium
1605 1274 1722 1314 corda,
1736 1280 1774 1307 ut
1791 1281 1860 1307 tam
1876 1274 1964 1307 varii
1981 1281 2096 1308 motus
2112 1274 2231 1307 ciean-

1237 1334 1314 1366 tur,
1341 1325 1456 1358 dicere
1476 1336 1548 1358 non
1567 1335 1720 1368 possum,
1749 1325 1816 1357 nisi
1834 1325 1916 1370 quia
1934 1325 1984 1358 sic
2003 1331 2127 1358 natura
2144 1336 2230 1358 con-

1237 1377 1309 1409 dita
1334 1382 1401 1414 est,
1427 1383 1467 1409 ut
1482 1375 1614 1409 cerebri
1639 1382 1672 1409 et
1690 1376 1805 1409 cordis
1822 1376 1902 1409 talis
1925 1376 1971 1409 sit
1989 1386 2180 1409 cousensus
2197 1382 2232 1410 et

1237 1423 1469 1471 συμπάθεια.
1522 1426 1643 1460 Voluit
1669 1425 1764 1460 Deus
1793 1427 1908 1460 lucere
1933 1438 2015 1460 suae
2039 1426 2232 1471 sapientiae

1238 1479 1354 1512 radios
1380 1478 1416 1510 in
1444 1478 1586 1511 cerebro
1613 1484 1753 1518 nostro,
1788 1490 1867 1511 cum
1888 1475 1942 1511 his
1963 1485 1996 1512 et
2020 1478 2125 1511 corda
2144 1489 2230 1511 con-

1237 1541 1361 1573 gruere
1392 1529 1526 1569 vomit,
1563 1529 1728 1562 laetantia
1760 1529 1940 1572 agnitione
1968 1528 2051 1569 Dei,
2090 1535 2124 1562 et
2155 1528 2230 1573 ipse

1237 1582 1356 1613 adesse
1374 1580 1411 1612 in
1427 1580 1593 1613 cordibus
1610 1580 1738 1613 uostris
1754 1586 1921 1625 tanquam
1940 1579 1975 1613 in
1992 1580 2072 1613 sede
2090 1590 2152 1613 sua
2166 1591 2231 1614 vo-

1239 1631 1322 1670 luit,
1351 1638 1383 1664 et
1403 1631 1613 1674 perfundere
1631 1642 1694 1663 nos
1710 1642 1770 1664 sua
1790 1631 1865 1664 luce
1884 1637 1915 1664 et
1934 1631 2081 1666 laeticia.
2135 1629 2231 1664 Haec

1239 1682 1355 1714 niions
1381 1681 1630 1723 intelligimus,
1663 1682 1746 1726 quia
1770 1681 1879 1724 prima
1907 1681 2041 1714 cerebri
2059 1688 2091 1714 et
2113 1681 2231 1714 cordis

1238 1730 1433 1771 inarmonia,
1456 1730 1667 1776 qnachus
1683 1732 1854 1770 condidit,
1878 1733 2015 1765 turbata
2032 1739 2092 1766 est.
2126 1730 2231 1765 Nune

1239 1783 1345 1825 igitur
1365 1783 1410 1815 ita
1431 1783 1627 1825 disputant,
1654 1783 1810 1816 adtectus
1828 1783 2035 1816 comitantes
2051 1782 2231 1823 noticiam,

1238 1841 1276 1867 ut
1294 1834 1398 1873 iram,
1427 1833 1588 1866 incendia
1609 1845 1780 1873 amorum,
1809 1833 1992 1873 laeticiam,
2018 1844 2130 1876 spem,
2157 1844 2232 1866 me-

1239 1891 1312 1922 1115,
1345 1881 1411 1916 linc
1434 1885 1539 1915 modo
1566 1883 1725 1923 excitari,
1761 1884 1842 1928 quia
1870 1895 1931 1917 cor
1958 1884 2081 1917 seritur
2104 1883 2231 1927 spiritu

1238 1948 1254 1967 a
1274 1935 1417 1967 cerebro
1434 1934 1550 1968 misso.
1595 1933 1662 1967 Sed
1683 1934 1819 1967 facilior
1837 1942 1886 1968 est
1905 1934 2090 1978 explicatio
2110 1934 2152 1967 iis
2169 1935 2231 1980 qui

1238 1986 1377 2025 dicunt,
1405 1997 1464 2018 cor
1483 1985 1701 2017 ‹hunicilinm
1729 1997 1800 2018 esse
1819 1986 1999 2029 proprium
2017 1985 2230 2019 substantiae

1238 2036 1385 2069 animae.
1434 2035 1503 2069 Sed
1528 2036 1682 2069 contenti
1702 2036 1811 2069 sirmis
1837 2034 1899 2069 bac
1917 2037 2154 2081 qualicunque
2171 2049 2230 2070 ex-

1238 2087 1429 2131 positione,
1457 2087 1559 2119 talem
1577 2098 1648 2119 esse
1668 2087 1928 2131 copulationem
1946 2087 2078 2120 cerebri
2102 2093 2135 2120 et
2151 2099 2230 2121 cor-

1237 2139 1310 2176 dis.
1339 2145 1375 2171 ut
1401 2139 1505 2171 corda
1527 2138 1580 2170 vel
1606 2145 1770 2181 appetant
1790 2138 1843 2171 vel
1864 2138 1997 2181 fugiant
2019 2149 2072 2170 res
2094 2138 2229 2173 oblatas

1237 2189 1468 2231 cogitatione,
1504 2197 1535 2223 et
1560 2189 1640 2233 quia
1667 2201 1726 2221 cor
1752 2196 1842 2222 tenet
1868 2201 2032 2231 reguum,
2060 2195 2094 2222 et
2112 2196 2228 2223 tamen

1238 2241 1483 2283 cogitationem
1508 2247 1704 2284 sequnntur
1726 2241 1898 2278 adfectus,
1932 2240 2228 2274 considerandum

1237 2298 1287 2324 est
1312 2291 1425 2335 qualis
1453 2291 1495 2324 sit
1521 2288 1604 2323 liaec
1628 2292 1847 2333 gubernatio.
1909 2289 1975 2323 llic
2003 2291 2117 2325 videte
2142 2293 2230 2326 duas

1237 2342 1366 2386 species
1392 2342 1657 2384 gubernationis
1683 2342 1717 2374 in
1743 2339 1903 2380 bomine,
1936 2354 2085 2386 quarum
2111 2349 2229 2386 postea

1236 2394 1390 2436 exempla
1414 2393 1448 2425 in
1477 2393 1633 2436 imperiis
1658 2393 1811 2427 cernitis,
1865 2392 1996 2426 Omnis
2020 2394 2228 2435 gubernatio

1236 2444 1270 2477 fit
1303 2453 1358 2477 ant
1383 2444 1583 2482 suadendo,
1618 2451 1677 2477 ant
1710 2445 1885 2487 cogendo,
1919 2456 1977 2477 seu
2009 2451 2047 2478 111
2080 2444 2228 2477 crassius

1236 2495 1369 2533 dicam,
1405 2495 1464 2540 qni
1489 2495 1679 2530 obediunt.
1718 2507 1840 2528 (nunes
1869 2502 1925 2528 ant
1960 2495 2068 2528 coacti
2096 2495 2228 2529 faciunt

1237 2546 1423 2589 imperata,
1456 2552 1513 2579 ant
1539 2546 1764 2589 persuasione
1788 2546 1872 2578 moti
1898 2552 2022 2590 sponte
2046 2545 2229 2590 obtempe-

1235 2605 1323 2630 rant.
1381 2597 1423 2631 [it
1446 2596 1665 2639 Magistratni
1688 2597 1721 2629 in
1743 2596 1878 2641 Repnb,
1897 2596 1956 2629 alii
1975 2597 2144 2630 obediunt
2166 2610 2228 2630 vo-

1235 2649 1360 2685 lentes.
1390 2649 1503 2691 legum
1520 2660 1577 2680 sen
1598 2648 1809 2687 reverentia,
1835 2660 1895 2681 seu
1914 2654 2006 2680 metu
2020 2675 2028 2686 ‚
2052 2648 2111 2680 alii
2131 2648 2226 2682 ducti

1233 2699 1268 2731 in
1285 2711 1456 2732 carcerem
1474 2699 1664 2738 obediunt.
1689 2700 1768 2744 quia
1789 2699 1856 2732 iam
1876 2698 1981 2731 vincti
2002 2711 2064 2732 uec
2082 2706 2228 2743 possunt
