2338 2958
65 112 137 149 109

60 196 247 232 homiuum
271 197 385 232 studia
409 198 452 230 ad
479 197 706 238 discendum,
739 197 916 242 praeclare
937 209 1049 230 mere-

61 249 189 283 bimini
213 249 365 292 primum
392 249 434 281 de
462 249 594 292 patria,
629 256 660 282 et
687 250 730 282 de
761 249 896 282 exteris.
957 246 1047 281 Cum

60 299 160 333 vobis
189 297 398 332 authoribus
423 306 514 333 recte
539 299 646 333 fuerit
681 299 839 333 instituta
873 299 1048 338 iuventus,

58 349 233 395 praesidio
256 349 388 394 patriae
412 350 493 383 erit:
530 362 602 383 nou
630 350 723 384 enim
747 349 819 383 ulla
844 360 1047 393 propugna-

57 400 155 441 cula,
193 406 253 433 aut
286 400 424 434 moenia
459 401 613 434 firmiora
646 401 790 434 urbium
817 407 1046 434 monumenta

56 457 156 491 sunt,
188 463 292 495 quam
314 451 530 491 eruditione,
567 451 751 495 prudentia
781 457 813 484 et
835 451 912 484 aliis
933 451 1045 484 virtu-

55 502 150 535 tibus
165 502 313 545 praediti
331 502 434 536 cives.
489 502 682 546 Spartanus
699 501 806 542 dixit,
837 513 956 534 muros
984 502 1045 534 de-

55 552 138 585 bere
154 553 285 585 ferreos
302 564 393 593 esse,
421 565 493 586 non
511 564 639 586 saxeos
691 550 766 594 Ego
783 564 866 585 vero
882 564 955 584 non
973 559 1043 585 tam

55 603 181 642 armis,
215 615 318 649 quam
344 604 551 647 prudentia,
587 602 828 636 moderatione
860 609 892 635 et
917 603 1043 646 pietate

55 653 197 686 defendi
222 653 395 687 existimo.
453 653 592 687 Deinde
616 653 805 696 pertinebit
827 650 892 686 hoc
913 654 1043 686 benefi-

55 703 148 737 cium
169 710 322 737 vestrum
341 705 384 737 ad
402 705 570 749 reliquam
583 702 831 744 Germaniam,
858 716 946 749 quae
966 702 1044 745 huc,

55 755 164 788 ruodo
191 755 304 788 faveat
321 753 415 787 Dens
438 755 594 798 incepto,
629 755 852 787 excolendam
876 756 1043 787 erudien-

53 806 205 850 damque
229 806 465 843 iuventutem,
502 806 648 838 missura
674 805 828 843 videtur,
867 813 899 839 et
923 818 979 839 eos
1004 806 1041 838 in

52 856 176 899 primis
194 856 338 888 idoneos
355 857 396 888 ad
415 856 647 888 moderandas
662 855 892 900 Respublicas
907 856 1041 889 iudica-

51 906 121 946 bit,
149 906 208 950 qui
227 906 263 938 in
281 903 343 939 hac
360 907 446 939 urbe
463 913 628 951 tauquam
649 907 684 938 in
705 907 788 940 ludo
812 908 854 940 ad
876 907 1039 940 virtutem

51 956 224 996 instituti,
266 964 297 990 et
331 957 512 991 assuefacti
547 957 689 991 fuerint.
751 955 901 991 Vehitur
934 955 1041 990 huius

52 1007 150 1040 urbis
166 1019 294 1040 nomeu
311 1008 456 1040 summis
468 1008 649 1048 laudibus,
673 1008 717 1040 ab
734 1004 932 1052 hospitibus
946 1009 1038 1051 apud

53 1064 206 1098 exteros,
235 1065 267 1091 et
290 1065 404 1091 vestro
423 1058 590 1091 beneficio
619 1058 800 1091 devinctos
818 1059 954 1091 animos
975 1056 1040 1091 ho-

50 1108 186 1141 minum
206 1109 386 1146 tenebitis,
414 1121 502 1153 quae
521 1120 581 1141 vos
598 1106 781 1141 hominum
798 1109 946 1150 iudicia,
970 1110 1040 1143 nisi
1064 1144 1066 1150 ,

49 1157 172 1196 fallor,
201 1159 309 1201 magis
329 1170 431 1203 quam
451 1159 523 1191 ulla
543 1158 690 1202 imperia
710 1159 944 1195 delectabunt.

151 1207 361 1253 Quanquam
386 1215 501 1242 autem
523 1207 607 1242 haec
639 1210 723 1242 urbs
746 1210 921 1255 plerisque
945 1211 1038 1244 doti-

48 1258 133 1297 bus,
166 1259 221 1291 vel
244 1271 322 1292 cum
350 1259 505 1293 Massilia
535 1260 682 1305 aliisque
709 1261 919 1305 quibusdam
936 1262 1038 1295 urbi-

47 1309 114 1342 bus
150 1310 326 1343 veteribus
362 1317 492 1344 certare
525 1312 654 1355 possit,
695 1317 810 1344 tamen
840 1312 934 1345 malo
969 1313 1037 1345 iam

47 1371 165 1393 earum
183 1361 326 1393 urbium
343 1361 496 1404 exempla
514 1362 614 1393 vobis
630 1373 844 1405 proponere,
867 1374 956 1406 quae
971 1374 1038 1395 no·

48 1410 129 1443 stris
145 1411 361 1453 temporibus
379 1411 502 1443 florere
520 1411 780 1454 praedicantur.
841 1411 1036 1445 Maximum

46 1460 254 1494 benefidum
281 1460 383 1504 paulo
403 1467 482 1493 ante
499 1458 583 1494 haec
601 1469 756 1505 tempora
780 1462 817 1494 in
835 1463 1035 1495 universam

43 1509 225 1555 Europam
256 1512 341 1544 urbs
365 1510 544 1544 Florentia
576 1512 741 1552 contulit,
777 1524 855 1544 cum
879 1513 1034 1556 primum

45 1574 247 1606 graecarum
273 1561 454 1595 literarum
476 1562 687 1605 professores
701 1562 811 1605 patria
827 1563 945 1606 pulsos
963 1563 1037 1596 ius—

43 1614 88 1647 sit
104 1613 146 1646 ad
164 1624 199 1645 se
216 1612 363 1652 diverti,
395 1618 429 1645 et
447 1624 518 1645 non
543 1613 648 1645 modo
666 1610 820 1656 hospitio
840 1613 949 1654 iuvit,
975 1614 1034 1647 sed

44 1664 150 1698 etiam
167 1663 322 1696 reddidit
348 1662 419 1696 illis
444 1674 506 1696 sua
527 1663 660 1704 studia,
687 1670 873 1708 postquam
890 1665 1035 1708 amplis-

44 1715 143 1748 simis
169 1713 355 1758 stipendiis
378 1714 420 1746 ad
444 1714 642 1747 docendum
661 1714 835 1749 invitavit.
889 1714 930 1747 In
951 1715 1033 1748 reli-

45 1777 114 1811 qna
136 1764 235 1799 ltalia
262 1765 474 1808 professores
494 1764 622 1797 artium
645 1777 663 1796 e
683 1763 831 1798 Graecia
857 1766 1034 1809 profugos,

45 1828 149 1849 nemo
168 1815 374 1858 aspiciebat,
401 1821 433 1848 et
450 1827 517 1847 una
536 1827 614 1847 cum
633 1813 780 1848 Graecia
799 1816 976 1858 linguam,
1000 1823 1034 1849 et

44 1866 164 1900 literas
184 1876 323 1907 graecas
347 1865 582 1897 amisissemus
599 1869 870 1908 propemodum,
896 1866 933 1899 ni
950 1866 1034 1899 Flo-

42 1916 156 1950 rentia
191 1915 412 1948 doctissimos
447 1911 608 1947 homiues
643 1916 839 1950 calamitate
874 1917 1031 1959 levasset,

43 1967 137 2012 quod
155 1966 285 2010 absque
301 1965 518 1998 Florentinis
535 1965 671 2005 fuisset,
707 1966 863 2000 futurum
882 1968 965 2006 fuit,
993 1976 1031 2002 ut

42 2028 186 2062 prorsus
226 2016 457 2049 obsolesceret
495 2016 602 2049 latina
638 2016 777 2059 lingua,
826 2018 875 2050 sic
911 2019 1030 2052 vitiata

40 2067 204 2102 barbarie
231 2074 545 2111 conspurcataque:
581 2074 614 2100 et
643 2078 784 2109 graecae
812 2068 950 2111 linguae
986 2082 1029 2102 ne

40 2119 183 2166 quidem
208 2118 278 2150 ulla
306 2117 374 2150 iam
398 2117 540 2160 vestigia
566 2123 741 2158 extarent,
774 2126 805 2152 et
823 2120 1029 2154 occidissent

39 2182 110 2204 una
126 2175 354 2202 monumenta
370 2168 549 2209 religionis
567 2175 723 2207 nostrae,
748 2181 811 2202 nec
826 2170 893 2202 iam
912 2182 1028 2204 sacro-

39 2233 117 2255 rum
154 2219 328 2252 librorum
370 2218 509 2257 titulos,
561 2219 686 2252 amissa
728 2231 847 2263 graeca
890 2221 1028 2264 lingua,

38 2271 224 2317 quisquam
251 2269 464 2312 intelligerit.
529 2269 618 2303 Nam
642 2269 778 2304 Romae
801 2271 924 2304 misere
948 2284 1022 2305 esu-

38 2323 178 2356 riebant
200 2321 316 2353 exules
339 2320 410 2361 illi,
444 2333 524 2353 eum
551 2321 749 2364 pontificiae
764 2334 865 2365 opes,
892 2325 1026 2365 praeci-

38 2385 108 2418 pue
131 2371 296 2406 collocari
321 2371 490 2405 deberent
512 2372 566 2404 vel
589 2370 625 2404 in
651 2372 888 2413 calamitosos,
916 2374 969 2406 vel
989 2374 1025 2407 in

37 2436 113 2465 eos,
150 2422 210 2468 qui
243 2421 451 2456 tractatione
482 2422 662 2455 literarum
693 2423 854 2467 religioni
882 2437 1023 2469 operam

35 2481 216 2508 navarent.

137 2519 370 2557 Theodorum
393 2518 561 2563 Gazam,
593 2522 685 2556 bone
703 2522 816 2565 Deus,
852 2531 1020 2569 quantum

36 2576 152 2609 virum
176 2574 292 2615 aiunt,
319 2585 398 2606 cum
420 2573 497 2606 illos
514 2572 714 2607 Aristotelis
731 2583 763 2608 et
784 2573 1020 2618 Theophrasti

33 2626 145 2660 libros
158 2624 195 2657 in
211 2625 354 2658 latinam
372 2624 527 2667 linguam
552 2636 669 2657 versos
689 2624 849 2660 Pontifici
870 2627 1020 2668 offerret,

34 2677 189 2712 codicem
222 2672 419 2709 exhibuisse
455 2676 694 2720 sumptuosius
729 2686 912 2717 ornatum,
955 2678 1017 2712 ubi

517 110 679 147 DECL.
724 111 780 147 IN
818 108 1057 147 LAUDEM
1096 107 1301 146 NOVAE
1343 111 1627 152 SCIIOLAE.

2016 120 2088 154 110

1102 194 1263 229 Pontifex
1280 196 1517 242 interrogans,
1544 203 1667 247 quanti
1684 212 1839 238 ornasset
1855 205 2003 245 librum,
2031 206 2087 238 ni-

1102 243 1153 278 hil
1176 253 1312 289 praeter
1337 260 1394 280 eos
1418 258 1577 294 sumptus
1609 256 1790 298 rependit,
1824 256 1920 288 nulla
1945 254 2086 289 authori

1101 309 1164 340 pro
1189 297 1386 339 laboribus,
1421 312 1508 344 quos
1532 303 1567 335 in
1585 304 1781 338 disficilimo
1799 318 1901 350 opere
1917 308 2086 340 vertendo

1100 345 1322 389 exhauserat,
1351 350 1485 383 reddita
1505 365 1646 388 Inerces.
1697 355 1808 389 Porro
1828 359 1870 390 ad
1889 358 2086 400 exemplum

1099 399 1296 441 pertinebat
1325 400 1495 444 ampliora
1521 406 1672 446 praemia
1700 407 1794 447 dari,
1827 408 1882 441 vel
1906 420 1967 452 pro
1994 409 2086 441 libro

1099 461 1170 481 non
1199 451 1342 493 perinde
1375 451 1453 483 utili
1479 459 1517 486 ut
1545 454 1603 487 ille
1627 463 1709 491 erat.
1768 458 1835 491 Sed
1864 471 1927 492 nec
1953 459 2086 492 utilitas

1098 500 1212 543 operis
1240 501 1413 544 permovit
1436 501 1638 537 Pontificem
1665 508 1707 539 ad
1734 509 1982 542 remetiendam
2008 522 2085 552 gra-

1098 550 1182 583 tiam
1201 551 1411 586 uberiorem.
1446 553 1512 586 Sed
1529 563 1711 600 postquam
1725 557 2011 593 Florentinorum
2024 561 2085 593 be-

1098 600 1220 634 neficio
1238 599 1404 636 honestae
1427 611 1517 638 artes
1542 607 1749 641 reviviscere
1773 622 1932 654 coepere,
1960 623 2084 654 magna

1097 651 1229 685 utilitas
1253 653 1333 685 inde
1350 654 1390 686 ad
1410 667 1530 688 omnes
1548 664 1666 699 gentes
1683 660 1837 693 derivata
1857 669 1923 701 est,
1955 662 2085 695 multo-

1096 714 1173 735 rum
1194 703 1326 748 ubique
1351 705 1494 738 excitata
1519 715 1601 741 sunt
1626 709 1783 751 ingenia,
1810 712 1850 744 ad
1873 712 2083 755 optimarum

1096 765 1212 786 rerum
1238 753 1405 789 studium.
1458 755 1546 789 Nam
1566 765 1598 791 et
1617 759 1762 793 Latinos
1787 759 1948 795 homiues
1972 762 2084 795 Grae-

1096 816 1216 836 corum
1241 806 1428 839 aemulatio
1461 808 1502 840 ad
1528 810 1674 851 patriam
1703 812 1857 855 linguam
1885 813 2083 846 instauran—

1095 855 1194 895 dam,
1228 868 1316 900 quae
1342 869 1429 899 pene
1454 858 1614 892 funditus
1638 862 1789 906 collapsa
1816 871 1906 904 erat,
1934 865 2084 897 extimu-

1094 905 1192 940 lavit.
1244 905 1285 939 ln
1301 907 1450 940 urbibus
1474 909 1564 952 leges
1591 913 1752 954 publicae
1773 915 1975 948 emendatae
1992 923 2084 956 sunt,

1094 956 1246 1001 denique
1270 965 1457 1000 expurgata
1482 960 1621 1003 religio,
1648 976 1735 1007 quae
1755 965 1887 999 iaccbat
1904 973 1983 998 aute
2008 979 2083 998 mo—

1093 1005 1286 1040 nachorum
1310 1009 1456 1041 somniis
1482 1011 1606 1045 obruta
1634 1020 1666 1046 et
1692 1028 1867 1057 oppressa.
1936 1016 2015 1058 Qua
2039 1017 2082 1049 de

1093 1069 1129 1090 re
1147 1070 1347 1102 quanquam
1365 1060 1500 1094 variant
1511 1059 1695 1097 bominum
1713 1066 1841 1099 iudicia
1854 1094 1862 1107 ,
1886 1073 2001 1100 tamen
2020 1080 2082 1111 ego

1093 1108 1141 1140 sic
1167 1108 1346 1148 existimo,
1386 1111 1500 1143 bonos
1529 1113 1623 1146 viros
1653 1116 1779 1149 rectius
1805 1118 1984 1161 pervidere
2011 1119 2081 1150 xim

1093 1165 1323 1200 naturamque
1338 1161 1538 1204 religionis,
1561 1161 1626 1197 hoc
1644 1172 1800 1210 tempore
1819 1168 1971 1201 firmiora
1991 1169 2083 1202 sola-

1092 1210 1138 1242 tia
1159 1209 1395 1244 conscientiae
1424 1219 1559 1254 tenere,
1594 1228 1698 1259 quam
1722 1219 1865 1252 suerunt
1882 1220 1959 1259 illa,
1994 1232 2083 1264 quae

1092 1260 1197 1304 paulo
1213 1267 1294 1295 ante
1309 1260 1474 1296 monachi
1490 1266 1721 1303 tradiderunt.
1772 1268 1850 1302 Nou
1868 1270 2014 1304 dubium
2032 1277 2083 1304 cst

1093 1311 1200 1354 igitur
1223 1313 1309 1356 quin
1327 1314 1506 1356 praeclare
1524 1314 1703 1351 Florentia
1723 1321 1765 1351 de
1783 1321 1948 1354 omnibus
1967 1321 2082 1364 genti»

1091 1362 1157 1394 bus
1177 1363 1300 1395 merita
1326 1363 1389 1403 sit,
1423 1376 1511 1408 quae
1535 1366 1651 1399 literas
1679 1370 1774 1403 velut
1800 1382 1817 1403 e
1836 1372 2018 1415 naufragio
2044 1371 2080 1404 in

1091 1418 1231 1455 portum
1247 1414 1394 1456 recepit,
1421 1417 1721 1462 conservavitque.

1190 1460 1308 1494 Huius
1323 1463 1420 1496 urbis
1440 1466 1614 1507 exemplo,
1642 1481 1702 1501 vos
1722 1468 1776 1502 his
1793 1472 1926 1506 miseris
1945 1481 2081 1517 tempo-

1089 1511 1188 1543 ribus
1202 1512 1313 1545 bonas
1328 1520 1418 1546 artes
1433 1515 1626 1556 defendite,
1650 1531 1726 1551 cum
1739 1520 1905 1567 Episcopi
1923 1536 1984 1567 pro
2001 1525 2079 1558 lite-

1089 1562 1136 1594 ris
1154 1574 1251 1594 arma
1268 1570 1433 1604 tractant,
1462 1571 1494 1598 et
1511 1567 1638 1611 reliqui
1658 1570 1834 1615 principes
1851 1570 1940 1606 hanc
1959 1587 2078 1608 euram

1089 1623 1123 1644 se
1146 1612 1327 1656 indignam
1348 1615 1500 1656 ducunt,
1529 1618 1655 1660 passim
1675 1623 1910 1656 tumultuatur
1928 1624 2077 1659 Germa-

1089 1663 1165 1703 nia,
1189 1664 1279 1696 etad
1305 1677 1400 1698 arma
1424 1668 1636 1710 conclamat,
1661 1678 1693 1704 et
1711 1675 2009 1717 quemadmodum
2030 1685 2080 1711 est

1088 1714 1125 1746 in
1141 1714 1248 1747 veteri
1266 1715 1455 1749 versiculo:
1688 1715 1692 1719 ”

1137 1766 1263 1797 Pellitur
1285 1780 1301 1797 e
1324 1770 1424 1799 medio
1451 1773 1615 1814 sapientia,
1653 1777 1681 1804 vi
1707 1779 1818 1815 geritur
1843 1790 1898 1808 res.

1089 1814 1126 1847 Id
1152 1813 1206 1847 his
1229 1816 1353 1849 studiis
1378 1819 1527 1851 maxime
1546 1822 1663 1858 officit.
1714 1824 1803 1857 Nam
1830 1827 1857 1859 si
1875 1827 1965 1860 iuter
1981 1840 2077 1863 arma

1087 1866 1188 1899 silere
1213 1867 1318 1910 lege5‚
1347 1875 1439 1902 recte
1457 1870 1544 1903 dixit
1562 1870 1684 1907 Cicero
1697 1899 1706 1912 ‚
1736 1885 1868 1920 quanto
1887 1879 1994 1921 magis
2013 1877 2077 1913 liae

1086 1923 1225 1950 nostrae
1249 1924 1340 1951 artes
1363 1919 1628 1963 obmutescunt,
1671 1925 1706 1957 in
1744 1927 1815 1960 otio
1847 1935 1947 1962 natae
1971 1938 2075 1974 atque

1085 1968 1199 2000 alitae.
1252 1967 1293 2000 In
1317 1966 1371 2001 his
1388 1971 1544 2004 motibus
1560 1973 1699 2008 ruinam
1717 1990 1838 2011 omnes
1858 1980 1970 2013 bonae
1986 1989 2076 2015 artes

1085 2018 1283 2059 minantur,
1324 2020 1391 2052 nisi
1423 2020 1518 2054 Deus
1549 2023 1686 2067 fulciat,
1721 2039 1759 2061 ac
1790 2026 1844 2062 his
1871 2031 1931 2075 qui
1956 2044 2073 2065 rerum

1084 2069 1270 2113 potiuntur
1296 2079 1449 2105 mentem
1478 2073 1535 2106 det
1558 2074 1776 2111 instaurandi
1802 2079 1982 2114 literarum
2000 2090 2073 2116 stu-

1083 2121 1152 2155 dia.
1207 2120 1278 2153 Vos
1303 2133 1384 2155 vero
1404 2135 1448 2155 ne
1467 2124 1621 2158 desistite
1639 2139 1761 2171 urgere
1787 2127 2071 2166 honestissimum

1083 2178 1114 2204 et
1136 2171 1392 2205 sanctissimum
1419 2175 1649 2217 propositum.
1706 2177 1847 2214 Etenim
1868 2195 1979 2227 neque
1997 2183 2071 2217 Deo

1081 2222 1213 2264 gratius
1227 2234 1244 2254 a
1264 2223 1365 2256 vobis
1383 2224 1534 2257 officitim
1551 2226 1663 2260 ullum
1676 2255 1685 2269 ,
1713 2242 1826 2276 neque
1849 2233 1971 2267 utilius
1985 2236 2072 2268 cixi-

1081 2273 1141 2305 tati
1161 2280 1292 2305 vestrae
1312 2275 1477 2316 praestari
1496 2283 1618 2318 potest.

1180 2322 1292 2357 Porro
1309 2336 1386 2357 cum
1403 2331 1492 2358 recte
1512 2327 1598 2360 sacta
1618 2328 1815 2376 plerunque.
1831 2343 1997 2379 sequatur
2016 2337 2069 2369 in-

1080 2373 1190 2414 vidia,
1224 2386 1296 2406 non
1321 2376 1446 2409 dubito
1470 2377 1557 2420 quin
1583 2391 1660 2412 cum
1688 2380 1820 2426 iniquis
1846 2388 2069 2429 quorundam

1079 2425 1219 2457 iudiciis
1243 2425 1341 2457 vobis
1366 2429 1570 2461 certandum
1597 2429 1652 2464 sit.
1712 2431 1779 2465 Sed
1803 2442 1853 2469 est
1876 2437 1976 2471 fortis
2001 2439 2068 2471 viri

1079 2476 1248 2508 invidiam
1266 2476 1301 2508 in
1325 2483 1415 2510 recte
1435 2477 1532 2511 factis
1555 2487 1796 2527 contemnere,
1826 2486 1969 2521 fortasse
1993 2502 2068 2522 cer-

1077 2528 1223 2560 tandum
1240 2533 1289 2559 est
1305 2527 1403 2560 vobis
1423 2534 1455 2561 et
1474 2541 1552 2562 cum
1573 2531 1650 2564 aliis
1669 2533 1952 2578 difficultatibus,
1978 2553 2067 2585 quae

1076 2578 1220 2610 consilia
1246 2584 1358 2610 vestra
1387 2579 1422 2611 in
1451 2578 1673 2621 provehenda
1694 2582 1841 2627 Schola,
1869 2599 2063 2623 remoratu-

1074 2640 1132 2661 rae
1161 2628 1345 2669 videntur,
1382 2642 1467 2674 quas
1504 2631 1550 2665 ita
1585 2633 1752 2676 vincetis,
1795 2637 1823 2670 si
1852 2640 2063 2683 cogitabitis,

1071 2677 1146 2712 Deo
1163 2691 1223 2712 vos
1243 2679 1276 2712 iu
1295 2676 1356 2713 hac
1371 2692 1408 2714 re
1425 2694 1556 2715 morem
1574 2695 1705 2726 gerere.
1758 2686 1846 2721 Nam
1866 2691 1934 2722 nisi
1955 2691 2065 2726 literis
