2338 2958
82 150 157 186 717

796 146 955 183 DECL.
991 145 1062 182 DE
1100 145 1386 182 lONATHA.

2029 149 2099 184 718

170 233 247 269 Etsi
268 238 384 266 autem
405 243 478 265 non
504 244 623 266 sumus
638 231 766 273 Stoici,
793 232 853 277 qui
878 233 1055 276 copulatas
1079 230 1084 262 Ἴ
1108 230 1282 266 Omnium
1315 239 1511 277 temporum
1543 230 1688 268 historia
1720 233 1958 278 exemplorum
1990 234 2092 278 plena

71 298 143 322 esse
172 294 292 317 omnes
319 283 467 316 virtutes
498 283 640 324 dicunt,
676 290 792 317 tamen
819 295 897 316 cum
922 284 1055 316 bonum

69 338 184 370 virum
210 333 454 374 nominamus,
480 331 546 366 hoc
569 334 600 367 ei
624 335 729 367 decus
752 334 859 367 tribui
879 333 1055 376 intelliga-

1108 289 1176 324 est,
1203 283 1284 316 inde
1309 295 1418 328 usque
1440 296 1458 317 a
1483 282 1590 325 Cain,
1616 297 1680 318 nec
1705 291 1841 318 tantum
1867 285 1903 318 in
1930 286 2092 328 gentibus

1108 333 1238 376 ignaris
1265 346 1366 366 verae
1393 334 1572 367 doctrinae
1596 336 1639 368 de
1662 335 1756 374 Deo,
1795 336 1941 369 ambitio
1973 336 2091 369 civilia

69 394 143 427 tur,
169 385 262 430 quod
287 384 392 427 vulgo
412 384 581 418 iustitiam
597 384 831 418 universalem
850 391 991 424 vocant,
1018 383 1054 416 id
1079 395 1082 435 1
1108 384 1198 417 bella
1224 384 1358 417 infinita
1385 384 1564 418 excitavit:
1601 383 1684 418 haec
1710 385 1864 419 Marium
1888 393 1920 419 et
1944 384 2090 431 Syllam,

68 443 136 477 est,
178 434 337 468 omnium
378 435 652 468 necessariarum
686 435 856 468 virtutum
889 435 1054 472 actiones,
1078 438 1081 469 ἒ
1105 433 1314 478 Pompeium
1332 441 1364 467 et
1377 433 1525 475 lulium,
1552 434 1748 468 Antonium
1767 436 2029 479 etAugustum‚
2058 445 2090 470 et

68 498 156 532 quae
187 485 322 528 legibus
355 492 556 529 praeceptae
584 491 676 518 sunt.
740 483 790 518 lta
822 485 859 517 in
886 483 1054 524 Ecclesia,

66 549 146 570 cum
177 533 357 568 hominem
383 534 460 569 Deo
492 536 685 579 placentem
716 535 948 574 celebramus,
982 547 1054 567 ma-

67 598 176 631 gnum
194 586 225 619 ei
241 584 387 619 chorum
407 587 577 619 virtutum
594 585 799 625 tribuimus,
824 597 973 630 quarum
991 583 1055 617 has
1077 613 1080 621 ,

66 648 232 671 vocamus
249 636 458 669 necessarias
477 637 659 673 omnibus,
682 647 770 680 quae
786 635 950 677 Decalogi
970 647 1055 668 voce

67 687 234 722 omnibus
267 687 545 731 praecipiuntur.
612 685 658 719 Et
688 692 726 719 ut
758 685 795 717 in
823 697 896 718 uno
925 687 1053 718 scelere

67 750 204 782 semper
224 738 333 771 multa
354 738 480 770 scelera
505 737 644 775 insunt,
673 736 719 769 ita
743 748 821 769 cum
835 748 905 769 nna
924 737 1054 769 virtute

66 790 195 822 multas
225 787 358 820 vicinas
388 795 420 821 et
450 793 616 831 tanquam
649 784 811 832 ἀδελφὰς
840 787 1054 820 consociatas

67 851 139 873 esse
156 850 292 871 necesse
309 844 369 871 est.
421 836 490 871 Sed
507 838 594 870 aliae
610 838 687 870 aliis
702 838 809 880 magis
826 839 992 872 eminent.

168 887 218 922 Ita
242 889 279 921 in
295 885 438 921 lonatha
462 895 561 921 erant
585 888 717 930 agnitio
737 899 815 920 vera
835 887 918 929 Dei,
946 889 1055 921 timor

65 938 149 979 Dei,
185 938 328 978 fiducia,
361 938 562 979 invocatio,
597 946 630 972 et
660 945 813 971 caeterae
843 936 897 970 his
920 939 1053 979 affines,

64 1000 152 1034 quas
173 989 285 1033 prima
303 987 466 1031 Decalogi
489 989 606 1022 tabula
631 989 810 1033 praecipit.
861 987 938 1022 Etsi
958 990 1052 1022 enim

64 1040 265 1073 adolescens
284 1046 451 1084 tanquam
469 1038 566 1084 Tyro
583 1041 620 1072 in
639 1047 748 1073 castra
765 1040 888 1072 ductus
905 1047 973 1080 est,
999 1047 1053 1073 ta-

64 1102 147 1123 men
177 1097 210 1123 et
237 1090 332 1123 domi
358 1089 556 1124 Samuelem
580 1090 763 1128 audiebat,
799 1096 833 1123 et
856 1097 966 1123 castra
991 1090 1051 1123 illa

64 1138 180 1174 adhuc
195 1140 381 1183 disciplina
396 1140 570 1173 sanctiore
584 1141 814 1182 regebantur,
842 1153 945 1185 quam
964 1141 1052 1174 alia-

64 1202 143 1225 rum
161 1191 317 1233 gentium
335 1190 505 1223 exercitus
519 1191 627 1223 ullius
644 1191 823 1234 temporis.

165 1240 274 1275 Lucet
303 1241 410 1283 igitur
437 1241 635 1284 exemplum
666 1240 898 1274 invocationis
922 1239 986 1274 Dei
1015 1240 1052 1273 in

64 1292 216 1337 praelio,
243 1291 280 1324 in
297 1303 367 1336 quo
392 1301 485 1324 unus
503 1288 668 1324 Ionathas
692 1303 770 1324 cum
794 1292 965 1335 armigero
990 1302 1053 1325 suo

64 1349 178 1376 totum
202 1342 390 1374 exercitum
414 1338 577 1374 hostilem
603 1341 705 1375 vertit
728 1341 764 1374 in
783 1342 911 1385 sugam.
962 1341 1052 1375 'Nam

64 1390 150 1426 haec
179 1398 260 1425 sunt
292 1391 370 1424 fidei
403 1398 436 1425 et
465 1391 696 1425 invocationis
723 1392 847 1432 verba,
881 1404 959 1425 cum
989 1392 1053 1425 ait:

66 1441 147 1476 Nou
178 1442 319 1475 difficile
345 1448 394 1475 est
417 1440 511 1482 Deo,
546 1442 650 1475 etiam
675 1454 864 1486 paucorum
889 1443 1054 1475 manibus

65 1493 216 1527 vincere.

168 1542 260 1577 Sunt
286 1539 351 1575 hae
377 1542 518 1587 quidem
542 1543 748 1586 praecipuae
773 1543 938 1581 virtutes,
965 1555 1056 1588 quae

66 1599 147 1627 sunt
172 1593 387 1638 reliquarum
406 1599 439 1625 et
457 1592 589 1625 semina
608 1600 640 1626 et
657 1594 838 1626 alimenta:
867 1595 925 1626 sed
944 1594 1055 1627 oculis

65 1643 174 1687 magis
190 1643 366 1687 expositae
384 1650 465 1676 sunt
483 1643 638 1676 actiones
656 1650 818 1677 externae
835 1643 973 1684 civiles,
999 1644 1054 1676 vi-

65 1694 191 1728 delicet
228 1693 414 1726 modestia:
457 1704 524 1738 qua
555 1705 632 1725 cum
663 1693 735 1737 ipse
763 1694 921 1736 gentium
956 1706 1053 1727 more

64 1745 163 1788 regni
187 1742 307 1778 haeres
331 1750 436 1783 esset,
470 1743 570 1776 cessit
595 1750 711 1777 tamen
735 1743 884 1784 Davidi,
911 1756 975 1777 nec
998 1757 1052 1777 re-

64 1806 173 1838 gnum
195 1803 233 1828 ut
258 1794 444 1827 videbatur
469 1794 626 1826 debitum
651 1806 733 1827 suae
748 1795 921 1831 familiae,
947 1806 1054 1837 appe-

64 1845 153 1879 tivit.
206 1843 344 1878 Deinde
369 1844 581 1883 constantia,
606 1856 674 1888 qua
697 1845 733 1876 in
760 1845 837 1877 aula
863 1844 969 1887 patris
989 1844 1054 1876 im-

66 1895 134 1939 pii,
161 1901 193 1928 et
210 1893 286 1928 Deo
308 1894 471 1938 pietatem
498 1893 650 1926 debitam
674 1894 866 1938 praestitit,
894 1901 925 1927 et
950 1895 1052 1927 fidem

65 1945 190 1981 amico.
250 1943 432 1978 Postremo
455 1943 659 1983 tolerantia,
693 1957 772 1977 cum
797 1956 869 1977 non
895 1945 1054 1978 deficeret

64 2008 83 2030 a
101 1995 195 2037 Deo,
219 1994 355 2029 etiamsi
378 1994 518 2028 videbat
541 2006 575 2027 se
596 1995 683 2027 bene
702 1995 866 2029 meritum
884 1995 920 2028 in
940 1995 1054 2029 tristes

64 2058 249 2081 aerumnas
266 2045 432 2080 incidere.

169 2095 220 2131 Ut.
238 2103 353 2130 autem
381 2095 417 2128 in
441 2095 518 2128 aliis
542 2094 688 2138 gemmis
711 2095 799 2128 aliae
825 2095 922 2129 dotes
945 2095 1053 2139 magis

65 2154 286 2193 spectantur,
319 2153 462 2190 propter
485 2146 720 2189 gratissimum
747 2145 919 2187 virorem,
952 2146 1050 2180 Sma-

65 2201 194 2243 ragdos
215 2198 345 2241 placet,
372 2204 404 2230 et
424 2197 504 2241 quia
525 2196 695 2229 Venerem
713 2197 819 2239 sugit,
848 2203 880 2230 et
896 2198 1057 2230 medetur

65 2248 315 2283 comitialibus.
351 2245 596 2281 Carbunculus
615 2247 732 2290 magni
750 2247 784 2280 fit
800 2253 943 2291 propter
955 2247 1055 2280 ssam-

66 2312 182 2333 meum
214 2299 406 2339 fulgorem,
441 2298 543 2330 etiam
574 2298 610 2330 iu
636 2298 790 2331 tenebris
814 2298 1054 2340 conspicuum.

67 2349 117 2384 lta
149 2349 185 2382 in
219 2348 296 2381 aliis
327 2348 493 2392 exemplis
519 2349 666 2381 aliarum
693 2349 862 2381 virtutum
887 2348 1054 2391 imagines

67 2400 275 2434 illustriores
308 2405 568 2442 proponuntur.
637 2398 715 2432 Hoc
746 2399 850 2441 igitur
882 2400 985 2432 decus
1017 2399 1053 2431 in

65 2448 213 2485 Ionatha
239 2450 425 2493 praecipue
443 2449 726 2490 consideremus,
750 2450 931 2489 videlicet,
959 2451 1052 2494 quod

67 2502 187 2535 volens
204 2499 335 2535 Davidi
356 2501 398 2532 de
420 2512 528 2541 regno
548 2500 666 2533 cessit:
693 2512 782 2545 quae
802 2506 930 2544 quanta
949 2500 1054 2533 suerit

67 2552 176 2585 animi
208 2550 422 2590 moderatio,
456 2551 502 2583 ita
533 2551 643 2592 magis
665 2550 816 2593 intelligi
845 2550 991 2593 poterit,
1025 2551 1054 2583 si

67 2613 287 2636 communem
319 2601 425 2634 vitam
459 2601 699 2641 intuebimur,
732 2608 764 2634 et
797 2600 1053 2635 animadverte-

67 2664 162 2692 mus,
199 2658 369 2697 quantum
409 2651 611 2684 incendium
650 2651 693 2684 sit
725 2651 762 2684 in
797 2651 1055 2695 praestantibus

68 2702 203 2737 naturis
232 2699 379 2735 honoris
409 2709 442 2736 et
467 2703 562 2745 re'gni
588 2701 778 2745 cupiditas,
811 2713 871 2735 seu
895 2702 1054 2736 ambitio.

1106 484 1193 517 alios
1216 484 1491 517 innumerabiles
1514 486 1699 520 commisit.
1752 485 1820 520 Sed
1841 487 1944 520 etiam
1963 487 2001 519 in
2021 485 2091 520 Ec-

1105 535 1208 568 clesia
1244 535 1522 568 tristissimarum
1556 535 1823 579 dissipationum
1858 549 1959 581 saepe
1990 548 2091 570 causa

1105 585 1183 619 suit.
1235 583 1352 618 Etiam
1376 585 1458 618 srati
1487 584 1622 631 Moysi,
1655 588 1775 619 Aaron
1800 587 1935 620 invidet
1958 588 2090 630 princi-

1106 642 1245 680 patum,
1271 636 1331 681 qui
1358 643 1474 669 tamen
1497 636 1691 679 ingentium
1710 637 1947 680 periculorum
1965 638 2092 681 plenus

1105 693 1188 720 erat.
1239 685 1363 720 Postea
1389 693 1422 720 et
1445 699 1522 719 cum
1542 693 1691 735 utroque
1707 688 1750 720 de
1766 687 1966 731 prIncipatu
1984 688 2091 721 dimi-

1105 744 1158 771 cat
1182 749 1304 770 eorum
1327 744 1494 779 cognatus
1513 735 1642 772 Chora.
1692 736 1855 782 Denique
1880 738 1916 770 in
1938 744 2012 771 toto
2031 750 2092 781 ge-

1105 800 1187 821 nere
1220 785 1376 821 humano
1410 785 1497 820 haec
1527 788 1632 831 pestis
1663 785 1882 822 horribiliter
1905 796 2090 831 grassatur.

1105 838 1178 872 Nec
1200 845 1337 871 tantum
1360 839 1405 871 de
1427 838 1512 871 viris
1533 839 1789 881 praestantibus
1807 840 1939 872 dictum
1958 839 2089 873 intelli-

1104 897 1223 932 gatur,
1251 887 1382 922 Omnis
1404 901 1484 922 cura
1511 889 1614 929 viris,
1636 896 1714 922 uter
1738 897 1826 924 esset
1843 890 2088 933 induperator:

1105 941 1165 973 sed
1187 940 1288 973 etiam
1313 939 1405 973 inter
1430 939 1570 972 intimos
1587 940 1840 973 aemulationes
1856 947 1956 981 sunt,
1979 947 2090 974 certa-

1104 991 1200 1023 mina
1229 991 1273 1023 de
1297 991 1414 1034 priore
1438 990 1531 1024 loco.
1597 989 1734 1033 Pugnat
1758 997 1873 1024 autem
1899 991 1935 1023 id
1958 991 2089 1023 malum

1105 1053 1184 1074 cum
1217 1041 1370 1080 iustitia,
1412 1051 1500 1085 quae
1527 1051 1630 1074 suum
1654 1041 1783 1086 cuique
1805 1041 1920 1074 locum
1951 1052 2090 1084 geome-

1104 1091 1190 1125 trica
1225 1090 1453 1135 proportione
1483 1091 1593 1124 tribui
1621 1091 1738 1129 iubet,
1769 1098 1804 1125 et
1826 1102 1929 1135 saepe
1953 1091 2090 1124 exitiale

1104 1141 1186 1175 totis
1202 1141 1376 1184 gentibus,
1429 1141 1548 1183 Quare
1563 1152 1687 1184 magna
1700 1142 1812 1175 virtus
1826 1142 1892 1174 fuit
1911 1139 2090 1181 lonathae,

1104 1192 1294 1235 reprimere
1319 1192 1569 1230 ambitionem,
1590 1203 1654 1225 nec
1679 1192 1717 1224 in
1740 1190 1897 1225 Ecclesia
1921 1199 1955 1226 et
1979 1191 2089 1237 patria

1105 1243 1208 1276 civile
1226 1243 1360 1276 bellum
1377 1242 1576 1277 accendere.

1209 1297 1326 1341 Quam
1362 1298 1505 1332 difficile
1542 1305 1658 1332 autem
1693 1299 1800 1333 fuerit
1832 1300 1974 1340 cedere,
2012 1311 2092 1333 cum

1105 1361 1202 1382 more
1224 1349 1380 1392 gentium
1407 1349 1585 1382 videretur
1610 1347 1774 1383 Ionathas
1799 1347 1940 1390 haeres,
1974 1356 2007 1383 et
2030 1350 2091 1383 diu

1106 1412 1197 1433 unus
1221 1412 1397 1433 summum
1422 1399 1538 1432 locum
1563 1406 1740 1441 tenuerat,
1773 1401 1885 1434 suerat
1911 1401 2019 1444 patris
2043 1401 2093 1433 le-

1105 1457 1219 1492 gatus,
1244 1450 1357 1483 tribus
1373 1449 1507 1492 magnis
1522 1450 1663 1493 praeliis
1676 1451 1751 1483 sine
1768 1459 1865 1495 patre
1879 1448 1995 1485 hostes
2011 1463 2092 1495 pro-

1106 1501 1297 1544 ssigaverat,
1320 1507 1392 1533 erat
1409 1507 1552 1533 ornatus
1569 1501 1693 1534 divino
1710 1501 1923 1541 testimonio,
1951 1514 1990 1535 ac
2007 1513 2094 1545 pene

1106 1563 1169 1595 par
1189 1550 1320 1583 Dat-idi
1349 1557 1421 1583 erat
1451 1551 1583 1583 virtute
1605 1558 1637 1584 et
1663 1552 1768 1584 rebus
1792 1551 1915 1593 gestis,
1950 1551 2092 1585 caeteris

1107 1613 1190 1634 vero
1219 1601 1385 1634 omnibus
1410 1600 1670 1644 praestantibus
1693 1602 1779 1634 viris
1804 1602 1841 1634 in
1866 1603 2000 1646 populo
2022 1601 2092 1635 Dei

1106 1652 1210 1694 longe
1233 1651 1469 1684 antecellebat.
1531 1650 1654 1684 Talem
1679 1664 1724 1685 ne
1747 1652 1865 1685 virum
1890 1652 2093 1686 existimatis

1106 1703 1182 1734 sine
1199 1702 1319 1746 aliquo
1338 1701 1460 1734 dolore
1481 1702 1634 1744 potuisse
1651 1714 1795 1745 regnum
1814 1702 1989 1736 abiicere?
2021 1703 2092 1737 Sed

1105 1753 1263 1784 flammas
1286 1752 1490 1784 ambitionis
1516 1752 1663 1786 consilio
1689 1761 1721 1786 et
1744 1753 1913 1786 modestia
1937 1754 2094 1794 extinxit,

1106 1814 1194 1847 quae
1209 1802 1361 1834 remedia
1379 1803 1515 1846 petebat
1531 1814 1570 1834 ex
1587 1803 1746 1836 doctrina
1762 1803 1914 1838 coelesti.

1208 1867 1366 1900 Primum
1391 1874 1494 1901 norat
1517 1869 1720 1901 mandatum
1738 1867 1803 1901 Dei
1827 1880 1919 1909 esse,
1946 1880 1992 1901 ne
2014 1869 2094 1913 quis

1106 1925 1245 1962 appetat
1265 1929 1411 1960 regnum
1429 1918 1504 1951 sine
1520 1919 1718 1951 vocatione:
1744 1919 1873 1953 sciebat
1889 1919 2093 1964 praesertim

1106 1969 1143 2002 in
1168 1967 1324 2002 Ecclesia
1349 1967 1432 2007 Dei,
1460 1975 1493 2002 et
1514 1969 1552 2001 in
1577 1966 1640 2002 hac
1665 1969 1787 2012 politia
1814 1970 1985 2003 divinitus
2008 1981 2094 2002 cou-

1106 2020 1246 2059 stituta,
1280 2030 1427 2059 regnum
1451 2019 1542 2052 nulli
1564 2017 1701 2052 homini
1725 2021 1882 2053 debitum
1907 2032 1998 2060 esse,
2034 2021 2093 2053 sed

1106 2070 1290 2114 proprium
1312 2068 1377 2102 Dei
1400 2080 1488 2103 esse:
1523 2077 1555 2104 et
1580 2070 1702 2103 divino
1726 2071 1873 2103 consilio
1898 2071 1983 2104 alias
2007 2071 2096 2103 alios

1107 2122 1143 2153 in
1169 2118 1234 2153 hoc
1253 2120 1385 2164 populo
1403 2121 1443 2152 ad
1464 2132 1634 2153 summam
1653 2121 1943 2163 gubernationem
1959 2130 2097 2154 evectos

1106 2183 1189 2204 esse.
1229 2170 1370 2204 Sciebat
1385 2182 1420 2203 se
1437 2172 1564 2204 frustra
1582 2178 1818 2214 pugnaturum
1836 2183 1918 2211 esse,
1943 2172 1971 2204 si
1987 2172 2094 2204 alium

1107 2233 1211 2267 quem
1240 2219 1335 2254 Deus
1366 2228 1539 2259 vocasset,
1575 2228 1733 2254 excutere
1764 2229 1966 2256 conaretur.
2026 2222 2098 2255 Nec

1107 2272 1247 2305 volebat
1264 2272 1398 2305 turbari
1416 2269 1608 2304 Ecclesiam
1626 2279 1658 2305 et
1675 2272 1834 2315 patriam.

1208 2329 1306 2364 Haec
1327 2331 1505 2372 cogitans,
1528 2330 1686 2363 frenabat
1711 2330 1783 2373 ipse
1807 2343 1906 2363 suam
1924 2331 2098 2375 cupidita-

1109 2389 1177 2416 tem
1191 2408 1199 2421 ,
1228 2388 1260 2414 et
1277 2381 1415 2424 petebat
1433 2392 1470 2413 se
1484 2393 1501 2412 a
1520 2381 1598 2413 Deo
1615 2381 1794 2421 adiuvari,
1823 2393 1866 2414 ne
1883 2382 2022 2415 frenum
2038 2395 2098 2415 cu-

1108 2431 1248 2476 piditati
1270 2431 1423 2471 laxaret,
1459 2442 1532 2464 non
1558 2431 1695 2464 dicebat
1713 2438 1750 2464 ut
1768 2429 1913 2465 Thebus
1928 2439 2099 2478 tyrannus

1107 2483 1146 2517 in
1164 2480 1358 2525 tragoedia.-

1209 2543 1284 2574 Nam
1304 2545 1328 2572 si
1347 2543 1521 2572 violandum
1537 2551 1578 2573 est
1597 2545 1662 2579 ius,
1687 2545 1828 2584 regnandi
1845 2548 1938 2584 gratia

1208 2594 1397 2624 violandum
1414 2601 1474 2624 est:
1502 2597 1534 2624 in
1547 2597 1614 2624 aliis
1630 2596 1717 2625 rebus
1732 2599 1871 2635 pietatem
1886 2598 1975 2626 colas.

1105 2650 1173 2684 Sed
1190 2649 1264 2684 Deo
1289 2662 1326 2683 se
1347 2650 1574 2690 subiiciebant,
1603 2658 1634 2684 et
1660 2663 1694 2684 se
1717 2651 1808 2685 intra
1834 2659 1927 2695 septa
1952 2650 2005 2683 sui
2030 2650 2097 2683 loci

1105 2702 1263 2735 modeste
1286 2701 1502 2736 continebat.
1556 2700 1597 2734 In
1623 2699 1693 2734 boc
1715 2702 1909 2745 exemplum
1932 2707 2097 2745 tanquam
