2338 2958
91 115 166 150 113

621 110 779 146 DECL.
831 109 905 147 DE
937 109 1146 148 PRAEF.
1182 112 1239 147 ΙΝ
1273 111 1597 151 HESIODUM.

88 209 193 243 quam
212 196 372 236 intuens,
397 194 437 227 in
452 205 561 240 eaque
579 194 730 235 defixus,
754 195 800 228 ad
825 193 922 228 illius
946 193 1074 226 simili-
1098 194 1102 213 ⁸

90 249 250 283 tudinem
283 253 392 280 artem
430 252 464 279 et
497 257 643 278 manum
673 245 815 289 dirigit,
868 245 915 278 ita
949 251 982 278 et
1009 256 1074 277 nos

89 304 227 343 oportet
250 297 401 330 sormam
427 297 604 342 quandam
631 296 772 330 virtutis
793 295 911 329 animo
942 295 1074 328 inscul-

87 360 170 394 pere
194 361 299 393 quam
322 347 620 391 contemplemur,
645 354 679 380 et
701 347 739 380 in
763 346 948 380 consilium
969 344 1074 379 adhi-
1099 369 1101 374 -

87 401 253 440 beamus,
288 398 428 443 quoties
463 399 506 432 de
545 398 704 431 moribus
743 398 856 442 deque
886 394 1101 430 hominum'

88 450 213 485 officiis
229 449 482 490 iudicabimus,
512 449 545 482 id
566 449 612 482 ita
630 449 708 486 fiet,
734 448 763 481 si
778 448 992 492 optimorum
1011 460 1074 481 au-

88 508 205 535 torum
231 507 414 544 praecepta
441 501 630 544 diligenter
656 499 946 542 cognoverimus,
974 505 1008 532 et
1033 510 1073 531 ex

88 552 160 586 illis
186 558 316 586 certam
346 552 525 596 quandam
557 550 716 584 omnium
741 549 938 583 officiorum
962 549 1072 582 ratio-

88 615 170 637 nem
206 603 462 646 collegerimus.
520 600 569 635 Et
594 607 633 634 ut
658 601 777 634 serunt
809 600 957 634 Zeusem
992 612 1072 633 cum

87 652 261 688 Helenam
273 653 489 687 Crotoniatis
504 652 648 696 pingere
664 651 891 692 decrevisset,
917 663 956 684 ex
974 651 1073 684 omui

88 717 237 739 numero
260 704 438 748 virginum
470 703 544 736 eius
574 702 672 735 urbis
701 702 860 748 quinque
891 702 1070 745 delegisse,

88 757 133 790 ad
156 768 306 801 quarum
331 755 528 798 exemplum
553 752 726 786 Helenam
751 754 930 797 pingeret,
957 753 1004 786 ita
1032 765 1072 785 ex

88 807 288 840 lectissimis
316 806 498 839 autoribus
532 805 700 838 debemus
733 811 863 838 certam
898 804 1071 837 rationem

88 858 232 892 virtutis
247 869 445 901 excerpere,
472 867 560 901 quae
578 855 724 889 consilia
741 855 860 889 omnia
879 862 998 889 nostra
1016 867 1071 888 re-

88 915 148 952 gat
173 915 207 942 et
231 909 414 952 gubernet.
472 904 569 940 Mihi
596 913 711 940 autem
738 907 902 950 inprimis
926 907 969 939 ad
994 918 1069 939 eam

88 971 162 994 rem
180 959 280 993 utilis
292 958 470 992 Hesiodus
487 958 644 998 videtur,
671 957 752 1002 quia
771 958 864 991 inter
886 957 1072 1003 gnomolo-

89 1022 151 1054 gos
173 1010 359 1054 scriptores
388 1010 474 1043 citra
499 1008 774 1042 controversiam
796 1008 994 1053 principem
1017 1008 1072 1041 lo-

91 1073 171 1095 cum
195 1067 300 1095 tenet.
359 1059 481 1105 Neque
505 1060 600 1093 enim
625 1060 720 1092 nuda
744 1066 927 1103 praecepta
950 1059 1072 1099 tradit,

89 1113 150 1145 sed
164 1112 250 1145 alias
266 1112 304 1144 in
323 1111 492 1144 encomiis
508 1110 670 1150 virtutis,
698 1110 784 1143 alias
801 1110 839 1142 in
859 1110 1072 1143 insectandis

88 1162 185 1196 vitiis
201 1168 450 1202 commoratur,
475 1168 509 1195 et
526 1162 620 1206 quod
640 1161 934 1194 officiosissimum
954 1167 1005 1194 est
1028 1162 1071 1194 ad

88 1213 334 1247 absterrendos
351 1213 489 1246 animos
503 1209 689 1245 hominum
707 1224 725 1246 a
737 1212 976 1256 turpitudine,
994 1223 1069 1255 gra-

88 1263 179 1298 viter
204 1270 236 1297 et
261 1263 423 1307 religiose
447 1264 567 1304 docet,
593 1263 766 1297 divinitus
782 1264 894 1296 bonos
919 1263 1072 1307 praemia

87 1327 152 1360 pro
175 1315 368 1348 benefactis
392 1315 500 1353 serre,
528 1314 710 1358 improbos
733 1314 904 1347 scelerum
928 1325 1071 1347 suorum

88 1377 219 1409 poenas
238 1366 346 1399 luere.
392 1363 655 1398 Animadvertit
670 1364 764 1398 enim
779 1364 1074 1408 prudentissimus

89 1417 163 1457 vir,
184 1422 310 1450 natura
336 1426 401 1448 nos
424 1416 522 1455 duci,
548 1421 587 1448 ut
608 1421 801 1449 statuamus
818 1414 965 1447 numine
985 1426 1074 1459 quo-

89 1468 171 1501 dam
188 1464 283 1511 haec„
297 1467 459 1500 mortalia
484 1466 695 1509 gubernari,
722 1477 864 1510 esseque
881 1464 995 1498 Deum
1018 1465 1074 1497 in-

87 1518 201 1552 iuriae
230 1518 382 1551 ultorem
411 1524 444 1550 et
471 1517 649 1550 bonorum
677 1522 898 1550 assertorem.
951 1516 1074 1560 Itaque

88 1569 202 1602 multo
235 1568 376 1611 gravius
410 1569 454 1601 de
489 1567 650 1600 moribus
682 1566 853 1610 praecipit
886 1565 1075 1606 Hesiodus,

89 1632 195 1666 quam
214 1616 426 1663 Philosophi
441 1618 524 1659 ulli,
549 1618 609 1662 qui
628 1629 691 1650 ceu
707 1618 863 1661 gigantes
889 1617 927 1649 in
944 1617 1075 1650 fabulis

89 1671 226 1705 coelum
257 1670 442 1703 excindere
466 1668 605 1710 conati,
638 1667 753 1702 Deum
777 1669 821 1701 ab
848 1667 1076 1701 administra-

89 1723 185 1756 tione
208 1733 326 1755 rerum
351 1721 581 1760 submovent,
606 1726 639 1752 et
661 1719 832 1762 religione
850 1719 988 1752 animos
1009 1716 1075 1751 ho-

88 1773 228 1806 minum
263 1772 425 1806 liberant.
486 1770 662 1814 Diogenes
696 1771 834 1803 dicebat
864 1769 1076 1813 Harpalum,

90 1824 151 1869 qui
168 1824 297 1867 praedo
313 1823 418 1855 foelix
439 1822 510 1855 illis
524 1821 742 1865 temporibus
759 1818 973 1861 habebatur,
992 1833 1076 1854 con-

90 1881 142 1907 tra
154 1872 248 1907 Deos
265 1873 506 1906 testimonium
526 1872 662 1912 dicere,
690 1873 785 1916 quod
805 1871 841 1903 in
862 1871 920 1903 illa
935 1871 1076 1905 fortuna

91 1931 162 1958 tam
179 1924 242 1957 diu
258 1924 404 1959 viveret.
458 1922 601 1965 Quanto
625 1918 928 1968 φιλοσοφώτερον
950 1921 1078 1956 Hesio-

92 1977 158 2009 dus
180 1975 282 2008 docet
307 1986 416 2019 prope
443 1974 562 2007 adesse
585 1972 678 2006 Deos
706 1970 928 2013 hominibus,
965 1986 1003 2007 ac
1023 1974 1078 2006 vi-

91 2027 173 2060 dere
197 2025 378 2058 malefacta
402 2025 546 2058 nostra?
600 2023 672 2057 Vos
695 2035 823 2069 quaeso
856 2024 978 2057 ametis
1010 2022 1078 2058 hoc

91 2078 236 2122 poema,
261 2083 293 2110 et
314 2075 488 2109 familiare
510 2075 611 2108 vobis
635 2075 788 2115 faciatis,
815 2075 909 2119 quod
934 2076 1077 2120 quidem

91 2128 253 2162 divinum
268 2138 358 2168 esse,
383 2127 439 2160 vel
454 2124 521 2160 hoc
536 2132 743 2170 argumento
762 2125 822 2166 sit,
850 2127 943 2170 quod
959 2127 1078 2160 serunt

92 2178 250 2213 Hesiodo
275 2178 406 2222 pastori
436 2178 587 2211 calamos
615 2190 634 2210 a
663 2176 776 2210 Musis
810 2177 960 2210 donatos
988 2190 1078 2218 esse,

93 2230 222 2275 quibus
244 2229 313 2262 iam
338 2229 476 2262 afflatus
498 2228 626 2263 cecinit
650 2225 735 2261 haec
757 2235 950 2272 praecepta.
1003 2227 1078 2274 Ap-

92 2287 192 2326 paret
210 2293 250 2313 ex
267 2278 436 2314 Cicerone
452 2280 574 2313 solitos
592 2280 676 2312 olim
692 2279 740 2312 sic
760 2290 888 2322 pueros
913 2279 1077 2319 ediscere,

92 2339 132 2366 ut
168 2338 280 2365 certas
314 2331 473 2374 preculas
508 2331 620 2364 nostri
657 2330 758 2373 pueri
792 2330 974 2366 docentur.
1033 2329 1079 2364 Et

94 2382 223 2417 Graeci
241 2382 329 2416 tanti
346 2381 456 2414 secere
469 2409 478 2422 ‚
504 2389 543 2415 ut
560 2382 596 2414 in
612 2380 784 2415 Helicone
800 2381 1020 2416 adservarint
1041 2382 1078 2415 iu

92 2434 239 2480 plumbo
259 2432 472 2476 descriptum
489 2440 624 2476 poema.

208 2483 388 2518 Hactenus
439 2484 482 2516 de
529 2483 642 2527 prima
685 2482 866 2517 Hesiodici
914 2484 1080 2517 carminis

94 2542 202 2580 parte.
255 2534 436 2569 Posterior
458 2546 580 2578 magna
597 2547 637 2567 ex
661 2541 759 2577 parte
779 2531 917 2580 φυσικὴ
942 2541 1009 2574 est,
1037 2536 1080 2568 de

97 2593 221 2620 natura
246 2593 359 2620 terrae
383 2597 422 2619 ac
446 2586 606 2629 frugum,
647 2585 688 2618 de
715 2585 997 2629 tempestatibus,
1037 2587 1079 2619 dc

95 2637 250 2670 siderum
278 2637 450 2677 motibus,
483 2648 632 2682 quarum
657 2648 773 2669 rerum
798 2636 1017 2681 perliberalis
1048 2645 1081 2671 et

97 2689 248 2722 iucunda
266 2687 418 2731 cognitio
440 2695 499 2721 est.
550 2687 637 2720 Nam
660 2699 737 2720 cum
755 2685 942 2721 hominum
967 2700 1080 2727 causa,

147 2738 331 2772 Bleraxrn.
359 2741 462 2771 Orsa.
489 2741 572 2771 Ἴσι.
602 2740 661 2770 XI.

2048 121 2119 156 114

1127 195 1220 228 etad
1238 206 1322 228 usus
1342 202 1480 229 nostros
1506 195 1591 231 haec
1618 210 1737 232 rerum
1762 207 1887 235 natura
1917 204 2058 237 condita
2085 212 2117 239 et

1126 246 1292 278 fabricata
1311 246 1374 285 sit,
1402 247 1572 289 flagitium
1598 256 1647 283 est
1671 250 1760 283 velle
1784 253 1893 286 totius
1917 252 2116 297 pulcherri-

1127 309 1219 329 mam
1245 297 1393 330 aedificii
1419 298 1592 332 rationem
1618 303 1868 346 contemplari,
1909 306 2112 348 praesertim

1126 360 1205 381 cum
1230 359 1266 379 ea
1299 347 1454 389 cognitio
1482 349 1675 392 plurimum
1704 355 1872 387 momenti
1903 356 2037 389 adferat
2069 358 2111 389 ad

1127 398 1365 432 valetudinem
1385 402 1683 442 conservandam,
1709 410 1742 436 et
1764 406 1806 437 ad
1830 406 2012 451 plerasque
2028 407 2114 441 alias

1125 449 1215 482 vitae
1232 456 1345 493 partes
1361 450 1542 492 regendas.
1580 450 1670 493 Quis
1688 461 1737 487 cst
1753 461 1821 487 tam
1840 457 1990 498 ferreus,
2007 470 2111 503 quem

1125 500 1154 532 si
1168 500 1206 532 in
1225 497 1362 534 theatro
1379 501 1514 541 sedeat,
1531 513 1608 534 cum
1628 503 1810 545 ludifiunt,
1827 519 1899 540 non
1917 508 2110 553 aliquando

1125 551 1273 584 incessat
1287 551 1470 595 spectandi
1490 552 1643 596 cupido?
1671 561 1797 587 etcum
1822 559 1959 592 nullum
1976 567 2110 604 specta-

1125 602 1263 643 culum,
1296 603 1387 635 nulli
1413 603 1510 643 ludi,
1545 604 1624 647 plus
1649 605 1838 650 voluptatis
1861 616 1920 642 aut
1947 611 2110 644 utilitatis

1125 653 1262 686 adferre
1295 653 1482 697 spectatori
1518 662 1684 697 possunt,
1715 669 1818 701 quam
1856 656 1939 692 haec
1965 668 2110 694 naturae

1125 704 1294 744 varietas,
1321 702 1410 737 mihi
1426 704 1554 738 rectius
1575 705 1653 739 viva
1678 708 1846 741 cadavera
1865 723 1968 754 quam
1994 709 2109 745 homi-

1125 766 1185 788 nes
1211 755 1378 788 videntur
1402 756 1622 799 appellandi,
1655 755 1691 790 hi
1718 759 1778 803 qui
1804 772 1916 805 neque
1943 751 2109 802 mentem,

1124 818 1238 851 neque
1263 806 1383 839 oculos
1405 807 1446 839 ad
1464 814 1609 841 naturae
1629 809 1946 844 considerationem
1963 825 2111 846 conver-

1125 864 1215 891 tunt.
1270 856 1451 890 Postremo
1471 859 1513 890 ad
1532 860 1722 901 parandam
1742 861 1923 895 scientiam
1948 864 2038 897 bene
2054 865 2108 897 di-

1125 908 1244 949 cendi,
1268 920 1341 941 non
1369 920 1492 953 parum
1520 910 1655 943 confert
1678 909 1869 953 Hesiodus,
1903 926 1984 947 nam
2010 915 2108 948 lectis

1125 959 1241 992 verbis
1265 959 1396 999 utitur,
1424 971 1512 1004 quae
1537 962 1741 1004 tempestive
1760 971 1944 1007 usurpata,
1972 973 2002 999 et
2029 978 2109 999 ora-

1126 1010 1213 1044 tioni
1234 1010 1440 1052 dignitatem
1457 1011 1639 1049 adserunt,
1660 1019 1693 1046 et
1709 1013 1875 1048 scientiae
1890 1018 2028 1059 pondus
2046 1018 2109 1049 ad-

1125 1062 1224 1095 dunt.
1277 1060 1460 1103 Quantum
1485 1069 1585 1106 putas
1607 1064 1739 1097 accedit
1757 1066 1909 1099 orationi
1932 1067 2112 1109 gravitatis

1125 1110 1189 1145 hac
1211 1112 1327 1145 auxesi
1342 1111 1430 1156 pene
1447 1113 1596 1156 tragica,
1621 1127 1698 1147 cum
1725 1114 1840 1159 Reges
1863 1114 2112 1165 δωροφάγους

1126 1163 1304 1207 appellat?
1332 1175 1436 1208 quam
1456 1170 1552 1206 grata
1574 1166 1783 1209 compositio
1810 1175 1859 1202 est
1884 1167 2113 1214 χειροδίκαιῬ

1125 1213 1218 1248 Sunt
1234 1214 1301 1247 hoc
1318 1225 1426 1257 genus
1445 1222 1625 1249 sexcentae
1650 1216 1800 1260 figurae,
1827 1231 1912 1264 quas
1930 1232 2002 1253 non
2026 1221 2113 1253 libet

1126 1262 1183 1298 hic
1202 1277 1425 1305 enumerare,
1448 1278 1492 1298 ne
1508 1266 1594 1311 quid
1612 1268 1774 1303 amittant
1801 1271 1931 1313 gratiae
1955 1283 1994 1304 ex
2022 1271 2114 1304 inte-

1126 1328 1184 1359 gra
1209 1316 1390 1354 oratione,
1425 1317 1520 1350 velut
1554 1330 1572 1349 a
1611 1330 1758 1362 corpore
1793 1322 1950 1354 membra
1981 1323 2114 1355 avulsa,

1127 1366 1224 1408 Quid
1250 1367 1292 1398 de
1318 1373 1389 1400 tota
1413 1366 1586 1400 orationis
1611 1375 1806 1411 structura,
1834 1373 1947 1416 deque
1971 1380 2114 1406 senten-

1126 1417 1255 1449 tiarum
1279 1416 1399 1459 figuris
1426 1417 1607 1451 dicemus?
1642 1431 1730 1464 quae
1757 1427 1942 1466 tantopere
1959 1424 2115 1467 proban-

1127 1474 1184 1500 tur
1206 1466 1339 1507 Fabio,
1373 1473 1412 1500 ut
1434 1465 1518 1500 huic
1547 1469 1712 1504 decernat
1736 1471 1773 1504 in
1797 1473 1966 1507 mediocri
1991 1486 2117 1517 genere

1127 1517 1268 1550 dicendi
1300 1517 1473 1561 palmam,
1518 1525 1550 1551 ct
1581 1520 1743 1565 princeps
1772 1522 1965 1557 latinorum
1989 1525 2118 1559 Poeta-

1127 1580 1205 1601 rum
1223 1567 1414 1611 Yirgilius,
1441 1576 1473 1602 et
1489 1567 1645 1603 Ovidius
1665 1572 1873 1607 lectissimos
1888 1575 1983 1608 locos
2001 1577 2036 1608 in
2055 1589 2116 1609 sua

1128 1631 1233 1663 opera
1254 1619 1520 1658 transtulerint,
1547 1620 1809 1668 iudicarintque
1827 1637 1899 1658 non
1918 1626 1994 1659 leve
2013 1639 2118 1660 orna-

1129 1677 1286 1702 mentum
1324 1670 1406 1702 inde
1442 1672 1604 1704 accedere
1638 1673 1710 1706 suis
1737 1677 1918 1718 poematis.
1975 1676 2118 1711 Reddet

1129 1719 1223 1754 haud
1253 1721 1361 1753 dubie
1385 1728 1417 1754 et
1441 1729 1596 1755 nostram
1628 1725 1823 1759 orationem
1852 1727 2116 1771 locupletiorem

1130 1778 1163 1805 et
1189 1772 1411 1812 uberiorem,
1450 1785 1514 1806 nec
1548 1774 1639 1807 male
1673 1776 1857 1811 collocabit
1892 1791 2054 1822 operam,
2089 1780 2117 1812 si

1130 1822 1209 1868 quis
1239 1823 1281 1855 ad
1310 1834 1471 1865 graccum
1499 1826 1694 1869 exemplar,
1729 1839 1767 1860 ea
1785 1840 1873 1873 quae
1898 1831 2009 1863 nostri
2036 1831 2118 1864 inde

1131 1880 1393 1917 excerpserunt,
1422 1876 1629 1917 contulerit,
1654 1889 1736 1911 nam
1762 1879 1821 1912 illa
1841 1880 2024 1926 utriusque
2049 1882 2119 1915 lin-

1130 1936 1216 1968 guae
1235 1925 1430 1969 proprietas
1455 1926 1582 1959 certius
1600 1926 1903 1972 deprehendetur,
1938 1939 1968 1964 et
1988 1933 2118 1971 figurae

1130 1975 1319 2008 verborum
1348 1983 1380 2009 et
1404 1978 1658 2012 sententiarum
1696 1981 1958 2015 animadversae
1990 1983 2119 2017 clarius

1131 2033 1331 2061 cernentur.
1393 2026 1571 2062 Profuerit
1604 2030 1725 2069 etiam,
1761 2031 1787 2063 si
1826 2032 1940 2065 locum
1964 2034 2116 2079 aliquem

1131 2077 1347 2110 floridiorem
1379 2084 1439 2111 tuo
1459 2077 1573 2113 Marte
1597 2081 1716 2113 latinis
1733 2083 1890 2116 versibus
1908 2086 2119 2128 exposueriS‚

1131 2140 1221 2173 quae
1245 2129 1444 2162 exercitatio
1467 2130 1537 2163 dici
1568 2143 1639 2164 non
1665 2139 1796 2175 potest,
1824 2142 1993 2179 quantum
2019 2143 2120 2170 acuat

1132 2179 1300 2212 iudicium
1315 2206 1324 2220 ,
1341 2187 1511 2225 quantum
1531 2181 1612 2215 item
1631 2183 1673 2215 ad
1692 2184 1853 2217 alendam
1871 2187 2042 2220 sermonis
2060 2199 2118 2220 co-

1132 2230 1223 2274 piam
1260 2237 1292 2263 et
1326 2233 1598 2275 comparandam
1635 2233 1815 2268 scientiam
1842 2237 2039 2280 explicandi
2064 2250 2118 2271 rcs

1132 2282 1297 2314 obscuras
1325 2281 1442 2315 saciat:
1475 2283 1532 2315 scd
1557 2281 1641 2317 haec
1665 2285 1757 2318 inter
1780 2289 2014 2321 enarrandum
2041 2289 2119 2321 obi-

1132 2339 1184 2365 ter
1200 2332 1433 2367 monebimus.
1487 2332 1643 2376 Quaerat
1661 2336 1807 2381 aliquis,
1835 2338 1918 2383 quid
1938 2336 2022 2372 haec
2046 2347 2118 2373 tota

1132 2383 1221 2416 ratio
1257 2383 1415 2416 discendi
1449 2384 1492 2416 ad
1534 2385 1697 2429 pietatem
1732 2389 1930 2423 conducat?
1982 2388 2046 2424 Est
2081 2391 2118 2423 in

1105 2430 1107 2450 ⁵
1133 2440 1298 2479 promptu
1315 2434 1398 2479 quid
1419 2437 1668 2478 respondeam,
1685 2439 1726 2471 ad
1747 2439 1999 2473 immutandam
2020 2454 2120 2475 men-

1105 2616 1107 2651 ι

1104 2658 1107 2707 l

1133 2492 1219 2525 tem,
1247 2485 1507 2530 imbuendaque
1524 2487 1694 2531 religione
1712 2487 1803 2522 nihil
1826 2493 2008 2532 conducit,
2037 2505 2117 2525 nam

1133 2537 1167 2569 id
1195 2535 1299 2568 efficit
1321 2536 1478 2570 coelestis
1495 2536 1649 2582 Spiritus
1672 2552 1734 2584 per
1757 2552 1892 2574 sacrum
1911 2554 2119 2581 sermonem,

1133 2588 1191 2619 sed
1209 2587 1251 2619 ad
1269 2589 1549 2629 cognoscendum
1576 2601 1772 2624 sermonem
1798 2604 1974 2627 sacrarum
2004 2595 2119 2627 litera-

1132 2650 1230 2677 rum,
1265 2638 1396 2679 graecis
1418 2639 1529 2672 literis
1556 2653 1644 2684 opus
1669 2649 1735 2675 est:
1771 2643 1899 2676 deinde
1921 2651 1958 2677 ut
1984 2646 2026 2677 de
2047 2656 2120 2677 scr-

1132 2701 1235 2722 monc
1254 2689 1381 2723 rectius
1407 2690 1620 2730 iudicemus,
1649 2700 1682 2727 et
1698 2700 1736 2727 ut
1757 2694 1918 2738 dogmata
1941 2695 2121 2739 religionis

1517 2741 1538 2775 8
