2338 2958
42 781 51 888 ἶ

40 1030 46 1072 3

40 1081 47 1118 y
81 1071 243 1104 omnium
269 1071 442 1105 virtutum
459 1072 576 1106 laude.

39 1127 45 1163 s

39 1171 53 1219 ⁵!

37 1222 52 1326 1!

29 2012 35 2035 ι
76 2046 143 2082 No,
167 2047 254 2082 106.

51 950 55 972 4

39 1235 44 1260 ε
80 1235 183 1257 causa
216 1223 408 1258 doleamus.

96 125 168 161 841

95 210 189 245 dinis
212 209 250 244 in
271 207 428 243 Ecclesia
452 209 604 244 coelesti.
653 208 722 243 Die
748 217 842 244 sexto
868 209 1078 244 Novembris

93 259 244 296 Chasma
262 260 301 293 in
314 259 411 293 coelo
427 260 530 294 valde
545 261 773 305 conspicuum
788 261 906 301 fulsit,
932 262 976 295 ab
997 267 1078 295 ortu

92 312 223 345 aestivo
244 321 364 343 versus
381 311 577 345 brumalem
595 323 756 345 occasum
774 323 952 356 sparsum,
983 312 1077 357 quod

92 362 161 396 late
177 367 402 405 conspectum
426 368 496 401 est,
525 369 558 396 et
575 362 736 395 flammae
750 362 880 396 alicubi
896 363 933 395 in
949 369 1076 396 terram

90 412 271 456 delapsae,
314 423 436 446 rursus
458 412 496 445 in
520 415 635 447 aerem
666 413 863 447 evolarunt.
931 412 971 446 Id
1003 413 1076 457 ipse

88 462 193 496 etiam
207 469 314 496 noctu
332 463 477 504 viderat,
505 463 552 497 ita
570 464 714 504 cubans,
739 470 778 497 ut
796 475 871 496 eam
890 463 978 496 coeli
996 475 1078 508 par-

88 519 158 547 tem
176 513 309 547 intueri
328 520 455 557 posset.
489 512 544 548 Eo
561 520 676 548 motus
692 514 873 558 prodigio,
898 525 978 547 cum
995 513 1076 559 qui-

87 564 167 598 dem
184 570 270 598 tunc
287 564 378 597 vires
393 564 468 598 eius
484 565 585 598 valde
602 565 840 607 languefactae
857 570 988 605 essent,
1013 565 1074 597 ad-

43 622 53 650 :1
86 615 233 648 modum
259 621 389 648 moesta
414 615 591 655 oratione,
632 627 711 648 cum
735 614 904 660 postridie
926 616 970 648 ad
996 627 1074 649 eum

44 678 53 698 u
85 665 320 704 venissemus,
348 666 545 710 deploravit
557 664 733 699 Ecclesiae
750 665 1015 709 dissipationes,
1042 672 1076 699 et

50 741 51 746 ,
86 723 255 750 venturos
274 723 390 750 motus
411 716 598 760 praedixit:
625 728 664 749 ac
681 717 800 749 decem
817 716 891 749 dies
909 717 1075 762 reliquOS,

86 767 216 812 quibus
244 774 416 811 superstes
447 767 532 807 fuit,
573 767 810 811 consumpsit,
849 774 888 801 ut
928 767 1074 808 solebat,

86 817 125 850 in
141 818 364 851 invocatione
381 823 414 851 et
431 816 662 852 confessione.

188 867 239 902 Ita
263 868 356 902 inter
378 874 458 902 vota
481 869 675 913 tranquillo
699 869 818 903 animo
846 869 903 903 die
919 868 1072 903 Novem-

82 918 157 952 bris
171 919 354 957 sedecimo‚
378 917 485 952 Anno
504 917 614 953 1548.
629 920 775 954 decessit
792 932 833 953 ex
850 918 916 953 hac
931 920 1072 953 mortali

83 969 157 1003 vita
188 968 320 1014 Caspar
356 969 587 1014 Crucigerus‚
627 971 682 1004 vir
714 971 886 1004 excellens
919 971 1074 1014 ingenio,

82 1020 300 1061 eruditione,
340 1021 520 1064 agnitione
550 1033 632 1054 vera
662 1020 751 1063 Dei,
801 1022 991 1066 sapientia,
1039 1028 1072 1055 et

631 1071 704 1115 Qui
728 1084 806 1105 cum
828 1073 966 1106 fruatur
992 1083 1070 1104 coe-

80 1121 178 1155 lestis
192 1120 370 1155 Ecclesiae
389 1123 664 1163 consuetudine,
692 1122 759 1166 ipsi
783 1122 926 1168 quidem
951 1128 1072 1165 gratu-

80 1172 197 1206 lemur
235 1179 306 1206 tam
344 1173 519 1217 placidam
557 1173 822 1216 migrationem,
864 1174 925 1207 sed
954 1179 1072 1207 nostra

477 1222 550 1257 Nos
579 1224 672 1257 enim
702 1235 830 1267 magno
864 1230 1072 1257 ornamento

80 1274 194 1308 orbati
222 1284 354 1307 sumus.
410 1272 544 1307 Verum
562 1274 763 1308 testimonia
780 1286 861 1308 suae
881 1275 1072 1308 sententiae

80 1332 114 1359 et
131 1324 348 1365 studiorum,
375 1325 538 1370 vitaeque
563 1325 763 1369 exemplum
787 1326 892 1359 nobis
917 1325 1071 1371 reliquit.

79 1374 176 1409 Haec
199 1375 244 1409 ad
269 1386 371 1408 usum
396 1382 556 1409 nostrum
583 1376 850 1417 transferamus,
887 1377 1072 1410 confirme—

80 1437 159 1460 mus
176 1436 241 1459 nos
256 1425 330 1459 eius
347 1426 505 1470 scriptis,
533 1433 566 1460 et
583 1426 764 1460 imitemur
785 1427 920 1468 studia,
946 1439 1072 1467 mores,

79 1477 255 1521 pietatem.
316 1477 401 1510 Ideo
426 1476 523 1511 Deus
547 1477 717 1510 immensa
742 1478 982 1512 misericordia
1002 1476 1072 1511 Ec-

36 1539 39 1558 :
79 1527 202 1561 clesiae
219 1528 278 1561 dat
292 1528 429 1573 aliquos
447 1528 652 1561 excellentes
668 1527 857 1570 Doctores,
883 1535 923 1562 ut
946 1540 1067 1562 eorum

80 1591 163 1612 voce
180 1586 212 1612 et
232 1578 345 1612 literis
359 1579 420 1612 alii
442 1579 651 1612 erudiantur
675 1585 707 1612 et
729 1580 1002 1623 confirmentur,
1039 1586 1071 1612 et

79 1629 249 1674 exemplis
263 1630 307 1662 ad
336 1629 499 1673 pietatem
522 1630 770 1664 accendantur.
823 1629 939 1664 Simul
964 1630 1071 1673 igitur

77 1686 112 1714 et
132 1680 206 1714 Deo
238 1680 366 1723 gratias
396 1691 556 1723 agamus,
596 1681 691 1725 quod
718 1681 823 1714 talem
846 1681 950 1714 nobis
974 1681 1071 1714 dedit

77 1731 246 1775 collegam
274 1737 307 1764 et
331 1729 537 1765 Doctorem:
573 1737 606 1765 et
632 1731 742 1775 ipsius
764 1730 947 1775 Crucigeri
970 1732 1069 1764 labo-

76 1782 176 1815 ribus
194 1782 371 1821 fruamur,
397 1788 431 1814 et
443 1782 535 1816 vitae
552 1781 822 1827 studiorumque
842 1782 999 1826 exempla
1017 1794 1067 1815 se-

77 1843 237 1878 quamur.
290 1830 383 1865 Dixi.

878 2061 926 2082 an.
950 2050 1042 2082 1549.

850 2095 1061 2113 Q

227 2155 303 2197 De
336 2154 483 2196 dicto,-
524 2154 681 2210 Typus
706 2160 800 2195 esto
833 2160 916 2195 etc.

144 2246 174 2272 ln
194 2244 243 2271 sel.
268 2243 347 2271 Dect.
367 2243 464 2271 T.111.
694 2243 812 2270 Richnrd
834 2245 867 2270 Τ.
884 2244 930 2271 Ill.
955 2254 979 2279 p.
998 2246 1069 2278 478„

176 2279 292 2305 Servest.
314 2279 348 2303 T.
364 2278 410 2304 ΙΙΙ.
431 2288 456 2311 p.
469 2279 527 2304 460.
545 2282 571 2303 et
590 2279 617 2304 iu
634 2279 722 2304 Tomo
740 2279 784 2307 lll.
812 2279 920 2305 Erford.
939 2279 978 2305 lit·
996 2280 1027 2313 R,
1040 2282 1066 2308 4.

172 2313 241 2338 ltem
256 2312 284 2338 in
301 2312 415 2347 Georgii
430 2312 564 2346 Principis
574 2313 712 2338 Anhaltini
727 2313 908 2340 concionibus
922 2320 946 2339 et
960 2315 1067 2349 seriptis

173 2356 200 2381 p.
213 2346 274 2373 425.
316 2348 360 2373 Est
380 2346 452 2372 enim
475 2347 562 2373 oratio
582 2347 727 2381 synodica,
752 2356 835 2382 quam
858 2348 1017 2374 Melanthon
1041 2350 1067 2375 in

177 2391 256 2407 usum
272 2381 384 2416 Georgii
398 2381 468 2407 Anh.
485 2381 605 2414 scripsit,
633 2383 711 2407 missa
728 2381 751 2407 ei
767 2382 792 2410 d.
813 2382 919 2408 10.lun.
939 2383 1008 2416 (vid.
1019 2385 1067 2418 Ep.

173 2417 205 2442 ad
221 2416 340 2449 Anhalt.)
355 2421 381 2441 et
397 2425 410 2441 a
427 2415 546 2449 Georgio
561 2416 669 2442 recitata
683 2416 709 2441 d.
728 2417 767 2441 17.
784 2415 845 2444 lun.
863 2417 938 2445 1549.

482 2252 508 2278 p.
523 2244 573 2269 484
587 2253 645 2279 sqq.
656 2264 663 2277 ,

75 2507 202 2541 Oratio
221 2503 269 2539 de
287 2504 427 2538 Pauli
451 2502 552 2538 dicto
569 2502 618 2537 ad
641 2503 799 2538 Timoth.
820 2516 902 2550 cap.
912 2505 964 2541 4.;
996 2509 1068 2553 Ty-

206 2567 278 2601 pus
302 2559 379 2590 esto
401 2553 573 2602 fidelium
594 2556 633 2588 in
653 2566 821 2590 sermone
847 2561 917 2591 etc.

73 2631 172 2674 Cum
206 2639 264 2683 pio
287 2639 403 2673 studio
430 2645 574 2683 propter
606 2639 897 2673 consuetudinem
928 2639 1066 2685 aliquot

73 2702 268 2731 annorum,
305 2702 393 2735 quae
409 2690 452 2723 ad
467 2701 676 2724 consensum
695 2691 741 2724 de
759 2689 920 2724 doctrina
939 2690 976 2724 in
996 2689 1066 2725 Ec-

619 123 780 161 DECL.
817 123 894 160 DE
926 123 1124 160 DICTO:
1160 125 1347 161 TYPUS
1379 124 1533 161 ESTO
1561 136 1644 163 ETC.

2043 129 2117 165 842

1131 210 1246 244 clesiis
1262 211 1387 244 vicinis
1411 212 1635 246 retinendum
1658 213 1808 257 profuit,
1835 214 2115 254 convenerimus,

1130 273 1203 294 non
1219 269 1258 295 ut
1273 269 1394 296 contra
1411 262 1617 308 cuiusquam
1635 264 1859 297 autoritatem
1883 264 2019 309 aliquid
2045 265 2115 304 fiat,

1130 312 1187 344 sed
1205 319 1244 345 ut
1262 312 1319 355 pie
1336 319 1367 345 et
1386 321 1543 347 amanter
1568 315 1611 347 de
1636 316 1758 347 eodem
1785 327 1957 348 consensu
1984 316 2116 349 tuendo

1129 362 1390 407 colloquamur:
1426 375 1568 407 agamus
1591 366 1730 404 eadem,
1759 377 1848 410 quae
1871 372 1973 399 antea
2001 365 2038 398 in
2059 362 2116 398 his

1128 412 1454 456 piislcongressibus
1472 425 1571 457 agere
1590 416 1847 451 consuevimus.

1230 462 1281 495 Ac
1307 464 1458 506 primum
1484 464 1612 507 gratias
1636 466 1770 508 agimus
1794 467 1859 499 tibi
1889 466 2115 510 omnipotens

1127 511 1240 553 Deus,
1267 519 1406 546 aeterne
1428 522 1461 547 et
1484 515 1588 547 unice
1614 522 1711 558 pater
1729 516 1875 549 Domini
1899 518 2011 550 nostri
2038 516 2117 551 Iesu

1126 560 1279 602 Christi,
1308 565 1472 597 conditor
1494 565 1580 597 coeli
1607 572 1640 599 et
1662 572 1791 607 terrae,
1818 574 1851 600 et
1876 564 2061 601 hominum
2085 574 2118 601 et

1126 612 1303 647 Ecclesiae
1322 622 1418 656 tuae,
1443 627 1514 648 una
1538 627 1618 649 cum
1642 617 1715 650 filio
1739 623 1799 650 tuo
1817 615 1973 650 Domino
1993 625 2114 652 nostro

1128 664 1205 698 Iesu
1227 663 1369 699 Christo
1397 672 1431 699 et
1458 665 1596 710 Spiritu
1630 674 1769 708 sancto,
1804 669 1899 712 quod
1926 680 1999 701 nou
2029 669 2116 702 sinis

1127 716 1283 759 extingui
1302 716 1414 749 lucem
1431 717 1612 751 doctrinae
1629 725 1727 756 tuae,
1755 724 1787 751 et
1808 718 1901 752 inter
1917 730 1982 751 nos
1999 716 2116 753 hacte-

1127 778 1194 800 nus
1211 767 1400 801 clementer
1414 768 1557 801 servasti
1574 766 1636 801 has
1654 769 1822 814 reliquias
1838 776 1915 803 tuae
1930 767 2116 811 Ecclesiae,

1126 829 1215 863 quae
1230 830 1349 851 vocem
1367 816 1552 862 Evangelii
1569 820 1620 852 tui
1639 820 1879 864 incorruptam
1897 831 2021 853 sonare
2042 827 2117 854 stu-

1126 870 1221 904 dent.
1272 867 1410 902 Deinde
1433 876 1467 903 et
1491 870 1744 904 ardentissimis
1767 871 1858 904 votis
1881 871 2030 915 teipsum
2056 883 2116 904 ve-

1125 931 1204 952 rum
1222 917 1355 959 Deum,
1383 919 1602 954 conditorem
1620 922 1707 954 coeli
1732 928 1766 955 et
1791 928 1921 960 terrae,
1947 928 1980 955 et
1997 918 2115 954 homi-

1126 982 1212 1003 num
1231 977 1264 1004 et
1280 968 1455 1003 Ecclesiae
1475 977 1573 1010 tuae,
1601 972 1834 1017 alloquimur,
1861 980 1893 1006 et
1910 972 2116 1006 ardentibus

1126 1020 1218 1053 votis
1253 1027 1399 1064 propter
1432 1021 1545 1054 filium
1572 1020 1767 1056 Dominum
1801 1029 1961 1056 nostrum
1996 1023 2113 1056 Iesum

1124 1068 1304 1104 Christum
1331 1083 1492 1112 oramus,
1528 1078 1567 1107 ut
1593 1079 1626 1105 et
1649 1073 1813 1117 deinceps
1836 1085 1972 1117 semper
1998 1073 2034 1106 in
2061 1072 2117 1106 his

1124 1121 1329 1165 regionibus
1346 1129 1524 1155 aeternam
1541 1123 1606 1156 tibi
1617 1121 1809 1157 Ecclesiam
1821 1149 1830 1163 ,
1858 1130 2003 1169 propter
2017 1131 2115 1158 tuam

1124 1172 1291 1216 gloriam,
1319 1173 1462 1215 colligas
1477 1180 1508 1207 et
1525 1185 1651 1208 serves.

1226 1221 1315 1256 Cum
1331 1230 1446 1256 autem
1466 1224 1502 1256 in
1520 1221 1575 1256 his
1594 1225 1827 1258 conventibus
1845 1232 1922 1269 post
1940 1226 2115 1270 precatio-

1125 1284 1206 1306 nem
1230 1273 1364 1318 aliquid
1391 1275 1433 1307 de
1457 1281 1635 1318 pastorum
1661 1276 1776 1308 officio
1800 1276 1916 1309 dicere
1946 1276 2115 1310 usitatum

1124 1324 1186 1364 sit,
1213 1330 1253 1357 ut
1271 1331 1303 1358 et
1321 1325 1504 1368 diligentia
1522 1325 1559 1357 in
1576 1326 1734 1359 docendo
1763 1333 1795 1359 et
1820 1327 1981 1370 regendis
2004 1327 2116 1360 mori-

1125 1375 1210 1415 bus,
1239 1381 1271 1407 et
1295 1376 1451 1408 studium
1477 1377 1627 1409 tuendae
1649 1377 1857 1410 concordiae
1880 1378 1916 1410 in
1936 1378 2114 1423 aliquibus

1124 1425 1331 1459 excitentur:
1361 1424 1436 1469 Ego
1453 1439 1594 1472 quoque
1612 1439 1707 1460 nunc
1728 1428 2008 1462 admonitionem
2034 1440 2115 1471 gra—

1123 1476 1302 1510 vissimam
1326 1475 1429 1510 Pauli
1451 1478 1552 1511 vobis
1583 1490 1799 1521 proponam,
1839 1491 1944 1524 quam
1977 1479 2115 1523 scripsit

1123 1524 1178 1560 his
1192 1527 1308 1560 verbis
1324 1528 1366 1559 ad
1388 1526 1628 1564 Timotheum.

1224 1576 1349 1623 Typus
1366 1584 1438 1611 esto
1457 1579 1612 1612 fidelium
1638 1579 1675 1611 in
1697 1590 1877 1620 sermone,
1910 1580 1947 1613 in
1965 1592 2113 1613 conver-

1123 1627 1279 1670 satione,
1306 1628 1344 1660 in
1362 1628 1569 1671 dilectione,
1598 1629 1635 1662 in
1655 1629 1802 1673 spiritu,
1830 1630 1971 1672 infide,
1996 1631 2033 1664 in
2058 1643 2115 1665 ca·-

1122 1678 1249 1713 stitate.

1225 1729 1307 1763 Non
1349 1731 1443 1763 enim
1477 1731 1541 1764 uni
1574 1729 1767 1765 Timotheo
1802 1730 1888 1766 haec
1920 1732 2115 1766 admonitio

1123 1780 1250 1824 scripta
1267 1787 1334 1814 est:
1362 1782 1421 1814 sed
1437 1778 1522 1815 haec
1540 1794 1606 1815 vox
1617 1781 1769 1826 Spiritus
1785 1783 1895 1816 sancti
1913 1794 2034 1816 omnes
2050 1794 2115 1826 gu—

1123 1831 1327 1864 bernatores
1357 1838 1390 1864 et
1413 1833 1574 1865 doctores
1604 1832 1640 1864 in
1667 1839 1736 1866 tota
1763 1831 1920 1867 Ecclesia
1947 1833 2114 1867 omnibus

1123 1882 1341 1926 temporibus
1365 1882 1568 1927 alloquitur.

1226 1930 1280 1966 Ac
1305 1944 1442 1977 semper
1471 1931 1633 1966 homines
1663 1933 1838 1977 sapientes
1867 1930 1934 1966 hoc
1963 1933 2114 1967 docendi

1124 1994 1234 2026 genus
1262 1984 1559 2027 magnifecerunt,
1595 1985 1733 2018 tradere
1765 1985 1888 2017 breves
1917 1983 2117 2024 sententias,

1122 2034 1160 2066 in
1179 2033 1308 2079 quibus
1326 2034 1532 2079 praecipuae
1548 2035 1694 2069 virtutes
1711 2032 1997 2080 comprehensae,
2023 2046 2115 2067 sem-

1122 2096 1185 2129 per
1209 2084 1247 2117 in
1274 2092 1465 2129 conspectu
1489 2093 1619 2125 essent,
1647 2093 1686 2120 ut
1710 2086 1753 2119 ad
1779 2086 1861 2119 talia
1887 2085 1999 2126 dicta,
2035 2091 2115 2118 tan-

1122 2147 1227 2181 quam
1247 2136 1290 2168 ad
1309 2147 1468 2169 normam
1489 2137 1559 2170 vita
1580 2143 1613 2170 et
1632 2137 1747 2170 studia
1767 2136 2015 2180 dirigerentur.
2067 2133 2115 2169 Et

1121 2184 1189 2219 hoc
1213 2185 1290 2230 ipso
1315 2187 1434 2230 generi
1461 2187 1611 2220 docendi
1637 2185 1854 2231 Prophetae,
1890 2184 2052 2220 Christus
2081 2194 2114 2221 et

1122 2235 1286 2281 Apostoli
1303 2238 1452 2271 multum
1471 2245 1501 2271 et
1519 2250 1618 2281 saepe
1640 2239 1693 2271 usi
1713 2244 1812 2271 sunt:
1850 2238 1944 2282 quod
1969 2237 2113 2282 quidem

1123 2287 1360 2321 consideranti
1388 2288 1681 2321 iucundissimum
1711 2295 1771 2323 est.
1831 2286 1989 2321 Delectat
2017 2288 2112 2321 enim

1121 2339 1240 2371 videre
1258 2345 1424 2383 tanquam
1444 2339 1479 2371 in
1497 2339 1624 2372 tabella
1642 2339 1750 2383 pictas
1764 2338 1933 2381 imagines
1948 2336 2114 2383 pulcher-

1120 2389 1290 2422 rimarum
1309 2389 1480 2422 virtutum
1501 2397 1532 2423 et
1551 2391 1728 2423 bonorum
1745 2389 2035 2432 gubernatorum.

1220 2438 1267 2473 Et
1285 2446 1427 2483 propter
1444 2440 1649 2474 brevitatem
1667 2440 1804 2473 facilius
1821 2440 2017 2483 infiguntur
2034 2439 2111 2472 ani-

1120 2490 1204 2531 mis,
1231 2497 1272 2524 ut
1287 2502 1322 2523 se
1337 2490 1475 2534 saepius
1490 2491 1640 2526 offerant
1659 2491 1694 2523 in
1711 2491 2044 2529 deliberationibus,
2077 2496 2109 2522 et

1121 2553 1239 2574 earum
1275 2541 1472 2575 recordatio
1508 2542 1600 2576 vitae
1634 2549 1666 2575 et
1700 2542 1878 2576 actionum
1908 2541 2025 2584 regula
2055 2540 2109 2572 sit.

1120 2592 1240 2634 Quare
1267 2599 1297 2625 et
1327 2592 1455 2624 summi
1477 2591 1590 2636 Reges
1614 2605 1652 2626 ac
1676 2592 1858 2636 Principes
1880 2592 1946 2624 sibi
1971 2597 2002 2623 et
2029 2590 2109 2622 aliis

1120 2643 1201 2677 talia
1221 2642 1340 2675 brevia
1368 2651 1549 2687 praecepta
1577 2656 1616 2677 ex
1641 2643 1837 2687 sapientum
1865 2641 1964 2674 libris
1989 2640 2108 2681 electa,

1120 2705 1220 2738 saepe
1237 2693 1548 2738 praescripserunt.
1601 2694 1700 2729 Sicut
1714 2692 1892 2736 Augustus
1910 2703 2009 2734 saepe
2026 2689 2106 2724 Ma-
