2338 2958
77 116 150 150 185

552 108 714 146 DECL.
753 108 830 145 DE
862 107 1100 145 STUDIIS
1132 105 1627 144 ADOLESCENTUM.

75 211 114 233 re
139 198 303 244 quapiam
328 196 561 239 interrogatos
585 195 633 230 ita
653 195 872 240 perturbari,
906 206 945 228 ac
971 193 1066 227 velut
1089 199 1091 239 j

1089 243 1091 284 J
1116 245 1234 278 statim
1254 245 1410 288 coarguti
1431 245 1702 282 excandescunt,
1727 243 1811 288 quid
1831 241 1893 274 ni‘?
1918 254 1990 274 non
2010 242 2103 273 enim

75 249 242 285 attonitos
257 248 511 287 obmutescere,
536 253 576 281 ut
596 247 653 279 vix
672 247 782 280 animi
800 251 977 291 compotes
994 255 1066 278 esse

75 302 274 334 videantur.
318 296 452 331 Eorum
471 297 616 339 deinde,
642 298 673 331 si
689 297 775 343 quid
791 298 880 330 forte
898 296 1065 329 discendo
1090 330 1091 335 ¹

75 351 179 385 etiam
196 349 373 383 consecuti
387 355 468 382 sunt
480 375 489 389 ,
516 349 638 383 nullus
651 360 735 382 usus
751 359 823 382 esse
845 354 969 392 potest.

75 399 142 436 hoc
159 400 253 434 enim
272 400 387 433 omnis
403 400 600 434 studiorum
619 400 753 434 fructus
770 399 925 443 ponitur,
953 405 989 432 ut
1007 409 1065 431 ex·-

1024 346 1092 379 ln·

75 463 254 497 promere,
290 451 326 483 in
353 452 536 495 lucemque
562 451 738 495 proferre,
773 462 812 483 ac
837 450 1005 493 replicare
1028 448 1063 481 id
1091 479 1093 482 Α

76 503 191 547 ipsum
209 503 305 547 quod
329 501 416 535 scias
440 502 561 546 possis.

617 501 662 535 Ut
684 501 778 534 enim
802 499 958 533 occultae
981 499 1064 533 Mu·
1090 515 1092 529 :

77 555 186 594 sicae,
229 554 276 586 ita
304 559 422 586 mutae
449 561 554 598 atque
584 552 730 585 infantis
757 551 939 585 doctrinae
966 550 1063 583 nulla
1090 578 1092 581 ,

75 605 187 649 gratia
205 611 265 638 est.
319 603 490 637 Examina
507 615 590 636 vero
606 610 644 636 ut
661 602 832 636 iudicium
854 603 1009 635 formant
1027 613 1065 633 ac

77 656 219 696 limant,
253 655 391 687 animos
416 654 644 694 confirmant,
678 659 808 686 acuunt
831 653 991 696 ingenia,
1018 652 1065 685 ita

74 706 232 750 linguam
257 717 397 751 quoque
421 704 670 747 expeditiorem
699 704 873 743 efficiunt,
906 703 1065 737 celerita-

78 765 148 791 tem
185 757 361 802 quaudam
399 755 576 799 cogitandi
611 761 644 788 et
678 755 969 799 promtitudinem
1010 766 1065 787 re-

74 807 273 853 spondendi
303 806 466 841 afferunt.
526 806 655 849 ‘Magna
689 803 773 839 haec
802 807 945 851 quidem
973 812 1065 845 suut,

74 860 134 892 sed
149 865 200 892 est
217 865 251 891 et
266 858 333 891 alia
351 869 424 890 non
441 857 558 890 minor
572 857 708 890 utilitas
721 857 921 890 examinum
934 885 942 897 ,
969 857 1063 902 quod

73 907 260 944 cohercent
273 921 311 942 ac
327 906 493 942 cohibent
513 919 654 942 cursum
669 908 866 942 studiorum
885 908 975 940 intra
992 919 1066 940 cer-

74 968 127 995 tos
145 960 288 993 limites:
320 959 557 992 adolescentes
582 959 676 992 enim
698 959 767 993 nisi
787 959 878 992 intra
897 966 988 992 certa
1005 971 1065 990 ve-

1090 795 1092 820 ι

1089 946 1092 988 l

1090 989 1092 1010 ι

75 1012 129 1046 lut
143 1017 238 1055 septa
255 1011 523 1048 contineantur,
551 1022 613 1043 ceu
634 1010 734 1043 navis
752 1010 788 1042 in
807 1010 933 1042 mediis
950 1009 1067 1043 flucti-
1090 1027 1092 1055 ,⁴

76 1063 141 1096 bus
164 1069 298 1095 rectore
322 1061 502 1101 destituta,
538 1060 584 1095 ita
610 1061 677 1105 ipsi
703 1061 835 1094 incerto
866 1073 971 1093 cursu
998 1061 1067 1093 ssu-
1090 1071 1091 1091 1

75 1119 207 1154 ctuant,
226 1119 258 1146 et
275 1112 303 1144 si
319 1112 402 1156 quid
421 1112 525 1145 etiam
542 1112 744 1149 instituunt,
769 1112 804 1144 id
824 1112 924 1144 nullo
941 1111 1066 1144 ordine

72 1169 234 1197 tractant.

75 1220 319 1257 consumptam
345 1213 458 1256 perire
479 1225 618 1246 necesse
643 1220 704 1246 est.
755 1212 802 1246 Et
820 1214 969 1256 gignunt
992 1213 1066 1257 plc-
1090 1226 1092 1254 j

73 1276 223 1309 rumque
248 1261 332 1297 haec
364 1264 593 1297 tumultuaria
623 1276 662 1297 ac
691 1275 777 1307 vaga
799 1265 914 1298 studia
939 1277 1064 1297 vanam

73 1315 335 1360 persuasionem
353 1315 584 1355 eruditionis,
610 1327 678 1359 qua
693 1313 787 1347 nihil
804 1315 990 1348 nocentius
1007 1321 1068 1355 est,

77 1378 116 1399 ea
139 1366 268 1399 deinde
294 1365 407 1398 inflati
432 1372 588 1405 tument,
615 1377 693 1398 cum
713 1366 756 1397 de
771 1366 876 1398 rebus
901 1366 1067 1398 omnibus

74 1416 315 1450 indoctissime
347 1428 386 1448 ac
418 1415 644 1448 stolidissime
677 1415 844 1449 iudicent.
900 1414 990 1449 Cum
1027 1428 1064 1448 ea

75 1468 169 1502 enim
198 1466 336 1500 inscitia
361 1466 546 1499 coniuncta
574 1477 645 1499 esse
675 1467 763 1500 solet
794 1466 944 1509 insignis
968 1479 1066 1499 arro-

74 1519 191 1562 gantia
210 1529 249 1550 ac
274 1517 485 1561 pertinacia,
511 1517 606 1550 unde
624 1517 680 1557 fit,
706 1523 745 1550 ut
763 1517 961 1562 plerunque
982 1517 1067 1550 tales

73 1569 280 1612 Rebuspub.
296 1568 352 1600 vel
370 1566 537 1601 Ecclesiis
556 1568 718 1611 praefecti
735 1568 946 1601 tumultibus
965 1568 1065 1600 dein-

74 1621 118 1654 de
141 1619 261 1653 omnia
293 1619 470 1652 misceant.
528 1617 593 1651 His
618 1618 718 1651 malis
750 1619 856 1652 tantis
881 1620 1068 1651 medentur

74 1671 247 1711 examina,
275 1677 309 1704 et
325 1671 421 1715 quod
439 1669 629 1702 maximum
647 1676 707 1708 est,
724 1681 849 1702 vanam
869 1670 966 1702 illam
989 1682 1068 1713 per-

76 1722 275 1756 suasionem
299 1721 498 1760 doctrinae,
526 1727 631 1765 atque
655 1721 913 1763 arrogantiam,
941 1721 1068 1753 animis

77 1773 254 1812 eximunt,
281 1784 348 1817 qua
366 1783 441 1804 non
455 1778 505 1804 est
523 1771 589 1804 alia
608 1771 713 1815 pestis
732 1783 811 1804 cum
829 1772 933 1804 rebus
951 1771 1068 1803 omni-

77 1824 163 1864 bus,
208 1829 285 1856 tum
320 1834 404 1856 vero
442 1821 627 1866 praecipue
662 1822 789 1855 studiis
823 1822 1067 1866 perniciosior.

77 1873 189 1918 Saepe
211 1873 306 1906 enim
329 1872 457 1918 aliquis
481 1873 603 1906 cristas
627 1873 722 1906 tollit
743 1879 823 1906 ante
846 1879 1000 1916 tempus,
1035 1881 1068 1907 et

77 1930 178 1969 putat
200 1935 236 1957 se
259 1924 328 1956 iam
352 1924 407 1956 vel
430 1934 558 1956 novem
583 1923 711 1956 artium
731 1923 930 1957 liberalium
951 1923 1066 1967 Magi-

77 1982 189 2010 strum
213 1986 303 2014 esse,
337 1974 399 2019 qui
424 1985 504 2007 cum
525 1974 682 2007 examine
701 1975 891 2016 excutitur,
926 1975 953 2007 si
974 1973 1066 2008 nihil

76 2026 193 2066 aliud,
220 2022 287 2059 hoc
305 2031 398 2058 certe
414 2031 532 2058 tamen
550 2027 714 2065 docetur,
742 2026 834 2070 quod
861 2023 976 2059 adbuc
1000 2027 1068 2059 mi-

76 2088 144 2111 nus
157 2076 255 2117 sciat,
275 2088 380 2121 quam
399 2075 473 2119 ipse
487 2087 522 2108 se
537 2075 625 2108 scire
642 2077 800 2119 putabat,
827 2084 859 2110 et
876 2077 941 2110 isto
958 2077 1065 2111 stulto

75 2141 114 2163 ac
129 2127 328 2173 pernicioso
345 2139 462 2160 errore
479 2127 661 2161 liberatur.
709 2126 852 2169 Quanto
871 2140 953 2161 vero
969 2129 1066 2171 inge-

75 2179 136 2213 nia
157 2178 386 2212 soecundiora
408 2185 510 2218 sunt,
541 2190 580 2211 ac
602 2178 711 2221 magis
736 2179 934 2221 praecocia,
968 2187 1066 2213 tanto

74 2231 155 2276 plus
172 2230 216 2263 ab
233 2227 298 2263 hac
314 2235 409 2273 peste
426 2228 572 2273 periculi
590 2235 650 2262 est.
686 2227 854 2262 Videmus
872 2230 965 2262 enim
984 2232 1066 2276 φιλ-

75 2278 188 2316 αυτία
211 2280 433 2314 soelicissima
457 2280 624 2325 pleraque
648 2280 786 2323 ingenia
804 2280 840 2312 in
857 2281 973 2314 medio
993 2289 1067 2315 stu-

74 2333 216 2366 diorum
235 2343 339 2365 cursu
355 2331 545 2375 corrumpi,
573 2343 611 2364 ac
628 2331 722 2364 velut
742 2331 777 2363 in
794 2329 902 2364 herba
919 2333 1065 2373 enecari,

74 2384 160 2418 dum
176 2383 245 2416 sibi
262 2383 331 2415 iam
356 2381 462 2414 nimis
481 2382 616 2425 placere
638 2382 834 2426 incipiunt,
861 2394 896 2415 se
919 2383 1012 2427 ipsos
1032 2391 1066 2417 et

287 1161 392 1196 Unde
416 1174 558 1206 operam
582 1162 653 1195 illis
676 1174 817 1195 omnem
842 1163 879 1195 in
899 1163 1066 1195 discendo
1090 1167 1092 1192 Γ

2033 104 2103 138 186

1116 200 1231 227 autem
1259 205 1294 227 se
1329 200 1388 227 aut
1415 193 1551 232 doceri,
1585 204 1650 237 pro
1678 190 1924 235 indignissimo
1959 192 2105 230 ducunt,

1117 296 1189 328 labi
1207 307 1307 339 posse
1330 302 1390 328 aut
1407 307 1523 327 errare
1541 295 1653 328 videri
1670 294 1804 328 volunt.
1840 292 1920 325 Non
1939 292 2104 335 Tigrides

1117 347 1279 386 atrocius,
1307 353 1366 379 aut
1382 346 1561 378 infestiore
1579 347 1642 386 ira,
1669 358 1732 390 pro
1748 344 1872 378 catulis
1889 344 2106 387 depugnant,

1119 410 1223 442 quam
1251 397 1304 430 illi
1330 409 1393 441 pro
1419 397 1490 429 suis
1513 397 1691 429 erroribus
1714 395 1955 429 defendendis.
2008 393 2105 436 Quid

1119 446 1182 482 1105
1205 449 1358 481 facturos
1382 454 1562 492 putemus,
1597 447 1656 480 ubi
1686 447 1733 479 sic
1753 446 1866 479 affecti
1891 446 1934 479 ad
1952 444 2104 488 Reipub.

1118 506 1179 533 aut
1196 498 1373 532 Ecclesiae
1391 498 1627 542 gubernacula
1652 498 1860 531 accesserint
1884 503 1917 530 et
1935 496 2103 529 autorita-

1118 557 1186 583 tem
1213 563 1252 583 ac
1275 551 1466 594 potentiam
1489 549 1642 594 aliquam
1671 560 1749 580 cum
1773 548 1839 581 isto
1862 547 2049 591 supercilio
2075 553 2106 579 et

1119 601 1254 634 inscitia
1273 600 1547 635 coniunxerint?
1582 598 1722 644 Ecquos
1740 611 1800 631 vos
1815 610 1971 643 unquam
1991 595 2107 630 homi-

1117 663 1179 685 nes
1196 652 1343 686 audistis
1360 651 1630 695 perniciosiores
1646 649 1810 683 Ecclesiis
1829 656 1887 682 aut
1899 649 2105 692 Rebuspub.

1119 703 1294 736 extitisse?
1347 701 1457 748 Atqui
1475 702 1554 736 talis
1575 700 1775 744 arrogantia
1792 706 1824 733 et
1843 700 1948 732 alitur
1965 706 1998 733 et
2020 711 2106 732 con-

1118 755 1278 788 firmatur
1295 754 1331 786 in
1351 754 1497 793 animis,
1525 754 1551 785 si
1572 753 1668 785 nulla
1687 758 1809 795 agatur
1827 752 1869 783 de
1886 750 2009 784 studiis
2026 762 2107 782 cen-

1118 817 1217 845 sura,
1255 805 1396 848 ingenia
1426 817 1499 838 non
1528 805 1754 848 explorentur
1789 808 2107 845 coarguanturque,

1117 868 1181 889 nec
1209 863 1421 890 moneantur
1448 856 1534 901 quid
1563 853 1678 888 adhuc
1706 854 1776 886 illis
1804 853 1912 891 desit,
1944 859 1976 885 et
2004 863 2107 896 quam

1118 908 1221 950 longe
1253 905 1368 940 adhuc
1399 908 1515 939 absint
1544 907 1586 939 ab
1623 918 1662 938 eo
1691 905 1801 947 gradu
1829 903 2028 942 doctrinae,
2064 903 2107 935 ad

1118 971 1221 1003 quem
1247 959 1316 991 iam
1344 958 1491 991 evasisse
1512 957 1578 990 sibi
1602 957 1826 989 videbantur.
1881 954 2107 997 Quapropter

1117 1010 1145 1041 si
1165 1006 1258 1042 nibil
1281 1009 1376 1043 aliud
1401 1009 1565 1042 utilitatis
1587 1008 1752 1041 afferrent
1777 1005 1954 1042 examina,
1983 1004 2036 1036 vel
2063 1004 2108 1036 011

1118 1059 1209 1093 hanc
1238 1072 1346 1094 unam
1383 1072 1521 1093 causam
1551 1067 1666 1093 tamen
1695 1059 1733 1090 in
1767 1055 1897 1090 scholis
1924 1055 2108 1088 retinenda

1118 1119 1231 1145 erant:
1265 1112 1359 1156 quod
1384 1112 1522 1144 duabus
1546 1110 1707 1143 maximis
1730 1109 1883 1152 pestibus
1901 1106 2109 1145 studiorum,

1119 1174 1276 1207 quaeque
1308 1163 1505 1207 plerunque
1539 1161 1746 1195 coniunctae
1769 1159 1883 1192 solent
1907 1170 1997 1197 esse,
2033 1168 2108 1189 me—

1118 1215 1267 1252 dentur,
1301 1225 1428 1257 nempe
1450 1213 1609 1256 ignaviae
1636 1219 1669 1245 et
1694 1210 1931 1253 arrogantiae,
1967 1209 2010 1241 ad
2036 1207 2109 1240 exi-

1090 1265 1092 1288 1'
1117 1265 1285 1297 mendum
1304 1265 1398 1297 enim
1417 1271 1610 1309 torporem,
1640 1263 1881 1295 excutiendam
1906 1259 2109 1293 somnolen-

1090 1375 1093 1392 t

74 2446 135 2469 sua
152 2434 310 2478 impense
328 2433 562 2473 admirantur,
583 2433 750 2466 attollunt
769 2433 967 2477 supercilia,
986 2435 1066 2479 qui-
1089 2437 1091 2454 ='

73 2485 194 2520 busvis
218 2485 285 2517 iam
306 2496 340 2517 se
365 2489 606 2528 praeponunt,
639 2484 783 2529 quosvis
813 2497 896 2528 prae
919 2497 953 2517 se
980 2497 1065 2518 con-
1088 2476 1091 2510 l
1116 2496 1154 2517 ac
1187 2485 1291 2528 paulo
1323 2491 1403 2517 ante
1430 2481 1610 2529 hyemem,
1643 2481 1708 2515 hoc
1735 2489 1802 2521 est,
1837 2482 1904 2515 iam
1932 2488 2108 2514 senectute

75 2542 256 2574 temnunt,
281 2535 467 2569 fastidiunt
489 2534 558 2567 iam
584 2531 754 2568 bacciam
776 2535 854 2576 illa,
882 2546 1063 2569 censuram
1088 2569 1090 2574 ,

76 2587 143 2621 sibi
157 2587 201 2620 de
217 2587 390 2630 dogmatis
402 2592 562 2619 sumunt:
588 2585 679 2618 nulli
696 2587 846 2631 amplius
863 2594 1064 2631 praecepto-
1088 2585 1090 2605 ⁵

75 2648 150 2679 res,
181 2637 273 2671 nulli
301 2637 559 2683 propemodum
585 2636 668 2669 libri
694 2643 753 2670 aut
783 2637 971 2682 scriptores
994 2645 1062 2672 tam

74 2694 258 2723 emunctae
286 2689 381 2722 naris
411 2688 545 2722 iudicio
577 2687 808 2724 satisfaciunt.
867 2688 1063 2723 Admoneri

1118 1316 1222 1355 tiam,
1266 1316 1322 1348 vix
1357 1316 1453 1348 aliud
1482 1316 1594 1348 calcar
1628 1321 1679 1347 est
1712 1313 1825 1346 acrius
1853 1319 1886 1345 et
1923 1310 2109 1343 efficacius.

1118 1365 1255 1398 Deinde
1280 1378 1324 1398 ne
1352 1366 1455 1398 nobis
1480 1365 1564 1409 ipsis
1588 1364 1774 1396 immodice
1800 1363 2018 1406 placeamus,
2050 1366 2110 1393 aut

1117 1416 1210 1449 ultra
1225 1415 1371 1455 nidum,
1397 1423 1437 1449 ut
1455 1416 1566 1455 aiunt,
1594 1426 1726 1458 pennas
1743 1414 1987 1451 extendamus,
2013 1411 2109 1444 salu—

1119 1473 1191 1499 tare
1209 1473 1257 1499 est
1275 1467 1359 1499 vitia
1378 1473 1481 1511 atque
1501 1472 1613 1498 errata
1632 1472 1750 1497 nostra
1769 1464 1872 1497 nobis
1891 1462 2048 1502 ostendi,
2075 1467 2110 1494 et

1118 1517 1303 1549 adsuelieri
1328 1528 1410 1557 nOS,
1436 1524 1475 1549 ut
1499 1517 1670 1559 patienter
1689 1516 1842 1548 seramus
1863 1526 1927 1547 nos
1946 1513 2110 1556 redargui

1119 1579 1156 1600 ac
1173 1567 1322 1611 corripi,
1356 1579 1400 1600 ne
1418 1567 1580 1611 protinus
1606 1567 1725 1599 onmia
1747 1565 1883 1598 somnia
1907 1571 2027 1597 nostra
2051 1575 2110 1596 ex—

1119 1618 1319 1651 oseulemur
1361 1624 1395 1651 et
1427 1630 1490 1662 pro
1529 1617 1681 1651 oraculis
1715 1617 1894 1650 adoranda
1929 1616 2110 1649 ducamus.

1120 1669 1219 1712 Quae
1238 1681 1326 1702 vana
1343 1669 1522 1713 persuasio
1539 1669 1607 1701 nisi
1625 1668 1828 1710 corrigitur,
1855 1665 2110 1711 perniciosissi-

1119 1732 1193 1753 mos
1220 1720 1349 1753 deinde
1376 1732 1512 1753 errores
1539 1719 1640 1763 parit.
1706 1718 1886 1752 Narcissus
1916 1718 1952 1750 in
1980 1716 2110 1750 sabulis

1119 1771 1328 1810 Poetarum,
1363 1772 1447 1803 dum
1473 1771 1623 1803 nimium
1650 1781 1722 1802 sese
1745 1776 1857 1809 amat,
1884 1767 2110 1808 contabescit,

1120 1822 1278 1867 peritque
1294 1829 1327 1856 et
1342 1822 1415 1865 ipse
1432 1829 1465 1855 et
1480 1822 1539 1854 illa
1556 1822 1641 1854 falsa
1659 1821 1783 1863 imago,
1805 1832 1908 1865 quam
1927 1825 2109 1862 tantopere

1118 1874 1318 1917 deperibat,
1341 1879 1374 1906 et
1391 1884 1485 1906 nunc
1501 1879 1654 1906 mutatus
1672 1872 1709 1904 in
1727 1872 1847 1904 florem
1859 1898 1867 1911 ,
1893 1877 2012 1903 monet
2032 1881 2109 1908 nos,

1117 1936 1195 1957 sero
1219 1925 1422 1964 florescens,
1457 1935 1503 1957 ne
1526 1923 1633 1955 nimis
1657 1929 1792 1956 mature
1815 1928 1847 1954 et
1870 1928 1949 1953 ante
1972 1928 2111 1964 tempus

1118 1987 1237 2018 sapere
1273 1974 1498 2019 incipiamus,
1547 1986 1635 2006 neve
1669 1986 1733 2006 nos
1766 1979 1825 2005 aut
1852 1978 1970 2005 nostra
2002 1971 2110 2004 nimis

1118 2037 1275 2059 amemus
1299 2032 1404 2071 atque
1427 2025 1652 2059 admiremur.
1707 2023 1814 2066 Quod
1846 2035 1925 2055 cum
1949 2023 1986 2055 in
2010 2023 2109 2055 omni

1117 2083 1228 2110 aetate
1244 2077 1408 2110 odiosum
1425 2083 1486 2117 est,
1505 2082 1579 2109 tum
1598 2087 1679 2107 vero
1698 2074 1734 2106 in
1753 2073 1987 2107 adolescentia
2006 2085 2109 2117 pror-

1118 2139 1194 2161 sum
1212 2128 1450 2161 intolerabile.
1488 2126 1575 2160 Nam
1592 2132 1631 2160 ut
1648 2126 1691 2159 ab
1706 2137 1771 2159 usu
1789 2137 1906 2158 rerum
1925 2125 2108 2169 solidaque

1117 2191 1155 2212 ac
1178 2179 1328 2222 perfecta
1354 2178 1514 2212 doctrina
1540 2184 1571 2210 et
1594 2175 1764 2221 sapientia
1783 2173 1867 2209 haec
1885 2182 1976 2209 aetas
1994 2173 2110 2209 adhuc

1118 2229 1320 2273 longissime
1337 2230 1449 2269 abest,
1477 2229 1522 2261 ita
1543 2225 1604 2260 has
1624 2239 1678 2260 res
1695 2239 1768 2260 non
1784 2233 1896 2271 potest
1919 2226 1986 2259 sibi
2010 2239 2108 2260 arro-

1117 2293 1197 2325 gare
1212 2281 1286 2313 sine
1302 2292 1438 2313 summa
1456 2279 1677 2323 turpitudine
1693 2290 1731 2311 ac
1748 2278 1913 2311 vanitate.
1952 2277 1997 2311 [Jt
2014 2278 2108 2310 enim

1116 2343 1204 2365 uvae
1229 2338 1262 2364 et
1287 2343 1388 2375 poma
1413 2343 1485 2363 non
1513 2330 1549 2362 in
1575 2342 1675 2368 vere,
1704 2341 1767 2362 nec
1791 2329 1826 2361 iu
1843 2335 1969 2362 aestate
1993 2336 2109 2362 matu-

1116 2390 1268 2422 rescunt,
1295 2383 1353 2415 sed
1371 2382 1406 2414 in
1423 2388 1593 2415 autumno
1610 2381 1775 2425 primum,
1803 2380 1908 2424 paulo
1926 2388 2005 2413 aute
2023 2377 2109 2424 hye-

1117 2446 1226 2474 mem,
1263 2434 1308 2467 ita
1335 2433 1515 2466 doctrinae
1540 2432 1675 2465 fructus
1700 2432 1962 2473 ingravescente
1985 2437 2108 2471 aetate,

1117 2536 1288 2574 instante,
1315 2535 1469 2579 primum
1486 2534 1599 2567 solent
1617 2540 1859 2566 maturescere.
1896 2530 1942 2566 Et
1959 2539 1998 2566 ut
2019 2544 2105 2564 uvae

1115 2599 1153 2619 ac
1168 2599 1269 2630 poma
1287 2593 1367 2620 ante
1384 2592 1521 2630 tempus
1538 2586 1698 2628 decerpta
1710 2609 1718 2623 ‚
1742 2596 1806 2617 nec
1823 2584 1897 2617 esui
1914 2590 2014 2623 sunt,
2041 2594 2103 2614 nec

1114 2637 1179 2670 ulli
1207 2637 1269 2671 atii
1301 2637 1379 2671 usui
1414 2637 1558 2676 idonea,
1595 2636 1641 2669 ita
1676 2635 1898 2679 ingeniorum
1927 2633 2106 2666 immaturi

1087 2707 1089 2727 2
1115 2689 1247 2723 fructus
1276 2688 1393 2722 acerbi
1420 2685 1536 2722 adhuc
1563 2693 1667 2729 sunt,
1702 2693 1735 2720 et
1763 2687 1913 2719 salutare
1946 2691 1994 2717 est
2019 2684 2106 2717 ado-
