2338 2958
203 147 278 184 ⁵45
762 136 925 172 DECL.
975 134 1051 171 DE
1084 133 1236 171 omo
1271 133 1683 173 SOPHISTlcES.
2164 137 2241 174 ⁵44

207 231 400 270 ducihilius
427 227 491 262 tibi
515 224 690 265 offendes,
723 223 831 256 modo
851 223 996 266 dignum
1019 222 1095 256 eius
1110 217 1200 255 Pro-
1225 238 1228 273 3
1251 220 1350 254 dium
1367 220 1456 254 illud
1474 220 1734 254 nobilissimum
1759 222 1842 255 satis
1863 223 2039 258 consecuti
2055 222 2242 257 fuerimus:

206 288 375 321 sessorem
399 287 432 314 te
455 274 630 311 exhibeas.
688 273 779 308 Nam
810 274 838 307 si
868 285 979 316 nugas
1010 273 1065 306 vel
1088 273 1200 307 aniles
1226 276 1228 302 ῐ
1251 271 1466 315 subiungere
1487 278 1665 315 postremo
1688 272 1843 312 deceret,
1866 285 1972 318 quam
1995 281 2128 308 certum
2144 274 2243 308 futu-

208 336 376 384 quasdam
394 327 621 363 delirationes
643 325 789 359 sectanti
809 337 913 358 nemo
930 324 995 358 tibi
1012 324 1117 357 fidem
1135 321 1201 357 ha·
1226 345 1228 389 1
1252 334 1310 356 rae
1328 321 1604 355 immortalitatis
1619 322 1766 366 pignus,
1791 321 1923 368 inclyta
1939 323 2155 359 Venetorum
2178 325 2244 358 do.

209 390 306 423 beat,
333 393 405 415 non
420 379 485 413 arti
504 390 592 423 quae
611 377 649 409 in
666 382 698 410 te
714 388 787 410 non
805 383 874 413 est,
900 387 1022 409 verum
1040 374 1200 419 ignaviae
1227 396 1228 419 ;
1251 372 1419 413 minatio,
1452 371 1615 406 Patavini
1639 385 1780 418 quoque
1796 373 1888 406 cives
1912 375 2147 420 antiquissimi
2163 386 2241 420 per-

208 447 288 473 tuae
319 431 568 476 imputandum
598 439 739 461 censeo:
782 427 910 470 dignus
933 427 1028 459 enim
1053 438 1108 466 es,
1140 425 1202 471 qui
1227 426 1229 467 ᾖ
1252 424 1401 468 cipient,
1429 423 1457 456 si
1481 424 1724 456 conditionem
1751 422 2002 459 Astronomiae
2025 426 2244 472 frequentius

209 485 366 523 lubidrio
384 480 562 520 habearis,
590 480 674 512 dum
689 478 746 512 vix
763 479 874 523 prima
887 478 1088 511 rudimenta
1098 476 1202 510 loan—
1227 477 1229 524 j
1252 475 1438 518 legendae,
1465 486 1555 519 quae
1572 486 1660 519 pene
1676 474 1826 508 extincta
1844 481 1912 515 est,
1938 475 1976 507 in
1990 472 2058 509 hoc
2072 477 2245 510 excellen-

209 539 265 573 nis
286 537 330 570 de
355 534 462 568 Sacro
484 530 594 564 Busto
620 541 845 574 percurrens,
880 528 1040 573 pauculis
1058 529 1201 561 demum
1253 526 1387 559 tissimo
1403 526 1521 558 studio
1538 525 1790 570 reparaverint.
1843 524 1912 559 Sed
1931 537 1976 558 ne
1994 526 2127 560 diutius
2142 527 2244 562 libito

210 585 385 624 Alkabitii
403 581 606 627 primordiis
624 581 865 620 introductus,
900 591 1015 624 neque
1033 578 1203 612 differen-
1254 576 1504 615 detineamini,
1530 576 1636 610 missa
1661 573 1791 610 isthaec
1813 576 1910 617 faxo,
1944 578 1989 610 ad
2012 577 2141 610 calcem
2165 589 2245 611 ora-

209 642 294 675 tiam
320 637 395 670 eius
418 640 576 678 quartam
590 657 599 670 ,
631 631 693 664 ubi
710 631 874 675 scopulus
891 630 1126 663 directionum
1150 634 1204 662 at-
1254 627 1362 661 tionis
1379 639 1484 672 quam
1504 627 1658 671 primum
1676 628 1918 661 descensurus.
1970 627 2059 661 Nam
2076 627 2246 673 quicquid

210 703 278 737 que
302 685 539 721 radiationum
567 682 796 727 prospicitur,
830 681 913 714 satis
937 681 1128 723 attingens,
1164 691 1203 712 ex
1255 678 1430 712 eiusmodi
1446 690 1564 712 rerum
1586 685 1782 712 memoratu
1803 678 1949 721 dignum
1969 678 2166 719 videbitur,
2190 677 2247 712 fu-

209 740 342 784 templo
368 737 623 770 Astronomum
651 739 683 765 te
707 732 911 776 proclames.
971 730 1043 764 Hui
1072 730 1204 763 ridicu·
1255 729 1343 762 turis
1362 730 1636 762 accommodabo
1653 729 1874 762 lectionibus.
2328 777 2330 781 ι

210 794 285 827 lum
301 794 413 833 caput.
469 783 503 817 O
519 795 628 826 genus
643 780 831 816 hominum
846 781 1205 826 impudentissimum,
1354 778 1649 824 Expergiscimini
1665 780 1772 823 igitur
1788 779 1856 812 viri
1876 778 2188 824 praestantissimi,
2213 785 2248 812 et
2287 791 2289 793 ·

210 843 272 889 qui
291 842 376 874 dum
394 836 472 870 aliis
486 846 558 868 sese
574 840 772 874 ostentant,
799 834 963 866 inertiam
979 844 1076 866 suam
1088 831 1204 876 palam
1256 841 1320 873 pro
1343 837 1457 864 vestra
1484 831 1620 874 ingenti
1642 830 1901 874 perseverantia
1922 831 2057 872 favete,
2090 837 2130 864 ut
2152 831 2248 864 unde

210 892 377 928 omnibus
394 885 623 932 prostituunt.
680 884 770 927 Quis
785 885 902 917 credet
919 895 978 917 eos
995 895 1056 927 per
1068 881 1205 916 somnia
1256 888 1331 914 orta
1350 881 1433 922 suit,
1458 882 1580 914 eodem
1598 888 1716 914 nostra
1730 888 1927 915 revertatur
1940 881 2063 916 oratio.
2115 880 2250 914 Videor

211 943 404 991 quaedam,
425 944 468 971 ut
492 937 538 969 ita
562 936 706 981 loquar,
739 933 831 968 hanc
855 942 965 968 artem
990 932 1206 978 preciosissi-
1257 933 1420 977 equidem
1446 939 1523 976 post
1544 932 1711 976 pauculas
1733 932 1957 966 definitiones
1980 939 2085 978 atque
2102 931 2249 965 divisio-

209 1005 304 1029 mam
337 1001 408 1024 esse
439 987 667 1022 consecutos?
715 998 820 1031 quam
854 985 975 1019 multis
1016 984 1206 1018 sudoribus
1257 995 1337 1024 nes,
1365 983 1558 1026 primordia
1576 989 1776 1016 nostrarum
1795 984 1924 1017 artium
1948 993 2250 1021 commemorasse,

211 1041 466 1084 nocturnisque
482 1037 613 1081 vigiliis
628 1037 686 1070 vix
703 1038 845 1070 tandem
864 1037 1055 1070 inveniunt
1070 1034 1206 1069 studio—
1257 1034 1386 1079 quibus
1416 1034 1579 1077 gentibus
1614 1034 1767 1078 primum
1798 1040 1983 1067 veneratae
2010 1034 2099 1074 sint,
2124 1040 2159 1067 et
2178 1045 2248 1078 quo

211 1094 350 1131 sissimi.
404 1090 473 1124 Sed
492 1100 551 1132 spe
569 1088 684 1121 dolosi
702 1088 839 1121 nummi
858 1088 1040 1130 deceptos,
1074 1085 1206 1129 garrire
1257 1091 1357 1129 pacto
1375 1097 1414 1118 ex
1431 1085 1561 1127 linguis
1572 1084 1778 1130 peregrinis,
1804 1085 1846 1118 ad
1859 1084 2004 1118 Latinos
2019 1085 2163 1118 tandem
2178 1090 2250 1118 tra-

212 1146 304 1190 cogit
321 1155 375 1177 res
392 1146 536 1184 angusta
556 1139 665 1172 domi.
720 1138 841 1183 Itaque
857 1137 1110 1180 Magistrorurn
1128 1136 1206 1169 osfi-
1258 1137 1381 1169 ductae
1398 1135 1580 1174 venerint,
1606 1136 1757 1169 transitu
1773 1136 1927 1180 quodam
1951 1135 2104 1179 tetigisse
2123 1146 2178 1168 me
2192 1146 2250 1168 ar·

211 1198 275 1233 ciis
299 1206 371 1229 sese
396 1193 580 1234 ingerunt,
616 1189 677 1234 qui
702 1201 886 1233 nunquam
910 1190 1007 1222 fuere
1028 1186 1206 1231 discipuli.
1257 1186 1381 1220 bitror.
1436 1185 1629 1220 Generales
1646 1187 1808 1227 demum,
1834 1198 1909 1218 non
1926 1194 2074 1231 quantas
2089 1197 2251 1230 pronun-

211 1248 294 1292 Quo
316 1245 499 1285 deinceps,
533 1239 602 1272 nisi
625 1251 681 1272 me
700 1239 791 1272 fallit
812 1239 969 1279 animus,
994 1238 1125 1271 factum
1144 1243 1206 1275 est,
1257 1237 1349 1269 ciare
1367 1237 1486 1280 potui,
1514 1238 1572 1270 sed
1591 1248 1677 1282 quas
1692 1237 1853 1280 angustia
1868 1237 2036 1281 temporis
2047 1237 2148 1275 tulit,
2172 1236 2251 1270 lau-

211 1307 250 1335 ut
272 1297 369 1331 nitor
388 1292 495 1326 buius
517 1289 726 1334 disciplinae
744 1289 958 1322 venerabilis
982 1300 1070 1332 pene
1093 1287 1207 1320 extin-
1257 1287 1318 1320 des
1343 1287 1531 1331 disciplina
1554 1287 1683 1321 nostris
1704 1287 1855 1320 absolvi:
1892 1299 1958 1320 nec
1986 1289 2083 1332 prius
2114 1287 2250 1332 quievit

212 1358 287 1385 ctus
311 1347 369 1381 sit:
409 1344 495 1377 adeo
528 1341 607 1373 falsi
631 1339 868 1379 Professores,
902 1340 1030 1373 melius
1057 1338 1206 1372 dixerim
1257 1338 1415 1378 animus,
1450 1351 1555 1383 quam
1579 1338 1738 1372 divinam
1772 1345 1947 1372 astrorum
1983 1338 2145 1383 peritiam
2176 1338 2251 1371 sin-

212 1399 418 1435 histrioncs,
459 1404 534 1426 eam
566 1399 830 1435 oppresserunt:
872 1391 1002 1435 quibus
1037 1401 1207 1433 saepenu-
1257 1389 1372 1431 gulari
1401 1390 1589 1433 praeconio
1618 1389 1838 1423 extollerem:
1882 1397 1916 1423 et
1942 1389 2084 1434 quidem
2114 1388 2251 1422 merito.

210 1463 328 1490 mero,
355 1447 384 1480 si
403 1446 570 1478 lacessere
592 1449 755 1486 pergent,
782 1442 915 1476 bellum
934 1449 1032 1475 atrox
1057 1439 1206 1484 intrepi·
1257 1439 1360 1473 Nunc
1377 1440 1554 1484 reliquum
1579 1447 1647 1478 est,
1680 1440 1912 1482 Alfraganum
1931 1440 2106 1483 insignem
2124 1438 2251 1473 Astro—

211 1504 276 1537 dus
292 1500 401 1535 ciebo,
1258 1490 1397 1523 nomiae
1425 1487 1632 1525 historicum
1656 1491 1700 1524 ad
1726 1490 1848 1523 limina
1881 1491 2008 1525 domus
2037 1503 2110 1525 uno
2142 1491 2250 1524 verbo

314 1549 407 1585 Ante
433 1546 553 1580 oculos
573 1544 681 1587 igitur
706 1555 843 1578 causam
869 1540 1025 1584 habetis,
1052 1553 1115 1575 cur
1140 1542 1204 1574 do-
1257 1541 1459 1577 salutemus.

210 1615 298 1639 num
322 1599 412 1635 illud
437 1595 694 1630 inaestimabile
716 1595 816 1628 flocci
840 1594 1034 1637 pendatur,
1063 1604 1126 1625 cur
1142 1589 1207 1624 hac

210 1661 332 1689 nostra
353 1653 555 1692 tempestate
581 1645 740 1678 coelestis
762 1645 820 1677 illa
844 1644 1029 1687 disciplina
1056 1654 1206 1686 perpau-

211 1707 261 1740 cis
284 1703 412 1747 sapiat,
444 1710 522 1732 curn
550 1697 658 1729 ferme
682 1708 803 1728 omnes
827 1695 925 1739 quasi
950 1694 1088 1737 agmine
1105 1693 1206 1732 sacto,

211 1755 355 1791 divitias
392 1748 609 1795 quaeritent,
653 1747 762 1789 magis
794 1753 831 1780 ut
865 1745 976 1778 instar
1009 1745 1205 1777 belluarum

211 1805 328 1841 ventri
351 1801 575 1843 indulgeant,
603 1810 707 1842 quam
729 1798 858 1829 virtute.
876 1796 1049 1840 bonisque
1073 1794 1206 1827 artibus

212 1853 512 1892 immortalitatem
531 1855 803 1893 consequantur,
825 1844 915 1880 nibil
932 1853 1068 1890 praeter
1081 1856 1206 1878 aurum

212 1920 316 1943 suave
331 1905 521 1939 credentes.
577 1898 714 1933 Interea
732 1905 847 1932 tamen
866 1898 948 1930 boni
973 1895 1207 1941 praeceptoris

211 1957 359 2006 penuria
382 1954 455 1987 fleri
482 1957 615 1996 potest,
648 1962 718 1995 quo
740 1950 858 1982 minus
877 1949 919 1981 ad
946 1947 1204 1992 plenitudinem

211 2011 450 2056 perducantur
477 2001 582 2035 buius
605 2002 690 2034 artis
714 2007 905 2038 amatores,
944 1998 1079 2032 tametsi
1110 1998 1206 2041 inge-

212 2062 312 2095 nium
327 2053 571 2091 huiuscemodi
589 2052 692 2085 rebus
709 2049 861 2083 babeant
874 2050 1106 2093 aptissimum.
1143 2047 1207 2081 Ni-

211 2111 263 2146 hil
283 2109 374 2143 enim
394 2114 463 2139 tam
477 2104 595 2139 facile,
624 2103 716 2147 quod
735 2114 806 2134 non
823 2101 964 2134 difficile
983 2101 1060 2140 fiat,
1090 2099 1116 2131 si
1135 2110 1206 2131 non

213 2166 435 2208 praeceptore
459 2157 561 2187 docto
577 2166 684 2186 mauu
701 2153 850 2187 ducaris.
905 2151 1046 2184 Possem
1062 2161 1207 2206 enume-

212 2225 288 2247 rare
307 2209 478 2254 plurimos
497 2212 565 2238 tarn
586 2211 716 2237 veteres
730 2231 738 2241 ,
763 2216 866 2248 quam
891 2204 1080 2235 modernos
1099 2206 1207 2245 partis

216 2261 390 2297 iudicialis
408 2257 643 2295 Professores,
673 2254 790 2292 ludos,
819 2254 991 2292 Graecos,
1020 2252 1153 2286 Arabes
1169 2263 1206 2283 ac

214 2315 375 2348 Latinos:
411 2316 450 2341 ut
471 2314 630 2351 apertum
650 2307 762 2345 fieret,
790 2317 894 2350 quarn
912 2304 1032 2337 multis
1052 2310 1083 2337 et
1102 2314 1206 2348 quani

214 2365 317 2399 claris
349 2359 499 2402 ingeniis
531 2354 761 2400 Philosophia
797 2356 1063 2389 influenti-‘trum
1095 2353 1207 2387 coele—

215 2416 321 2449 stium
357 2413 517 2446 iuventa,
562 2410 706 2440 adaucta
742 2414 774 2441 ct
804 2408 1007 2439 confirmata
1042 2404 1206 2438 extiterit.
1259 2400 1453 2447 ltacequasi
1466 2402 1622 2435 censoria
1640 2402 1769 2435 indicia
1788 2404 1927 2447 publice
1943 2405 2028 2440 lieri.
2064 2406 2132 2441 Sed
2143 2421 2249 2453 quae-

216 2467 353 2500 Posscm
369 2459 570 2493 certissimis
586 2460 770 2491 ostendere
787 2458 1000 2496 rationibus,
1028 2467 1207 2501 quamne-
1258 2466 1395 2498 cunque
1415 2460 1496 2486 sunt
1514 2465 1654 2491 causae,
1681 2466 1734 2485 mc
1754 2466 1959 2497 congressus
1978 2457 2042 2501 ipsi
2062 2457 2247 2495 deletam·

216 2515 361 2551 cessaria
387 2514 426 2544 sit
451 2510 598 2542 Medicis
616 2517 788 2542 astrorum
808 2509 953 2553 peritia,
989 2520 1094 2553 quarn
1111 2506 1208 2539 utilis
1262 2504 1357 2538 lux-at
1376 2505 1469 2537 cuim
1487 2511 1604 2537 coetus
1618 2505 1736 2537 videre
1756 2505 1930 2539 bonorum
1946 2513 1979 2541 et
1995 2508 2179 2543 doctorum
2197 2513 2250 2544 vi-

215 2577 391 2603 canonum
411 2570 512 2605 atquc·
528 2562 641 2600 legum
663 2560 935 2598 l‘r‹·s‹·ssorit›ns,
960 2571 1064 2604 quam
1083 2558 1207 2591 iucun—
1260 2568 1398 2594 rorum,
1425 2555 1484 2600 qui
1502 2562 1583 2588 sunt
1603 2556 1787 2599 praecipua
1804 2564 2008 2590 ornamenta
2026 2557 2201 2595 Ecclesiae
2216 2570 2249 2596 et

215 2622 280 2657 (la,
306 2626 480 2661 quamque
499 2613 680 2643 cantii-noda
703 2611 1035 2644 τιῚιιιιιιΙὶνίιιηι-ιιηι
1051 2615 1207 2641 coutem—
1232 2602 1235 2635 l
1261 2606 1411 2650 licipub.
1471 2605 1515 2639 Et
1539 2619 1616 2639 curu
1642 2607 1729 2639 alios
1755 2607 1790 2639 in
1823 2608 1899 2639 aliis
1924 2608 2058 2642 artibus
2083 2614 2249 2647 excellen-

215 2667 425 2715 platnribusz
456 2674 664 2705 exponerem
684 2663 843 2704 insuper,
869 2674 973 2707 quam
991 2659 1208 2694 matun-eim·
1233 2679 1234 2682 =
1259 2658 1522 2696 :mim-wdwsto,
1549 2657 1643 2690 subit
1661 2657 1816 2690 animum
1834 2658 2014 2699 cogitatio,
2043 2670 2172 2705 qngma
2188 2677 2248 2698 va„
2298 2663 2300 2675 ¹

214 2718 384 2755 minontia
403 2713 556 2748 bostium
578 2712 854 2756 periculositate
873 2714 1064 2757 possimus,
1091 2709 1118 2743 si
1135 2717 1208 2743 stu·
1232 2730 1236 2754 3
1259 2709 1379 2742 rictate
1405 2708 1531 2741 artium
1556 2707 1651 2742 Deus
1672 2715 1703 2741 ct
1731 2708 1933 2743 instruxerit
1948 2737 1955 2747 ,
1984 2717 2015 2744 et
2034 2712 2124 2747 iuter
2139 2726 2175 2748 se
2190 2728 2247 2749 co-

1256 1738 1321 1772 Nn.
1345 1738 1406 1772 67.
2045 1753 2094 1774 an.
2127 1744 2221 1776 1541.

1258 1788 1383 1798 Μ
2032 1787 2244 1807 m

1500 1838 1574 1879 De
1605 1838 1709 1879 odio
1732 1839 2008 1893 sophistices·

1326 1923 1430 1949 Prodit«
1450 1924 1517 1950 bnee
1544 1924 1631 1949 oratio
1664 1925 1752 1950 Viteh.
1777 1924 1852 1950 15⁴1.
1878 1926 1903 1953 8.
1943 1929 1951 1952 1
1977 1926 2013 1960 pl.
2056 1928 2099 1954 Cf.
2121 1928 2249 1957 Strobelii

1360 1959 1483 1985 biblioth.
1500 1959 1634 1985 Melantb.
1651 1969 1694 1984 no.
1711 1959 1771 1985 240.
1785 1973 1818 1978 —
1856 1960 1957 1986 ttecun
1975 1963 2001 1987 in
2018 1962 2170 1990 Dect-nm.
2186 1965 2218 1991 Τ.
2231 1967 2251 1993 1,

1361 2003 1385 2028 p.
1401 1994 1452 2018 604
1465 2003 1537 2027 sqq„
1563 1994 1589 2019 in
1603 1994 1721 2020 Seru-st.
1738 1995 1758 2019 l.
1773 2004 1797 2028 p.
1813 1994 1870 2020 527.
1891 2002 1916 2021 et
1931 1996 2058 2023 nithard.
2073 1996 2104 2023 T.
2120 1999 2139 2024 Ι.
2154 2008 2179 2033 p.
2190 2001 2248 2027 239.

1258 2075 1387 2107 Θναὶιό
1413 2073 1457 2107 de
1480 2072 1562 2107 odio
1587 2073 1829 2118 sophistices,
1859 2076 1896 2108 in
1917 2079 2150 2120 promotione
2165 2080 2251 2114 Ma-

1254 2127 1456 2170 yistrorum
1478 2127 1640 2159 recitata
1662 2136 1684 2158 a
1709 2126 1761 2159 ss!-
1790 2127 1977 2160 Erasmo
2005 2127 2250 2167 Reeoahold.

1332 2175 1589 2219 Salveldcnsi,
1620 2177 1785 2211 Decano.
1838 2178 2174 2216 AnnoM.D..1‘L1.

1258 2245 1429 2283 Arbitror
1448 2249 1624 2292 probabili
1641 2249 1791 2282 consilio
1806 2250 1983 2285 institutos
1999 2265 2071 2286 esse
2087 2252 2151 2288 bos
2166 2268 2250 2290 con-

1259 2312 1406 2343 gressus,
1432 2300 1467 2332 in
1483 2301 1612 2344 quibus
1629 2300 1869 2334 testimouium
1888 2303 2071 2339 doctrinae
2087 2305 2139 2343 iis,
2162 2320 2251 2353 quo-

1259 2364 1335 2383 rum
1352 2351 1528 2395 explorata
1548 2359 1595 2385 est
1615 2351 1786 2389 eruditio,
1814 2353 1992 2387 tribuitur.
2034 2355 2139 2391 Decet
2155 2359 2249 2392 enim
