2338 2958
181 133 256 173 795

182 233 302 258 eorum
319 218 421 253 valde
438 212 639 251 excruciari.
692 209 831 244 Videtis
846 207 941 243 enim
959 207 1085 253 passim
1102 204 1172 242 Ec-

183 273 296 308 clesiis
321 268 444 303 inferri
473 263 689 308 corruptelas
712 260 911 301 doctrinae,
944 259 1063 303 vagari
1097 258 1175 303 pios

183 330 357 370 pastores,
382 317 560 351 exulantes
578 326 658 348 cum
675 312 810 346 miseris
826 318 860 345 et
878 310 989 354 aegris
1007 309 1177 343 uxoribus

185 383 217 409 et
233 372 349 418 parvis
362 368 494 408 liberis,
519 366 596 399 sine
612 363 752 404 viatico,
779 363 853 396 sine
870 360 1046 407 hospitus-
1099 359 1176 394 Ali-

185 425 266 459 cubi
281 420 372 465 capti
392 423 574 463 expectant
590 415 715 450 ultima
733 412 919 461 supplicia.

289 488 331 522 ln
352 485 409 521 his
431 484 538 520 tantis
558 482 711 518 miseriis
727 493 806 515 cum
833 479 1006 525 praesidia
1023 475 1180 511 humana

186 549 246 577 aut
262 539 380 579 nulla,
406 543 467 570 aut
486 535 624 568 infirma
650 533 740 573 sint,
763 544 832 577 qua
849 543 914 565 nos
939 528 1180 564 consolatione

187 597 381 627 sustentare
399 585 608 633 possumus?
634 583 702 618 Hic
719 583 880 623 sciamus,
904 593 976 614 non
995 592 1088 620 casu,
1107 589 1181 611 non

186 641 354 677 humanis
371 645 507 673 tantum
526 635 680 670 consiliis
690 632 882 667 Ecclesiam
901 632 1083 665 collectam
1100 641 1182 668 esse,

189 695 249 728 sed
269 692 382 726 Deum
399 700 479 722 vere
498 687 706 732 patefactum
725 695 797 717 esse
815 682 933 727 generi
951 680 1121 718 humano,
1149 686 1182 712 et

189 743 339 777 illustria
363 739 561 774 testimonia
587 734 828 781 patefactionis
847 732 1058 770 ostendisse,
1086 742 1184 764 resu-

189 793 408 829 scitationem
428 795 649 823 mortuorum
667 793 700 820 et
724 785 792 819 alia
816 784 1003 817 miracula:
1032 794 1071 815 ac
1090 788 1183 815 certo

191 843 391 890 promisisse
410 841 475 875 sibi
494 838 590 872 hunc
609 844 763 878 coetum,
790 836 851 881 qui
867 833 1053 877 Evangelii
1070 839 1185 866 custos

192 903 262 934 est,
289 904 426 937 semper
448 902 550 925 curae
573 890 733 923 futurum
760 898 851 927 esse,
879 893 912 919 et
930 885 1073 930 quidem
1095 894 1186 916 sem-

192 958 254 992 per
279 957 313 978 se
338 944 444 978 talem
467 941 620 986 aliquem
653 945 790 973 coetum
814 938 851 970 in
876 947 1000 980 genere
1029 932 1186 968 humano

193 1003 412 1031 servaturum
430 1004 521 1033 esse,
548 1003 583 1024 se
602 991 726 1023 ducem
744 997 777 1023 et
792 994 1024 1033 protectorem
1039 985 1114 1018 sore
1136 985 1187 1017 fa-

194 1048 374 1082 miliarum
391 1050 605 1081 nostrarum,
633 1041 669 1073 in
687 1040 816 1073 nostris
832 1039 946 1072 exiliis
962 1050 997 1071 se
1012 1042 1188 1069 monstra-

195 1107 314 1133 turum
333 1107 404 1129 esse
421 1092 572 1137 hospitia
585 1119 594 1133 ,
622 1104 656 1125 se.
675 1098 751 1135 post
773 1088 864 1123 hanc
880 1089 987 1122 vitam
1007 1087 1190 1121 traductu-

198 1162 276 1183 rum
295 1158 366 1180 esse
384 1157 449 1178 nos
464 1145 505 1178 ad
524 1143 762 1177 dulcissimam
785 1140 919 1174 aeterni
943 1138 1050 1183 patris
1071 1144 1104 1170 et
1121 1136 1191 1170 Ec-

197 1200 320 1234 clesiae
340 1195 497 1230 coelestis
518 1193 828 1231 consuetudinem,
853 1203 891 1223 ac
909 1190 1016 1222 verba
1042 1188 1191 1232 promis-

198 1251 337 1284 sionum
366 1247 511 1289 infigere
542 1243 681 1278 animis.
742 1242 801 1277 Sic
827 1240 920 1274 enim
954 1239 1070 1284 inquit
1096 1236 1192 1272 Deus

198 1300 322 1336 Esaiae
342 1295 608 1343 quadragesimo
626 1300 733 1327 sexto.
784 1290 860 1335 Ego
878 1303 940 1325 vos
964 1290 1069 1324 etiam
1092 1300 1192 1322 seue-

199 1357 331 1386 scentes
348 1348 506 1393 gestabo,
534 1358 595 1389 ego
613 1345 696 1385 feci,
723 1354 785 1387 ego
799 1344 922 1384 seram,
951 1353 1013 1385 ego
1034 1339 1190 1385 portabo.

200 1402 304 1436 ltem:
335 1399 427 1433 lacta
445 1409 564 1432 curam
583 1404 678 1430 tuam
698 1395 736 1428 in
751 1394 885 1433 Deum,
912 1400 946 1427 et
960 1393 1034 1437 ipse
1057 1398 1089 1425 te
1104 1402 1194 1424 enu-

201 1454 296 1488 triet.
348 1449 395 1484 Et
412 1449 506 1482 filius
521 1446 588 1481 Dei
614 1446 742 1492 iuquit:
775 1443 912 1479 Omnes
935 1442 1052 1488 capilli
1069 1441 1195 1485 capitis

203 1503 307 1537 vestri
324 1499 498 1535 numerati
515 1505 608 1533 sunt.
655 1496 762 1531 Item:
790 1494 863 1529 Ero
883 1494 1066 1528 vobiscum
1085 1504 1195 1536 usque

203 1556 246 1589 ad
270 1550 610 1587 consummationem
628 1548 747 1583 seculi.
802 1545 904 1581 ltem:
930 1545 969 1579 Si
987 1545 1064 1590 quis
1081 1542 1197 1586 diligit

203 1618 276 1645 me,
301 1613 499 1637 sermonem
515 1612 631 1633 mcum
649 1597 811 1635 servabit,
837 1604 871 1630 et
885 1604 981 1640 pater
998 1606 1096 1628 meus
1114 1593 1197 1626 dili-

203 1663 258 1701 get
277 1667 369 1693 eum,
396 1659 430 1686 et
446 1652 627 1685 veniemus
643 1649 685 1683 ad
702 1660 793 1686 eum,
819 1654 852 1681 et
869 1646 1087 1679 mansionem
1103 1644 1195 1688 apud

205 1718 284 1740 eum
302 1704 482 1738 faciemus.

306 1769 382 1804 Etsi
408 1775 521 1802 autem
540 1766 702 1801 homines
720 1762 884 1809 Epicurei
902 1761 964 1796 lias
985 1760 1198 1796 consolatio-

206 1835 269 1858 nes
286 1821 467 1860 derident,
493 1825 524 1852 et
543 1819 663 1851 inanes
680 1816 869 1849 verborum
895 1826 1000 1848 sonos
1017 1825 1088 1846 esse
1107 1812 1199 1845 iudi-

206 1882 303 1914 cant,
335 1879 451 1906 tamen
477 1870 589 1903 luceat
614 1869 649 1901 iu
676 1867 780 1901 nobis
805 1867 901 1899 fides.
964 1864 1092 1898 Nostra
1114 1875 1198 1896 con-

206 1924 332 1959 stantia
361 1921 594 1958 declaremus,
632 1930 696 1952 nos
721 1929 841 1951 revera
866 1915 940 1950 Deo
964 1916 1124 1954 credere,
1156 1914 1200 1947 ab

208 1977 284 2020 ipso
306 1982 420 2019 petere
438 1978 470 2005 et
490 1977 669 2015 expectare
685 1968 866 2003 auxilium.
917 1966 954 2001 Si
974 1966 1200 1999 adfirmamus

208 2027 310 2065 serio,
337 2036 409 2057 non
423 2021 718 2059 commenticiam,
746 2031 818 2052 non
837 2017 1031 2051 fabulosam
1047 2027 1118 2049 csse
1136 2016 1200 2048 do-

209 2078 356 2111 ctrinam
375 2073 561 2112 Ecclesiae,
589 2079 780 2105 statuamus
796 2069 900 2103 etiam
916 2066 978 2101 has
997 2066 1201 2111 promissio-

210 2139 270 2161 nes
288 2137 385 2159 veras
407 2132 439 2158 et
457 2130 549 2157 ratas
575 2134 657 2156 esse.
710 2121 934 2155 Accendatur
957 2118 993 2151 in
1017 2117 1120 2151 nobis
1137 2117 1202 2150 ali-

211 2192 277 2223 qua
302 2176 382 2209 fidei
406 2174 576 2213 scintilla,
611 2180 768 2216 petamus
789 2178 820 2204 et
847 2176 1067 2213 expectemus
1092 2180 1110 2201 a
1128 2166 1201 2202 Deo

211 2229 398 2262 auxilium:
427 2233 459 2259 et
478 2223 542 2258 hac
559 2236 617 2268 spe
640 2224 748 2256 simus
771 2222 807 2254 in
830 2220 1049 2254 consessione
1074 2219 1203 2252 verita-

211 2280 256 2313 tis
273 2279 373 2318 firmi,
400 2277 461 2310 etsi
482 2275 565 2321 quid
588 2275 652 2307 erit
673 2273 889 2317 patiendum,
913 2284 984 2304 non
1003 2272 1204 2312 frangamur

212 2330 357 2367 animis,
383 2341 453 2361 non
473 2327 664 2360 irascamur
681 2324 752 2358 Deo
770 2330 801 2356 et
824 2321 1028 2364 Evangelio,
1056 2334 1129 2353 uon
1146 2333 1204 2353 su-

213 2391 374 2424 pera-mur
396 2379 534 2416 dolore,
563 2378 621 2409 sed
646 2381 882 2409 sustentemus
904 2385 968 2406 uos
994 2372 1205 2416 cogitatione

214 2430 429 2475 praesc-ntiae
449 2427 525 2461 Dt-i.

312 2495 405 2529 llaec
431 2502 476 2527 est
503 2494 642 2538 propria
664 2490 840 2526 Ecclesiae
858 2490 1004 2529 militia,
1034 2490 1153 2535 inqua
1175 2496 1206 2522 et

214 2548 315 2583 discit
334 2547 417 2592 quid
440 2547 479 2578 sit
503 2547 604 2583 sule-s,
632 2551 661 2577 et
683 2544 796 2576 cultus
818 2542 887 2576 Uen
908 2548 1023 2582 gratus
1051 2548 1081 2573 ct
1108 2543 1205 2587 -

503 2602 660 2639 prat-stat.
718 2593 826 2626 Vocat
853 2593 946 2625 enim
968 2591 1062 2625 Dens
1087 2590 1207 2624 Eccle-

215 2652 301 2685 siam
324 2662 362 2681 ox
381 2646 621 2681 confusissima
642 2644 870 2676 multitudine
889 2643 1024 2683 generis
1049 2640 1207 2678 humani,

215 2710 247 2735 et
276 2707 371 2733 sucat
398 2711 469 2731 nou
496 2698 537 2730 ad
573 2697 673 2729 ludos
702 2702 731 2727 et
765 2696 805 2727 ad
832 2694 994 2733 ln-licias,
1021 2694 1079 2726 sed
1108 2699 1147 2727 ut
1172 2692 1207 2725 iu

565 125 724 164 DECL.
758 121 832 160 DE
863 120 1068 158 DICTO:
1102 117 1223 157 EGO
1257 117 1372 157 PRO
1408 116 1481 154 TE
1517 116 1822 156 0RAV1m-c.

2143 116 2218 154 796

1222 205 1359 250 magnis
1380 204 1633 239 certaminibus
1656 205 1700 238 de
1722 205 1854 240 iudicio
1879 210 1913 240 et
1933 203 2116 239 voluntate
2138 201 2222 244 Dei,

1225 264 1258 292 et
1274 258 1318 290 de
1331 256 1526 290 mediatore
1541 255 1698 290 Domino
1720 263 1841 290 nostro
1859 255 1936 290 lesu
1953 254 2097 290 Christo
2120 253 2221 288 testi-

1226 308 1386 342 monium
1405 318 1523 340 coram
1539 306 1706 340 universo
1724 317 1850 350 genere
1867 305 2021 340 humano
2040 306 2146 341 dicat.

1329 364 1422 400 Huic
1445 364 1682 399 testificationi
1702 364 1885 405 diabolus,
1910 364 1970 409 qui
1995 365 2072 399 odit
2094 362 2224 404 Deum,

1228 415 1450 451 horribiliter
1464 417 1683 455 adversatur,
1702 427 1810 460 quare
1828 422 1867 448 ut
1885 414 1987 448 initio
2003 414 2224 459 praedictum

1230 475 1298 509 est,
1325 466 1507 501 saevitiam
1530 466 1568 499 in
1592 464 1783 499 Ecclesiam
1810 472 1964 506 exercet,
1991 471 2023 499 et
2045 466 2226 499 calcaneos

1230 526 1369 553 nostros
1387 518 1547 558 mordet,
1573 528 1613 550 ac
1631 516 1781 561 impellit
1799 527 1860 550 sua
1877 527 2025 559 organa,
2052 522 2092 549 ut
2108 515 2224 549 delere

1232 581 1349 603 veram
1366 567 1558 603 Ecclesiam
1578 574 1762 602 conentur.
1805 565 1926 612 ltaque
1945 566 2003 599 alii
2024 565 2109 599 alias
2125 577 2226 599 aeru-

1233 632 1332 654 mnas
1355 619 1544 653 sustinent:
1581 618 1763 651 subeunda
1789 625 1871 651 suut
1895 617 1994 657 odia,
2025 616 2227 651 tolerandae

1233 671 1481 710 contumeliae,
1508 669 1671 702 serendae
1691 669 1851 701 miseriae
1872 668 2070 708 exilior-um,
2096 673 2128 700 et
2144 678 2228 709 sup-

1233 723 1349 767 plicia.

1235 773 1349 817 gitaus
1377 769 1461 805 haec
1483 771 1594 809 mala,
1623 771 1784 816 queritur
1808 777 1906 804 tanto
1935 769 2034 803 oneri
2060 780 2132 802 non
2157 778 2230 801 esse

1236 835 1336 868 pares
1354 829 1492 856 nostras
1510 821 1615 854 vires.
1668 821 1764 854 Haec
1781 821 1922 867 querela
1947 826 1979 853 et
1999 831 2079 853 vera
2104 826 2137 853 et
2154 819 2232 851 lau-

1235 875 1352 908 danda
1371 880 1432 908 est.
1485 871 1575 906 Nam
1592 883 1779 915 agnoscere
1807 871 2105 910 imbecillitatem,
2133 869 2232 914 pium

1238 933 1269 960 et
1292 925 1378 958 utile
1395 930 1465 968 est,
1491 930 1530 957 ut
1544 935 1753 968 quaeramus
1766 923 2030 967 opitulatorem.
2064 919 2132 954 Hic
2149 919 2234 953 audi

1237 975 1350 1009 filium
1369 974 1446 1013 Dei,
1475 974 1536 1020 qui
1554 981 1744 1019 utrumque
1760 973 1930 1013 adfirmat,
1958 984 2029 1006 sese
2046 984 2109 1016 pro
2129 970 2234 1004 nobis

1238 1028 1499 1071 deprecatorem
1517 1036 1600 1065 esse,
1629 1031 1662 1058 et
1678 1036 1751 1058 sese
1766 1024 1868 1057 nobis
1887 1024 2090 1057 adfuturum
2108 1033 2180 1055 esse
2196 1021 2234 1053 in

1238 1075 1295 1111 his
1310 1077 1498 1111 aerumnis.
1551 1075 1632 1109 Non
1647 1076 1846 1120 relinquam
1864 1086 1927 1108 vos
1952 1071 2152 1119 orphanos,
2178 1071 2236 1104 iu-

1240 1128 1329 1173 quit.
1382 1125 1428 1160 Et
1447 1126 1578 1160 Paulus
1596 1127 1659 1160 ait:
1689 1125 1914 1170 Responsum
1934 1125 2058 1158 mortis
2075 1124 2111 1157 in
2131 1122 2236 1156 nobis

1241 1176 1450 1218 habuimus,
1478 1189 1522 1210 ne
1539 1177 1665 1210 fiducia
1682 1177 1793 1210 nostri
1812 1176 2040 1214 extollamur,
2068 1175 2126 1208 sed
2150 1185 2236 1207 con-

1241 1229 1390 1262 fidamus
1416 1228 1453 1260 in
1470 1226 1564 1269 Deo,
1591 1227 1804 1261 exuscitante
1829 1238 1894 1260 nos
1913 1238 1953 1259 ex
1970 1233 2096 1259 morte:
2125 1224 2186 1270 qui
2204 1230 2238 1257 et

1243 1292 1283 1313 ex
1309 1286 1403 1313 tanta
1419 1285 1532 1312 morte
1553 1290 1649 1311 nunc
1667 1289 1731 1311 nos
1753 1277 1901 1321 eripuit,
1928 1283 1959 1310 et
1978 1283 2161 1320 erepturus
2177 1280 2238 1307 est.

1243 1328 1289 1364 Et
1306 1330 1488 1375 aliquanto
1510 1336 1588 1374 post
1610 1329 1742 1374 iuquit:
1769 1327 1846 1362 Deo
1865 1327 1995 1371 gratia,
2022 1327 2084 1372 qui
2101 1335 2238 1370 semper

1245 1378 1442 1425 triumphat
1455 1380 1492 1413 in
1510 1380 1613 1414 nobis
1627 1391 1689 1424 per
1704 1379 1828 1413 filium.

1348 1447 1431 1481 Ideo
1455 1445 1612 1480 Ecclesia
1635 1446 1784 1480 sustinet
1812 1456 1919 1478 onera
1943 1443 2075 1478 maiora
2094 1442 2241 1483 viribus,

1248 1500 1328 1533 ideo
1357 1498 1483 1532 desunt
1517 1495 1675 1532 humana
1709 1497 1904 1541 praesidia,
1937 1503 1976 1529 ut
2004 1494 2241 1539 conspiciatur

1249 1549 1446 1596 praesentia
1466 1548 1542 1584 Dei.

1249 1601 1422 1634 antecedit
1436 1599 1528 1632 filius
1538 1597 1614 1639 Dei,
1631 1606 1664 1632 et
1680 1599 1814 1632 cinctus
1826 1609 1860 1631 es
1878 1604 1971 1631 casto
1983 1596 2121 1640 agmine
2136 1607 2243 1639 ange-

1252 1652 1380 1685 lorum.
1415 1648 1493 1683 Erit
1510 1657 1657 1683 metator
1673 1656 1705 1683 et
1724 1649 1796 1692 ipse
1814 1649 1905 1681 filius
1924 1647 2004 1688 Dei,
2031 1654 2064 1681 et
2081 1649 2244 1681 ostendet

1253 1700 1458 1745 hospitium.
1511 1699 1605 1733 Haec
1623 1712 1702 1733 vera
1723 1711 1814 1738 esse,
1837 1699 1921 1731 fides
1940 1697 2076 1732 statuit:
2106 1704 2137 1731 et
2154 1710 2243 1743 quo-

1253 1765 1331 1786 rum
1351 1751 1460 1785 animi
1479 1748 1570 1784 hanc
1587 1750 1865 1784 consolationem
1883 1761 1955 1782 non
1974 1748 2177 1786 admittunt,
2205 1748 2243 1780 in

1252 1801 1307 1836 liis
1329 1814 1400 1835 uon
1424 1813 1603 1835 accensam
1631 1813 1703 1834 esse
1724 1800 1805 1833 fidei
1829 1799 1961 1838 lucem
1988 1810 2028 1832 eo
2042 1799 2245 1838 ostendunt,

1253 1853 1333 1899 quia
1367 1852 1615 1897 promissiones
1642 1852 1782 1885 divinas
1805 1850 2006 1884 existimant
2037 1849 2158 1883 inanes
2187 1860 2246 1883 so-

1256 1917 1320 1938 nos
1338 1916 1421 1938 esse.

1355 1961 1427 1996 Nos
1451 1973 1534 1995 vero
1556 1960 1619 1995 etsi
1644 1971 1765 1994 sumus
1789 1958 1947 2002 languidi
1980 1965 2012 1993 et
2044 1957 2248 2000 imbeciltes,

1253 2021 1371 2049 tamen
1392 2013 1568 2055 erigamus
1594 2023 1657 2045 nos
1682 2023 1765 2044 xvoce
1785 2009 1869 2049 Dei,
1895 2017 1928 2043 et
1951 2009 2120 2043 adsentiri
2141 2021 2247 2043 coue

1254 2076 1352 2103 mur,
1384 2071 1417 2097 et
1443 2063 1592 2096 sciamus
1617 2059 1709 2095 hunc
1738 2069 1902 2095 conatum
1934 2074 1952 2093 a
1977 2058 2051 2094 Deo
2075 2059 2248 2101 adiuvari,

1255 2115 1342 2149 sicut
1363 2115 1420 2148 ille
1437 2116 1473 2147 iu
1492 2111 1636 2147 historia
1653 2111 1852 2154 evangelica
1875 2110 2007 2156 iuquit:
2043 2109 2159 2145 Credo
2179 2112 2247 2145 do-

1255 2165 1371 2205 miue,
1396 2166 1454 2199 sod
1474 2177 1576 2209 opem
1596 2165 1686 2197 seras
1703 2161 1919 2196 diffidentiae
1933 2173 2040 2197 meae.

1359 2224 1551 2270 Postquam
1574 2230 1689 2257 antem
1707 2223 1750 2254 de
1766 2221 2007 2255 consolatione
2022 2221 2094 2255 dixi
2143 2222 2247 2257 venio

1257 2277 1299 2310 ad
1318 2277 1462 2309 alteram
1483 2281 1626 2319 partem,
1653 2273 1816 2305 videlicet
1833 2273 1875 2305 ad
1892 2270 1955 2305 lioc
1967 2272 2120 2306 dictum:
2147 2271 2191 2307 Et
2209 2281 2247 2308 tu

1258 2338 1457 2365 conversus,
1485 2326 1651 2358 confirma
1670 2325 1792 2356 fratres
1809 2331 1899 2358 tuus.
1953 2321 2047 2357 llaec
2064 2336 2129 2357 vox
2148 2336 2248 2369 prae-

1259 2379 1341 2423 cipit
1361 2378 1546 2415 omnibus,
1570 2388 1607 2408 ac
1625 2375 1809 2419 praecipue
1826 2374 2138 2416 gubernatoribus,
2161 2382 2199 2408 ut
2215 2383 2249 2409 et

1260 2431 1418 2462 docendo
1437 2436 1469 2462 et
1487 2427 1701 2460 consulando
1722 2426 1796 2469 pius
1823 2425 2034 2458 tatascnt=s
2059 2432 2130 2458 aut
2140 2426 2249 2469 trepi-

1261 2482 1385 2513 dantes
1414 2479 1573 2512 crudiant
1612 2485 1643 2510 ct
1679 2477 1898 2509 confirment.
1953 2475 2058 2508 Multi
2084 2477 2250 2510 omniu-us

1262 2531 1478 2575 temporibus
1497 2528 1632 2572 decepti
1650 2536 1748 2561 sunt:
1777 2527 1858 2572 quia
1878 2537 2013 2559 errores
2037 2526 2154 2559 sucosa
2171 2539 2250 2571 spe-

1261 2582 1311 2614 cio
1330 2581 1444 2614 ornati
1458 2608 1466 2619 ,
1495 2593 1565 2612 unu
1587 2586 1729 2623 possunt
1748 2578 1792 2611 ab
1807 2577 1972 2610 omuibus
1988 2577 2140 2618 agnosci.

1363 2641 1482 2683 Quare
1506 2639 1716 2672 eruditiores
1739 2637 1930 2680 prudenter
1948 2642 1978 2668 ct
2006 2643 2096 2669 recte
2117 2636 2251 2670 diiudi-

1261 2698 1337 2725 cont
1356 2690 1630 2728 controversias,
1655 2691 1814 2731 detegant
1832 2686 1939 2720 sucos,
1969 2695 2166 2731 proponant
2183 2699 2250 2721 nu-

1402 720 1470 754 Sed
1488 718 1546 754 hic
1564 719 1788 753 imbecillitas
1803 726 1922 752 nostra
1941 729 2101 762 gemens,
2125 726 2157 751 et
2172 717 2230 750 su-
2257 746 2264 749 .

1594 1547 1675 1582 Non
1693 1548 1788 1582 solus
1806 1547 1942 1591 vagaris
1968 1546 2004 1579 in
2028 1546 2152 1585 exilio,
2180 1546 2242 1578 sed

2276 490 2306 1339 *ffist-mlkxaamw
2293 444 2299 450 .

2298 2179 2313 2248 :ni-..-
2292 2075 2313 2183 .,4
2293 1976 2312 2069 .-
2299 1946 2307 1955 -

2296 2361 2313 2387 *i
