2338 2958
149 148 223 185 399
645 137 802 175 DECL.

151 237 242 270 bene
264 232 327 273 sit,
352 229 488 275 inquit,
514 238 553 260 ac
571 236 716 268 surgens
733 222 895 268 protinus
912 222 986 267 ipse
1003 232 1144 266 quoque

150 288 245 320 foras
279 283 321 317 ad
354 279 567 324 emptionem
602 275 749 320 piscium
786 273 980 318 procurrit,
1025 277 1144 316 estque

152 333 386 384 cytharoedus
418 329 513 363 solus
540 326 747 366 destitutus,
779 337 843 357 nec
868 324 905 357 in
936 329 1031 356 tanta
1055 323 1144 355 urbe

151 393 311 432 repertus
328 388 377 415 est
393 379 591 425 quisquam,
618 377 678 422 qui
697 376 808 422 pluris
825 374 1012 415 Musicam‚
1039 385 1144 419 quam

153 437 314 484 putridos
335 433 441 477 pisces
459 430 599 464 faceret.

258 534 309 568 Ita
324 531 381 566 bis
395 530 615 576 temporibus
629 527 713 562 haec
727 528 844 562 studia
861 539 1002 573 quoque
1019 533 1050 559 et
1067 525 1147 559 lite-

157 600 213 623 rae
234 585 474 628 negliguntur.
527 581 669 614 Proruit
693 591 727 612 se
752 579 900 624 quisque
919 580 961 611 ad
989 577 1148 633 sordidas

157 647 190 673 et
217 643 442 683 quaestuosas
465 639 572 672 artes,
600 631 686 665 diris
705 630 959 674 cupiditatibus
976 635 1008 661 et
1033 633 1147 679 ventri

156 689 332 728 serviunt,
359 691 497 731 praeter
512 683 614 716 illum
630 681 769 714 nullum
788 679 902 713 Deum
920 685 1065 713 norunt.
1103 677 1151 711 Ut

157 740 360 784 ingenium,
387 742 427 770 ut
444 741 577 779 partem
602 732 783 766 meliorem
806 743 844 763 ac
861 730 1072 763 diviniorem
1097 728 1149 761 sui

156 792 317 826 excolant
350 793 540 824 ornentve,
575 781 741 828 perpauci
766 787 902 816 curant.
965 778 1081 825 thue
1113 779 1149 811 in

156 841 364 877 turbulento
382 845 413 871 et
431 837 567 869 ebrioso
585 833 761 873 convivio,
786 829 947 865 homines
963 838 1152 874 nugantur,

158 894 296 931 rident,
320 889 575 926 vociferantur,
600 889 844 929 perstrepunt,
872 884 1014 915 ludente
1033 882 1151 926 aliquo

158 943 289 987 insigni
319 939 476 979 Music0‚
504 949 567 969 nec
590 937 796 974 advertunt,
823 946 886 966 nec
911 933 1056 966 :mribus
1076 931 1152 964 ani-

158 996 269 1030 misve
299 991 475 1034 accipiunt
515 988 610 1020 illam
645 986 849 1019 suavitatem
876 984 1046 1023 Musices,
1095 990 1152 1016 aut

160 1046 391 1092 perfruuntur
407 1053 442 1073 ea
455 1067 463 1080 ,
491 1039 537 1072 ita
557 1036 621 1070 boc
637 1037 791 1070 seculum
810 1036 882 1068 suis
900 1034 1152 1079 cupiditatibus

160 1097 256 1130 velut
279 1094 413 1127 ebrium
439 1097 470 1124 et
494 1100 612 1122 amens
637 1100 710 1121 non
740 1087 879 1119 exaudit
906 1097 1004 1119 voces
1031 1084 1153 1118 Musa-

161 1160 240 1182 rum
253 1174 262 1187 ,
290 1157 352 1177 nec
372 1141 523 1176 attendit
541 1140 710 1173 animum.
759 1138 830 1180 Qui
848 1149 929 1169 vero
945 1149 1004 1170 sua
1022 1135 1153 1169 autori-

162 1207 231 1234 tate
261 1204 294 1230 et
321 1195 449 1238 opibus
485 1191 670 1235 praecipue
699 1187 783 1222 baec
811 1188 925 1221 studia
962 1184 1155 1230 provehere

162 1258 266 1294 atque
285 1257 411 1279 ornare
429 1243 623 1281 debebant,
648 1238 683 1273 hi
709 1252 787 1272 cum
813 1239 969 1283 plerique
989 1238 1051 1281 ipsi
1069 1236 1157 1270 Bar-

163 1301 239 1334 bari
255 1299 324 1331 sint
343 1303 375 1329 et
393 1293 535 1332 inculti,
565 1291 744 1335 impendio
762 1290 872 1331 magis
886 1301 924 1322 ea
944 1300 1107 1332 oppressa
1125 1295 1154 1321 et

164 1351 277 1385 deleta
296 1347 454 1392 cupiunt.
487 1343 605 1387 [Itque
623 1341 781 1375 Herodes
798 1340 872 1374 Rex
894 1340 1054 1373 iudaicae
1072 1350 1153 1380 gen-

163 1403 208 1437 tis
227 1412 304 1435 cum
322 1410 360 1431 ex
377 1395 503 1430 humili
522 1400 555 1426 et
573 1394 722 1426 obscuro
740 1392 816 1424 loco
834 1392 874 1423 ad
903 1390 1016 1433 regios
1043 1387 1157 1422 bono-

165 1465 219 1488 res
243 1456 381 1485 evectus
408 1452 512 1485 esset,
539 1444 637 1477 iussit
662 1454 783 1476 omnes
808 1443 936 1479 libros,
966 1441 1002 1473 in
1029 1440 1158 1485 quibus

166 1501 386 1549 genealogiae
407 1497 701 1534 continebantur,
727 1493 867 1526 incendi
889 1499 994 1537 atque
1015 1491 1159 1531 aboleri,

166 1563 204 1590 ut
221 1555 266 1588 ita
281 1550 483 1585 discrimine
500 1546 695 1580 nobilitatis
711 1552 744 1578 et
762 1543 994 1588 ignobilitatis
1010 1543 1160 1581 sublato,

167 1606 220 1640 sui
238 1614 377 1650 quoque
395 1599 530 1645 generis
549 1597 744 1630 obscuritas
767 1596 883 1627 miuus
899 1593 1040 1627 infamis
1057 1600 1159 1626 esset:

168 1658 215 1691 ita
236 1654 398 1688 homines
416 1648 582 1684 ineruditi
601 1648 718 1680 literas
744 1653 776 1680 et
794 1647 964 1685 oderunt,
990 1651 1022 1677 et
1047 1643 1160 1676 aboli-

167 1716 219 1743 tas
235 1705 400 1750 cupiunt,
426 1707 606 1745 sperantes
623 1696 688 1731 boc
705 1698 810 1731 modo
832 1709 927 1730 suam
949 1707 1089 1740 quoque
1106 1695 1159 1726 in-

168 1759 303 1793 scitiam
329 1754 466 1788 facilius
489 1762 589 1795 posse
618 1750 735 1783 latere.
789 1747 846 1782 Sic
872 1748 927 1786 fu,
954 1754 991 1779 ut
1017 1749 1060 1778 ab
1084 1745 1162 1778 aliis

170 1810 391 1843 infestentur,
416 1805 458 1836 ab
477 1802 554 1835 aliis
569 1801 806 1833 destituantur
824 1799 960 1831 literae:
990 1797 1076 1829 alios
1094 1796 1161 1828 alio

169 1859 299 1904 abripit
329 1869 426 1889 caeca
457 1852 648 1896 cupiditas,
688 1859 720 1884 et
744 1849 885 1895 quidvis
915 1848 1031 1892 potius
1057 1860 1161 1892 quam

170 1925 250 1945 vera
275 1911 365 1942 bona
385 1905 613 1942 tulmiramuc,
642 1903 710 1934 imo
731 1914 767 1933 ea
786 1913 828 1933 ne
845 1899 1065 1943 agnoscimus
1083 1898 1163 1944 qui-

169 1966 261 1997 dem.
318 1959 365 1992 lta
385 1958 530 1991 Satanas
549 1960 682 1986 mentes
700 1950 872 1985 humanas
890 1951 962 1983 suis
984 1949 1163 1993 compedi-

171 2016 235 2048 bus
251 2010 454 2046 constrictas
479 2012 594 2047 tenet,
621 2011 654 2037 ct
672 2016 813 2048 quoquo
838 2003 910 2045 ipse
930 2001 1022 2039 vult,
1050 2007 1164 2032 trans-

172 2076 287 2098 versas
305 2061 444 2104 abripit,
469 2070 504 2090 ac
522 2067 639 2089 revera
658 2067 751 2087 nunc.
769 2053 913 2086 minima
933 2053 975 2084 de
992 2051 1092 2084 malis
1110 2051 1165 2083 in-

173 2115 290 2150 scitiae
321 2111 502 2154 turpitudo
537 2107 696 2145 ducitur,
739 2117 805 2149 qua
839 2104 904 2136 nisi
941 2103 1106 2135 vecordes
1132 2108 1164 2134 et

173 2168 266 2199 wtot
285 2170 400 2197 mente
417 2160 506 2203 capti
527 2169 697 2197 essemus,
724 2154 813 2188 nibil
835 2155 987 2192 tristius,
1015 2160 1073 2187 aut
1091 2165 1164 2185 ma-

174 2218 224 2262 gis
243 2214 446 2257 fugiendum
467 2210 713 2243 imiimi-emus.
763 2206 907 2239 interim
927 2206 983 2237 alii
1001 2202 1166 2238 bonores.
1190 2226 1192 2231 ·

174 2269 232 2303 alii
252 2265 469 2299 undisonas
488 2261 705 2304 voluptates,
734 2258 892 2302 plerique
909 2268 992 2299 opes
1011 2263 1039 2287 et
1062 2267 1166 2299 pecu-

176 2320 270 2353 niam
289 2322 474 2350 sectantur.
528 2311 621 2344 llaec,
645 2310 716 2343 sola
738 2310 827 2341 bon.-
854 2308 984 2348 iugeuti
1010 2307 1166 2339 wercede

177 2372 342 2404 licentur,
373 2366 478 2398 vitam
503 2370 606 2407 atque
631 2361 802 2397 animam,
831 2367 865 2393 ut
896 2359 953 2391 ille
973 2359 1035 2392 ait,
1070 2357 1166 2389 lucro

177 2421 378 2454 wudetun-s.
417 2415 482 2448 llis
499 2413 722 2447 foelicitatem
743 2411 938 2443 metiuntur
954 2408 1082 2444 miseri,
1107 2407 1166 2452 qui

178 2485 248 2506 nun
270 2469 489 2513 expendunt.
518 2478 621 2509 quam
641 2475 739 2506 saepe
765 2462 831 2494 tevi
857 2468 1036 2493 momento
1058 2459 1168 2491 insoe-
1192 2448 1195 2485 l

179 2524 225 2558 lix
247 2522 304 2555 illa
325 2518 494 2552 soa-licitas
513 2529 581 2548 nou
603 2513 816 2556 interpellari
840 2514 962 2547 modo,
992 2522 1112 2542 verum
1137 2516 1166 2541 et

177 2585 339 2620 prorsum
364 2569 470 2601 exerti
500 2568 623 2598 soleat:
659 2564 781 2597 Docuit
816 2561 879 2595 boc
906 2563 1035 2594 multos
1066 2572 1167 2604 expe-

758 2616 824 2646 Sed
844 2615 927 2658 quid
949 2626 1012 2645 uos
1030 2611 1168 2645 iuterim

179 2679 295 2710 (licere
314 2679 447 2717 oportet
462 2671 475 2701 ’ἶ
501 2669 656 2699 sidu-uuis
677 2664 740 2698 boc
762 2665 996 2696 communiter
1015 2663 1170 2696 accidet·-

180 2624 304 2660 rientia
325 2622 510 2654 stultorum
530 2617 701 2656 magistra,

181 2729 282 2762 rebus
300 2723 453 2769 optimis,
479 2727 514 2754 ut
534 2720 674 2751 eaedem
694 2718 759 2749 siut
780 2715 1109 2760 contemptissimae,
1137 2719 1170 2746 et

854 133 930 171 DE
963 132 1247 171 PRAEFAT.
1274 132 1331 167 IN
1357 129 1678 169 HOMERUM.

1195 225 1316 253 contra
1342 217 1519 262 pessimis,
1544 223 1584 250 ut
1605 216 1749 250 maximi
1772 217 1870 254 fiant.
1920 215 2016 260 Ergo
2041 216 2068 250 si
2093 216 2187 250 idem

1196 270 1308 303 literis
1327 275 1360 302 et
1384 266 1465 301 huic
1483 267 1664 301 doctrinae
1688 265 1915 302 humanitatis
1941 268 2087 309 accidit,
2115 280 2188 302 nou

1199 332 1329 354 novum
1361 325 1420 352 aut
1444 318 1574 351 mirum
1606 318 1712 351 nimis
1736 318 1771 351 id
1802 319 1905 351 nobis
1934 319 2046 352 videri
2073 319 2190 360 debet,

1198 382 1312 416 neque
1333 381 1396 403 nos
1412 369 1678 413 corruptissimo
1695 369 1790 412 vulgi
1810 368 1942 402 iudicio
1960 377 1992 403 et
2010 382 2127 403 errore
2145 370 2190 403 ab

1200 420 1255 455 his
1289 421 1414 455 studiis
1455 420 1614 453 amandis
1657 419 1884 464 colendisque
1922 420 2048 454 abduci
2082 422 2190 454 decet.

1199 472 1292 506 Haec
1317 479 1357 506 ut
1378 471 1555 516 praefarer
1580 482 1659 504 cum
1685 471 1728 503 de
1753 469 1910 504 Homero
1928 477 1960 503 et
1985 467 2040 503 his
2061 471 2190 505 nostris

1196 523 1325 558 'studiis
1351 523 1510 555 dicturus
1530 533 1660 562 essem,
1693 532 1748 554 res
1772 521 1844 565 ipsa
1869 527 1902 554 et
1922 520 2113 564 indignitas
2136 518 2191 554 me

1201 575 1322 608 movit.
1375 573 1466 616 Quis
1490 572 1585 605 enim
1607 583 1680 604 non
1705 578 1984 612 commoveatur,
2010 571 2070 616 qui
2098 569 2194 606 hunc

1203 633 1271 659 tam
1296 624 1469 667 insignem
1494 629 1732 667 contemptum
1760 635 1876 656 rerum
1903 623 2114 665 optimarum
2139 622 2192 655 vi-

1203 676 1305 709 deat?
1361 675 1431 708 Vos
1459 687 1520 719 pro
1546 681 1660 707 vestra
1680 671 1898 707 humanitate
1923 671 2013 706 hanc
2039 679 2195 706 nostram

1204 726 1398 772 querelam,
1427 738 1532 770 quam
1559 723 1647 758 mibi
1670 725 1838 769 expressit
1852 724 1954 758 dolor
1977 736 2076 758 meus
2091 730 2124 758 et
2140 723 2197 756 in-

1205 777 1357 821 dignitas
1374 776 1424 809 rei
1437 803 1446 817 ‚
1476 776 1561 809 boni
1575 776 1777 812 consuletis.

1301 875 1418 922 Atque
1433 884 1473 911 ut
1488 878 1529 910 ad
1551 878 1599 918 id,
1626 879 1668 911 de
1683 891 1752 922 quo
1770 877 1807 910 in
1826 877 2020 923 praesentia
2040 877 2200 911 instituta

1206 935 1275 968 est,
1308 940 1343 961 se
1370 928 1496 961 referat
1530 929 1662 971 oratio,
1694 928 1840 962 Homeri
1873 933 2015 973 poema,
2048 936 2086 962 ut
2114 927 2200 968 dixi,

1207 979 1282 1012 Diis
1307 980 1396 1012 bene
1420 979 1639 1020 faventibus,
1666 979 1887 1023 interpretari
1911 979 2067 1020 decrevi3
2097 980 2140 1013 de
2156 991 2197 1013 eo

1208 1031 1244 1063 in
1272 1030 1465 1074 praesentia
1497 1031 1650 1064 breviter
1673 1030 1823 1075 praefari
1846 1031 2021 1064 constitui.
2083 1029 2200 1075 Atque

1208 1082 1341 1115 utinam
1367 1092 1429 1124 ego
1455 1081 1543 1114 illud
1569 1089 1637 1114 tam
1665 1093 1799 1126 possem
1819 1081 2102 1115 adolescentibus
2121 1093 2201 1114 ora-

1208 1133 1303 1165 tioue
1339 1132 1602 1170 commendare,
1641 1144 1679 1164 ac
1716 1132 1832 1176 dignis
1865 1133 2029 1165 laudibus
2061 1144 2202 1174 ornare,

1209 1195 1312 1228 qnam
1332 1194 1513 1227 nunquam
1533 1183 1614 1216 satis
1632 1189 1744 1227 potest
1760 1196 1824 1227 pro
1836 1183 2006 1225 dignitate
2021 1183 2202 1224 celebrari,

1209 1240 1443 1278 exuperatque
1468 1232 1614 1266 Homeri
1635 1234 1803 1278 splendor
1826 1246 1967 1267 omnem
1992 1234 2202 1270 orationem.

1210 1285 1278 1319 Sed
1303 1290 1419 1317 tamen
1443 1291 1482 1317 ut
1503 1296 1627 1327 magna
1654 1285 1801 1318 numina
1826 1297 2084 1330 nonnunquam
2110 1285 2202 1318 farre

1211 1343 1242 1368 et
1258 1334 1328 1368 sale
1347 1335 1415 1367 coli
1432 1335 1556 1375 solent,
1582 1336 1628 1368 ita
1646 1348 1709 1369 nos
1727 1336 1755 1368 si
1771 1336 1854 1381 quid
1873 1348 1935 1380 pro
1953 1342 2070 1369 nostra
2087 1335 2204 1370 tenui-

1211 1392 1279 1419 tate
1298 1386 1499 1429 poterimus,
1516 1387 1558 1419 ad
1575 1387 1665 1420 tanti
1681 1387 1861 1431 scriptoris
1876 1386 2102 1430 praeconium
2120 1398 2206 1420 con-

1212 1437 1374 1471 feremus.
1428 1435 1498 1469 Nec
1522 1449 1604 1470 vero
1630 1435 1687 1471 bic
1715 1438 1756 1471 de
1778 1437 1974 1479 natatibus,
2004 1437 2134 1481 patria,
2169 1444 2205 1472 et

1214 1488 1282 1520 vita
1302 1486 1448 1520 Ilomeri
1474 1488 1577 1521 nobis
1600 1489 1712 1522 oratio
1737 1489 1820 1530 erit,
1848 1486 1932 1522 baec
1947 1489 2041 1521 enim
2060 1489 2104 1523 ab
2126 1489 2206 1523 aliis

1213 1538 1296 1571 satis
1314 1545 1472 1572 accurate
1492 1547 1523 1573 et
1547 1540 1622 1573 suse
1642 1539 1830 1584 explicata,
1858 1540 1919 1585 qui
1941 1540 2061 1573 volent
2084 1540 2205 1586 requi-

1214 1601 1289 1622 rere
1305 1596 1485 1632 poterunt:
1510 1591 1552 1623 de
1572 1594 1730 1634 poemate
1749 1591 1835 1634 ipso,
1865 1598 1896 1624 et
1915 1591 2076 1631 utilitate,
2099 1603 2204 1636 qnam

1214 1640 1361 1674 studiosi
1391 1640 1472 1672 inde
1498 1653 1619 1685 capere
1643 1642 1797 1685 possint,
1834 1642 2006 1682 breviter,
2040 1650 2143 1688 atque
2167 1649 2206 1676 ut

1216 1691 1368 1735 patietur
1391 1688 1474 1723 llaec
1499 1692 1664 1735 temporis
1695 1693 1872 1735 angustia,
1907 1704 2057 1735 agemus.
2117 1692 2206 1727 'Nam

1215 1742 1275 1787 qui
1300 1742 1344 1775 ita
1364 1742 1531 1775 evolvunt
1552 1741 1765 1783 Homerum,
1793 1751 1830 1777 ut
1849 1741 1938 1776 nibil
1958 1741 2037 1776 binc
2060 1744 2125 1777 nisi
2144 1757 2208 1778 vo·

1218 1794 1384 1836 luptatein
1411 1800 1601 1833 venentur,
1634 1802 1665 1827 et
1696 1794 1924 1827 sententiolas
1947 1796 2115 1839 quasdam
2144 1807 2207 1829 ceu

1216 1843 1380 1876 flosculos
1404 1841 1486 1876 binc
1511 1845 1591 1878 inde
1617 1845 1795 1882 collectas,
1830 1843 1864 1878 bi
1892 1846 2037 1889 perinde
2064 1846 2209 1887 faciunt,

1218 1901 1253 1927 ut
1271 1894 1297 1927 si
1317 1895 1394 1939 quis
1413 1895 1667 1928 fertilissimum
1685 1908 1806 1938 agrum
1825 1903 1960 1929 tautum
1979 1897 2087 1930 annui
2106 1909 2207 1932 causa

1218 1946 1305 1978 cota
1318 1973 1326 1984 ,
1353 1953 1388 1977 ut
1410 1946 1557 1979 floribus
1575 1946 1610 1978 in
1627 1960 1665 1979 eo
1685 1947 1775 1979 natis
1794 1947 1985 1992 aliquando
2003 1960 2036 1980 se
2055 1955 2210 1988 coronet,

1219 1998 1392 2029 fructuum
1406 2024 1413 2035 ,
1441 2010 1528 2041 quos
1554 1999 1635 2030 inde
1651 1998 1848 2031 uberrimos
1870 1998 2046 2042 percipere
2065 2006 2210 2042 poterat,

1219 2060 1337 2080 curam
1371 2048 1474 2091 plane
1506 2049 1674 2091 negligat,
1713 2046 1806 2081 bunc
1834 2049 1961 2094 aliquis
1987 2057 2096 2090 recte,
2131 2051 2209 2094 opi·

1221 2110 1302 2138 nor,
1323 2111 1554 2131 oeconomum
1578 2113 1699 2144 parum
1722 2102 1930 2144 prudentem
1950 2100 2088 2136 dixerit.
2135 2099 2208 2135 Etsi

1219 2150 1311 2181 enim
1349 2150 1564 2194 voluptatem
1603 2163 1641 2183 ex
1686 2151 1834 2184 lectione
1870 2149 2016 2184 Homeri
2059 2159 2213 2194 tautam,-

1220 2208 1386 2245 quautam
1407 2202 1462 2233 vix
1483 2202 1555 2233 ullo
1575 2202 1642 2234 alio
1661 2215 1699 2234 ex
1717 2209 1849 2238 autore,
1868 2213 1990 2246 capere
2009 2203 2099 2242 licet,
2116 2205 2210 2249 quod

1222 2259 1344 2284 natura
1370 2253 1438 2284 sere
1467 2252 1510 2285 ita
1540 2259 1779 2296 comparatum
1802 2259 1870 2291 est,
1905 2260 1942 2287 ut
1972 2266 2050 2286 cum
2075 2267 2210 2289 summa

1221 2303 1388 2339 utilitate,
1422 2314 1556 2335 summa
1585 2316 1622 2335 ae
1647 2316 1726 2336 vera
1754 2304 1915 2348 voluptas
1945 2305 2131 2339 coniuncta
2157 2305 2212 2346 sit,

1223 2366 1293 2385 uon
1317 2360 1431 2387 tamen
1451 2366 1488 2386 ea
1514 2354 1696 2398 praecipua
1723 2367 1804 2388 cura
1829 2367 1902 2388 esse
1923 2356 2044 2395 debet,
2078 2357 2136 2390 sed
2160 2363 2211 2391 cst

1222 2405 1288 2436 alia
1313 2405 1426 2437 maior
1452 2413 1483 2438 et
1508 2406 1642 2446 potior,
1679 2418 1821 2451 nempe,
1854 2413 1890 2440 ut
1913 2408 2211 2451 quemadmodum

1223 2456 1257 2487 iu
1281 2468 1339 2488 sua
1367 2468 1402 2488 re
1426 2456 1590 2488 familiari
1609 2457 1700 2491 cauti
1718 2457 1986 2501 patresfamilias
2002 2458 2134 2496 solent,
2163 2458 2211 2492 ita

1224 2507 1324 2539 initio
1346 2507 1460 2540 statim
1481 2508 1663 2541 uobiscum
1686 2509 1857 2541 rationem
1876 2509 2050 2545 ineamus.
2077 2510 2210 2555 ecquod

1223 2570 1347 2600 operae
1373 2558 1527 2602 precium
1562 2559 1685 2592 facturi
1714 2559 1822 2592 simus
1848 2560 2042 2591 evolvendo
2067 2557 2132 2593 boc
2157 2560 2213 2594 vel

1224 2610 1286 2641 illo
1305 2610 1483 2653 scriptore.
1538 2612 1643 2651 Quod
1664 2611 1756 2643 idem
1773 2610 1800 2643 si
1819 2611 1853 2642 in
1875 2609 2029 2643 Homero
2045 2611 2213 2645 discendo

1225 2661 1406 2698 iaciemus,
1436 2667 1507 2693 tum
1527 2661 1759 2694 nobisstatim
1778 2673 1811 2693 se
1829 2662 1948 2694 otl‘eret
1971 2662 2127 2695 infinitus
2143 2662 2212 2695 uti-

1226 2712 1363 2745 litatum
1399 2713 1579 2748 cumulus.
1621 2719 1653 2746 et
1683 2713 1775 2746 xetot
1814 2724 2005 2757 ¹tat-(uirgam
2038 2712 2211 2760 ἀγαθῶν,

2110 122 2239 166 400’
