2338 2958
170 126 245 164 567

175 210 380 246 cohorresco
402 219 475 247 toto
499 221 663 255 corpote,
697 220 736 242 ac
757 215 836 243 vota
860 209 970 250 facio,
1004 216 1044 244 ut
1067 208 1159 241 filius

174 262 242 297 Dei
258 270 437 297 conservet
454 263 495 295 ad
522 267 678 305 posteros
695 258 887 294 Ecclesiam
901 286 910 301 ,
937 267 969 294 et
985 258 1070 294 haec
1086 265 1160 293 stu-

176 314 234 348 dia
250 320 390 349 tueatur
405 320 437 345 et
453 312 634 355 gubernet.

279 372 380 405 Nunc
403 371 446 403 ad
466 370 620 415 reliquas
643 367 903 407 solicitudines,
926 373 1004 411 post
1027 367 1161 400 cladem

178 424 216 455 in
233 422 344 454 vicina
354 419 541 453 Pannonia
557 426 742 463 acceptam,
761 425 795 452 et
811 418 1024 452 trucidatum
1038 417 1163 451 aTur-

179 473 227 506 cis
245 471 451 511 exercitum,
477 471 581 504 etiam
599 467 656 503 hic
680 476 792 503 metus
811 468 960 510 accedit,
988 475 1026 502 ut
1043 479 1165 501 verear

180 521 319 565 longius
335 527 565 564 grassaturam
581 520 714 554 rabiem
730 519 929 558 Turcicam,
957 526 990 552 et
1003 519 1166 564 aliquau-

180 573 244 612 do,
271 572 365 616 quod
383 570 479 605 Deus
495 569 697 616 prohibeat,
722 570 845 604 deletis
867 567 920 602 his
947 570 1109 612 gentibus
1134 574 1167 601 et

179 622 340 656 funditus
365 623 493 655 eversis
517 622 735 659 civitatibus,
767 627 871 665 atque
889 618 1054 653 Ecclesiis
1074 618 1167 652 Ger-

181 673 345 713 manicis,
372 673 507 706 nullam
526 672 763 716 posteritatem
780 672 855 703 sore
871 667 922 715 ἦε).

285 730 403 765 Audio
424 730 728 765 bellicosisfimum
752 728 886 762 Ducem
909 727 1041 770 Regem
1069 726 1168 760 Pan-

182 783 310 816 noniae
329 779 536 822 Matthiam,
565 793 644 814 cum
660 779 781 823 Legati
803 780 846 813 ad
866 785 1059 812 conventus
1077 776 1169 810 Ger-

181 833 339 866 manicos
372 832 487 872 missi,
522 831 772 864 renunciarent
807 830 905 863 nulla
934 842 951 862 a
981 828 1169 862 Germanis

182 883 394 927 expectanda
412 894 483 915 esse
501 882 649 922 auxilia,
676 881 882 914 frementem
906 887 940 914 et
964 880 1068 923 longe
1087 891 1170 922 pro-

183 934 387 977 spicientem
413 933 550 980 futuras
571 932 702 971 clades,
728 931 783 964 vel
802 930 1022 965 divinantem
1045 929 1171 974 potius,

183 984 321 1019 dixisse.
373 982 503 1016 Dolere
520 995 555 1016 se
570 983 680 1015 vicem
696 978 978 1015 Christianarum
1003 980 1172 1023 gentium,

184 1047 271 1079 quae
289 1035 327 1067 in
343 1032 487 1077 Europa
505 1033 662 1078 reliquae
680 1038 772 1073 sunt,
799 1044 834 1065 se
850 1033 930 1065 vivo
948 1031 1170 1064 Pannoniam

182 1086 258 1118 fore
274 1097 426 1125 murum,
453 1084 512 1129 qui
530 1083 807 1117 crudelissimam
830 1083 967 1126 gentem
984 1081 1171 1115 Turcicam

184 1137 228 1169 ab
245 1135 314 1169 illis
329 1142 452 1168 arceat.
505 1133 628 1168 Postea
648 1132 876 1166 Germaniam
894 1140 969 1166 tum
986 1132 1174 1175 ingratitu-

185 1187 298 1226 dinis,
326 1193 400 1219 tum
428 1185 587 1228 ignaviae
614 1195 744 1228 poenas
767 1184 928 1217 daturam
953 1194 1035 1217 esse.
1096 1180 1173 1215 Etsi

184 1244 300 1270 autem
319 1233 403 1268 haec
418 1236 528 1269 oratio
545 1232 628 1267 huic
646 1234 722 1266 loco
741 1240 774 1266 et
790 1230 871 1266 huic
891 1244 1040 1277 pompae
1056 1232 1174 1264 minus

186 1286 375 1320 convenire
399 1286 553 1318 videtur:
581 1291 699 1318 tamen
724 1283 760 1316 in
784 1281 851 1317 hoc
868 1282 1047 1317 communi
1066 1283 1174 1322 luctu,

186 1349 252 1383 qua
271 1338 314 1370 de
330 1348 367 1369 re
383 1336 500 1380 potius
515 1336 705 1368 dicendum
725 1333 798 1366 est'?

287 1394 368 1427 Non
387 1405 527 1437 possum
546 1404 618 1425 non
635 1392 819 1436 deplorare
837 1391 1021 1424 fortissimi
1045 1391 1175 1425 exerci-

186 1453 243 1480 tus
274 1445 475 1481 interitum,
513 1455 587 1476 non
621 1455 762 1487 possum
792 1454 865 1475 non
892 1443 972 1485 angi
1001 1443 1044 1475 de
1072 1442 1175 1475 nobis

188 1497 282 1541 ipsis,
309 1496 352 1529 de
368 1494 511 1528 familiis
526 1493 666 1535 nostris,
692 1494 736 1527 de
755 1492 966 1537 posteritate,
994 1494 1037 1526 de
1054 1490 1176 1526 Eccle-

188 1548 248 1581 sia.
275 1544 323 1580 Et
333 1545 566 1579 saevissimam
579 1550 818 1588 tempestatem
835 1544 1096 1587 impendentem
1112 1555 1176 1576 nos

188 1609 310 1632 omnes
327 1596 524 1641 prospicere
544 1594 729 1632 convenit,
765 1601 838 1628 tum
859 1600 897 1626 ut
916 1594 1002 1626 iram
1018 1592 1083 1626 Dei
1102 1594 1177 1637 pla-

189 1660 266 1682 care
291 1647 400 1687 serio,
432 1652 465 1680 et
488 1652 561 1680 toto
585 1651 723 1688 pectore
747 1644 968 1684 studeamus,
996 1650 1070 1678 tum
1095 1656 1176 1676 vero

189 1699 305 1738 etiam,
331 1703 370 1731 ut
388 1702 505 1729 nostra
524 1707 619 1736 voce,
645 1695 673 1728 si
693 1706 780 1740 quos
795 1705 990 1739 possumus,
1017 1694 1060 1727 ad
1080 1706 1176 1727 com-

188 1749 342 1794 paranda
365 1746 536 1791 praesidia
556 1744 748 1779 hortemur.

290 1805 403 1839 Antea
429 1805 558 1838 virtute
583 1803 751 1837 lluniade
783 1803 911 1847 patris,
947 1810 979 1836 et
1005 1799 1179 1836 Matthiae

191 1857 267 1898 filii,
294 1865 326 1890 et
345 1855 514 1899 sanguine
532 1854 815 1888 bellicosissimae
830 1854 942 1896 gentis
957 1852 1179 1896 Iluugaricae

190 1907 323 1941 defensi
344 1917 476 1941 sumus,
529 1905 653 1939 Postea
676 1917 754 1938 cum
780 1904 931 1937 vicissim
956 1916 974 1937 a
991 1903 1180 1937 Germanis

190 1959 331 1998 auxilia,
359 1965 391 1991 et
409 1956 646 1989 defensionem
663 1956 816 1989 debitam
835 1954 1017 1998 lluugaria
1037 1960 1180 1998 peteret,

191 2021 253 2042 nec
273 2015 428 2041 veterum
449 2007 696 2039 beneficiorum
716 2005 904 2045 memoria,
933 2012 1091 2044 nostros,
1117 2016 1180 2036 nec

194 2061 246 2092 ius
270 2059 480 2095 vicinitatis,
515 2069 577 2090 nec
602 2064 760 2090 nostrum
787 2055 981 2100 periculum
1007 2055 1180 2089 excitavit.

193 2110 355 2143 Scdimus
371 2109 477 2141 ociosi
497 2108 589 2141 velut
607 2108 641 2140 in
665 2105 800 2141 theatro
819 2113 1011 2150 spectantes
1029 2113 1178 2139 veterem

193 2160 444 2201 'l'rag‹›e‹li;un‚
479 2170 558 2191 cum
593 2171 632 2190 ex
662 2157 861 2202 propinquo
897 2157 1096 2189 videremus
1124 2169 1179 2189 ex-

195 2211 340 2255 pugnari
359 2221 461 2247 arces,
485 2221 573 2253 quae
590 2221 652 2241 nos
671 2215 841 2245 texerunt,
866 2208 1033 2241 trucidari
1051 2207 1180 2249 Regem

194 2261 394 2293 devinctum
429 2259 640 2291 Germaniae
676 2259 794 2292 multis
831 2256 986 2291 honestis
1022 2257 1182 2296 vinculis,

1133 2307 1182 2341 Ac

197 2375 288 2394 nunc.
314 2374 390 2393 cum
416 2361 524 2404 pergit
553 2358 662 2393 hostis
688 2360 960 2392 immanissimus
976 2368 1006 2393 ct
1032 2359 1182 2393 receuti-

196 2414 261 2445 bus
279 2412 447 2444 ferociens
465 2411 638 2451 iictoriis,
667 2412 749 2456 quid
771 2411 929 2454 agimus?

195 2312 345 2355 ‹ln-nique
363 2318 470 2343 totam
489 2311 610 2342 ardere
625 2318 654 2342 et
673 2310 887 2350 conflagrare
904 2309 1080 2343 viciniam.

299 2469 365 2501 Sed
391 2482 432 2500 nc·
449 2470 575 2503 usitato
591 2482 707 2510 more,
740 2469 817 2502 aliis
841 2469 1109 2505 concionentur.
1140 2468 1181 2500 ad

199 2529 315 2553 nostra
336 2519 417 2551 xiiia
437 2521 698 2555 conniveamus.
739 2519 810 2553 Nos
828 2520 891 2563 ipsi
913 2520 1044 2564 primos
1058 2519 1183 2552 excitv-

199 2583 274 2603 mus
299 2571 340 2602 ad
367 2570 575 2614 plac-indum
603 2570 734 2608 Deum.
769 2583 908 2603 oremus
933 2584 974 2603 ne
1002 2569 1185 2609 Ecclesias,

235 2696 263 2728 *)
285 2695 324 2719 De
341 2694 437 2719 Tureu
457 2693 507 2717 ud.
526 2692 592 2726 Epp-
609 2693 665 2718 an.
682 2691 726 2716 ΙΨ.
745 2702 768 2725 p.
784 2692 843 2717 790.
863 2693 922 2718 ⁸0⁴.
937 2692 995 2718 807.
1011 2692 1071 2718 881.

869 121 1029 159 DECL.
1066 119 1140 158 DE
1177 114 1504 156 AMBROSIO.

2127 117 2201 155 568

1211 217 1256 239 ne
1272 215 1390 237 veram
1407 199 1541 236 Christi
1557 201 1737 243 noticiam,
1761 215 1805 237 ne
1821 204 2019 239 doctrinam
2036 203 2129 237 vitae
2147 214 2202 236 sa-

1212 257 1361 290 lutarem
1390 253 1500 286 deleri
1531 253 1632 286 sinat.
1692 250 1931 289 Emendemus
1957 255 2062 289 etiam
2086 264 2203 287 mores

1214 312 1372 345 nostros,
1399 310 1433 337 et
1448 303 1485 336 in
1501 300 1567 337 hac
1583 303 1738 338 literaria
1756 303 1882 338 militia
1901 305 2010 340 simus
2031 304 2178 340 strenui.

1315 362 1471 402 Deinde,
1496 361 1525 394 si
1543 361 1603 406 qui
1621 368 1788 405 possunt,
1813 360 1928 396 Duces
1952 360 2141 397 hortentur
2164 369 2206 397 ut

1216 426 1319 448 suum
1340 412 1495 446 officium
1512 412 1663 450 saciant,
1689 423 1753 444 nec
1771 413 1886 446 desint
1909 413 2060 457 patriae,
2087 425 2126 447 ac
2142 425 2205 446 vo-

1217 464 1412 498 luntatibus
1436 469 1487 496 tot
1510 462 1687 496 honorum
1715 462 1866 504 civium,
1901 463 1962 508 qui
1991 463 2151 497 fortunas
2173 470 2207 497 et

1218 526 1366 559 corpora
1390 514 1433 547 ad
1460 513 1659 546 societatem
1689 512 1775 545 belli
1801 513 1985 547 necessarii
2004 518 2039 547 'et
2062 513 2207 554 gloriosi

1218 578 1282 610 pro
1297 564 1476 598 communi
1490 563 1600 597 salute
1618 563 1791 604 offerunt,
1823 571 1856 598 et
1872 563 2032 597 dimicari
2049 564 2207 608 cupiunt.

1219 615 1283 650 Est
1304 615 1397 649 enim
1414 626 1501 658 opus
1521 614 1727 648 ductoribus
1744 620 1784 648 ut
1801 621 1954 655 constat,
1978 614 2059 659 quia
2077 614 2209 648 multo-

1220 678 1300 699 rum
1320 665 1517 699 coniunctis
1533 665 1667 698 viribus
1686 676 1740 698 res
1764 665 1895 707 agenda
1919 672 1980 701 est.
2031 666 2118 709 μιᾶς
2135 662 2210 712 γὰρ

1217 713 1338 763 χειρὸς
1355 713 1518 761 ἀσθενὴς
1534 713 1656 760 μαχὴ,
1685 721 1724 748 ut
1742 715 1802 748 ille
1819 715 1855 748 in
1873 715 2070 759 Tragoedia
2089 715 2183 749 dicit.

1323 781 1404 825 Quo
1423 781 1625 825 irrumpunt
1639 781 1768 821 Turci,
1794 793 1866 815 non
1886 782 2055 815 dimicant
2074 782 2116 815 de
2134 781 2212 825 glo-

1223 833 1291 873 ria,
1319 840 1358 866 ut
1372 831 1504 877 Cyrus,
1532 829 1707 877 Pyrrhus,
1736 844 1799 865 nec
1818 833 1860 865 de
1878 832 2045 876 imperio,
2071 839 2111 866 ut
2126 832 2212 866 Ale-

1222 884 1376 924 xander,
1403 882 1503 915 cuius
1521 882 1658 925 legibus
1679 883 1880 926 provinciae
1904 883 2032 917 fiebant
2048 882 2213 916 cultiores

1224 942 1256 968 et
1281 931 1529 974 humaniores,
1557 945 1601 966 ne
1624 933 1766 978 quidem
1793 939 1831 966 ut
1855 933 2057 967 iracundiae
2078 944 2212 966 morem

1226 991 1366 1029 gerant,
1394 996 1483 1028 quae
1504 984 1540 1016 in
1559 981 1709 1017 heroicis
1726 983 1861 1016 naturis
1875 996 2015 1018 accensa
2035 985 2213 1017 interdum

1226 1035 1383 1079 ingentia
1399 1035 1489 1068 bella
1505 1035 1583 1075 ciet,
1610 1041 1650 1067 ut
1665 1033 1848 1080 Hannibal
1867 1034 1976 1068 iratus
1994 1035 2126 1068 bellum
2144 1033 2215 1067 lta-

1226 1087 1291 1119 liae
1307 1086 1439 1119 intulit.
1494 1084 1574 1118 Non
1594 1082 1750 1118 humano
1774 1085 1926 1128 impetu,
1953 1086 2012 1119 sed
2029 1085 2216 1118 furialibus

1226 1136 1378 1170 stimulis
1393 1142 1546 1178 aguntur
1563 1135 1673 1168 Turci
1690 1136 1733 1168 ad
1751 1134 1940 1169 delendum
1964 1148 2095 1169 nomen
2109 1132 2216 1169 Chri·

1227 1188 1288 1227 sti,
1315 1187 1358 1219 ad
1375 1186 1570 1219 faciendam
1587 1187 1784 1219 vastitatem
1802 1185 1897 1219 orbis
1914 1193 2098 1221 terrarum.
2133 1183 2217 1219 Est-

1227 1249 1294 1282 que
1310 1237 1347 1268 in
1366 1236 1602 1279 adpellatione
1620 1248 1742 1275 omen,
1768 1247 1849 1267 nam
1871 1235 1987 1270 Turca
2007 1243 2215 1270 vastatorem

1227 1287 1416 1330 significat,
1446 1284 1530 1319 haec
1552 1286 1646 1319 euim
1670 1285 1829 1331 tyrannis
1849 1285 1998 1320 Turcica
2023 1293 2218 1330 postremus

1228 1337 1361 1371 diaboli
1394 1337 1495 1370 furor
1529 1343 1598 1377 est,
1645 1349 1715 1381 quo
1750 1335 1918 1369 acerrime
1950 1338 2056 1371 exerit
2093 1336 2217 1370 odium

1228 1400 1330 1421 suum
1350 1388 1516 1421 adversus
1541 1399 1670 1420 nomen
1689 1384 1823 1421 Christi
1850 1393 1883 1420 et
1909 1387 2074 1422 adversus
2094 1385 2220 1421 huma-

1229 1451 1314 1472 num
1333 1449 1453 1481 genus.

1329 1497 1453 1542 Itaque
1470 1507 1534 1529 nec
1553 1502 1591 1530 ut
1609 1495 1737 1530 caeteri
1757 1495 1961 1537 bellatores,
1985 1503 2135 1540 parcunt
2152 1496 2219 1529 im-

1230 1548 1422 1593 puberibus
1456 1547 1602 1591 puellis,
1641 1547 1851 1580 mulieribus
1878 1559 1917 1580 ac
1945 1547 2098 1581 senibus.
2150 1546 2219 1581 Sed

1229 1598 1445 1631 abiiciuntur
1478 1597 1619 1631 dissecti
1653 1597 1822 1636 infantes,
1863 1598 2086 1631 trucidantur
2111 1607 2222 1639 senes,

1230 1648 1366 1694 puellae
1396 1654 1430 1680 et
1452 1647 1617 1681 mulieres
1643 1647 1796 1680 adfectae
1819 1648 2032 1681 contumelia
2056 1647 2222 1692 iugulan-

1230 1707 1298 1733 tur.
1350 1697 1459 1742 Capta
1477 1697 1787 1741 Constantinopoli
1812 1698 1925 1741 regiae
1943 1698 2096 1741 virgines
2119 1711 2136 1731 a
2153 1697 2222 1731 mi-

1232 1750 1353 1783 litibus
1370 1761 1430 1792 per
1448 1749 1644 1782 ludibrium
1660 1755 1856 1792 stupratae,
1884 1755 2000 1792 postea
2021 1749 2222 1783 interfectae

1232 1806 1323 1833 sunt.
1352 1799 1442 1832 Tam
1458 1811 1600 1833 saevum
1617 1796 1765 1839 hostem,
1783 1799 1811 1832 si
1828 1799 2077 1843 negligendum
2096 1805 2223 1844 putant

1233 1851 1343 1884 nostri
1359 1848 1491 1890 Duces,
1518 1850 1603 1895 quid
1620 1850 1716 1883 aliud
1738 1850 1964 1893 cogitandum
1982 1857 2054 1892 est,
2079 1849 2148 1883 nisi
2170 1850 2223 1883 fa-

1233 1902 1336 1935 talem
1357 1912 1428 1934 esse
1448 1901 1650 1934 amentiam.

1334 1960 1402 1994 Sed
1434 1959 1515 2004 quia
1540 1971 1612 1992 non
1639 1958 1787 1992 dubium
1814 1965 1884 1998 est,
1918 1957 2030 1993 Deum
2056 1958 2223 2004 reliquias

1233 2011 1366 2056 aliquas
1384 2008 1560 2043 Ecclesiae
1585 2016 1805 2043 servaturum
1827 2021 1918 2049 csse,
1947 2007 2009 2043 hac
2034 2022 2093 2054 spe
2111 2009 2224 2043 coele-

1234 2070 1282 2094 ste
1297 2061 1466 2094 auxilium
1486 2060 1731 2104 imploremus,
1757 2067 1789 2092 et
1807 2061 1937 2104 patriae
1953 2073 2054 2104 opem
2071 2060 2223 2094 feramus

1235 2126 1297 2145 suo
1321 2112 1468 2157 quisque
1497 2111 1584 2144 loco.
1639 2110 1712 2144 Hac
1737 2122 1797 2154 spe
1819 2118 1851 2144 et
1879 2111 2117 2153 Augustinus,
2155 2111 2222 2144 iam

1235 2175 1337 2204 agens
1361 2164 1514 2195 animam
1541 2173 1576 2194 se
1601 2162 1831 2202 sustentabat,
1858 2173 1936 2195 cum
1963 2161 2091 2206 impius
2115 2158 2224 2196 hostis

1234 2214 1419 2247 obsidione
1441 2211 1603 2245 cinxisset
1620 2211 1835 2256 Hipponem.

1338 2272 1431 2305 llaec
1452 2271 1487 2304 in
1508 2268 1563 2304 his
1585 2270 1847 2313 congressibus.
1875 2270 1935 2316 qui
1954 2282 2018 2304 nos
2039 2271 2082 2305 de
2103 2268 2225 2305 Eccle-

1238 2324 1306 2361 sia,
1335 2331 1365 2356 et
1391 2324 1433 2355 de
1458 2328 1528 2355 tota
1548 2321 1687 2365 Repub.
1711 2323 1902 2355 admonent
1927 2322 2112 2363 cogitanda
2132 2329 2225 2356 sunt.

1238 2374 1315 2407 Non
1342 2373 1435 2406 cuiun
1463 2374 1505 2405 ad
1531 2372 1632 2405 ludos
1663 2379 1799 2405 tantum
1829 2373 2076 2412 convenimus,
2109 2373 2170 2406 sed
2195 2370 2223 2405 si

1238 2432 1325 2457 rvcu·
1356 2423 1567 2459 iudicamus.
1608 2420 1643 2455 hi
1676 2434 1879 2465 congressus
1906 2424 1948 2456 ad
1979 2424 2074 2456 illam
2104 2434 2223 2455 vocem

1236 2474 1367 2508 (ltu-isti
1392 2472 1564 2507 referendi
1587 2481 1685 2514 sunt,
1712 2473 1747 2505 in
1767 2486 1834 2518 qua
1852 2473 1953 2507 dicit:
1989 2468 2146 2507 Ulu‘duo
2164 2479 2223 2506 aut

1238 2534 1306 2559 tro-s
1330 2524 1545 2559 conveniunt
1572 2524 1606 2556 in
1632 2525 1775 2557 nomine
1792 2537 1888 2563 mro,
1917 2524 1952 2556 in
1970 2523 2086 2556 medio
2102 2536 2224 2557 eurum

1239 2590 1326 2609 snm.
1381 2575 1422 2609 lit
1444 2573 1532 2607 lianc
1549 2575 1594 2607 nl»
1615 2586 1753 2608 causam
1772 2573 1947 2608 habentur
1964 2574 2159 2613 orationes,
2187 2580 2226 2608 ut

1239 2627 1408 2659 admoniti
1429 2627 1470 2658 dc
1488 2626 1648 2658 maximis
1664 2626 1765 2659 relius
1783 2625 1817 2657 in
1834 2624 1930 2658 omni
1947 2625 2224 2669 officiodiligen·

1239 2679 1343 2711 tiores
1366 2678 1484 2711 simus.
