2338 2958
168 124 218 161 83

174 207 360 256 Scythicus
376 207 494 253 legum
506 219 620 242 sermo
633 213 731 248 esset,
757 213 876 241 tamen
889 206 1057 252 pinguius
1067 207 1165 243 iudi-

175 268 274 302 cant,
299 261 427 294 docent
450 259 634 293 obscurius
651 264 684 291 et
700 257 981 303 imprudentius,
1006 271 1166 304 quacun-

176 324 244 358 que
269 312 311 345 de
335 322 373 344 re
397 310 512 344 dicere
534 309 744 350 instituunt,
769 308 856 344 dant
879 309 955 343 sine
970 317 1087 344 mente
1105 322 1166 344 so-

175 375 274 403 num,
300 367 473 407 quotquot
487 359 628 393 dicendi
645 367 736 394 artes
751 372 824 393 non
840 360 995 404 attigere.
1035 360 1166 404 Magna

176 414 231 447 vis
261 420 312 446 est
337 413 374 444 in
399 410 649 445 humaniorum
672 411 854 445 literarum
879 411 1016 449 studio,
1059 423 1165 456 quam

177 464 296 498 animo
318 462 446 496 rectius
469 473 629 500 cernere,
664 474 769 507 quam
795 462 953 496 oratione
978 462 1166 505 depingere

177 524 376 560 possumus,
427 510 473 546 Et
493 512 647 557 exempla
664 513 855 557 superioris
873 513 993 546 aetatis
1010 525 1167 546 commo-

178 572 280 605 nent,
307 563 393 609 quid
417 563 572 608 sapiant,
598 571 741 608 quotam
767 563 896 596 mentis
919 563 1058 596 unciam
1084 563 1167 596 reli-

178 627 282 661 quam
307 612 478 653 habeant,
505 614 530 647 ii
554 614 615 659 qui
639 615 683 647 ab
710 614 782 648 istis
799 614 933 647 artibus
950 614 1057 647 alieni
1076 621 1167 647 sunt.

179 666 288 699 Vides
307 676 411 710 quam
433 665 550 709 inepte
568 665 779 699 tradiderint
796 676 875 698 suas
893 672 984 698 artes
1002 663 1167 699 Philoso-

180 715 261 760 phi,
301 722 435 761 quanto
465 722 610 756 conatu,
650 723 797 761 quantas
827 727 938 759 nugas
969 716 1164 749 docuerint.

178 765 302 802 Nihilo
326 766 482 800 saniores
499 765 731 799 Iureconsulti
751 767 848 810 suere
866 767 926 812 qui
944 766 1169 810 disputarunt

179 819 222 852 de
238 818 389 857 Lazaro,
413 817 562 850 valuerit
587 829 630 849 ne
649 824 914 858 testamentum,
940 824 1167 862 posteaquam

179 869 209 902 is
227 869 370 908 revixit,
398 874 432 900 et
449 865 516 900 hoc
534 879 642 911 genus
660 868 859 901 innumera.
912 868 1056 902 Solebat
1075 869 1167 913 apud

179 932 245 953 nos
268 920 391 952 doctus
414 918 589 963 quispiam
614 916 738 958 homo,
772 920 919 952 istorum
945 919 1095 963 ineptias
1119 920 1168 952 se-

179 971 270 1004 stivo
293 976 492 1003 commento
518 969 645 1005 ridere.
696 969 777 1002 Non
796 970 919 1014 procul
933 970 1065 1014 oppido
1081 983 1170 1015 quo-

180 1023 280 1062 dam,
313 1020 445 1060 aiebat,
478 1021 520 1053 ad
545 1020 675 1053 flumen
698 1021 908 1065 pistrinum,
937 1033 976 1054 ex
999 1034 1068 1066 quo
1091 1033 1169 1054 cum

179 1084 254 1105 non
278 1072 324 1104 ita
350 1070 463 1104 multo
489 1078 569 1105 ante
591 1078 758 1116 aquatum
782 1072 902 1105 asinus
926 1072 1171 1113 descendisset,

180 1134 259 1156 cum
277 1122 313 1154 in
331 1128 482 1155 extrema
499 1122 572 1166 ripa
591 1134 651 1155 seu
668 1122 841 1156 lutulenta
854 1134 914 1156 sen
928 1123 1069 1156 tenuior
1081 1135 1170 1168 aqua

180 1173 322 1214 flueret,
349 1184 453 1217 quam
475 1179 514 1206 ut
529 1184 568 1206 os
584 1173 743 1206 imbuere
758 1180 893 1218 posset,
919 1174 956 1206 in
976 1174 1170 1218 proximam

180 1224 304 1270 cybam
327 1224 416 1256 sorte
442 1224 572 1267 pergit,
609 1225 704 1257 unde
725 1225 926 1258 uberiorem
950 1225 1032 1258 iusti
1059 1225 1172 1258 amnis

180 1286 307 1320 aquam
332 1271 502 1309 hauriret.
554 1273 666 1308 Porro
685 1287 763 1308 cum
782 1275 1011 1310 inscendisset
1027 1275 1172 1309 navicu-

181 1326 270 1363 lam,
297 1325 430 1369 impetu
455 1326 641 1369 detorquet
663 1338 681 1359 a
705 1325 781 1369 ripa
803 1326 838 1358 in
854 1326 1009 1359 medium
1028 1327 1172 1366 flumen,

181 1388 251 1421 quo
273 1388 354 1409 cum
377 1382 465 1409 esset
489 1383 648 1419 excepta,
675 1377 838 1409 secundis
862 1377 976 1409 ventis
994 1377 1030 1409 10
1046 1388 1171 1421 scopu-

180 1427 254 1460 lum
278 1426 443 1459 defertur.
499 1425 566 1459 Hic
589 1432 775 1471 postquam
800 1427 963 1471 impegit,
986 1428 1094 1461 fracta
1111 1434 1172 1465 est,

181 1485 214 1511 et
239 1477 422 1521 imperitus
445 1477 504 1509 ille
523 1476 715 1510 Nauclerus
740 1478 775 1509 in
801 1477 907 1510 undis
929 1478 1044 1522 periit.
1098 1477 1172 1511 Do-

182 1529 249 1562 luit
271 1528 444 1568 molitori,
470 1527 530 1560 ubi
552 1539 624 1560 rem
643 1527 801 1567 rescivit,
830 1528 981 1566 iactura,
1009 1536 1041 1562 et
1060 1528 1171 1573 pisca—

183 1586 294 1613 torem
311 1579 348 1611 in
363 1578 417 1611 ius
435 1584 545 1617 vocat,
572 1579 740 1611 damnum
757 1578 892 1611 dedisse
905 1586 1052 1619 accusat,
1077 1580 1170 1624 1111011

183 1630 257 1663 eius
281 1629 420 1672 navigio
445 1629 642 1662 iumentum
666 1636 824 1662 avectum
847 1629 902 1663 sit.
956 1628 1089 1663 Contra
1113 1630 1172 1662 ille

183 1682 306 1714 factam
332 1680 375 1712 ab
400 1680 498 1712 asino
517 1679 739 1723 pauperiem,
766 1691 872 1725 seque
887 1681 1057 1713 damnum
1076 1693 1171 1713 acce-

183 1732 274 1776 pisse
301 1731 488 1770 exclamat,
515 1731 609 1775 quod
637 1731 815 1773 navigium
839 1731 1013 1771 amiserit,
1044 1732 1079 1764 iu
1105 1731 1171 1763 ssu-

186 1794 264 1815 men
296 1782 339 1813 ab
369 1781 466 1814 asino
497 1781 699 1824 impulsum.
760 1780 936 1826 Utrinque
963 1783 1131 1815 acerrime
1154 1794 1172 1814 a

185 1832 410 1866 conductitiis
441 1832 575 1864 rabulis
606 1839 774 1865 certatum
806 1840 864 1867 est.
927 1832 1038 1866 ludici
1070 1845 1171 1866 cansa

186 1884 257 1916 visa
283 1890 331 1916 est
355 1883 568 1921 intricatior,
594 1895 698 1927 quam
716 1889 755 1916 ut
774 1883 912 1923 liceret,
940 1884 1171 1917 0011100501-

186 1935 229 1967 tis
262 1934 346 1966 iuris
376 1934 651 1976 professoribus,
694 1934 940 1977 pronunciare.
1001 1934 1170 1968 Deserunt

185 1986 227 2018 ad
258 1984 434 2025 legnlcios.
486 1983 550 2017 llis
581 1996 662 2016 vero
689 1985 866 2027 negotium
890 1986 1018 2018 mirum
1044 1986 1171 2019 factum

187 2043 255 2074 est,
289 2037 373 2068 dum
401 2047 463 2079 pro
490 2047 524 2068 sc
548 2035 696 2080 quisque
722 2036 901 2068 vindicare
927 2038 1063 2069 asinum
1088 2049 1174 2070 con-

187 2087 317 2124 tendit,
353 2086 607 2129 disputationes
638 2087 750 2119 varias
781 2086 978 2128 instruunt,
1014 2087 1174 2121 rixantur

187 2139 230 2169 dc
261 2137 358 2169 asino
389 2137 423 2168 in
455 2134 584 2169 scholis
616 2144 645 2169 01
678 2138 922 2170 conciliabulis
951 2131 1174 2183 pertinacius,

188 2188 332 2232 opinor,
369 2199 473 2232 quam
500 2188 656 2221 Graecus
689 2189 746 2221 illc
777 2189 818 2220 de
850 2189 939 2221 asini
965 2191 1108 2229 umbra,
1142 2197 1173 2223 et

189 2237 281 2271 haud
309 2238 397 2278 scio,
431 2251 474 2270 an
501 2239 660 2271 11011111110
685 2239 788 2272 etiam
814 2240 857 2271 de
879 2252 1013 2274 sumina
1040 2241 1087 2273 rei
1114 2241 1174 2273 de-

188 2289 372 2324 crs-verint.
425 2287 583 2321 Obsecro
609 2303 679 2322 non
707 2291 861 2323 insanire
888 2292 949 2324 tibi
977 2293 1176 2330 videantur,

189 2341 214 2372 si
234 2341 292 2384 qui
312 2340 396 2372 sein
416 2347 485 2373 tam
504 2341 651 2372 ridicula
666 2354 765 2374 cansa
782 2341 842 2374 11111
861 2344 1071 2387 torqueant?
1107 2342 1174 2374 Ve-

190 2403 266 2424 rum
281 2416 289 2428 ,
315 2389 402 2423 mibi
421 2392 539 2429 crede,
566 2391 711 2424 istorum
730 2392 985 2436 disputationes
1002 2393 1175 2428 sutiliores

190 2449 269 2474 511111
302 2439 365 2473 bac
398 2442 571 2474 molitoris
602 2443 839 2476 contentione.
907 2445 1048 2486 Quotus
1079 2444 1172 2477 enim

189 2493 338 2538 quisque
369 2493 411 2524 de
442 2493 690 2525 communibus
722 2495 825 2526 rebus
860 2495 1031 2534 civiliter,
1070 2502 1101 2528 et
1135 2507 1173 2527 ex

190 2543 368 2576 communi
401 2555 501 2576 sensu
528 2543 681 2576 iudicat?
737 2543 876 2583 Ingenia
904 2546 937 2579 111
963 2547 1078 2580 stultis
1102 2547 1175 2579 sor-

190 2594 421 2627 mnlariorum
442 2595 550 2627 literis
567 2596 842 2633 obbratuernnt,
870 2595 1000 2642 1115111ιο
1020 2599 1053 2630 111
1074 2595 1175 2631 scho-

192 2646 233 2677 lis
256 2651 287 2677 et
315 2646 390 2677 foro
415 2658 484 2677 non
508 2645 609 2677 aliter
626 2653 729 2690 atque
748 2655 825 2678 suas
842 2650 970 2691 epodas
990 2649 1084 2690 Magi
1103 2661 1173 2681 0011

192 2696 383 2729 intellectas
407 2703 597 2730 recensent.
660 2694 755 2729 Nihil
781 2695 836 2730 bic
861 2700 903 2730 de
926 2699 1174 2733 Grammaticis

895 118 1059 158 DECL.
1091 119 1166 158 DE
1200 120 1475 158 LEGIBUS.

1190 209 1194 289 Ι

2157 123 2213 162 84

1219 215 1252 244 et
1269 208 1466 254 puerilibus
1481 207 1616 248 erratis,
1639 207 1683 241 de
1696 207 1861 242 barbarie
1876 207 2052 243 sermonis
2067 219 2210 254 queror,

1219 272 1325 306 quam
1349 258 1624 305 praescriptione
1646 264 1808 301 tuentur,
1835 259 1960 294 iudicii
1975 259 2134 305 inopiam
2152 271 2212 294 ac-

1220 323 1320 352 cuso,
1345 322 1414 356 qua
1434 310 1490 351 fit,
1518 315 1558 343 ut
1575 320 1639 342 nec
1655 308 1710 343 ius
1728 321 1792 343 nec
1806 310 1859 343 fas
1874 310 1912 343 in
1929 311 2108 356 plerisque
2126 322 2212 345 cau-

1221 362 1267 396 sis
1288 367 1445 395 cernant.
1497 358 1678 394 Adversus
1701 372 1778 394 eam
1800 367 1954 406 pestem,
1982 361 2127 395 dicendi
2151 373 2210 395 ar-

1220 413 1309 446 tium
1331 413 1449 446 studio
1472 423 1571 445 mens
1593 410 1871 456 praemunienda
1892 419 1961 451 est,
1988 411 2135 457 perinde
2157 417 2213 446 at-

1221 475 1288 508 que
1309 464 1475 496 adversus
1492 461 1609 496 Circes
1627 473 1780 503 venena,
1807 461 1966 508 Ulyssem
1985 462 2081 508 moly
2101 459 2212 497 herba

1221 513 1422 548 Mercurius
1443 512 1670 558 praemuniit.
1723 512 1760 547 Si
1787 513 1872 558 qnid
1896 513 1984 547 iuris
2004 513 2212 557 interpretes

1222 565 1359 599 inscitia
1389 565 1571 598 literarum
1605 570 1811 608 peccarunt,
1853 570 2007 598 vestrum
2039 571 2108 605 est,
2150 575 2212 597 ve-

1222 623 1352 657 strum,
1390 616 1556 660 inquam,
1593 612 1877 648 honestissimam
1907 614 2125 659 provinciam
2155 626 2213 648 re-

1222 678 1388 711 purgare,
1417 673 1450 700 et
1474 665 1624 709 explosis
1647 665 1801 699 indoctis
1825 665 2088 699 commentariis
2107 677 2125 698 a
2141 664 2212 700 situ

1223 725 1256 751 et
1278 718 1441 762 squalore
1464 717 1555 760 leges
1579 717 1757 757 adserere,
1784 723 1817 750 et
1839 727 2006 759 germano
2030 716 2138 750 nitori
2154 727 2213 750 re-

1221 768 1376 802 stituere.
1429 766 1467 800 Id
1486 765 1676 801 humanius
1693 774 1760 806 est,
1784 779 1888 813 quam
1908 767 2000 811 leges
2015 767 2106 812 ipsas
2124 778 2213 801 neu-

1223 819 1356 864 tiquam
1374 818 1465 851 male
1483 818 1625 852 meritas
1640 819 1683 852 de
1699 818 1822 859 nobis,
1849 818 2050 853 obliterare.

1328 917 1396 953 Sed
1410 919 1517 953 audio
1527 919 1632 952 etiam
1647 919 1691 952 de
1702 918 1938 963 professorum
1950 919 2108 953 moribus
2121 929 2215 952 non-

1224 969 1341 1003 nullos
1369 970 1481 1014 queri.
1532 969 1694 1003 Primum
1724 970 1876 1013 optarim
1902 967 1968 1003 hos
1991 981 2152 1004 censores
2175 969 2214 1002 in

1223 1021 1294 1054 suis
1314 1020 1408 1054 vitiis
1425 1020 1673 1060 emendandis,
1698 1020 1782 1053 nolo
1800 1020 1894 1053 enim
1909 1032 2003 1054 nunc
2020 1021 2214 1066 quidquam

1224 1072 1383 1105 acerbius
1404 1072 1538 1113 dicere,
1563 1078 1632 1104 tam
1654 1083 1725 1104 esse
1743 1083 1857 1112 acres,
1884 1083 1989 1116 quam
2005 1077 2087 1105 sunt
2103 1071 2141 1104 in
2158 1081 2216 1104 re-

1224 1120 1485 1167 prehendendis
1515 1122 1640 1156 alienis
1671 1122 1813 1156 oculati.
1873 1120 2011 1155 Deinde
2035 1134 2115 1155 cnm
2143 1121 2216 1156 sint

1224 1173 1262 1206 in
1287 1171 1353 1207 hoc
1378 1173 1503 1207 ordine
1526 1173 1684 1218 plerique
1701 1173 1785 1205 boni
1804 1172 1891 1213 viri,
1916 1172 2078 1218 iniquum
2096 1178 2148 1206 est
2164 1172 2216 1206 le-

1225 1224 1327 1267 gibus
1347 1224 1538 1269 imputare,
1565 1224 1593 1257 si
1610 1224 1695 1269 quid
1715 1224 1878 1257 adferunt
1894 1223 1970 1257 vitii
1988 1223 2217 1268 professores·

1229 1275 1300 1308 lam
1327 1287 1390 1319 ego
1416 1276 1461 1309 ob
1485 1273 1575 1308 hanc
1598 1287 1737 1308 causam
1763 1274 1984 1308 doctissimos
2009 1282 2042 1308 et
2063 1273 2217 1319 optimos

1225 1338 1383 1371 quosque
1407 1326 1511 1370 cupio
1535 1326 1669 1368 legibus
1693 1325 1868 1359 discendis
1885 1337 2028 1369 operam
2046 1326 2148 1363 dare,
2176 1330 2217 1358 ut

1225 1376 1373 1409 extrusis
1397 1377 1652 1410 veteratoribus
1669 1384 1701 1409 et
1717 1373 1943 1420 sycophantis
1959 1376 2050 1415 illis,
2076 1374 2218 1416 iudicia,

1226 1427 1412 1472 forumque
1427 1428 1571 1460 redeant
1589 1427 1779 1471 aliquando
1796 1427 1832 1459 in
1848 1427 2024 1460 bonorum
2040 1438 2079 1459 ac
2095 1427 2218 1460 docto-

1225 1490 1303 1510 rum
1328 1478 1486 1510 virorum
1514 1484 1731 1521 potestatem.
1786 1476 1896 1510 Modo
1915 1489 1969 1510 res
1986 1477 2143 1510 iudicant
2160 1476 2218 1510 in-

1226 1528 1319 1561 docti
1343 1529 1433 1567 sere,
1468 1529 1527 1573 qui
1555 1540 1598 1561 ne
1622 1526 1713 1560 nihil
1736 1527 1892 1570 sapiant,
1923 1539 2034 1561 unum
2060 1527 2216 1573 aliquem

1226 1591 1265 1611 ex
1289 1579 1493 1619 vulgaribus
1518 1578 1740 1623 pragmaticis
1764 1578 1799 1610 in
1824 1578 2010 1611 consilium
2034 1575 2217 1619 adhibent,

1227 1630 1263 1661 in
1291 1630 1420 1674 1111111115
1452 1636 1489 1662 ut
1522 1629 1670 1674 quisque
1699 1636 1749 1662 est
1780 1629 2059 1669 indoctissimus,
2095 1629 2141 1662 ita
2166 1635 2218 1663 est

1226 1680 1478 1713 audacissimus
1499 1687 1531 1713 et
1556 1680 1801 1725 nequissimus.
1855 1679 1971 1713 Huius
1988 1680 2219 1714 ’1111001000-

1227 1731 1286 1768 lis,
1316 1728 1420 1763 huius
1449 1731 1599 1764 andiunt
1624 1731 1768 1763 auribus
1795 1731 1922 1776 reliqui
1946 1743 2084 1771 omnes,
2120 1731 2216 1776 quod

1226 1779 1284 1814 bic
1316 1781 1520 1818 somniarit,
1564 1781 1690 1826 reliqui
1723 1782 1933 1815 decernunt:
1976 1782 2057 1821 Ait,
2097 1781 2214 1816 aiunt:

1227 1832 1354 1875 Negat,
1379 1839 1518 1874 negant.
1569 1830 1692 1876 Capita
1715 1839 1797 1865 sunt
1814 1832 1888 1864 sine
1907 1832 2054 1875 linguis,
2078 1831 2132 1865 ius
2148 1831 2217 1876 ipsi

1227 1894 1257 1916 ct
1276 1883 1347 1915 vim
1367 1882 1552 1928 aequitatis
1570 1883 1742 1924 ignorant.
1791 1882 1977 1925 Leguleius
1992 1883 2051 1916 illa
2071 1882 2218 1916 naribus

1227 1946 1348 1967 omnes
1378 1941 1544 1979 tanquam
1578 1934 1731 1966 bubulos
1761 1931 1880 1968 trahit.
1934 1932 1975 1967 111
2000 1941 2097 1967 tanto
2122 1933 2216 1967 indi-

1227 1997 1305 2018 cum
1325 1992 1467 2018 veterno
1480 2012 1488 2024 ,
1517 1984 1676 2028 irrepunt
1695 1985 1729 2017 111
1751 1985 1865 2017 sorum
1886 1990 1916 2017 et
1936 1984 2142 2017 vanissimae
2159 1995 2217 2017 ra-

1228 2036 1330 2068 bulae
1358 2048 1476 2069 causas
1501 2036 1632 2074 acturi,
1658 2036 1736 2080 qni,
1763 2035 1906 2080 quando
1930 2034 1958 2067 is
1983 2041 2147 2079 quaestus
2166 2041 2217 2069 est

1228 2087 1444 2125 uberrimus,
1470 2099 1507 2119 ex
1532 2087 1653 2119 litibus
1673 2086 1750 2119 lites
1767 2092 1905 2123 serunt,
1933 2085 2075 2119 clientes
2092 2085 2218 2128 deglu-

1229 2139 1337 2175 1111111,
1370 2137 1525 2181 1105111111.
1549 2137 1820 2181 depeculantur.
1856 2137 2036 2170 indoctum
2065 2137 2216 2170 iudicem

1229 2189 1330 2221 nox-is
1353 2189 1503 2223 subinde
1527 2185 1661 2221 technis
1686 2188 1921 2222 ludificantur.
1975 2187 2053 2221 Non
2074 2199 2217 2231 possum

1229 2240 1353 2272 adami
1378 2247 1413 2273 ut
1438 2240 1594 2276 credam,
1619 2236 1769 2272 ,tntu-uis
1792 2251 1948 2283 unquam
1972 2236 2217 2284 sycophantas,

1229 2291 1287 2336 qni
1321 2291 1368 2323 sic
1398 2291 1627 2329 dicebantur,
1661 2290 1752 2323 ullos
1774 2290 1902 2322 nostris
1927 2289 2216 2337 impudentiores,

1230 2342 1460 2386 nequioresve
1484 2341 1599 2376 fuisse.
1654 2340 1777 2375 Ausim
1800 2348 1830 2374 01
1853 2337 1937 2373 baec
1955 2341 2039 2374 vitia
2057 2339 2216 2374 inscitiae

1229 2393 1441 2434 elegantium
1466 2393 1645 2426 literarum
1672 2393 1863 2435 imputare,
1887 2403 2036 2437 quarum
2056 2391 2115 2437 11111
2133 2397 2216 2425 sunt

1230 2445 1400 2488 imperiti.
1426 2444 1541 2477 nescio
1560 2444 1688 2488 quibus
1706 2443 1840 2476 artibus
1858 2443 1899 2475 ad
1919 2440 2136 2475 honestatem
2152 2442 2215 2475 sse-

1228 2496 1271 2529 cti
1296 2496 1448 2539 possint,
1473 2496 1616 2540 quando
1640 2495 1710 2527 vim
1735 2494 1893 2532 virtutis,
1920 2493 2037 2526 nullae
2058 2493 2148 2526 aliae
2171 2492 2215 2526 11-

1228 2553 1320 2579 terae
1344 2547 1491 2590 perinde
1516 2545 1627 2578 111-11Ιί5
1647 2545 1775 2579 nostris
1792 2544 1990 2583 subiecere,
2016 2551 2119 2589 atque
2138 2540 2216 2581 hae.

1227 2611 1315 2642 quae
1333 2596 1560 2630 lunoaniores
1576 2597 1766 2630 rectissime.
1782 2602 1963 2629 vocantur.
2019 2593 2059 2628 Et
2080 2608 2158 2628 cnm
2172 2606 2217 2628 ne

1229 2649 1317 2690 leges
1342 2650 1482 2694 quidem
1511 2649 1601 2692 ipsas
1625 2650 1796 2690 attingant
1817 2646 1899 2685 isti.
1926 2653 2060 2680 tantum
2081 2658 2120 2679 ex
2138 2657 2217 2679 ver-

1227 2706 1386 2734 sutorum
1408 2701 1629 2745 ‹piorundam
1651 2698 1812 2733 formulis
1830 2697 1981 2742 sapiant,
2010 2710 2054 2731 ne
2071 2703 2216 2742 possunt
