2338 2958
191 143 264 181 519

200 240 422 276 nequaquam
446 238 465 260 a
490 236 524 258 se
544 223 636 257 male
657 221 821 256 faciendo
848 220 978 255 minui:
1005 221 1065 254 sed
1093 219 1195 255 iustis

202 282 245 315 de
263 280 375 314 causis
399 275 518 319 augeri
542 281 576 308 et
591 273 711 307 ornari
727 272 920 317 plurimum
933 299 942 313 ‚
970 278 1074 316 atque
1096 272 1195 305 omni

203 331 320 365 studio
350 326 491 362 defendi
523 324 702 370 publicam
732 335 850 368 pacem
877 323 919 355 ad
954 322 1194 355 defensionem

204 380 343 425 imperii
364 376 518 412 Romani
536 374 776 409 necessariam.
828 372 922 406 Tum
940 373 1044 407 etiam
1062 384 1195 417 nequa-

206 443 310 477 quam
333 427 624 462 committendum
649 437 742 466 esse,
767 430 825 462 ut,
852 423 913 468 qui
934 435 1013 457 suas
1036 423 1196 457 fortunas

206 481 315 524 ipsius
334 479 414 512 fidei
438 477 696 522 permisissent,
717 476 762 509 ab
780 473 993 519 Imperatore
1011 486 1074 518 per
1093 474 1196 508 fidem

207 529 435 565 circumventi
456 528 668 562 dicerentur.

311 580 424 613 Venio
442 580 484 612 ad
503 577 685 611 historiam
709 588 825 609 rerum
846 574 1067 613 Italicarum,
1094 586 1198 620 quam

208 630 324 665 hocin
342 632 417 663 loco
433 629 584 662 maxime
601 634 788 661 statueram
806 637 989 669 exponere.
1043 624 1120 658 IIoc
1129 623 1198 657 Ot—

209 689 291 716 tone
308 681 540 725 Imperatore,
565 677 758 711 Ecclesiam
774 677 932 709 moribus
948 676 1140 719 improbis,
1167 681 1201 708 et

209 734 302 767 vitae
330 730 551 776 turpitudine
585 728 776 772 plurimum
815 726 1033 759 deformabat
1064 725 1200 759 Romae

210 781 428 817 Octavianus
444 780 609 825 pontifex.
663 776 750 811 Erat
772 774 878 810 homo
894 777 1034 810 deditus
1051 775 1149 809 luxui
1168 781 1201 808 et

209 834 322 875 aleae,
344 833 508 877 quodque
522 828 689 873 consequi
704 839 843 861 necesse
852 827 937 868 fuit,
956 838 1084 870 ganeo,
1106 838 1198 860 scor—

209 891 323 925 tator,
350 883 533 927 periurus,
559 877 796 923 blasphemus-
853 876 1054 910 Damnabat
1079 876 1202 910 coniu-

211 935 306 978 gium
329 934 366 966 in
397 931 658 970 sacerdotibus,
686 940 774 974 quos
806 928 977 972 comperit
1006 938 1202 972 repugnare

211 997 294 1019 suae
323 983 487 1023 libidini,
522 979 578 1014 liis
608 980 812 1023 regionibus
845 985 879 1012 et
899 978 999 1012 omni
1020 977 1120 1011 ltalia
1146 978 1202 1010 in-

212 1034 368 1070 terdixit.
422 1033 582 1066 Fuerunt
604 1038 720 1065 autem
745 1037 820 1064 tum
838 1030 928 1063 forte
946 1041 985 1062 ex
1001 1027 1203 1062 Cardinali-

212 1086 278 1119 bus
297 1086 367 1118 duo
377 1083 531 1124 Romae,
557 1093 646 1127 quos
661 1081 716 1114 vel
732 1080 901 1123 grandior
911 1085 1021 1118 aetas,
1047 1080 1102 1113 vel
1119 1090 1204 1112 con-

213 1136 359 1170 scientia
378 1135 481 1168 etiam
504 1133 691 1166 meliorum
710 1131 940 1171 admonebat,
966 1130 1027 1174 qui
1044 1130 1204 1163 serebant

214 1186 367 1230 graviter
396 1183 487 1217 hanc
512 1183 657 1227 Epicuri
681 1181 789 1215 vitam
818 1181 856 1213 in
884 1181 1069 1224 pontifice,
1104 1180 1203 1214 cuius

215 1236 402 1270 amentiam
419 1247 498 1267 cum
511 1231 579 1266 hoc
594 1232 734 1274 longius
748 1231 913 1274 progredi
928 1231 1107 1270 viderent,
1133 1241 1203 1273 quo

214 1287 351 1330 saepius
379 1286 646 1321 admoneretur,
679 1287 712 1314 et
732 1279 871 1314 ltaliam
895 1279 1028 1324 alioqui
1054 1280 1205 1323 graviter

215 1347 355 1382 quoque
385 1335 497 1380 premi
528 1331 716 1379 tyrannide
739 1329 926 1373 Berngarii
959 1330 1071 1371 tertii,
1105 1329 1205 1363 ducis

213 1386 549 1429 Longobardorum,
587 1383 680 1427 quod
711 1392 874 1424 maguam
902 1387 1036 1424 partem
1073 1380 1204 1421 ltaliae,

214 1436 307 1471 nibil
328 1437 369 1469 ad
389 1447 467 1469 suas
485 1433 718 1480 possessiones
738 1431 991 1476 pertinentem,
1018 1432 1204 1474 redegisset

214 1489 253 1521 in
268 1486 485 1532 provinciam
496 1513 505 1527 ‚
532 1491 635 1529 atque
652 1489 794 1527 propter
811 1493 885 1514 eam
901 1482 1093 1525 potentiani
1106 1481 1205 1514 Heu-

215 1539 327 1572 ticum
352 1539 476 1571 ducem
501 1535 670 1570 Bavariae
697 1534 734 1566 in
765 1532 903 1566 ltaliam
933 1532 975 1565 ad
1001 1532 1204 1575 pellendum

213 1588 426 1632 Berngarios
452 1593 634 1625 vocatum,
662 1583 762 1617 ltalia
786 1582 953 1616 decedere
979 1589 1084 1626 atque
1108 1593 1206 1615 exer-

215 1640 323 1674 citum
341 1639 513 1672 deducere
529 1635 714 1678 coegisset:
740 1639 937 1667 statuerunt
955 1632 1124 1666 auxilium
1144 1643 1206 1675 per

214 1691 333 1724 literas
358 1689 524 1722 adversus
545 1684 780 1728 Berngarium
806 1690 840 1717 et
856 1683 1055 1726 pontificem
1077 1683 1120 1716 ab
1137 1680 1206 1715 Ot-

215 1748 298 1776 tone
315 1739 528 1782 Imperatore
551 1736 815 1780 implorandum
839 1745 929 1774 esse,
964 1734 1023 1777 qui
1052 1733 1120 1765 iam
1144 1733 1206 1764 ad—

215 1802 335 1824 versus
347 1787 540 1829 Boliemos,
568 1786 745 1829 Uiigaros,
773 1784 945 1822 Bavares,
970 1784 1110 1823 Gallos,
1135 1781 1207 1816 Da—

216 1853 302 1881 nos,
331 1839 510 1873 Vandalus
541 1843 690 1882 gesserat
720 1836 829 1874 bella,
864 1846 1015 1879 quorum
1042 1840 1136 1867 tanta
1163 1834 1204 1866 ad

214 1891 398 1926 Romanos
425 1890 556 1933 perlata
577 1889 691 1922 suerat
714 1886 854 1931 opinio,
880 1892 919 1919 ut
938 1885 1082 1917 nomine
1100 1883 1207 1918 Otto-

215 1942 271 1975 nis
296 1941 436 1975 venturi
469 1947 615 1984 uterque
652 1937 908 1983 propemodum
940 1934 1154 1978 Berngarius
1175 1942 1207 1968 et

215 1992 378 2026 Pontifex
402 1991 445 2025 ab
476 1991 637 2024 instituto
668 1988 816 2022 consilio
847 1987 1017 2021 deterreri
1043 1986 1208 2030 potuerit.

217 2043 336 2085 Quare
351 2041 612 2075 communicato
639 2051 717 2072 cum
736 2037 962 2081 Principibus
985 2036 1118 2081 aliquot
1140 2035 1208 2068 lta-

218 2083 283 2127 liae
299 2093 463 2132 consilio,
492 2091 601 2124 literis
616 2088 942 2132 rogantOttonem‚
970 2087 1019 2119 uti
1039 2086 1207 2120 auxilium

219 2145 305 2177 ferat
323 2142 495 2177 laboranti
513 2139 687 2175 Ecclesiae
716 2146 748 2172 et
767 2149 950 2183 oppressae
965 2136 1208 2181 Reipublicae.

218 2193 379 2228 Cot÷rccri
400 2206 416 2226 a
436 2191 695 2235 magistratibus
718 2188 930 2232 Berngarios
952 2195 984 2221 et
1002 2187 1207 2221 Pontificem

219 2258 290 2277 iion
320 2256 429 2289 posse.
493 2242 719 2285 Quinetiam,
762 2241 855 2286 quod
881 2239 1108 2272 necessariam
1136 2251 1206 2272 reni

220 2295 441 2329 enunciarint
463 2292 689 2337 Imperatori,
724 2291 920 2334 intelligere
942 2302 995 2329 se,
1022 2296 1154 2334 quanto
1174 2289 1206 2321 iil

219 2358 298 2379 cum
312 2345 466 2389 periculo
483 2344 661 2383 fecissent,
689 2349 721 2377 et
738 2343 784 2375 ob
804 2354 879 2375 eam
898 2353 1054 2381 causam,
1085 2352 1208 2386 quam-

219 2397 281 2430 diu
298 2397 495 2440 potuerint,
522 2395 680 2428 tacuisse.

323 2446 493 2480 Qttonem
511 2458 589 2480 cum
607 2444 739 2477 multae
757 2453 811 2475 res
827 2439 1072 2481 hortarentur,
1101 2452 1208 2486 quare.

220 2497 285 2532 sibi
306 2509 379 2530 eam
398 2510 470 2530 rein
488 2497 708 2537 cogitandam
733 2501 765 2527 et
783 2493 1040 2537 suscipiendam
1060 2498 1208 2535 putaret,

219 2549 255 2581 in
274 2548 412 2592 primis,
439 2550 530 2592 quod
545 2545 755 2585 Ecclesiam,
784 2556 888 2589 quani
907 2543 959 2576 sui
977 2541 1065 2576 nibil
1084 2543 1207 2586 deper-

218 2600 301 2633 dere
329 2599 458 2637 voluit,
494 2610 562 2631 non
588 2598 705 2629 abesse
735 2608 752 2629 a
783 2594 938 2639 periculo
967 2595 1208 2632 arbitraretur,

217 2650 382 2683 omnibus
401 2650 504 2682 rebus
527 2649 568 2680 ad
595 2648 725 2679 bellum
749 2645 979 2689 comparatis,
1006 2644 1206 2680 exercitum,

217 2713 320 2745 quarn
341 2707 452 2745 potest
470 2698 672 2734 maximum.
694 2704 790 2730 curat
806 2696 996 2729 conscribi:
1025 2703 1058 2730 et
1078 2694 1206 2729 coactis

681 134 847 172 DECL.
877 132 951 170 DE
978 130 1378 170 IMPERATORE
1417 131 1666 169 OTTONE
1700 134 1729 171 1.

2153 137 2230 175 520

1246 218 1401 254 militum
1416 218 1672 264 quinquaginta
1682 220 1844 261 milibus,
1864 234 1933 267 qua
1945 222 2146 267 proximum
2163 231 2237 258 erat

1247 271 1332 308 iter,
1369 270 1406 302 in
1438 269 1573 303 ltaliam
1603 271 1797 306 contendit.
1854 271 1933 306 Huc
1963 286 2042 307 cum
2075 273 2238 315 venisset,

1247 321 1368 354 statuit
1391 320 1545 364 primum
1569 332 1648 353 cnm
1672 319 1874 363 Berngariis
1898 325 2031 366 praelio
2049 326 2238 364 decertare,

1249 383 1337 416 quos
1367 382 1445 404 cum
1474 371 1659 415 reperisset
1692 371 1833 415 oppidis
1865 375 2122 416 se.continere,
2165 387 2237 408 non

1249 422 1401 455 facturos
1430 422 1485 455 sui
1513 427 1717 465 potestatem
1739 421 1968 471 Imperatori,
2000 426 2109 469 captis
2135 426 2239 469 oppi-

1251 472 1304 505 dis
1315 499 1324 512 ‚
1352 472 1501 515 imperat
1524 470 1759 516 Berugariuni
1777 471 1877 506 Italia
1892 474 2056 508 decedere
2071 488 2149 509 cum
2165 476 2238 509 filio

1251 521 1412 556 Alberto.

1352 572 1469 606 Pulsis
1503 572 1602 606 Italia
1627 571 1828 616 Berngariis
1857 581 1949 608 recta
1983 586 2061 608 cum
2089 577 2239 610 exercitu

1252 622 1405 658 Romam
1432 624 1632 663 contendit,
1666 624 1709 656 de
1731 625 1837 657 rebus
1852 622 2028 658 Ecclesiae
2047 626 2240 660 collocutu-

1254 685 1314 707 rus
1332 686 1410 707 cum
1427 673 1596 707 Pontifice
1613 672 1817 717 Imperator.
1857 674 1946 716 Ubi,
1971 688 2050 709 cum
2065 677 2238 721 praesidia

1254 725 1394 767 disponi
1420 731 1591 763 curasset,
1620 736 1690 769 quo
1715 725 1869 765 facilius,
1901 725 1930 759 si
1962 726 2046 770 quid
2077 727 2244 760 adversus

1254 774 1500 818 imperatorem
1518 781 1705 808 conaretur
1720 777 1875 819 pontifex
1887 803 1895 816 ‚
1919 774 2100 820 prohiberi
2118 784 2244 821 posset,

1255 832 1386 857 secreto
1411 837 1488 858 cum
1508 824 1677 858 Pontifice
1698 826 1931 871 colloquitur,
1965 827 2071 861 simul
2088 840 2244 861 commo-

1255 875 1401 915 nefacit,
1429 887 1517 919 quae
1532 888 1572 908 ex
1591 876 1766 909 bonorum
1782 877 1940 910 virorum
1963 878 2074 911 literis
2088 879 2131 911 de
2143 877 2245 920 flagi-

1256 925 1313 960 tiis
1330 924 1511 959 Pontificis
1528 926 1766 969 cognovisset,
1793 934 1826 961 et
1850 940 1938 972 quae
1957 929 2070 971 palam
2098 929 2245 973 quisque

1256 977 1298 1009 de
1322 988 1363 1009 eo
1390 977 1482 1020 apud
1508 987 1543 1008 se
1565 976 1720 1010 dixisset.
1774 976 1931 1010 Primum
1952 979 2103 1021 benigne
2127 979 2246 1023 appel-

1258 1027 1364 1060 lando
1382 1033 1480 1069 rogat
1498 1023 1696 1067 hominem,
1719 1027 1770 1060 uti
1797 1025 1973 1061 Ecclesiae
1988 1036 2196 1062 ornamento
2213 1036 2246 1062 et

1257 1077 1432 1122 praesidio
1453 1089 1526 1110 esse
1545 1077 1648 1118 velit,
1674 1089 1748 1110 nou
1765 1078 1977 1112 detrimento
1993 1079 2049 1112 vel
2069 1079 2248 1120 dedecori,

1257 1128 1494 1172 cogitaretque
1513 1127 1604 1161 vitae
1620 1129 1887 1162 sanctimoniam
1903 1130 2024 1163 decere
2039 1128 2248 1163 Pontificem

1257 1190 1336 1211 cuni
1359 1178 1529 1221 religione
1555 1190 1638 1222 prae
1664 1189 1698 1211 se
1715 1179 1816 1214 ferre.
1869 1178 2069 1220 Postremo,
2095 1192 2174 1214 cum
2191 1192 2248 1214 re—

1258 1228 1388 1271 periret
1411 1239 1472 1260 sua
1494 1229 1737 1262 admonitione
1761 1241 1833 1263 non
1856 1230 1962 1270 effici,
1989 1237 2029 1264 ut
2052 1231 2095 1264 ad
2117 1230 2249 1264 sanita-

1258 1286 1325 1312 tem
1352 1284 1588 1312 reverteretur
1611 1278 1724 1322 Papa,
1758 1280 1930 1319 ostendit,
1964 1281 1992 1313 si
2017 1292 2090 1315 non
2117 1287 2248 1326 pareat,

1258 1340 1293 1361 se
1308 1327 1484 1362 Ecclesiae
1500 1328 1646 1363 iniurias
1671 1341 1744 1362 non
1774 1341 1846 1363 esse
1869 1331 2122 1374 neglecturum.
2175 1330 2248 1365 Im-

1260 1386 1356 1423 perat
1372 1379 1488 1423 itaque
1502 1379 1539 1412 in
1560 1380 1652 1413 diem
1671 1387 1804 1414 certum
1821 1381 2010 1415 concilium
2030 1381 2160 1418 indici,
2185 1393 2249 1414 vo-

1259 1430 1343 1462 catis
1366 1431 1407 1462 ad
1432 1427 1498 1463 boe
1520 1430 1686 1464 omnibus
1709 1431 1900 1474 episcopis,
1927 1442 2015 1475 quos
2037 1432 2192 1474 integros
2216 1436 2249 1464 et

1259 1481 1372 1511 bonos
1398 1489 1470 1511 esse
1500 1478 1648 1518 sciebat,
1682 1485 1722 1512 ut
1744 1476 1871 1512 borum
1897 1480 2036 1514 decreto
2067 1487 2251 1524 cogeretur

1259 1536 1350 1563 stare
1370 1527 1545 1563 Pontifex.
1601 1527 1666 1562 Die
1683 1530 1824 1563 concilii
1842 1531 2050 1572 constituto,
2086 1529 2250 1566 Pontifex

1260 1591 1394 1612 memor
1424 1580 1558 1623 adagii,
1597 1581 1691 1625 quod
1725 1587 1790 1621 est,
1817 1580 2012 1625 Vulpinam
2038 1581 2166 1626 pellem
2194 1592 2250 1615 as—

1260 1630 1428 1663 suendam
1444 1641 1535 1671 esse,
1560 1630 1589 1662 si
1605 1631 1746 1663 leonina
1764 1643 1837 1663 non
1854 1632 2002 1670 sufficit,
2026 1639 2132 1666 noctu
2151 1643 2251 1676 prae-

1260 1687 1312 1713 ter
1326 1679 1485 1713 omnium
1504 1680 1709 1724 opinionem
1728 1681 1894 1722 elabitur,
1923 1681 2096 1727 latuitque
2110 1681 2251 1715 inller-

1261 1731 1358 1770 inicis,
1380 1730 1511 1763 bellum
1523 1731 1714 1776 aliquando
1730 1732 1782 1765 sui
1797 1732 2007 1765 defendendi
2023 1744 2124 1766 causa
2138 1734 2251 1766 factu-

1261 1793 1320 1814 rus
1340 1780 1556 1824 Imperatori.
1617 1781 1688 1814 Ter
1707 1790 1823 1815 autem
1848 1784 1890 1815 ad
1908 1782 2093 1828 Synodum
2111 1783 2252 1827 publice

1262 1839 1403 1864 vocatus
1415 1858 1424 1872 ,
1447 1844 1519 1864 non
1537 1831 1655 1876 paruit
1670 1833 1801 1873 edicto,
1826 1845 1888 1866 nec
1903 1834 1999 1867 abest
2016 1833 2188 1877 suspicio,
2212 1840 2251 1867 ut

1261 1883 1403 1927 quidem
1436 1882 1671 1923 arbitrantur,
1712 1883 1798 1929 quin
1827 1884 1891 1917 sub
1922 1884 2014 1917 idem
2043 1890 2180 1929 tempus
2213 1883 2250 1917 in

1261 1932 1435 1966 adulterio
1452 1931 1707 1977 deprehensus,
1734 1934 1778 1968 sit
1798 1935 2012 1970 interfectus,

1365 1982 1559 2027 Imperator
1576 1984 1694 2028 itaque
1713 1997 1791 2018 cum
1810 1985 2103 2019 animadverteret
2122 1984 2251 2028 negligi

1262 2034 1485 2067 autoritatem
1511 2035 1652 2067 concilii
1678 2047 1696 2067 a
1715 2034 1885 2068 Pontifice
1909 2037 2076 2079 profugo,
2103 2047 2192 2080 quae
2213 2035 2250 2068 in

1263 2084 1425 2128 pontifice
1455 2082 1707 2128 reprehendat,
1750 2098 1865 2119 coram
1903 2086 2053 2119 concilio
2087 2085 2251 2125 ostendit,

1262 2147 1351 2180 quae
1378 2135 1450 2178 ipse
1476 2135 1663 2179 intelligat,
1692 2148 1780 2180 quac
1805 2136 1863 2168 alii
1883 2143 2094 2181 querantur,
2120 2148 2253 2181 propo-

1263 2186 1334 2226 nit,
1362 2186 1534 2231 esficitque
1555 2194 1594 2221 ut
1617 2199 1635 2219 e
1660 2187 1840 2220 communi
1863 2199 2035 2221 consensu
2059 2198 2172 2221 novus
2187 2187 2252 2221 de-

1262 2238 1414 2270 claretur
1444 2237 1598 2281 pontifex
1626 2236 1698 2270 Leo
1729 2236 1897 2272 Octavus.
1967 2237 2038 2271 lam
2070 2237 2252 2271 Poiitificis

1262 2287 1412 2320 amentia
1430 2288 1581 2327 sublata,
1607 2288 1701 2331 cupit
1719 2295 1751 2321 et
1767 2289 1802 2321 in
1822 2289 1967 2334 reliquis
1984 2289 2252 2323 difficultatibus

1261 2338 1420 2372 subsidio
1445 2350 1517 2371 esse
1543 2336 1728 2372 Ecclesiae.
1787 2339 1925 2382 Quare,
1960 2347 2044 2373 utet
2062 2339 2251 2384 possessio—

1263 2390 1368 2422 nibus
1395 2389 1551 2428 iniustis,
1579 2402 1705 2433 opera,
1734 2402 1836 2434 quem
1863 2391 1988 2424 fecerat
2007 2389 2187 2424 Pontificis
2206 2389 2249 2422 li-

1261 2441 1397 2473 beraret
1415 2439 1626 2477 Ecclesiam,
1656 2440 1848 2484 plurimum
1871 2441 2016 2474 avaritia
2039 2440 2248 2474 Pontificum

1262 2497 1460 2530 oneratam,
1494 2498 1525 2524 et
1552 2491 1586 2523 iii
1614 2492 1788 2536 reliquum
1817 2498 1954 2536 tempus
1982 2491 2092 2524 multo
2115 2491 2248 2523 maiora

1260 2543 1300 2575 ad
1327 2542 1571 2574 illustrandam
1605 2542 1751 2584 gloriam
1776 2539 1906 2575 Clu-isti
1937 2542 2095 2575 conferre
2124 2548 2250 2585 posset,

1259 2594 1314 2625 ‹lat
1341 2604 1501 2636 operam,
1529 2599 1584 2631 ut,
1617 2593 1819 2637 priusquam
1843 2593 1996 2625 discedat
2024 2605 2042 2625 a
2070 2591 2250 2633 pontifice,

1259 2643 1468 2676 donationes
1500 2641 1752 2687 lmperiorum,
1793 2655 1878 2687 quas
1909 2643 2114 2676 fabulantur
2144 2643 2250 2676 factas

1258 2693 1370 2738 Papae
1389 2693 1566 2739 sylvestro
1584 2695 1627 2728 ab
1647 2693 1859 2737 lmpvratore
1869 2693 2105 2728 Constantino
2123 2692 2249 2727 aPon-

2323 681 2326 726 l

2324 732 2326 759 ι

2322 761 2325 818 ἒ
