<?xml version="1.0" encoding="UTF-8"?>
<!DOCTYPE html PUBLIC "-//W3C//DTD XHTML 1.0 Transitional//EN"
    "http://www.w3.org/TR/xhtml1/DTD/xhtml1-transitional.dtd">
<html xmlns="http://www.w3.org/1999/xhtml" xml:lang="en" lang="en">
 <head>
  <title>
</title>
<meta http-equiv="Content-Type" content="text/html;charset=utf-8" />
  <meta name='ocr-system' content='tesseract 3.04.00' />
  <meta name='ocr-capabilities' content='ocr_page ocr_carea ocr_par ocr_line ocrx_word'/>
</head>
<body>
  <div class='ocr_page' id='page_1' title='image "./operaquaesupersu11melauoft/operaquaesupersu11melauoft_0222.png"; bbox 0 0 2338 2958; ppageno 0'>
   <div class='ocr_carea' id='block_1_1' title="bbox 162 138 236 174">
    <p class='ocr_par' dir='ltr' id='par_1_1' title="bbox 162 138 236 174">
     <span class='ocr_line' id='line_1_1' title="bbox 162 138 236 174; baseline -0.041 0"><span class='ocrx_word' id='word_1_1' title='bbox 162 138 236 174; x_wconf 75' lang='lat'>427</span> 
     </span>
    </p>
   </div>
   <div class='ocr_carea' id='block_1_2' title="bbox 164 210 1171 2741">
    <p class='ocr_par' dir='ltr' id='par_1_2' title="bbox 164 210 1171 2741">
     <span class='ocr_line' id='line_1_2' title="bbox 164 210 1150 260; baseline -0.019 -2"><span class='ocrx_word' id='word_1_2' title='bbox 164 221 288 258; x_wconf 75' lang='lat' dir='ltr'>Lazari</span> <span class='ocrx_word' id='word_1_3' title='bbox 321 225 418 254; x_wconf 86' lang='lat' dir='ltr'>erant</span> <span class='ocrx_word' id='word_1_4' title='bbox 442 214 620 260; x_wconf 63' lang='lat' dir='ltr'>Apostoli,</span> <span class='ocrx_word' id='word_1_5' title='bbox 655 222 742 256; x_wconf 91' lang='lat' dir='ltr'>quos</span> <span class='ocrx_word' id='word_1_6' title='bbox 773 216 846 243; x_wconf 84' lang='lat' dir='ltr'>toto</span> <span class='ocrx_word' id='word_1_7' title='bbox 869 210 954 242; x_wconf 87' lang='lat' dir='ltr'>orbe</span> <span class='ocrx_word' id='word_1_8' title='bbox 978 216 1150 242; x_wconf 88' lang='lat' dir='ltr'>terrarum</span> 
     </span>
     <span class='ocr_line' id='line_1_3' title="bbox 167 258 1151 315; baseline -0.018 -6"><span class='ocrx_word' id='word_1_9' title='bbox 167 284 289 309; x_wconf 86' lang='lat' dir='ltr'>omnes</span> <span class='ocrx_word' id='word_1_10' title='bbox 316 275 471 315; x_wconf 89' lang='lat' dir='ltr'>potentes</span> <span class='ocrx_word' id='word_1_11' title='bbox 495 273 662 308; x_wconf 87' lang='lat' dir='ltr'>tanquam</span> <span class='ocrx_word' id='word_1_12' title='bbox 686 258 916 307; x_wconf 72' lang='grc' dir='ltr'><em>καθάρματα</em></span> <span class='ocrx_word' id='word_1_13' title='bbox 941 260 1151 293; x_wconf 88' lang='lat' dir='ltr'>execraban—</span> 
     </span>
     <span class='ocr_line' id='line_1_4' title="bbox 167 310 1152 363; baseline -0.018 -4"><span class='ocrx_word' id='word_1_14' title='bbox 167 334 238 361; x_wconf 89' lang='lat' dir='ltr'>tur.</span> <span class='ocrx_word' id='word_1_15' title='bbox 292 318 540 363; x_wconf 79' lang='lat' dir='ltr'>Quaerendum</span> <span class='ocrx_word' id='word_1_16' title='bbox 564 315 671 357; x_wconf 84' lang='lat' dir='ltr'>igitur</span> <span class='ocrx_word' id='word_1_17' title='bbox 697 319 729 346; x_wconf 91' lang='lat' dir='ltr'>et</span> <span class='ocrx_word' id='word_1_18' title='bbox 753 310 819 345; x_wconf 92' lang='lat' dir='ltr'>boc</span> <span class='ocrx_word' id='word_1_19' title='bbox 841 319 997 355; x_wconf 87' lang='lat' dir='ltr'>tempore</span> <span class='ocrx_word' id='word_1_20' title='bbox 1020 310 1081 355; x_wconf 90' lang='lat' dir='ltr'>qui</span> <span class='ocrx_word' id='word_1_21' title='bbox 1096 321 1152 342; x_wconf 94' lang='lat' dir='ltr'>re-</span> 
     </span>
     <span class='ocr_line' id='line_1_5' title="bbox 167 361 1154 411; baseline -0.018 -1"><span class='ocrx_word' id='word_1_22' title='bbox 167 379 280 411; x_wconf 75' lang='lat' dir='ltr'>ferant</span> <span class='ocrx_word' id='word_1_23' title='bbox 297 373 483 407; x_wconf 82' lang='lat' dir='ltr'>Lazarum,</span> <span class='ocrx_word' id='word_1_24' title='bbox 511 366 572 411; x_wconf 90' lang='lat' dir='ltr'>qui</span> <span class='ocrx_word' id='word_1_25' title='bbox 596 364 780 398; x_wconf 78' lang='lat' dir='ltr'>imitentur</span> <span class='ocrx_word' id='word_1_26' title='bbox 803 363 960 395; x_wconf 73' lang='lat' dir='ltr'>divitem.</span> <span class='ocrx_word' id='word_1_27' title='bbox 1015 361 1054 394; x_wconf 88' lang='lat' dir='ltr'>Si</span> <span class='ocrx_word' id='word_1_28' title='bbox 1074 372 1154 393; x_wconf 89' lang='lat' dir='ltr'>vere</span> 
     </span>
     <span class='ocr_line' id='line_1_6' title="bbox 168 409 1155 463; baseline -0.016 -4"><span class='ocrx_word' id='word_1_29' title='bbox 168 427 233 461; x_wconf 78' lang='lat' dir='ltr'>boc</span> <span class='ocrx_word' id='word_1_30' title='bbox 253 430 281 455; x_wconf 84' lang='lat' dir='ltr'>et</span> <span class='ocrx_word' id='word_1_31' title='bbox 300 419 505 463; x_wconf 82' lang='lat' dir='ltr'>simpliciter</span> <span class='ocrx_word' id='word_1_32' title='bbox 521 416 709 449; x_wconf 88' lang='lat' dir='ltr'>dicendum</span> <span class='ocrx_word' id='word_1_33' title='bbox 724 421 789 447; x_wconf 87' lang='lat' dir='ltr'>est:</span> <span class='ocrx_word' id='word_1_34' title='bbox 816 412 888 446; x_wconf 63' lang='lat' dir='ltr'>Nos</span> <span class='ocrx_word' id='word_1_35' title='bbox 904 413 1028 458; x_wconf 83' lang='lat' dir='ltr'>inopes</span> <span class='ocrx_word' id='word_1_36' title='bbox 1043 409 1155 445; x_wconf 89' lang='lat' dir='ltr'>Scho-</span> 
     </span>
     <span class='ocr_line' id='line_1_7' title="bbox 169 462 1156 513; baseline -0.017 -3"><span class='ocrx_word' id='word_1_37' title='bbox 169 474 298 513; x_wconf 67' lang='lat' dir='ltr'>Institi,</span> <span class='ocrx_word' id='word_1_38' title='bbox 330 470 457 503; x_wconf 87' lang='lat' dir='ltr'>deiude</span> <span class='ocrx_word' id='word_1_39' title='bbox 482 478 605 501; x_wconf 91' lang='lat' dir='ltr'>omnes</span> <span class='ocrx_word' id='word_1_40' title='bbox 628 466 850 503; x_wconf 82' lang='lat' dir='ltr'>Sacerdotes,</span> <span class='ocrx_word' id='word_1_41' title='bbox 886 464 946 508; x_wconf 86' lang='lat' dir='ltr'>qui</span> <span class='ocrx_word' id='word_1_42' title='bbox 971 463 1076 506; x_wconf 80' lang='lat' dir='ltr'>vulgo</span> <span class='ocrx_word' id='word_1_43' title='bbox 1100 462 1156 494; x_wconf 89' lang='lat' dir='ltr'>in-</span> 
     </span>
     <span class='ocr_line' id='line_1_8' title="bbox 168 514 1156 566; baseline -0.014 -7"><span class='ocrx_word' id='word_1_44' title='bbox 168 526 233 560; x_wconf 72' lang='lat' dir='ltr'>visi</span> <span class='ocrx_word' id='word_1_45' title='bbox 265 535 302 556; x_wconf 86' lang='lat' dir='ltr'>ac</span> <span class='ocrx_word' id='word_1_46' title='bbox 331 520 455 566; x_wconf 88' lang='lat' dir='ltr'>spreti,</span> <span class='ocrx_word' id='word_1_47' title='bbox 492 530 570 552; x_wconf 89' lang='lat' dir='ltr'>cum</span> <span class='ocrx_word' id='word_1_48' title='bbox 601 517 678 550; x_wconf 88' lang='lat' dir='ltr'>aliis</span> <span class='ocrx_word' id='word_1_49' title='bbox 705 514 882 549; x_wconf 86' lang='lat' dir='ltr'>aerumnis</span> <span class='ocrx_word' id='word_1_50' title='bbox 911 514 1156 552; x_wconf 78' lang='lat' dir='ltr'>conficiuntur,</span> 
     </span>
     <span class='ocr_line' id='line_1_9' title="bbox 167 565 1156 612; baseline -0.015 -2"><span class='ocrx_word' id='word_1_51' title='bbox 167 587 241 612; x_wconf 88' lang='lat' dir='ltr'>tum</span> <span class='ocrx_word' id='word_1_52' title='bbox 260 586 342 606; x_wconf 75' lang='lat' dir='ltr'>vero</span> <span class='ocrx_word' id='word_1_53' title='bbox 361 583 438 605; x_wconf 92' lang='lat' dir='ltr'>cum</span> <span class='ocrx_word' id='word_1_54' title='bbox 456 569 626 603; x_wconf 84' lang='lat' dir='ltr'>uxoribus</span> <span class='ocrx_word' id='word_1_55' title='bbox 645 574 677 601; x_wconf 89' lang='lat' dir='ltr'>et</span> <span class='ocrx_word' id='word_1_56' title='bbox 695 566 812 611; x_wconf 74' lang='lat' dir='ltr'>parvis</span> <span class='ocrx_word' id='word_1_57' title='bbox 828 565 950 598; x_wconf 82' lang='lat' dir='ltr'>liberis</span> <span class='ocrx_word' id='word_1_58' title='bbox 966 566 1055 597; x_wconf 81' lang='lat' dir='ltr'>same</span> <span class='ocrx_word' id='word_1_59' title='bbox 1072 575 1156 596; x_wconf 93' lang='lat' dir='ltr'>con-</span> 
     </span>
     <span class='ocr_line' id='line_1_10' title="bbox 168 613 1157 664; baseline -0.016 -3"><span class='ocrx_word' id='word_1_60' title='bbox 168 629 370 664; x_wconf 80' lang='lat' dir='ltr'>tabescunt,</span> <span class='ocrx_word' id='word_1_61' title='bbox 401 620 525 655; x_wconf 77' lang='lat' dir='ltr'>Lazari</span> <span class='ocrx_word' id='word_1_62' title='bbox 548 626 642 652; x_wconf 88' lang='lat' dir='ltr'>sunt.</span> <span class='ocrx_word' id='word_1_63' title='bbox 708 617 845 650; x_wconf 89' lang='lat' dir='ltr'>Horum</span> <span class='ocrx_word' id='word_1_64' title='bbox 871 623 1006 649; x_wconf 87' lang='lat' dir='ltr'>coetum</span> <span class='ocrx_word' id='word_1_65' title='bbox 1030 613 1157 647; x_wconf 88' lang='lat' dir='ltr'>animis</span> 
     </span>
     <span class='ocr_line' id='line_1_11' title="bbox 170 665 1157 722; baseline -0.015 -12"><span class='ocrx_word' id='word_1_66' title='bbox 170 686 274 722; x_wconf 67' lang='lat' dir='ltr'>atque</span> <span class='ocrx_word' id='word_1_67' title='bbox 307 674 416 708; x_wconf 88' lang='lat' dir='ltr'>oculis</span> <span class='ocrx_word' id='word_1_68' title='bbox 449 671 652 716; x_wconf 77' lang='lat' dir='ltr'>proponite:</span> <span class='ocrx_word' id='word_1_69' title='bbox 698 667 787 707; x_wconf 81' lang='lat' dir='ltr'>Nos,</span> <span class='ocrx_word' id='word_1_70' title='bbox 830 667 994 710; x_wconf 85' lang='lat' dir='ltr'>inquam,</span> <span class='ocrx_word' id='word_1_71' title='bbox 1034 665 1157 708; x_wconf 85' lang='lat' dir='ltr'><strong>inopes</strong></span> 
     </span>
     <span class='ocr_line' id='line_1_12' title="bbox 170 715 1158 763; baseline -0.016 -1"><span class='ocrx_word' id='word_1_72' title='bbox 170 726 421 763; x_wconf 71' lang='lat' dir='ltr'>scholasticos,</span> <span class='ocrx_word' id='word_1_73' title='bbox 446 729 477 755; x_wconf 90' lang='lat' dir='ltr'>et</span> <span class='ocrx_word' id='word_1_74' title='bbox 503 721 580 754; x_wconf 85' lang='lat' dir='ltr'>illos</span> <span class='ocrx_word' id='word_1_75' title='bbox 603 720 747 752; x_wconf 87' lang='lat' dir='ltr'>miseros</span> <span class='ocrx_word' id='word_1_76' title='bbox 764 717 970 751; x_wconf 75' lang='lat' dir='ltr'>Sacerdotes</span> <span class='ocrx_word' id='word_1_77' title='bbox 989 728 1066 749; x_wconf 89' lang='lat' dir='ltr'>cum</span> <span class='ocrx_word' id='word_1_78' title='bbox 1087 715 1158 747; x_wconf 90' lang='lat' dir='ltr'>suis</span> 
     </span>
     <span class='ocr_line' id='line_1_13' title="bbox 168 766 1158 816; baseline -0.015 -4"><span class='ocrx_word' id='word_1_79' title='bbox 168 777 323 813; x_wconf 84' lang='lat' dir='ltr'>famiiiis.</span> <span class='ocrx_word' id='word_1_80' title='bbox 385 773 476 816; x_wconf 87' lang='lat' dir='ltr'>Quis</span> <span class='ocrx_word' id='word_1_81' title='bbox 501 779 550 804; x_wconf 92' lang='lat' dir='ltr'>est</span> <span class='ocrx_word' id='word_1_82' title='bbox 574 778 642 803; x_wconf 91' lang='lat' dir='ltr'>tam</span> <span class='ocrx_word' id='word_1_83' title='bbox 671 770 783 802; x_wconf 84' lang='lat' dir='ltr'>ferreo</span> <span class='ocrx_word' id='word_1_84' title='bbox 806 774 964 812; x_wconf 75' lang='lat' dir='ltr'>pectore,</span> <span class='ocrx_word' id='word_1_85' title='bbox 999 766 1060 811; x_wconf 83' lang='lat' dir='ltr'>qui</span> <span class='ocrx_word' id='word_1_86' title='bbox 1083 766 1158 798; x_wconf 91' lang='lat' dir='ltr'>sine</span> 
     </span>
     <span class='ocr_line' id='line_1_14' title="bbox 170 816 1160 864; baseline -0.015 -1"><span class='ocrx_word' id='word_1_87' title='bbox 170 826 358 863; x_wconf 67' lang='lat' dir='ltr'>laclirvmis</span> <span class='ocrx_word' id='word_1_88' title='bbox 374 823 469 858; x_wconf 87' lang='lat' dir='ltr'>hunc</span> <span class='ocrx_word' id='word_1_89' title='bbox 489 829 624 855; x_wconf 87' lang='lat' dir='ltr'>coetum</span> <span class='ocrx_word' id='word_1_90' title='bbox 641 820 813 864; x_wconf 78' lang='lat' dir='ltr'>aspicere,</span> <span class='ocrx_word' id='word_1_91' title='bbox 840 825 900 851; x_wconf 87' lang='lat' dir='ltr'>aut</span> <span class='ocrx_word' id='word_1_92' title='bbox 916 817 1066 861; x_wconf 88' lang='lat' dir='ltr'>cogitare</span> <span class='ocrx_word' id='word_1_93' title='bbox 1082 816 1160 849; x_wconf 89' lang='lat' dir='ltr'>ani-</span> 
     </span>
     <span class='ocr_line' id='line_1_15' title="bbox 170 867 1160 922; baseline -0.013 -11"><span class='ocrx_word' id='word_1_94' title='bbox 170 894 227 914; x_wconf 82' lang='lat' dir='ltr'>mo</span> <span class='ocrx_word' id='word_1_95' title='bbox 255 868 384 922; x_wconf 77' lang='lat' dir='ltr'>potest,</span> <span class='ocrx_word' id='word_1_96' title='bbox 413 886 492 907; x_wconf 89' lang='lat' dir='ltr'>cum</span> <span class='ocrx_word' id='word_1_97' title='bbox 519 872 662 917; x_wconf 86' lang='lat' dir='ltr'>quidem</span> <span class='ocrx_word' id='word_1_98' title='bbox 688 869 777 903; x_wconf 89' lang='lat' dir='ltr'>nulli</span> <span class='ocrx_word' id='word_1_99' title='bbox 803 869 839 901; x_wconf 91' lang='lat' dir='ltr'>in</span> <span class='ocrx_word' id='word_1_100' title='bbox 861 869 930 901; x_wconf 84' lang='lat' dir='ltr'>vita</span> <span class='ocrx_word' id='word_1_101' title='bbox 949 879 1077 901; x_wconf 88' lang='lat' dir='ltr'>munus</span> <span class='ocrx_word' id='word_1_102' title='bbox 1097 867 1160 899; x_wconf 87' lang='lat' dir='ltr'>ad-</span> 
     </span>
     <span class='ocr_line' id='line_1_16' title="bbox 170 916 1160 969; baseline -0.015 -5"><span class='ocrx_word' id='word_1_103' title='bbox 170 930 372 964; x_wconf 86' lang='lat' dir='ltr'>ministrent</span> <span class='ocrx_word' id='word_1_104' title='bbox 394 916 628 969; x_wconf 79' lang='lat' dir='ltr'>praestantius</span> <span class='ocrx_word' id='word_1_105' title='bbox 652 933 688 954; x_wconf 92' lang='lat' dir='ltr'>ac</span> <span class='ocrx_word' id='word_1_106' title='bbox 713 919 921 954; x_wconf 76' lang='lat' dir='ltr'>coelestius?</span> <span class='ocrx_word' id='word_1_107' title='bbox 948 919 1045 951; x_wconf 88' lang='lat' dir='ltr'>nulla</span> <span class='ocrx_word' id='word_1_108' title='bbox 1066 918 1160 950; x_wconf 89' lang='lat' dir='ltr'>mili-</span> 
     </span>
     <span class='ocr_line' id='line_1_17' title="bbox 171 968 1160 1021; baseline -0.014 -7"><span class='ocrx_word' id='word_1_109' title='bbox 171 982 219 1015; x_wconf 88' lang='lat' dir='ltr'>tia</span> <span class='ocrx_word' id='word_1_110' title='bbox 235 980 308 1013; x_wconf 83' lang='lat' dir='ltr'>Deo</span> <span class='ocrx_word' id='word_1_111' title='bbox 327 977 475 1021; x_wconf 84' lang='lat' dir='ltr'>gratior,</span> <span class='ocrx_word' id='word_1_112' title='bbox 501 986 539 1007; x_wconf 91' lang='lat' dir='ltr'>ac</span> <span class='ocrx_word' id='word_1_113' title='bbox 554 972 730 1007; x_wconf 75' lang='lat' dir='ltr'>Ecclesiae</span> <span class='ocrx_word' id='word_1_114' title='bbox 746 971 855 1013; x_wconf 87' lang='lat' dir='ltr'>magis</span> <span class='ocrx_word' id='word_1_115' title='bbox 874 969 1066 1003; x_wconf 86' lang='lat' dir='ltr'>neccssaria</span> <span class='ocrx_word' id='word_1_116' title='bbox 1085 968 1160 1002; x_wconf 79' lang='lat' dir='ltr'>est?</span> 
     </span>
     <span class='ocr_line' id='line_1_18' title="bbox 170 1021 1160 1066; baseline -0.013 -2"><span class='ocrx_word' id='word_1_117' title='bbox 170 1030 325 1065; x_wconf 86' lang='lat' dir='ltr'>Econtra</span> <span class='ocrx_word' id='word_1_118' title='bbox 348 1027 541 1061; x_wconf 86' lang='lat' dir='ltr'>imitatores</span> <span class='ocrx_word' id='word_1_119' title='bbox 564 1024 660 1057; x_wconf 87' lang='lat' dir='ltr'>illius</span> <span class='ocrx_word' id='word_1_120' title='bbox 678 1022 858 1066; x_wconf 75' lang='lat' dir='ltr'>opulenti,</span> <span class='ocrx_word' id='word_1_121' title='bbox 884 1021 945 1065; x_wconf 91' lang='lat' dir='ltr'>qui</span> <span class='ocrx_word' id='word_1_122' title='bbox 963 1027 1044 1053; x_wconf 91' lang='lat' dir='ltr'>sunt</span> <span class='ocrx_word' id='word_1_123' title='bbox 1061 1031 1160 1062; x_wconf 90' lang='lat' dir='ltr'>prae-</span> 
     </span>
     <span class='ocr_line' id='line_1_19' title="bbox 172 1069 1160 1125; baseline -0.014 -10"><span class='ocrx_word' id='word_1_124' title='bbox 172 1080 296 1125; x_wconf 83' lang='lat' dir='ltr'>cipue‘?</span> <span class='ocrx_word' id='word_1_125' title='bbox 348 1077 552 1116; x_wconf 80' lang='lat' dir='ltr'>Pontifices,</span> <span class='ocrx_word' id='word_1_126' title='bbox 585 1073 772 1118; x_wconf 88' lang='lat' dir='ltr'>Episcopi,</span> <span class='ocrx_word' id='word_1_127' title='bbox 803 1070 994 1109; x_wconf 90' lang='lat' dir='ltr'>Canonici‚</span> <span class='ocrx_word' id='word_1_128' title='bbox 1030 1069 1160 1103; x_wconf 70' lang='lat' dir='ltr'>&#39;Mona-</span> 
     </span>
     <span class='ocr_line' id='line_1_20' title="bbox 175 1121 1160 1170; baseline -0.014 -5"><span class='ocrx_word' id='word_1_129' title='bbox 175 1131 251 1170; x_wconf 89' lang='lat' dir='ltr'>cbi,</span> <span class='ocrx_word' id='word_1_130' title='bbox 293 1137 325 1163; x_wconf 89' lang='lat' dir='ltr'>et</span> <span class='ocrx_word' id='word_1_131' title='bbox 355 1127 484 1162; x_wconf 87' lang='lat' dir='ltr'>borum</span> <span class='ocrx_word' id='word_1_132' title='bbox 518 1126 684 1159; x_wconf 80' lang='lat' dir='ltr'>satellites</span> <span class='ocrx_word' id='word_1_133' title='bbox 705 1123 859 1168; x_wconf 73' lang='lat' dir='ltr'>tyranni.</span> <span class='ocrx_word' id='word_1_134' title='bbox 928 1121 1005 1155; x_wconf 85' lang='lat' dir='ltr'>Hoc</span> <span class='ocrx_word' id='word_1_135' title='bbox 1037 1132 1160 1163; x_wconf 91' lang='lat' dir='ltr'>agmen</span> 
     </span>
     <span class='ocr_line' id='line_1_21' title="bbox 173 1170 1162 1218; baseline -0.013 -2"><span class='ocrx_word' id='word_1_136' title='bbox 173 1190 286 1218; x_wconf 86' lang='lat' dir='ltr'>totum</span> <span class='ocrx_word' id='word_1_137' title='bbox 320 1179 446 1213; x_wconf 89' lang='lat' dir='ltr'>animis</span> <span class='ocrx_word' id='word_1_138' title='bbox 469 1176 677 1215; x_wconf 85' lang='lat' dir='ltr'>intuemini,</span> <span class='ocrx_word' id='word_1_139' title='bbox 714 1181 748 1207; x_wconf 84' lang='lat' dir='ltr'>et</span> <span class='ocrx_word' id='word_1_140' title='bbox 771 1174 917 1216; x_wconf 89' lang='lat' dir='ltr'>cogitate</span> <span class='ocrx_word' id='word_1_141' title='bbox 940 1173 983 1205; x_wconf 84' lang='lat' dir='ltr'>ab</span> <span class='ocrx_word' id='word_1_142' title='bbox 1007 1170 1162 1204; x_wconf 81' lang='lat' dir='ltr'>Ecclesia</span> 
     </span>
     <span class='ocr_line' id='line_1_22' title="bbox 172 1223 1160 1276; baseline -0.015 -8"><span class='ocrx_word' id='word_1_143' title='bbox 172 1235 331 1276; x_wconf 76' lang='lat' dir='ltr'>ingentes</span> <span class='ocrx_word' id='word_1_144' title='bbox 348 1243 385 1263; x_wconf 88' lang='lat' dir='ltr'>ac</span> <span class='ocrx_word' id='word_1_145' title='bbox 402 1229 512 1272; x_wconf 83' lang='lat' dir='ltr'>regias</span> <span class='ocrx_word' id='word_1_146' title='bbox 528 1239 610 1271; x_wconf 89' lang='lat' dir='ltr'>opes</span> <span class='ocrx_word' id='word_1_147' title='bbox 619 1224 804 1269; x_wconf 90' lang='lat' dir='ltr'>Episcopis</span> <span class='ocrx_word' id='word_1_148' title='bbox 821 1231 853 1256; x_wconf 86' lang='lat' dir='ltr'>et</span> <span class='ocrx_word' id='word_1_149' title='bbox 867 1223 1022 1266; x_wconf 82' lang='lat' dir='ltr'>collegiis</span> <span class='ocrx_word' id='word_1_150' title='bbox 1040 1234 1160 1254; x_wconf 89' lang='lat' dir='ltr'>eorum</span> 
     </span>
     <span class='ocr_line' id='line_1_23' title="bbox 173 1274 1162 1321; baseline -0.012 -4"><span class='ocrx_word' id='word_1_151' title='bbox 173 1282 434 1318; x_wconf 88' lang='lat' dir='ltr'>commendatas</span> <span class='ocrx_word' id='word_1_152' title='bbox 457 1290 546 1316; x_wconf 87' lang='lat' dir='ltr'>csse,</span> <span class='ocrx_word' id='word_1_153' title='bbox 589 1277 718 1321; x_wconf 86' lang='lat' dir='ltr'>quibus</span> <span class='ocrx_word' id='word_1_154' title='bbox 741 1274 859 1308; x_wconf 88' lang='lat' dir='ltr'>alendi</span> <span class='ocrx_word' id='word_1_155' title='bbox 885 1280 984 1307; x_wconf 85' lang='lat' dir='ltr'>erant</span> <span class='ocrx_word' id='word_1_156' title='bbox 1008 1280 1162 1317; x_wconf 87' lang='lat' dir='ltr'>pastores</span> 
     </span>
     <span class='ocr_line' id='line_1_24' title="bbox 173 1324 1163 1380; baseline -0.013 -12"><span class='ocrx_word' id='word_1_157' title='bbox 173 1335 223 1380; x_wconf 90' lang='lat' dir='ltr'>pii</span> <span class='ocrx_word' id='word_1_158' title='bbox 258 1346 295 1366; x_wconf 92' lang='lat' dir='ltr'>ac</span> <span class='ocrx_word' id='word_1_159' title='bbox 328 1328 556 1368; x_wconf 84' lang='lat' dir='ltr'>Scholastici‚</span> <span class='ocrx_word' id='word_1_160' title='bbox 595 1339 684 1372; x_wconf 90' lang='lat' dir='ltr'>quae</span> <span class='ocrx_word' id='word_1_161' title='bbox 721 1326 765 1358; x_wconf 90' lang='lat' dir='ltr'>ad</span> <span class='ocrx_word' id='word_1_162' title='bbox 804 1325 881 1368; x_wconf 89' lang='lat' dir='ltr'>piae</span> <span class='ocrx_word' id='word_1_163' title='bbox 918 1324 1098 1358; x_wconf 90' lang='lat' dir='ltr'>doctrinae</span> <span class='ocrx_word' id='word_1_164' title='bbox 1129 1329 1163 1356; x_wconf 89' lang='lat' dir='ltr'>et</span> 
     </span>
     <span class='ocr_line' id='line_1_25' title="bbox 173 1375 1163 1424; baseline -0.014 -5"><span class='ocrx_word' id='word_1_165' title='bbox 173 1396 292 1419; x_wconf 90' lang='lat' dir='ltr'>earum</span> <span class='ocrx_word' id='word_1_166' title='bbox 322 1383 471 1421; x_wconf 89' lang='lat' dir='ltr'>artium,</span> <span class='ocrx_word' id='word_1_167' title='bbox 514 1390 602 1424; x_wconf 90' lang='lat' dir='ltr'>quae</span> <span class='ocrx_word' id='word_1_168' title='bbox 625 1375 801 1411; x_wconf 83' lang='lat' dir='ltr'>Ecclesiae</span> <span class='ocrx_word' id='word_1_169' title='bbox 832 1382 913 1408; x_wconf 88' lang='lat' dir='ltr'>sunt</span> <span class='ocrx_word' id='word_1_170' title='bbox 943 1380 1163 1413; x_wconf 87' lang='lat' dir='ltr'>ornamento,</span> 
     </span>
     <span class='ocr_line' id='line_1_26' title="bbox 174 1424 1162 1470; baseline -0.014 0"><span class='ocrx_word' id='word_1_171' title='bbox 174 1433 475 1470; x_wconf 78' lang='lat' dir='ltr'>conservationem</span> <span class='ocrx_word' id='word_1_172' title='bbox 492 1429 722 1463; x_wconf 80' lang='lat' dir='ltr'>conserendae</span> <span class='ocrx_word' id='word_1_173' title='bbox 738 1433 846 1460; x_wconf 90' lang='lat' dir='ltr'>erant.</span> <span class='ocrx_word' id='word_1_174' title='bbox 896 1425 962 1459; x_wconf 83' lang='lat' dir='ltr'>His</span> <span class='ocrx_word' id='word_1_175' title='bbox 976 1425 1030 1458; x_wconf 88' lang='lat' dir='ltr'>illi</span> <span class='ocrx_word' id='word_1_176' title='bbox 1044 1424 1162 1467; x_wconf 70' lang='lat' dir='ltr'>ignavi</span> 
     </span>
     <span class='ocr_line' id='line_1_27' title="bbox 173 1475 1162 1525; baseline -0.013 -5"><span class='ocrx_word' id='word_1_177' title='bbox 173 1493 330 1525; x_wconf 75' lang='lat' dir='ltr'>ventres,</span> <span class='ocrx_word' id='word_1_178' title='bbox 372 1480 624 1524; x_wconf 74' lang='lat' dir='ltr'>Sardanapali,</span> <span class='ocrx_word' id='word_1_179' title='bbox 663 1478 859 1523; x_wconf 88' lang='lat' dir='ltr'>parricidae</span> <span class='ocrx_word' id='word_1_180' title='bbox 889 1476 1093 1510; x_wconf 76' lang='lat' dir='ltr'>suavissime</span> <span class='ocrx_word' id='word_1_181' title='bbox 1126 1475 1162 1507; x_wconf 90' lang='lat' dir='ltr'>in</span> 
     </span>
     <span class='ocr_line' id='line_1_28' title="bbox 173 1527 1164 1579; baseline -0.013 -8"><span class='ocrx_word' id='word_1_182' title='bbox 173 1538 250 1571; x_wconf 88' lang='lat' dir='ltr'>ocio</span> <span class='ocrx_word' id='word_1_183' title='bbox 268 1543 300 1570; x_wconf 90' lang='lat' dir='ltr'>et</span> <span class='ocrx_word' id='word_1_184' title='bbox 318 1533 572 1579; x_wconf 74' lang='lat' dir='ltr'>tranquillitate</span> <span class='ocrx_word' id='word_1_185' title='bbox 588 1532 766 1563; x_wconf 91' lang='lat' dir='ltr'>sruuntur.</span> <span class='ocrx_word' id='word_1_186' title='bbox 822 1528 961 1561; x_wconf 85' lang='lat' dir='ltr'>Aenon</span> <span class='ocrx_word' id='word_1_187' title='bbox 977 1527 1080 1559; x_wconf 91' lang='lat' dir='ltr'>modo</span> <span class='ocrx_word' id='word_1_188' title='bbox 1099 1537 1164 1559; x_wconf 89' lang='lat' dir='ltr'>nos</span> 
     </span>
     <span class='ocr_line' id='line_1_29' title="bbox 174 1576 1163 1624; baseline -0.014 -2"><span class='ocrx_word' id='word_1_189' title='bbox 174 1587 385 1621; x_wconf 69' lang='lat' dir='ltr'>defraudant</span> <span class='ocrx_word' id='word_1_190' title='bbox 402 1585 462 1617; x_wconf 89' lang='lat' dir='ltr'>illo</span> <span class='ocrx_word' id='word_1_191' title='bbox 480 1593 624 1615; x_wconf 87' lang='lat' dir='ltr'>munere</span> <span class='ocrx_word' id='word_1_192' title='bbox 636 1608 644 1621; x_wconf 90' lang='lat'>‚</span> <span class='ocrx_word' id='word_1_193' title='bbox 669 1580 763 1624; x_wconf 90' lang='lat' dir='ltr'>quod</span> <span class='ocrx_word' id='word_1_194' title='bbox 781 1579 883 1611; x_wconf 90' lang='lat' dir='ltr'>nobis</span> <span class='ocrx_word' id='word_1_195' title='bbox 896 1576 1049 1610; x_wconf 79' lang='lat' dir='ltr'>Ecclesia</span> <span class='ocrx_word' id='word_1_196' title='bbox 1064 1577 1163 1610; x_wconf 87' lang='lat' dir='ltr'>attri-</span> 
     </span>
     <span class='ocr_line' id='line_1_30' title="bbox 175 1630 1164 1678; baseline -0.014 -6"><span class='ocrx_word' id='word_1_197' title='bbox 175 1640 273 1678; x_wconf 86' lang='lat' dir='ltr'>buit,</span> <span class='ocrx_word' id='word_1_198' title='bbox 301 1638 358 1669; x_wconf 87' lang='lat' dir='ltr'>sed</span> <span class='ocrx_word' id='word_1_199' title='bbox 382 1636 485 1668; x_wconf 91' lang='lat' dir='ltr'>etiam</span> <span class='ocrx_word' id='word_1_200' title='bbox 512 1631 695 1678; x_wconf 68' lang='lat' dir='ltr'>tyrannico</span> <span class='ocrx_word' id='word_1_201' title='bbox 720 1630 811 1662; x_wconf 83' lang='lat' dir='ltr'>fastu</span> <span class='ocrx_word' id='word_1_202' title='bbox 833 1640 898 1661; x_wconf 91' lang='lat' dir='ltr'>nos</span> <span class='ocrx_word' id='word_1_203' title='bbox 921 1634 1164 1666; x_wconf 85' lang='lat' dir='ltr'>contemnunt,</span> 
     </span>
     <span class='ocr_line' id='line_1_31' title="bbox 176 1678 1163 1723; baseline -0.013 -1"><span class='ocrx_word' id='word_1_204' title='bbox 176 1698 208 1723; x_wconf 87' lang='lat' dir='ltr'>et</span> <span class='ocrx_word' id='word_1_205' title='bbox 231 1700 366 1721; x_wconf 86' lang='lat' dir='ltr'>summa</span> <span class='ocrx_word' id='word_1_206' title='bbox 391 1685 462 1718; x_wconf 87' lang='lat' dir='ltr'>odii</span> <span class='ocrx_word' id='word_1_207' title='bbox 486 1683 672 1717; x_wconf 82' lang='lat' dir='ltr'>acerbitate</span> <span class='ocrx_word' id='word_1_208' title='bbox 689 1681 855 1713; x_wconf 71' lang='lat' dir='ltr'>adversus</span> <span class='ocrx_word' id='word_1_209' title='bbox 875 1690 939 1712; x_wconf 90' lang='lat' dir='ltr'>nos</span> <span class='ocrx_word' id='word_1_210' title='bbox 957 1678 1163 1711; x_wconf 72' lang='lat' dir='ltr'>inflammati</span> 
     </span>
     <span class='ocr_line' id='line_1_32' title="bbox 177 1727 1163 1777; baseline -0.013 -4"><span class='ocrx_word' id='word_1_211' title='bbox 177 1747 277 1777; x_wconf 86' lang='lat' dir='ltr'>sunt,</span> <span class='ocrx_word' id='word_1_212' title='bbox 305 1737 480 1771; x_wconf 83' lang='lat' dir='ltr'>trucidare</span> <span class='ocrx_word' id='word_1_213' title='bbox 503 1747 541 1767; x_wconf 88' lang='lat' dir='ltr'>ac</span> <span class='ocrx_word' id='word_1_214' title='bbox 566 1733 681 1766; x_wconf 84' lang='lat' dir='ltr'>delere</span> <span class='ocrx_word' id='word_1_215' title='bbox 699 1743 763 1764; x_wconf 92' lang='lat' dir='ltr'>nos</span> <span class='ocrx_word' id='word_1_216' title='bbox 781 1738 964 1764; x_wconf 86' lang='lat' dir='ltr'>conantur.</span> <span class='ocrx_word' id='word_1_217' title='bbox 1018 1727 1163 1762; x_wconf 78' lang='lat' dir='ltr'>Annon</span> 
     </span>
     <span class='ocr_line' id='line_1_33' title="bbox 176 1779 1164 1834; baseline -0.014 -10"><span class='ocrx_word' id='word_1_218' title='bbox 176 1796 341 1834; x_wconf 88' lang='lat' dir='ltr'>superant</span> <span class='ocrx_word' id='word_1_219' title='bbox 368 1787 468 1820; x_wconf 87' lang='lat' dir='ltr'>etiam</span> <span class='ocrx_word' id='word_1_220' title='bbox 494 1786 592 1817; x_wconf 88' lang='lat' dir='ltr'>illum</span> <span class='ocrx_word' id='word_1_221' title='bbox 619 1783 780 1822; x_wconf 76' lang='lat' dir='ltr'>divitem,</span> <span class='ocrx_word' id='word_1_222' title='bbox 807 1781 868 1825; x_wconf 89' lang='lat' dir='ltr'>qui</span> <span class='ocrx_word' id='word_1_223' title='bbox 894 1788 1009 1813; x_wconf 84' lang='lat' dir='ltr'>tamen</span> <span class='ocrx_word' id='word_1_224' title='bbox 1033 1779 1164 1812; x_wconf 83' lang='lat' dir='ltr'>Lazaro</span> 
     </span>
     <span class='ocr_line' id='line_1_34' title="bbox 177 1830 1166 1876; baseline -0.013 -2"><span class='ocrx_word' id='word_1_225' title='bbox 177 1841 264 1875; x_wconf 87' lang='lat' dir='ltr'>lucis</span> <span class='ocrx_word' id='word_1_226' title='bbox 287 1850 428 1873; x_wconf 88' lang='lat' dir='ltr'>usuram</span> <span class='ocrx_word' id='word_1_227' title='bbox 456 1848 528 1869; x_wconf 92' lang='lat' dir='ltr'>non</span> <span class='ocrx_word' id='word_1_228' title='bbox 556 1834 744 1876; x_wconf 80' lang='lat' dir='ltr'>eripiebat,</span> <span class='ocrx_word' id='word_1_229' title='bbox 773 1832 834 1876; x_wconf 85' lang='lat' dir='ltr'>qui</span> <span class='ocrx_word' id='word_1_230' title='bbox 861 1832 974 1863; x_wconf 91' lang='lat' dir='ltr'>locum</span> <span class='ocrx_word' id='word_1_231' title='bbox 996 1831 1039 1863; x_wconf 92' lang='lat' dir='ltr'>ad</span> <span class='ocrx_word' id='word_1_232' title='bbox 1061 1830 1166 1862; x_wconf 78' lang='lat' dir='ltr'>vesti-</span> 
     </span>
     <span class='ocr_line' id='line_1_35' title="bbox 176 1880 1164 1925; baseline -0.013 0"><span class='ocrx_word' id='word_1_233' title='bbox 176 1893 299 1925; x_wconf 82' lang='lat' dir='ltr'>bulum</span> <span class='ocrx_word' id='word_1_234' title='bbox 324 1889 547 1923; x_wconf 76' lang='lat' dir='ltr'>concedebat.</span> <span class='ocrx_word' id='word_1_235' title='bbox 599 1883 736 1918; x_wconf 86' lang='lat' dir='ltr'>Deinde</span> <span class='ocrx_word' id='word_1_236' title='bbox 754 1883 852 1915; x_wconf 82' lang='lat' dir='ltr'>dives</span> <span class='ocrx_word' id='word_1_237' title='bbox 871 1894 932 1914; x_wconf 88' lang='lat' dir='ltr'>suo</span> <span class='ocrx_word' id='word_1_238' title='bbox 951 1880 1164 1925; x_wconf 88' lang='lat' dir='ltr'>patrimonio</span> 
     </span>
     <span class='ocr_line' id='line_1_36' title="bbox 176 1929 1165 1982; baseline -0.014 -6"><span class='ocrx_word' id='word_1_239' title='bbox 176 1943 372 1976; x_wconf 81' lang='lat' dir='ltr'>fruebatur:</span> <span class='ocrx_word' id='word_1_240' title='bbox 402 1937 580 1982; x_wconf 83' lang='lat' dir='ltr'>Episcopi,</span> <span class='ocrx_word' id='word_1_241' title='bbox 607 1933 778 1968; x_wconf 88' lang='lat' dir='ltr'>Canonici</span> <span class='ocrx_word' id='word_1_242' title='bbox 799 1940 830 1966; x_wconf 89' lang='lat' dir='ltr'>ct</span> <span class='ocrx_word' id='word_1_243' title='bbox 843 1929 1023 1972; x_wconf 67' lang='lat' dir='ltr'>Monachi,</span> <span class='ocrx_word' id='word_1_244' title='bbox 1051 1931 1165 1963; x_wconf 85' lang='lat' dir='ltr'>aliena</span> 
     </span>
     <span class='ocr_line' id='line_1_37' title="bbox 178 1982 1165 2033; baseline -0.013 -7"><span class='ocrx_word' id='word_1_245' title='bbox 178 1995 432 2029; x_wconf 72' lang='lat' dir='ltr'>intervertunt,</span> <span class='ocrx_word' id='word_1_246' title='bbox 460 2000 567 2033; x_wconf 78' lang='lat' dir='ltr'>eaque</span> <span class='ocrx_word' id='word_1_247' title='bbox 594 1985 794 2028; x_wconf 79' lang='lat' dir='ltr'>turpissime</span> <span class='ocrx_word' id='word_1_248' title='bbox 816 1996 876 2027; x_wconf 87' lang='lat' dir='ltr'>per</span> <span class='ocrx_word' id='word_1_249' title='bbox 893 1984 1013 2015; x_wconf 80' lang='lat' dir='ltr'>luxum</span> <span class='ocrx_word' id='word_1_250' title='bbox 1033 1988 1064 2014; x_wconf 93' lang='lat' dir='ltr'>et</span> <span class='ocrx_word' id='word_1_251' title='bbox 1086 1982 1165 2014; x_wconf 91' lang='lat' dir='ltr'>libi-</span> 
     </span>
     <span class='ocr_line' id='line_1_38' title="bbox 176 2036 1166 2085; baseline -0.012 -8"><span class='ocrx_word' id='word_1_252' title='bbox 176 2045 276 2078; x_wconf 85' lang='lat' dir='ltr'>dines</span> <span class='ocrx_word' id='word_1_253' title='bbox 314 2042 485 2085; x_wconf 85' lang='lat' dir='ltr'>dissipant</span> <span class='ocrx_word' id='word_1_254' title='bbox 521 2051 558 2071; x_wconf 90' lang='lat' dir='ltr'>ac</span> <span class='ocrx_word' id='word_1_255' title='bbox 601 2036 839 2081; x_wconf 75' lang='lat' dir='ltr'>profundunt,</span> <span class='ocrx_word' id='word_1_256' title='bbox 888 2046 959 2066; x_wconf 90' lang='lat' dir='ltr'>non</span> <span class='ocrx_word' id='word_1_257' title='bbox 999 2044 1096 2066; x_wconf 87' lang='lat' dir='ltr'>secus</span> <span class='ocrx_word' id='word_1_258' title='bbox 1128 2044 1166 2065; x_wconf 89' lang='lat' dir='ltr'>ac</span> 
     </span>
     <span class='ocr_line' id='line_1_39' title="bbox 176 2084 1168 2139; baseline -0.013 -11"><span class='ocrx_word' id='word_1_259' title='bbox 176 2094 293 2139; x_wconf 78' lang='lat' dir='ltr'>spousi</span> <span class='ocrx_word' id='word_1_260' title='bbox 328 2092 518 2134; x_wconf 85' lang='lat' dir='ltr'>Penelopes</span> <span class='ocrx_word' id='word_1_261' title='bbox 544 2088 678 2133; x_wconf 63' lang='lat' dir='ltr'>Ulyssis</span> <span class='ocrx_word' id='word_1_262' title='bbox 711 2086 891 2119; x_wconf 83' lang='lat' dir='ltr'>facultates</span> <span class='ocrx_word' id='word_1_263' title='bbox 918 2084 1168 2116; x_wconf 86' lang='lat' dir='ltr'>dilacerabant.</span> 
     </span>
     <span class='ocr_line' id='line_1_40' title="bbox 179 2134 1167 2186; baseline -0.013 -8"><span class='ocrx_word' id='word_1_264' title='bbox 179 2146 246 2178; x_wconf 71' lang='lat' dir='ltr'>Nec</span> <span class='ocrx_word' id='word_1_265' title='bbox 289 2156 349 2186; x_wconf 82' lang='lat' dir='ltr'>ego</span> <span class='ocrx_word' id='word_1_266' title='bbox 389 2155 482 2175; x_wconf 90' lang='lat' dir='ltr'>nuuc</span> <span class='ocrx_word' id='word_1_267' title='bbox 524 2141 566 2172; x_wconf 90' lang='lat' dir='ltr'>de</span> <span class='ocrx_word' id='word_1_268' title='bbox 595 2138 814 2181; x_wconf 80' lang='lat' dir='ltr'>singulorum</span> <span class='ocrx_word' id='word_1_269' title='bbox 848 2136 1007 2167; x_wconf 84' lang='lat' dir='ltr'>moribus</span> <span class='ocrx_word' id='word_1_270' title='bbox 1040 2134 1167 2168; x_wconf 86' lang='lat' dir='ltr'>dicam.</span> 
     </span>
     <span class='ocr_line' id='line_1_41' title="bbox 177 2185 1166 2233; baseline -0.013 -4"><span class='ocrx_word' id='word_1_271' title='bbox 177 2197 268 2230; x_wconf 77' lang='lat' dir='ltr'>Sunt</span> <span class='ocrx_word' id='word_1_272' title='bbox 288 2191 583 2227; x_wconf 68' lang='lat' dir='ltr'>inu—1·(j;=n‹u=icos</span> <span class='ocrx_word' id='word_1_273' title='bbox 601 2188 709 2233; x_wconf 81' lang='lat' dir='ltr'>aliqui</span> <span class='ocrx_word' id='word_1_274' title='bbox 729 2187 892 2220; x_wconf 85' lang='lat' dir='ltr'>modestis</span> <span class='ocrx_word' id='word_1_275' title='bbox 907 2185 1055 2227; x_wconf 76' lang='lat' dir='ltr'>ingeniis</span> <span class='ocrx_word' id='word_1_276' title='bbox 1068 2196 1166 2228; x_wconf 88' lang='lat' dir='ltr'>prae-</span> 
     </span>
     <span class='ocr_line' id='line_1_42' title="bbox 178 2236 1167 2285; baseline -0.011 -7"><span class='ocrx_word' id='word_1_277' title='bbox 178 2247 262 2284; x_wconf 77' lang='lat' dir='ltr'>diti,</span> <span class='ocrx_word' id='word_1_278' title='bbox 299 2246 355 2277; x_wconf 71' lang='lat' dir='ltr'>sed</span> <span class='ocrx_word' id='word_1_279' title='bbox 381 2256 487 2285; x_wconf 81' lang='lat' dir='ltr'>genus</span> <span class='ocrx_word' id='word_1_280' title='bbox 510 2243 597 2275; x_wconf 78' lang='lat' dir='ltr'>xitae.</span> <span class='ocrx_word' id='word_1_281' title='bbox 624 2236 852 2282; x_wconf 79' lang='lat' dir='ltr'>reprebendo.</span> <span class='ocrx_word' id='word_1_282' title='bbox 922 2236 1167 2279; x_wconf 83' lang='lat' dir='ltr'>l’rodigiosum</span> 
     </span>
     <span class='ocr_line' id='line_1_43' title="bbox 179 2288 1167 2331; baseline -0.011 -2"><span class='ocrx_word' id='word_1_283' title='bbox 179 2305 225 2329; x_wconf 77' lang='lat' dir='ltr'>est</span> <span class='ocrx_word' id='word_1_284' title='bbox 248 2297 280 2328; x_wconf 90' lang='lat' dir='ltr'>in</span> <span class='ocrx_word' id='word_1_285' title='bbox 302 2294 452 2328; x_wconf 76' lang='lat' dir='ltr'>Ecclesia</span> <span class='ocrx_word' id='word_1_286' title='bbox 473 2305 543 2325; x_wconf 66' lang='lat' dir='ltr'>esse</span> <span class='ocrx_word' id='word_1_287' title='bbox 562 2291 742 2329; x_wconf 83' lang='lat' dir='ltr'>sodalitia,</span> <span class='ocrx_word' id='word_1_288' title='bbox 772 2289 874 2331; x_wconf 86' lang='lat' dir='ltr'>regiis</span> <span class='ocrx_word' id='word_1_289' title='bbox 894 2288 1021 2331; x_wconf 91' lang='lat' dir='ltr'>opibus</span> <span class='ocrx_word' id='word_1_290' title='bbox 1040 2288 1167 2319; x_wconf 86' lang='lat' dir='ltr'>donata</span> 
     </span>
     <span class='ocr_line' id='line_1_44' title="bbox 179 2336 1168 2383; baseline -0.011 -3"><span class='ocrx_word' id='word_1_291' title='bbox 179 2350 220 2380; x_wconf 80' lang='lat' dir='ltr'>ad</span> <span class='ocrx_word' id='word_1_292' title='bbox 247 2345 328 2383; x_wconf 71' lang='lat' dir='ltr'>boc,</span> <span class='ocrx_word' id='word_1_293' title='bbox 357 2354 393 2379; x_wconf 91' lang='lat' dir='ltr'>ut</span> <span class='ocrx_word' id='word_1_294' title='bbox 421 2345 466 2377; x_wconf 87' lang='lat' dir='ltr'>ibi</span> <span class='ocrx_word' id='word_1_295' title='bbox 497 2342 655 2376; x_wconf 79' lang='lat' dir='ltr'>homiues</span> <span class='ocrx_word' id='word_1_296' title='bbox 676 2340 783 2373; x_wconf 87' lang='lat' dir='ltr'>ociosi</span> <span class='ocrx_word' id='word_1_297' title='bbox 806 2340 1020 2381; x_wconf 74' lang='lat' dir='ltr'>saginentur.</span> <span class='ocrx_word' id='word_1_298' title='bbox 1075 2336 1168 2370; x_wconf 86' lang='lat' dir='ltr'>llaec</span> 
     </span>
     <span class='ocr_line' id='line_1_45' title="bbox 179 2391 1170 2435; baseline -0.011 -4"><span class='ocrx_word' id='word_1_299' title='bbox 179 2398 340 2431; x_wconf 82' lang='lat' dir='ltr'>sodalitia</span> <span class='ocrx_word' id='word_1_300' title='bbox 369 2396 500 2429; x_wconf 72' lang='lat' dir='ltr'>etiamsi</span> <span class='ocrx_word' id='word_1_301' title='bbox 529 2401 676 2426; x_wconf 75' lang='lat' dir='ltr'>veterem</span> <span class='ocrx_word' id='word_1_302' title='bbox 702 2391 924 2435; x_wconf 87' lang='lat' dir='ltr'>disciplinam</span> <span class='ocrx_word' id='word_1_303' title='bbox 956 2395 1170 2424; x_wconf 68' lang='lat' dir='ltr'>revocarent,</span> 
     </span>
     <span class='ocr_line' id='line_1_46' title="bbox 180 2439 1169 2483; baseline -0.012 -1"><span class='ocrx_word' id='word_1_304' title='bbox 180 2457 294 2483; x_wconf 89' lang='lat' dir='ltr'>tamen</span> <span class='ocrx_word' id='word_1_305' title='bbox 314 2445 466 2480; x_wconf 77' lang='lat' dir='ltr'>Ecclesia</span> <span class='ocrx_word' id='word_1_306' title='bbox 496 2446 643 2478; x_wconf 87' lang='lat' dir='ltr'>tolerare</span> <span class='ocrx_word' id='word_1_307' title='bbox 669 2454 740 2475; x_wconf 90' lang='lat' dir='ltr'>non</span> <span class='ocrx_word' id='word_1_308' title='bbox 767 2443 880 2476; x_wconf 72' lang='lat' dir='ltr'>decet2</span> <span class='ocrx_word' id='word_1_309' title='bbox 910 2452 981 2472; x_wconf 87' lang='lat' dir='ltr'>non</span> <span class='ocrx_word' id='word_1_310' title='bbox 1008 2439 1101 2472; x_wconf 89' lang='lat' dir='ltr'>enim</span> <span class='ocrx_word' id='word_1_311' title='bbox 1127 2440 1169 2471; x_wconf 88' lang='lat' dir='ltr'>de</span> 
     </span>
     <span class='ocr_line' id='line_1_47' title="bbox 180 2490 1170 2541; baseline -0.012 -8"><span class='ocrx_word' id='word_1_312' title='bbox 180 2499 337 2533; x_wconf 84' lang='lat' dir='ltr'>moribus</span> <span class='ocrx_word' id='word_1_313' title='bbox 371 2497 555 2541; x_wconf 83' lang='lat' dir='ltr'>praecipua</span> <span class='ocrx_word' id='word_1_314' title='bbox 586 2502 635 2528; x_wconf 91' lang='lat' dir='ltr'>est</span> <span class='ocrx_word' id='word_1_315' title='bbox 666 2493 821 2538; x_wconf 85' lang='lat' dir='ltr'>quercla.</span> <span class='ocrx_word' id='word_1_316' title='bbox 886 2491 977 2524; x_wconf 84' lang='lat' dir='ltr'>illud</span> <span class='ocrx_word' id='word_1_317' title='bbox 1010 2490 1170 2535; x_wconf 84' lang='lat' dir='ltr'>queritur</span> 
     </span>
     <span class='ocr_line' id='line_1_48' title="bbox 181 2541 1168 2585; baseline -0.012 -2"><span class='ocrx_word' id='word_1_318' title='bbox 181 2551 332 2583; x_wconf 66' lang='lat' dir='ltr'>Lazarus</span> <span class='ocrx_word' id='word_1_319' title='bbox 361 2555 470 2580; x_wconf 87' lang='lat' dir='ltr'>totum</span> <span class='ocrx_word' id='word_1_320' title='bbox 509 2547 594 2578; x_wconf 90' lang='lat' dir='ltr'>illud</span> <span class='ocrx_word' id='word_1_321' title='bbox 628 2545 718 2577; x_wconf 63' lang='lat' dir='ltr'>viia«-</span> <span class='ocrx_word' id='word_1_322' title='bbox 754 2555 862 2585; x_wconf 80' lang='lat' dir='ltr'>genus</span> <span class='ocrx_word' id='word_1_323' title='bbox 893 2541 1168 2575; x_wconf 81' lang='lat' dir='ltr'>contaminatum</span> 
     </span>
     <span class='ocr_line' id='line_1_49' title="bbox 179 2589 1170 2640; baseline -0.013 -6"><span class='ocrx_word' id='word_1_324' title='bbox 179 2614 249 2634; x_wconf 81' lang='lat' dir='ltr'>esse</span> <span class='ocrx_word' id='word_1_325' title='bbox 275 2599 434 2632; x_wconf 78' lang='lat' dir='ltr'>idolatria</span> <span class='ocrx_word' id='word_1_326' title='bbox 450 2625 456 2635; x_wconf 76' lang='grc'>,</span> <span class='ocrx_word' id='word_1_327' title='bbox 485 2610 520 2629; x_wconf 81' lang='lat' dir='ltr'>ac</span> <span class='ocrx_word' id='word_1_328' title='bbox 548 2603 689 2640; x_wconf 82' lang='lat' dir='ltr'>propter</span> <span class='ocrx_word' id='word_1_329' title='bbox 711 2593 800 2627; x_wconf 85' lang='lat' dir='ltr'>banc</span> <span class='ocrx_word' id='word_1_330' title='bbox 819 2593 945 2634; x_wconf 77' lang='lat' dir='ltr'>negligi</span> <span class='ocrx_word' id='word_1_331' title='bbox 967 2593 1042 2636; x_wconf 88' lang='lat' dir='ltr'>pios</span> <span class='ocrx_word' id='word_1_332' title='bbox 1059 2589 1170 2625; x_wconf 70' lang='lat' dir='ltr'>Sebo-</span> 
     </span>
     <span class='ocr_line' id='line_1_50' title="bbox 181 2642 1171 2692; baseline -0.011 -8"><span class='ocrx_word' id='word_1_333' title='bbox 181 2653 335 2689; x_wconf 55' lang='lat' dir='ltr'>tmuium,</span> <span class='ocrx_word' id='word_1_334' title='bbox 361 2663 397 2682; x_wconf 74' lang='lat' dir='ltr'>ac</span> <span class='ocrx_word' id='word_1_335' title='bbox 426 2655 577 2692; x_wconf 65' lang='lat' dir='ltr'>pastores</span> <span class='ocrx_word' id='word_1_336' title='bbox 595 2645 847 2680; x_wconf 74' lang='lat' dir='ltr'>Ecclesiarum.</span> <span class='ocrx_word' id='word_1_337' title='bbox 876 2643 1082 2687; x_wconf 82' lang='lat' dir='ltr'>debitasque</span> <span class='ocrx_word' id='word_1_338' title='bbox 1102 2642 1171 2674; x_wconf 82' lang='lat' dir='ltr'>illis</span> 
     </span>
     <span class='ocr_line' id='line_1_51' title="bbox 179 2693 1171 2741; baseline -0.01 -6"><span class='ocrx_word' id='word_1_339' title='bbox 179 2703 353 2735; x_wconf 69' lang='lat' dir='ltr'>vtt⁴·t‹&#39;t&#39;tl·&#39;s</span> <span class='ocrx_word' id='word_1_340' title='bbox 386 2701 419 2732; x_wconf 93' lang='lat' dir='ltr'>iu</span> <span class='ocrx_word' id='word_1_341' title='bbox 454 2699 525 2731; x_wconf 80' lang='lat' dir='ltr'>istis</span> <span class='ocrx_word' id='word_1_342' title='bbox 559 2696 773 2741; x_wconf 76' lang='lat' dir='ltr'>sumptuosis</span> <span class='ocrx_word' id='word_1_343' title='bbox 803 2694 975 2730; x_wconf 81' lang='lat' dir='ltr'>sodalitiis</span> <span class='ocrx_word' id='word_1_344' title='bbox 998 2693 1171 2730; x_wconf 63' lang='lat' dir='ltr'>‹tex-orari,</span> 
     </span>
    </p>
   </div>
   <div class='ocr_carea' id='block_1_3' title="bbox 747 118 1600 166">
    <p class='ocr_par' dir='ltr' id='par_1_3' title="bbox 747 118 1600 166">
     <span class='ocr_line' id='line_1_52' title="bbox 747 118 1600 166; baseline -0.005 -7"><span class='ocrx_word' id='word_1_345' title='bbox 747 123 905 160; x_wconf 89' lang='lat' dir='ltr'>DECL.</span> <span class='ocrx_word' id='word_1_346' title='bbox 944 120 1017 157; x_wconf 84' lang='lat' dir='ltr'>DE</span> <span class='ocrx_word' id='word_1_347' title='bbox 1053 119 1332 166; x_wconf 71' lang='lat' dir='ltr'>QUERELA</span> <span class='ocrx_word' id='word_1_348' title='bbox 1367 118 1600 155; x_wconf 84' lang='lat' dir='ltr'><strong>LAZARI.</strong></span> 
     </span>
    </p>
   </div>
   <div class='ocr_carea' id='block_1_4' title="bbox 2119 122 2192 162">
    <p class='ocr_par' dir='ltr' id='par_1_4' title="bbox 2119 122 2192 162">
     <span class='ocr_line' id='line_1_53' title="bbox 2119 122 2192 162; baseline 0.055 -4"><span class='ocrx_word' id='word_1_349' title='bbox 2119 122 2192 162; x_wconf 78' lang='lat'>428</span> 
     </span>
    </p>
   </div>
   <div class='ocr_carea' id='block_1_5' title="bbox 1205 203 2212 2739">
    <p class='ocr_par' dir='ltr' id='par_1_5' title="bbox 1205 203 2212 2739">
     <span class='ocr_line' id='line_1_54' title="bbox 1205 203 2196 249; baseline 0.001 -8"><span class='ocrx_word' id='word_1_350' title='bbox 1205 207 1314 241; x_wconf 85' lang='lat' dir='ltr'>deleri</span> <span class='ocrx_word' id='word_1_351' title='bbox 1332 205 1447 239; x_wconf 91' lang='lat' dir='ltr'>studia</span> <span class='ocrx_word' id='word_1_352' title='bbox 1464 205 1645 239; x_wconf 86' lang='lat' dir='ltr'>doetrinae</span> <span class='ocrx_word' id='word_1_353' title='bbox 1661 203 1882 241; x_wconf 86' lang='lat' dir='ltr'>Christianae</span> <span class='ocrx_word' id='word_1_354' title='bbox 1893 234 1903 249; x_wconf 93' lang='lat'>,</span> <span class='ocrx_word' id='word_1_355' title='bbox 1929 219 1968 242; x_wconf 89' lang='lat' dir='ltr'>ac</span> <span class='ocrx_word' id='word_1_356' title='bbox 1985 207 2135 242; x_wconf 89' lang='lat' dir='ltr'>aliarum</span> <span class='ocrx_word' id='word_1_357' title='bbox 2150 209 2196 242; x_wconf 84' lang='lat' dir='ltr'>li-</span> 
     </span>
     <span class='ocr_line' id='line_1_55' title="bbox 1206 255 2197 303; baseline 0.001 -11"><span class='ocrx_word' id='word_1_358' title='bbox 1206 266 1371 292; x_wconf 88' lang='lat' dir='ltr'>terarum.</span> <span class='ocrx_word' id='word_1_359' title='bbox 1435 255 1517 290; x_wconf 68' lang='lat' dir='ltr'>Non</span> <span class='ocrx_word' id='word_1_360' title='bbox 1543 268 1717 300; x_wconf 87' lang='lat' dir='ltr'>compono</span> <span class='ocrx_word' id='word_1_361' title='bbox 1738 264 1910 303; x_wconf 83' lang='lat' dir='ltr'>satyram,</span> <span class='ocrx_word' id='word_1_362' title='bbox 1943 271 2017 293; x_wconf 91' lang='lat' dir='ltr'>non</span> <span class='ocrx_word' id='word_1_363' title='bbox 2042 271 2197 293; x_wconf 82' lang='lat' dir='ltr'>comme-</span> 
     </span>
     <span class='ocr_line' id='line_1_56' title="bbox 1206 307 2198 352; baseline 0.002 -10"><span class='ocrx_word' id='word_1_364' title='bbox 1206 309 1352 342; x_wconf 87' lang='lat' dir='ltr'>morabo</span> <span class='ocrx_word' id='word_1_365' title='bbox 1376 318 1499 340; x_wconf 89' lang='lat' dir='ltr'>eorum</span> <span class='ocrx_word' id='word_1_366' title='bbox 1521 307 1672 350; x_wconf 85' lang='lat' dir='ltr'>flagitia,</span> <span class='ocrx_word' id='word_1_367' title='bbox 1698 319 1786 352; x_wconf 88' lang='lat' dir='ltr'>quae</span> <span class='ocrx_word' id='word_1_368' title='bbox 1804 311 2000 344; x_wconf 85' lang='lat' dir='ltr'>verecunde</span> <span class='ocrx_word' id='word_1_369' title='bbox 2018 310 2198 344; x_wconf 86' lang='lat' dir='ltr'>nominari</span> 
     </span>
     <span class='ocr_line' id='line_1_57' title="bbox 1207 358 2197 403; baseline 0.002 -10"><span class='ocrx_word' id='word_1_370' title='bbox 1207 372 1279 393; x_wconf 92' lang='lat' dir='ltr'>non</span> <span class='ocrx_word' id='word_1_371' title='bbox 1299 364 1460 403; x_wconf 82' lang='lat' dir='ltr'>possunt3</span> <span class='ocrx_word' id='word_1_372' title='bbox 1486 369 1568 391; x_wconf 87' lang='lat' dir='ltr'>nam</span> <span class='ocrx_word' id='word_1_373' title='bbox 1586 358 1744 392; x_wconf 88' lang='lat' dir='ltr'>modesta</span> <span class='ocrx_word' id='word_1_374' title='bbox 1760 359 1901 402; x_wconf 84' lang='lat' dir='ltr'>ingenia</span> <span class='ocrx_word' id='word_1_375' title='bbox 1917 372 1990 394; x_wconf 89' lang='lat' dir='ltr'>non</span> <span class='ocrx_word' id='word_1_376' title='bbox 2005 367 2142 395; x_wconf 88' lang='lat' dir='ltr'>tantum</span> <span class='ocrx_word' id='word_1_377' title='bbox 2158 361 2197 394; x_wconf 90' lang='lat' dir='ltr'>in</span> 
     </span>
     <span class='ocr_line' id='line_1_58' title="bbox 1208 409 2197 452; baseline 0.003 -9"><span class='ocrx_word' id='word_1_378' title='bbox 1208 410 1387 452; x_wconf 89' lang='lat' dir='ltr'>moribus,</span> <span class='ocrx_word' id='word_1_379' title='bbox 1408 409 1469 442; x_wconf 87' lang='lat' dir='ltr'>sed</span> <span class='ocrx_word' id='word_1_380' title='bbox 1491 409 1595 442; x_wconf 89' lang='lat' dir='ltr'>etiam</span> <span class='ocrx_word' id='word_1_381' title='bbox 1618 409 1656 442; x_wconf 89' lang='lat' dir='ltr'>in</span> <span class='ocrx_word' id='word_1_382' title='bbox 1676 420 1837 443; x_wconf 87' lang='lat' dir='ltr'>sermone</span> <span class='ocrx_word' id='word_1_383' title='bbox 1852 410 2124 445; x_wconf 85' lang='lat' dir='ltr'>obscoenitatem</span> <span class='ocrx_word' id='word_1_384' title='bbox 2140 413 2197 446; x_wconf 83' lang='lat' dir='ltr'>fu-</span> 
     </span>
     <span class='ocr_line' id='line_1_59' title="bbox 1208 457 2198 508; baseline 0.002 -14"><span class='ocrx_word' id='word_1_385' title='bbox 1208 473 1287 504; x_wconf 86' lang='lat' dir='ltr'>gere</span> <span class='ocrx_word' id='word_1_386' title='bbox 1303 461 1410 494; x_wconf 89' lang='lat' dir='ltr'>decet.</span> <span class='ocrx_word' id='word_1_387' title='bbox 1445 457 1546 493; x_wconf 81' lang='lat' dir='ltr'>Nihil</span> <span class='ocrx_word' id='word_1_388' title='bbox 1562 460 1676 493; x_wconf 89' lang='lat' dir='ltr'>dicam</span> <span class='ocrx_word' id='word_1_389' title='bbox 1695 461 1738 493; x_wconf 92' lang='lat' dir='ltr'>de</span> <span class='ocrx_word' id='word_1_390' title='bbox 1754 460 1872 494; x_wconf 83' lang='lat' dir='ltr'>coenis</span> <span class='ocrx_word' id='word_1_391' title='bbox 1881 460 2094 507; x_wconf 79' lang='lat' dir='ltr'>Tyberianis</span> <span class='ocrx_word' id='word_1_392' title='bbox 2107 475 2198 508; x_wconf 92' lang='lat' dir='ltr'>quo-</span> 
     </span>
     <span class='ocr_line' id='line_1_60' title="bbox 1209 510 2199 556; baseline 0.001 -11"><span class='ocrx_word' id='word_1_393' title='bbox 1209 512 1381 552; x_wconf 83' lang='lat' dir='ltr'>rundam,</span> <span class='ocrx_word' id='word_1_394' title='bbox 1411 510 1472 555; x_wconf 89' lang='lat' dir='ltr'>qui</span> <span class='ocrx_word' id='word_1_395' title='bbox 1496 511 1610 544; x_wconf 91' lang='lat' dir='ltr'>nudas</span> <span class='ocrx_word' id='word_1_396' title='bbox 1635 511 1769 555; x_wconf 89' lang='lat' dir='ltr'>puellas</span> <span class='ocrx_word' id='word_1_397' title='bbox 1791 511 1916 545; x_wconf 87' lang='lat' dir='ltr'>saltare</span> <span class='ocrx_word' id='word_1_398' title='bbox 1939 512 1984 545; x_wconf 87' lang='lat' dir='ltr'>ad</span> <span class='ocrx_word' id='word_1_399' title='bbox 2007 513 2126 556; x_wconf 84' lang='lat' dir='ltr'>epulas</span> <span class='ocrx_word' id='word_1_400' title='bbox 2142 513 2199 547; x_wconf 88' lang='lat' dir='ltr'>iu-</span> 
     </span>
     <span class='ocr_line' id='line_1_61' title="bbox 1209 560 2200 606; baseline 0 -10"><span class='ocrx_word' id='word_1_401' title='bbox 1209 564 1304 597; x_wconf 90' lang='lat' dir='ltr'>bent.</span> <span class='ocrx_word' id='word_1_402' title='bbox 1363 560 1480 595; x_wconf 86' lang='lat' dir='ltr'>Multa</span> <span class='ocrx_word' id='word_1_403' title='bbox 1506 561 1707 606; x_wconf 86' lang='lat' dir='ltr'>prodigiosa</span> <span class='ocrx_word' id='word_1_404' title='bbox 1732 569 1924 606; x_wconf 84' lang='lat' dir='ltr'>praetereo.</span> <span class='ocrx_word' id='word_1_405' title='bbox 1982 561 2034 596; x_wconf 92' lang='lat' dir='ltr'>Ac</span> <span class='ocrx_word' id='word_1_406' title='bbox 2055 574 2100 596; x_wconf 86' lang='lat' dir='ltr'>ne</span> <span class='ocrx_word' id='word_1_407' title='bbox 2123 563 2200 596; x_wconf 86' lang='lat' dir='ltr'>fieri</span> 
     </span>
     <span class='ocr_line' id='line_1_62' title="bbox 1211 612 2200 659; baseline -0.001 -12"><span class='ocrx_word' id='word_1_408' title='bbox 1211 614 1352 659; x_wconf 88' lang='lat' dir='ltr'>quidem</span> <span class='ocrx_word' id='word_1_409' title='bbox 1376 619 1507 656; x_wconf 83' lang='lat' dir='ltr'>potest,</span> <span class='ocrx_word' id='word_1_410' title='bbox 1540 612 1628 657; x_wconf 87' lang='lat' dir='ltr'>quin</span> <span class='ocrx_word' id='word_1_411' title='bbox 1653 613 1789 651; x_wconf 89' lang='lat' dir='ltr'>ocium,</span> <span class='ocrx_word' id='word_1_412' title='bbox 1823 613 2024 658; x_wconf 89' lang='lat' dir='ltr'>opulentia,</span> <span class='ocrx_word' id='word_1_413' title='bbox 2050 613 2200 655; x_wconf 85' lang='lat' dir='ltr'>inscitia,</span> 
     </span>
     <span class='ocr_line' id='line_1_63' title="bbox 1211 663 2202 708; baseline 0.001 -11"><span class='ocrx_word' id='word_1_414' title='bbox 1211 670 1430 707; x_wconf 86' lang='lat' dir='ltr'>contemptus</span> <span class='ocrx_word' id='word_1_415' title='bbox 1446 663 1640 707; x_wconf 78' lang='lat' dir='ltr'>religionis,</span> <span class='ocrx_word' id='word_1_416' title='bbox 1668 663 1809 708; x_wconf 89' lang='lat' dir='ltr'>pariant</span> <span class='ocrx_word' id='word_1_417' title='bbox 1823 664 1938 697; x_wconf 89' lang='lat' dir='ltr'>omnis</span> <span class='ocrx_word' id='word_1_418' title='bbox 1951 664 2089 708; x_wconf 87' lang='lat' dir='ltr'>generis</span> <span class='ocrx_word' id='word_1_419' title='bbox 2105 664 2202 698; x_wconf 80' lang='lat' dir='ltr'>vitia.</span> 
     </span>
     <span class='ocr_line' id='line_1_64' title="bbox 1213 714 2201 758; baseline 0.001 -11"><span class='ocrx_word' id='word_1_420' title='bbox 1213 714 1367 747; x_wconf 86' lang='lat' dir='ltr'>Maxima</span> <span class='ocrx_word' id='word_1_421' title='bbox 1392 726 1473 757; x_wconf 90' lang='lat' dir='ltr'>pars</span> <span class='ocrx_word' id='word_1_422' title='bbox 1495 721 1633 749; x_wconf 89' lang='lat' dir='ltr'>tantum</span> <span class='ocrx_word' id='word_1_423' title='bbox 1657 714 1758 757; x_wconf 88' lang='lat' dir='ltr'>gulae</span> <span class='ocrx_word' id='word_1_424' title='bbox 1781 722 1814 749; x_wconf 88' lang='lat' dir='ltr'>et</span> <span class='ocrx_word' id='word_1_425' title='bbox 1837 715 2019 748; x_wconf 87' lang='lat' dir='ltr'>obscoenis</span> <span class='ocrx_word' id='word_1_426' title='bbox 2038 714 2201 758; x_wconf 87' lang='lat' dir='ltr'>volupta-</span> 
     </span>
     <span class='ocr_line' id='line_1_65' title="bbox 1213 765 2202 809; baseline 0.002 -12"><span class='ocrx_word' id='word_1_427' title='bbox 1213 765 1306 798; x_wconf 87' lang='lat' dir='ltr'>tibus</span> <span class='ocrx_word' id='word_1_428' title='bbox 1337 765 1452 798; x_wconf 91' lang='lat' dir='ltr'>dedita</span> <span class='ocrx_word' id='word_1_429' title='bbox 1483 771 1550 798; x_wconf 88' lang='lat' dir='ltr'>est:</span> <span class='ocrx_word' id='word_1_430' title='bbox 1581 765 1643 798; x_wconf 89' lang='lat' dir='ltr'>alii</span> <span class='ocrx_word' id='word_1_431' title='bbox 1666 765 1774 808; x_wconf 87' lang='lat' dir='ltr'>magis</span> <span class='ocrx_word' id='word_1_432' title='bbox 1797 766 1950 807; x_wconf 87' lang='lat' dir='ltr'>strenui,</span> <span class='ocrx_word' id='word_1_433' title='bbox 1983 772 2018 799; x_wconf 87' lang='lat' dir='ltr'>et</span> <span class='ocrx_word' id='word_1_434' title='bbox 2041 765 2202 809; x_wconf 81' lang='lat' dir='ltr'>occupati</span> 
     </span>
     <span class='ocr_line' id='line_1_66' title="bbox 1214 815 2202 861; baseline 0.002 -14"><span class='ocrx_word' id='word_1_435' title='bbox 1214 815 1367 858; x_wconf 83' lang='lat' dir='ltr'>negociis</span> <span class='ocrx_word' id='word_1_436' title='bbox 1389 815 1557 859; x_wconf 90' lang='lat' dir='ltr'>politicis,</span> <span class='ocrx_word' id='word_1_437' title='bbox 1591 823 1651 850; x_wconf 88' lang='lat' dir='ltr'>aut</span> <span class='ocrx_word' id='word_1_438' title='bbox 1673 817 1927 858; x_wconf 87' lang='lat' dir='ltr'>oeconomicis,</span> <span class='ocrx_word' id='word_1_439' title='bbox 1958 817 2058 851; x_wconf 90' lang='lat' dir='ltr'>alunt</span> <span class='ocrx_word' id='word_1_440' title='bbox 2082 827 2202 861; x_wconf 83' lang='lat' dir='ltr'>equos,</span> 
     </span>
     <span class='ocr_line' id='line_1_67' title="bbox 1214 867 2202 912; baseline 0.001 -14"><span class='ocrx_word' id='word_1_441' title='bbox 1214 873 1347 899; x_wconf 87' lang='lat' dir='ltr'>certant</span> <span class='ocrx_word' id='word_1_442' title='bbox 1363 873 1505 909; x_wconf 89' lang='lat' dir='ltr'>sumptu</span> <span class='ocrx_word' id='word_1_443' title='bbox 1520 873 1551 900; x_wconf 91' lang='lat' dir='ltr'>et</span> <span class='ocrx_word' id='word_1_444' title='bbox 1568 867 1755 910; x_wconf 89' lang='lat' dir='ltr'>splendore</span> <span class='ocrx_word' id='word_1_445' title='bbox 1771 879 1849 901; x_wconf 81' lang='lat' dir='ltr'>curn</span> <span class='ocrx_word' id='word_1_446' title='bbox 1866 867 2029 912; x_wconf 86' lang='lat' dir='ltr'>satrapis:</span> <span class='ocrx_word' id='word_1_447' title='bbox 2058 867 2202 912; x_wconf 87' lang='lat' dir='ltr'>quidam</span> 
     </span>
     <span class='ocr_line' id='line_1_68' title="bbox 1213 914 2204 959; baseline 0 -9"><span class='ocrx_word' id='word_1_448' title='bbox 1213 917 1316 951; x_wconf 90' lang='lat' dir='ltr'>etiam</span> <span class='ocrx_word' id='word_1_449' title='bbox 1343 928 1415 950; x_wconf 91' lang='lat' dir='ltr'>non</span> <span class='ocrx_word' id='word_1_450' title='bbox 1440 914 1634 950; x_wconf 84' lang='lat' dir='ltr'>abhorrent</span> <span class='ocrx_word' id='word_1_451' title='bbox 1657 929 1676 950; x_wconf 95' lang='lat' dir='ltr'>a</span> <span class='ocrx_word' id='word_1_452' title='bbox 1700 918 1828 959; x_wconf 89' lang='lat' dir='ltr'>literis,</span> <span class='ocrx_word' id='word_1_453' title='bbox 1869 930 1942 952; x_wconf 89' lang='lat' dir='ltr'>non</span> <span class='ocrx_word' id='word_1_454' title='bbox 1964 925 2004 952; x_wconf 86' lang='lat' dir='ltr'>nt</span> <span class='ocrx_word' id='word_1_455' title='bbox 2027 916 2204 951; x_wconf 86' lang='lat' dir='ltr'>Ecclesiae</span> 
     </span>
     <span class='ocr_line' id='line_1_69' title="bbox 1214 965 2202 1012; baseline -0.001 -11"><span class='ocrx_word' id='word_1_456' title='bbox 1214 967 1386 1008; x_wconf 83' lang='lat' dir='ltr'>serviant,</span> <span class='ocrx_word' id='word_1_457' title='bbox 1412 969 1471 1000; x_wconf 94' lang='lat' dir='ltr'>sed</span> <span class='ocrx_word' id='word_1_458' title='bbox 1494 974 1534 1001; x_wconf 88' lang='lat' dir='ltr'>ut.</span> <span class='ocrx_word' id='word_1_459' title='bbox 1553 968 1688 1001; x_wconf 90' lang='lat' dir='ltr'>aditum</span> <span class='ocrx_word' id='word_1_460' title='bbox 1712 965 1864 1003; x_wconf 86' lang='lat' dir='ltr'>habeant</span> <span class='ocrx_word' id='word_1_461' title='bbox 1880 970 1923 1002; x_wconf 91' lang='lat' dir='ltr'>ad</span> <span class='ocrx_word' id='word_1_462' title='bbox 1941 969 2146 1012; x_wconf 87' lang='lat' dir='ltr'>dignitatern</span> <span class='ocrx_word' id='word_1_463' title='bbox 2164 967 2202 1000; x_wconf 91' lang='lat' dir='ltr'>in</span> 
     </span>
     <span class='ocr_line' id='line_1_70' title="bbox 1214 1018 2204 1062; baseline -0.001 -10"><span class='ocrx_word' id='word_1_464' title='bbox 1214 1019 1323 1058; x_wconf 84' lang='lat' dir='ltr'>aulis,</span> <span class='ocrx_word' id='word_1_465' title='bbox 1350 1018 1443 1051; x_wconf 89' lang='lat' dir='ltr'>inter</span> <span class='ocrx_word' id='word_1_466' title='bbox 1463 1030 1640 1062; x_wconf 88' lang='lat' dir='ltr'>proceres:</span> <span class='ocrx_word' id='word_1_467' title='bbox 1668 1020 1836 1052; x_wconf 90' lang='lat' dir='ltr'>nonnulli</span> <span class='ocrx_word' id='word_1_468' title='bbox 1859 1020 2094 1053; x_wconf 89' lang='lat' dir='ltr'>eruditionem</span> <span class='ocrx_word' id='word_1_469' title='bbox 2119 1031 2204 1052; x_wconf 91' lang='lat' dir='ltr'>con-</span> 
     </span>
     <span class='ocr_line' id='line_1_71' title="bbox 1213 1067 2204 1113; baseline 0 -11"><span class='ocrx_word' id='word_1_470' title='bbox 1213 1070 1332 1102; x_wconf 83' lang='lat' dir='ltr'>serunt</span> <span class='ocrx_word' id='word_1_471' title='bbox 1354 1070 1397 1102; x_wconf 91' lang='lat' dir='ltr'>ad</span> <span class='ocrx_word' id='word_1_472' title='bbox 1419 1070 1611 1113; x_wconf 89' lang='lat' dir='ltr'>perniciem</span> <span class='ocrx_word' id='word_1_473' title='bbox 1634 1067 1822 1104; x_wconf 84' lang='lat' dir='ltr'>Ecclesiae.</span> <span class='ocrx_word' id='word_1_474' title='bbox 1879 1069 1984 1104; x_wconf 86' lang='lat' dir='ltr'>Certe</span> <span class='ocrx_word' id='word_1_475' title='bbox 2006 1070 2063 1103; x_wconf 88' lang='lat' dir='ltr'>isti</span> <span class='ocrx_word' id='word_1_476' title='bbox 2085 1068 2204 1113; x_wconf 83' lang='lat' dir='ltr'>generi</span> 
     </span>
     <span class='ocr_line' id='line_1_72' title="bbox 1215 1118 2203 1161; baseline 0.001 -9"><span class='ocrx_word' id='word_1_477' title='bbox 1215 1118 1400 1153; x_wconf 86' lang='lat' dir='ltr'>bominum</span> <span class='ocrx_word' id='word_1_478' title='bbox 1431 1132 1470 1153; x_wconf 89' lang='lat' dir='ltr'>ac</span> <span class='ocrx_word' id='word_1_479' title='bbox 1501 1120 1637 1161; x_wconf 88' lang='lat' dir='ltr'>ordini,</span> <span class='ocrx_word' id='word_1_480' title='bbox 1673 1132 1746 1153; x_wconf 91' lang='lat' dir='ltr'>non</span> <span class='ocrx_word' id='word_1_481' title='bbox 1768 1128 1818 1155; x_wconf 90' lang='lat' dir='ltr'>est</span> <span class='ocrx_word' id='word_1_482' title='bbox 1843 1133 1946 1155; x_wconf 91' lang='lat' dir='ltr'>curae</span> <span class='ocrx_word' id='word_1_483' title='bbox 1967 1120 2203 1153; x_wconf 89' lang='lat' dir='ltr'>ministerium</span> 
     </span>
     <span class='ocr_line' id='line_1_73' title="bbox 1214 1169 2204 1216; baseline 0.001 -14"><span class='ocrx_word' id='word_1_484' title='bbox 1214 1169 1419 1212; x_wconf 84' lang='lat' dir='ltr'>Evangelii,</span> <span class='ocrx_word' id='word_1_485' title='bbox 1453 1182 1517 1203; x_wconf 90' lang='lat' dir='ltr'>nec</span> <span class='ocrx_word' id='word_1_486' title='bbox 1549 1177 1704 1214; x_wconf 88' lang='lat' dir='ltr'>pastores</span> <span class='ocrx_word' id='word_1_487' title='bbox 1735 1179 1910 1216; x_wconf 86' lang='lat' dir='ltr'>quaerunt</span> <span class='ocrx_word' id='word_1_488' title='bbox 1939 1172 2106 1211; x_wconf 90' lang='lat' dir='ltr'>idoneos,</span> <span class='ocrx_word' id='word_1_489' title='bbox 2139 1181 2204 1204; x_wconf 86' lang='lat' dir='ltr'>nec</span> 
     </span>
     <span class='ocr_line' id='line_1_74' title="bbox 1215 1220 2205 1260; baseline 0 -6"><span class='ocrx_word' id='word_1_490' title='bbox 1215 1222 1387 1254; x_wconf 89' lang='lat' dir='ltr'>discentes</span> <span class='ocrx_word' id='word_1_491' title='bbox 1412 1221 1599 1260; x_wconf 88' lang='lat' dir='ltr'>adiuvant,</span> <span class='ocrx_word' id='word_1_492' title='bbox 1634 1233 1697 1254; x_wconf 92' lang='lat' dir='ltr'>nec</span> <span class='ocrx_word' id='word_1_493' title='bbox 1720 1223 1764 1254; x_wconf 87' lang='lat' dir='ltr'>ad</span> <span class='ocrx_word' id='word_1_494' title='bbox 1788 1220 1883 1256; x_wconf 89' lang='lat' dir='ltr'>bunc</span> <span class='ocrx_word' id='word_1_495' title='bbox 1905 1234 2008 1255; x_wconf 90' lang='lat' dir='ltr'>usum</span> <span class='ocrx_word' id='word_1_496' title='bbox 2031 1221 2146 1255; x_wconf 89' lang='lat' dir='ltr'>decidi</span> <span class='ocrx_word' id='word_1_497' title='bbox 2171 1227 2205 1254; x_wconf 88' lang='lat' dir='ltr'>et</span> 
     </span>
     <span class='ocr_line' id='line_1_75' title="bbox 1215 1271 2205 1317; baseline -0.001 -12"><span class='ocrx_word' id='word_1_498' title='bbox 1215 1272 1337 1305; x_wconf 86' lang='lat' dir='ltr'>abradi</span> <span class='ocrx_word' id='word_1_499' title='bbox 1359 1271 1493 1316; x_wconf 87' lang='lat' dir='ltr'>aliquid</span> <span class='ocrx_word' id='word_1_500' title='bbox 1519 1273 1562 1305; x_wconf 88' lang='lat' dir='ltr'>de</span> <span class='ocrx_word' id='word_1_501' title='bbox 1584 1272 1656 1305; x_wconf 87' lang='lat' dir='ltr'>suis</span> <span class='ocrx_word' id='word_1_502' title='bbox 1675 1273 1900 1306; x_wconf 86' lang='lat' dir='ltr'>facultatibus</span> <span class='ocrx_word' id='word_1_503' title='bbox 1916 1273 2114 1317; x_wconf 89' lang='lat' dir='ltr'>patiuntur:</span> <span class='ocrx_word' id='word_1_504' title='bbox 2143 1273 2205 1305; x_wconf 89' lang='lat' dir='ltr'>de-</span> 
     </span>
     <span class='ocr_line' id='line_1_76' title="bbox 1215 1320 2205 1366; baseline 0.001 -12"><span class='ocrx_word' id='word_1_505' title='bbox 1215 1323 1324 1366; x_wconf 85' lang='lat' dir='ltr'>nique</span> <span class='ocrx_word' id='word_1_506' title='bbox 1347 1322 1598 1366; x_wconf 84' lang='lat' dir='ltr'>conspirarunt</span> <span class='ocrx_word' id='word_1_507' title='bbox 1619 1323 1662 1356; x_wconf 88' lang='lat' dir='ltr'>ad</span> <span class='ocrx_word' id='word_1_508' title='bbox 1682 1324 1866 1356; x_wconf 87' lang='lat' dir='ltr'>delendam</span> <span class='ocrx_word' id='word_1_509' title='bbox 1886 1324 2081 1357; x_wconf 81' lang='lat' dir='ltr'>doctrinam</span> <span class='ocrx_word' id='word_1_510' title='bbox 2098 1320 2205 1357; x_wconf 87' lang='lat' dir='ltr'>Chri·</span> 
     </span>
     <span class='ocr_line' id='line_1_77' title="bbox 1217 1372 2205 1417; baseline 0.001 -12"><span class='ocrx_word' id='word_1_511' title='bbox 1217 1373 1378 1413; x_wconf 87' lang='lat' dir='ltr'>stianam,</span> <span class='ocrx_word' id='word_1_512' title='bbox 1406 1372 1752 1416; x_wconf 84' lang='lat' dir='ltr'>accenduntRegum</span> <span class='ocrx_word' id='word_1_513' title='bbox 1770 1375 2026 1414; x_wconf 86' lang='lat' dir='ltr'>crudelitatem,</span> <span class='ocrx_word' id='word_1_514' title='bbox 2054 1386 2091 1406; x_wconf 92' lang='lat' dir='ltr'>ac</span> <span class='ocrx_word' id='word_1_515' title='bbox 2107 1379 2205 1417; x_wconf 88' lang='lat' dir='ltr'>post-</span> 
     </span>
     <span class='ocr_line' id='line_1_78' title="bbox 1216 1422 2206 1468; baseline -0.001 -11"><span class='ocrx_word' id='word_1_516' title='bbox 1216 1436 1254 1457; x_wconf 88' lang='lat' dir='ltr'>ea</span> <span class='ocrx_word' id='word_1_517' title='bbox 1279 1435 1314 1456; x_wconf 90' lang='lat' dir='ltr'>se</span> <span class='ocrx_word' id='word_1_518' title='bbox 1336 1424 1522 1457; x_wconf 90' lang='lat' dir='ltr'>nominant</span> <span class='ocrx_word' id='word_1_519' title='bbox 1539 1422 1716 1458; x_wconf 87' lang='lat' dir='ltr'>Ecclesiae</span> <span class='ocrx_word' id='word_1_520' title='bbox 1737 1426 2002 1468; x_wconf 84' lang='lat' dir='ltr'>gubernatores:</span> <span class='ocrx_word' id='word_1_521' title='bbox 2030 1424 2102 1457; x_wconf 88' lang='lat' dir='ltr'>imo</span> <span class='ocrx_word' id='word_1_522' title='bbox 2121 1435 2206 1456; x_wconf 92' lang='lat' dir='ltr'>con-</span> 
     </span>
     <span class='ocr_line' id='line_1_79' title="bbox 1217 1475 2207 1519; baseline 0 -12"><span class='ocrx_word' id='word_1_523' title='bbox 1217 1481 1282 1508; x_wconf 90' lang='lat' dir='ltr'>stat</span> <span class='ocrx_word' id='word_1_524' title='bbox 1304 1486 1426 1507; x_wconf 82' lang='lat' dir='ltr'>omnes</span> <span class='ocrx_word' id='word_1_525' title='bbox 1450 1475 1498 1507; x_wconf 89' lang='lat' dir='ltr'>sic</span> <span class='ocrx_word' id='word_1_526' title='bbox 1521 1475 1675 1508; x_wconf 81' lang='lat' dir='ltr'>adfectos</span> <span class='ocrx_word' id='word_1_527' title='bbox 1696 1487 1784 1516; x_wconf 87' lang='lat' dir='ltr'>esse,</span> <span class='ocrx_word' id='word_1_528' title='bbox 1812 1477 1929 1519; x_wconf 89' lang='lat' dir='ltr'>potius</span> <span class='ocrx_word' id='word_1_529' title='bbox 1947 1482 1984 1509; x_wconf 91' lang='lat' dir='ltr'>ut</span> <span class='ocrx_word' id='word_1_530' title='bbox 2000 1475 2123 1508; x_wconf 89' lang='lat' dir='ltr'>malint</span> <span class='ocrx_word' id='word_1_531' title='bbox 2139 1486 2207 1507; x_wconf 86' lang='lat' dir='ltr'>no-</span> 
     </span>
     <span class='ocr_line' id='line_1_80' title="bbox 1216 1522 2207 1571; baseline -0.001 -13"><span class='ocrx_word' id='word_1_532' title='bbox 1216 1538 1296 1558; x_wconf 92' lang='lat' dir='ltr'>men</span> <span class='ocrx_word' id='word_1_533' title='bbox 1320 1522 1563 1559; x_wconf 85' lang='lat' dir='ltr'>Christianum</span> <span class='ocrx_word' id='word_1_534' title='bbox 1592 1526 1752 1560; x_wconf 84' lang='lat' dir='ltr'>funditus</span> <span class='ocrx_word' id='word_1_535' title='bbox 1776 1526 1906 1567; x_wconf 91' lang='lat' dir='ltr'>deleri,</span> <span class='ocrx_word' id='word_1_536' title='bbox 1942 1538 2046 1571; x_wconf 87' lang='lat' dir='ltr'>quam</span> <span class='ocrx_word' id='word_1_537' title='bbox 2070 1525 2207 1570; x_wconf 91' lang='lat' dir='ltr'>aliquid</span> 
     </span>
     <span class='ocr_line' id='line_1_81' title="bbox 1217 1576 2208 1620; baseline 0 -12"><span class='ocrx_word' id='word_1_538' title='bbox 1217 1577 1259 1608; x_wconf 89' lang='lat' dir='ltr'>de</span> <span class='ocrx_word' id='word_1_539' title='bbox 1279 1576 1467 1620; x_wconf 73' lang='lat' dir='ltr'>tyrannide</span> <span class='ocrx_word' id='word_1_540' title='bbox 1483 1577 1669 1610; x_wconf 90' lang='lat' dir='ltr'>remittere.</span> <span class='ocrx_word' id='word_1_541' title='bbox 1720 1576 1766 1610; x_wconf 86' lang='lat' dir='ltr'>Et</span> <span class='ocrx_word' id='word_1_542' title='bbox 1784 1578 1901 1610; x_wconf 86' lang='lat' dir='ltr'>literas</span> <span class='ocrx_word' id='word_1_543' title='bbox 1917 1588 2038 1610; x_wconf 89' lang='lat' dir='ltr'>omnes</span> <span class='ocrx_word' id='word_1_544' title='bbox 2055 1577 2208 1609; x_wconf 86' lang='lat' dir='ltr'>oderunt</span> 
     </span>
     <span class='ocr_line' id='line_1_82' title="bbox 1218 1625 2208 1671; baseline 0 -13"><span class='ocrx_word' id='word_1_545' title='bbox 1218 1625 1308 1659; x_wconf 86' lang='lat' dir='ltr'>banc</span> <span class='ocrx_word' id='word_1_546' title='bbox 1327 1638 1434 1659; x_wconf 88' lang='lat' dir='ltr'>unam</span> <span class='ocrx_word' id='word_1_547' title='bbox 1459 1627 1504 1659; x_wconf 91' lang='lat' dir='ltr'>ob</span> <span class='ocrx_word' id='word_1_548' title='bbox 1527 1638 1684 1668; x_wconf 88' lang='lat' dir='ltr'>causam,</span> <span class='ocrx_word' id='word_1_549' title='bbox 1711 1629 1802 1671; x_wconf 85' lang='lat' dir='ltr'>quod</span> <span class='ocrx_word' id='word_1_550' title='bbox 1822 1628 2046 1671; x_wconf 86' lang='lat' dir='ltr'>suspicantur</span> <span class='ocrx_word' id='word_1_551' title='bbox 2063 1626 2208 1660; x_wconf 86' lang='lat' dir='ltr'>literatis</span> 
     </span>
     <span class='ocr_line' id='line_1_83' title="bbox 1216 1677 2207 1722; baseline -0.002 -11"><span class='ocrx_word' id='word_1_552' title='bbox 1216 1677 1440 1722; x_wconf 71' lang='lat' dir='ltr'>tyrannidem</span> <span class='ocrx_word' id='word_1_553' title='bbox 1460 1677 1654 1720; x_wconf 90' lang='lat' dir='ltr'>displicere.</span> <span class='ocrx_word' id='word_1_554' title='bbox 1709 1678 1822 1719; x_wconf 79' lang='lat' dir='ltr'>Quam</span> <span class='ocrx_word' id='word_1_555' title='bbox 1842 1679 1972 1711; x_wconf 88' lang='lat' dir='ltr'>multae</span> <span class='ocrx_word' id='word_1_556' title='bbox 1991 1684 2073 1710; x_wconf 91' lang='lat' dir='ltr'>sunt</span> <span class='ocrx_word' id='word_1_557' title='bbox 2092 1683 2207 1710; x_wconf 90' lang='lat' dir='ltr'>autem</span> 
     </span>
     <span class='ocr_line' id='line_1_84' title="bbox 1217 1724 2208 1773; baseline -0.002 -12"><span class='ocrx_word' id='word_1_558' title='bbox 1217 1729 1255 1761; x_wconf 93' lang='lat' dir='ltr'>in</span> <span class='ocrx_word' id='word_1_559' title='bbox 1277 1724 1465 1771; x_wconf 83' lang='lat' dir='ltr'>Prophetis</span> <span class='ocrx_word' id='word_1_560' title='bbox 1495 1728 1680 1761; x_wconf 88' lang='lat' dir='ltr'>conciones</span> <span class='ocrx_word' id='word_1_561' title='bbox 1713 1729 1919 1767; x_wconf 85' lang='lat' dir='ltr'>acerrimae,</span> <span class='ocrx_word' id='word_1_562' title='bbox 1954 1740 2041 1773; x_wconf 83' lang='lat' dir='ltr'>quae</span> <span class='ocrx_word' id='word_1_563' title='bbox 2068 1727 2208 1771; x_wconf 86' lang='lat' dir='ltr'>proprie</span> 
     </span>
     <span class='ocr_line' id='line_1_85' title="bbox 1217 1777 2210 1822; baseline -0.003 -9"><span class='ocrx_word' id='word_1_564' title='bbox 1217 1779 1285 1813; x_wconf 84' lang='lat' dir='ltr'>tale</span> <span class='ocrx_word' id='word_1_565' title='bbox 1308 1778 1399 1811; x_wconf 73' lang='lat' dir='ltr'>vitae</span> <span class='ocrx_word' id='word_1_566' title='bbox 1424 1789 1532 1821; x_wconf 87' lang='lat' dir='ltr'>genus</span> <span class='ocrx_word' id='word_1_567' title='bbox 1555 1779 1765 1822; x_wconf 73' lang='lat' dir='ltr'>vituperant.</span> <span class='ocrx_word' id='word_1_568' title='bbox 1820 1778 2033 1812; x_wconf 87' lang='lat' dir='ltr'>Meministis</span> <span class='ocrx_word' id='word_1_569' title='bbox 2058 1777 2210 1818; x_wconf 86' lang='lat' dir='ltr'>Esaiam,</span> 
     </span>
     <span class='ocr_line' id='line_1_86' title="bbox 1218 1828 2208 1874; baseline 0.001 -14"><span class='ocrx_word' id='word_1_570' title='bbox 1218 1829 1277 1874; x_wconf 85' lang='lat' dir='ltr'>qui</span> <span class='ocrx_word' id='word_1_571' title='bbox 1303 1828 1436 1873; x_wconf 86' lang='lat' dir='ltr'>inquit:</span> <span class='ocrx_word' id='word_1_572' title='bbox 1465 1831 1536 1861; x_wconf 92' lang='lat' dir='ltr'>Vae</span> <span class='ocrx_word' id='word_1_573' title='bbox 1561 1829 1662 1861; x_wconf 77' lang='lat' dir='ltr'>vobis</span> <span class='ocrx_word' id='word_1_574' title='bbox 1689 1830 1749 1874; x_wconf 90' lang='lat' dir='ltr'>qui</span> <span class='ocrx_word' id='word_1_575' title='bbox 1770 1841 1871 1862; x_wconf 89' lang='lat' dir='ltr'>mane</span> <span class='ocrx_word' id='word_1_576' title='bbox 1889 1831 1931 1862; x_wconf 87' lang='lat' dir='ltr'>ad</span> <span class='ocrx_word' id='word_1_577' title='bbox 1951 1829 2111 1862; x_wconf 72' lang='lat' dir='ltr'>convivia</span> <span class='ocrx_word' id='word_1_578' title='bbox 2130 1840 2208 1861; x_wconf 90' lang='lat' dir='ltr'>sur—</span> 
     </span>
     <span class='ocr_line' id='line_1_87' title="bbox 1218 1877 2207 1923; baseline 0 -12"><span class='ocrx_word' id='word_1_579' title='bbox 1218 1880 1317 1921; x_wconf 84' lang='lat' dir='ltr'>gitis,</span> <span class='ocrx_word' id='word_1_580' title='bbox 1345 1891 1407 1911; x_wconf 88' lang='lat' dir='ltr'>nec</span> <span class='ocrx_word' id='word_1_581' title='bbox 1432 1891 1520 1923; x_wconf 92' lang='lat' dir='ltr'>opus</span> <span class='ocrx_word' id='word_1_582' title='bbox 1545 1879 1707 1912; x_wconf 79' lang='lat' dir='ltr'>divinum</span> <span class='ocrx_word' id='word_1_583' title='bbox 1730 1880 1913 1922; x_wconf 77' lang='lat' dir='ltr'>respicitiS.</span> <span class='ocrx_word' id='word_1_584' title='bbox 1965 1877 2009 1913; x_wconf 88' lang='lat' dir='ltr'>Et</span> <span class='ocrx_word' id='word_1_585' title='bbox 2027 1877 2207 1913; x_wconf 81' lang='lat' dir='ltr'>Ezechiel:</span> 
     </span>
     <span class='ocr_line' id='line_1_88' title="bbox 1219 1927 2209 1975; baseline 0.001 -13"><span class='ocrx_word' id='word_1_586' title='bbox 1219 1929 1308 1963; x_wconf 82' lang='lat' dir='ltr'>Ecce</span> <span class='ocrx_word' id='word_1_587' title='bbox 1324 1927 1408 1963; x_wconf 88' lang='lat' dir='ltr'>baec</span> <span class='ocrx_word' id='word_1_588' title='bbox 1425 1930 1491 1963; x_wconf 86' lang='lat' dir='ltr'>suit</span> <span class='ocrx_word' id='word_1_589' title='bbox 1506 1930 1674 1975; x_wconf 86' lang='lat' dir='ltr'>iniquitas</span> <span class='ocrx_word' id='word_1_590' title='bbox 1686 1930 1859 1964; x_wconf 88' lang='lat' dir='ltr'>Sodomae</span> <span class='ocrx_word' id='word_1_591' title='bbox 1875 1931 2006 1964; x_wconf 90' lang='lat' dir='ltr'>sororis</span> <span class='ocrx_word' id='word_1_592' title='bbox 2023 1937 2121 1968; x_wconf 88' lang='lat' dir='ltr'>tuae,</span> <span class='ocrx_word' id='word_1_593' title='bbox 2149 1941 2209 1963; x_wconf 89' lang='lat' dir='ltr'>su-</span> 
     </span>
     <span class='ocr_line' id='line_1_89' title="bbox 1220 1980 2210 2026; baseline -0.001 -13"><span class='ocrx_word' id='word_1_594' title='bbox 1220 1981 1357 2025; x_wconf 84' lang='lat' dir='ltr'>perbia,</span> <span class='ocrx_word' id='word_1_595' title='bbox 1382 1981 1546 2014; x_wconf 89' lang='lat' dir='ltr'>saturitas</span> <span class='ocrx_word' id='word_1_596' title='bbox 1567 1981 1686 2026; x_wconf 82' lang='lat' dir='ltr'>panis,</span> <span class='ocrx_word' id='word_1_597' title='bbox 1712 1982 1849 2021; x_wconf 80' lang='lat' dir='ltr'>ocium,</span> <span class='ocrx_word' id='word_1_598' title='bbox 1875 1989 1908 2015; x_wconf 91' lang='lat' dir='ltr'>et</span> <span class='ocrx_word' id='word_1_599' title='bbox 1932 1994 2074 2014; x_wconf 87' lang='lat' dir='ltr'>manum</span> <span class='ocrx_word' id='word_1_600' title='bbox 2095 1980 2210 2024; x_wconf 85' lang='lat' dir='ltr'>egenti</span> 
     </span>
     <span class='ocr_line' id='line_1_90' title="bbox 1219 2029 2210 2075; baseline 0 -11"><span class='ocrx_word' id='word_1_601' title='bbox 1219 2044 1291 2064; x_wconf 87' lang='lat' dir='ltr'>non</span> <span class='ocrx_word' id='word_1_602' title='bbox 1307 2032 1539 2075; x_wconf 83' lang='lat' dir='ltr'>porrigebant.</span> <span class='ocrx_word' id='word_1_603' title='bbox 1596 2032 1742 2065; x_wconf 65' lang='lat' dir='ltr'>Nullum</span> <span class='ocrx_word' id='word_1_604' title='bbox 1761 2039 1876 2066; x_wconf 86' lang='lat' dir='ltr'>autem</span> <span class='ocrx_word' id='word_1_605' title='bbox 1894 2030 2000 2065; x_wconf 73' lang='lat' dir='ltr'>bodie</span> <span class='ocrx_word' id='word_1_606' title='bbox 2017 2043 2126 2075; x_wconf 79' lang='lat' dir='ltr'>genus</span> <span class='ocrx_word' id='word_1_607' title='bbox 2144 2029 2210 2064; x_wconf 88' lang='lat' dir='ltr'>bo-</span> 
     </span>
     <span class='ocr_line' id='line_1_91' title="bbox 1221 2083 2210 2128; baseline 0.001 -14"><span class='ocrx_word' id='word_1_608' title='bbox 1221 2083 1355 2115; x_wconf 90' lang='lat' dir='ltr'>minum</span> <span class='ocrx_word' id='word_1_609' title='bbox 1380 2083 1525 2115; x_wconf 86' lang='lat' dir='ltr'>duriore</span> <span class='ocrx_word' id='word_1_610' title='bbox 1545 2083 1684 2116; x_wconf 83' lang='lat' dir='ltr'>fortuna</span> <span class='ocrx_word' id='word_1_611' title='bbox 1703 2083 1943 2121; x_wconf 77' lang='lat' dir='ltr'>conflictatur,</span> <span class='ocrx_word' id='word_1_612' title='bbox 1969 2095 2073 2128; x_wconf 80' lang='lat' dir='ltr'>quam</span> <span class='ocrx_word' id='word_1_613' title='bbox 2095 2089 2210 2126; x_wconf 89' lang='lat' dir='ltr'>pasto-</span> 
     </span>
     <span class='ocr_line' id='line_1_92' title="bbox 1221 2131 2211 2167; baseline 0 -2"><span class='ocrx_word' id='word_1_614' title='bbox 1221 2145 1274 2166; x_wconf 86' lang='lat' dir='ltr'>res</span> <span class='ocrx_word' id='word_1_615' title='bbox 1300 2131 1535 2167; x_wconf 84' lang='lat' dir='ltr'>Ecclesiarum</span> <span class='ocrx_word' id='word_1_616' title='bbox 1568 2141 1600 2166; x_wconf 90' lang='lat' dir='ltr'>et</span> <span class='ocrx_word' id='word_1_617' title='bbox 1625 2131 1824 2166; x_wconf 81' lang='lat' dir='ltr'>scholastici</span> <span class='ocrx_word' id='word_1_618' title='bbox 1850 2141 2004 2166; x_wconf 86' lang='lat' dir='ltr'>amantes</span> <span class='ocrx_word' id='word_1_619' title='bbox 2028 2133 2211 2167; x_wconf 83' lang='lat' dir='ltr'>doctrinae</span> 
     </span>
     <span class='ocr_line' id='line_1_93' title="bbox 1219 2182 1452 2217; baseline 0 -1"><span class='ocrx_word' id='word_1_620' title='bbox 1219 2182 1452 2217; x_wconf 78' lang='lat' dir='ltr'>Christianae.</span> 
     </span>
     <span class='ocr_line' id='line_1_94' title="bbox 1223 2233 2211 2280; baseline 0 -13"><span class='ocrx_word' id='word_1_621' title='bbox 1223 2233 1309 2267; x_wconf 62' lang='lat' dir='ltr'>licre.</span> <span class='ocrx_word' id='word_1_622' title='bbox 1335 2242 1452 2278; x_wconf 88' lang='lat' dir='ltr'>pastor</span> <span class='ocrx_word' id='word_1_623' title='bbox 1478 2236 1563 2275; x_wconf 85' lang='lat' dir='ltr'>erit,</span> <span class='ocrx_word' id='word_1_624' title='bbox 1597 2235 1656 2280; x_wconf 89' lang='lat' dir='ltr'>qui</span> <span class='ocrx_word' id='word_1_625' title='bbox 1681 2236 1814 2269; x_wconf 75' lang='lat' dir='ltr'>deseret</span> <span class='ocrx_word' id='word_1_626' title='bbox 1840 2247 1998 2278; x_wconf 76' lang='lat' dir='ltr'>gregem,</span> <span class='ocrx_word' id='word_1_627' title='bbox 2031 2242 2063 2268; x_wconf 86' lang='lat' dir='ltr'>et</span> <span class='ocrx_word' id='word_1_628' title='bbox 2089 2245 2211 2269; x_wconf 83' lang='lat' dir='ltr'>carnes</span> 
     </span>
     <span class='ocr_line' id='line_1_95' title="bbox 1224 2284 2211 2330; baseline 0.002 -14"><span class='ocrx_word' id='word_1_629' title='bbox 1224 2286 1407 2329; x_wconf 73' lang='lat' dir='ltr'>pinguium</span> <span class='ocrx_word' id='word_1_630' title='bbox 1437 2288 1604 2319; x_wconf 83' lang='lat' dir='ltr'>comedet.</span> <span class='ocrx_word' id='word_1_631' title='bbox 1664 2284 1698 2319; x_wconf 87' lang='grc' dir='ltr'>Ο</span> <span class='ocrx_word' id='word_1_632' title='bbox 1725 2293 1840 2330; x_wconf 85' lang='lat' dir='ltr'>pastor</span> <span class='ocrx_word' id='word_1_633' title='bbox 1865 2294 1897 2320; x_wconf 90' lang='lat' dir='ltr'>et</span> <span class='ocrx_word' id='word_1_634' title='bbox 1925 2286 2072 2321; x_wconf 88' lang='lat' dir='ltr'>idolum.</span> <span class='ocrx_word' id='word_1_635' title='bbox 2140 2285 2211 2319; x_wconf 84' lang='lat' dir='ltr'>Sed</span> 
     </span>
     <span class='ocr_line' id='line_1_96' title="bbox 1223 2335 2211 2380; baseline 0.002 -12"><span class='ocrx_word' id='word_1_636' title='bbox 1223 2335 1282 2369; x_wconf 72' lang='lat' dir='ltr'>lias</span> <span class='ocrx_word' id='word_1_637' title='bbox 1307 2335 1526 2380; x_wconf 78' lang='lat' dir='ltr'>propheticas</span> <span class='ocrx_word' id='word_1_638' title='bbox 1549 2343 1580 2369; x_wconf 87' lang='lat' dir='ltr'>et</span> <span class='ocrx_word' id='word_1_639' title='bbox 1607 2338 1771 2370; x_wconf 81' lang='lat' dir='ltr'>coelestes</span> <span class='ocrx_word' id='word_1_640' title='bbox 1796 2337 2087 2371; x_wconf 76' lang='lat' dir='ltr'>comminationes</span> <span class='ocrx_word' id='word_1_641' title='bbox 2111 2348 2211 2370; x_wconf 85' lang='lat' dir='ltr'>secu·</span> 
     </span>
     <span class='ocr_line' id='line_1_97' title="bbox 1223 2387 2209 2424; baseline -0.001 -5"><span class='ocrx_word' id='word_1_642' title='bbox 1223 2388 1357 2419; x_wconf 85' lang='lat' dir='ltr'>rissime</span> <span class='ocrx_word' id='word_1_643' title='bbox 1380 2388 1539 2421; x_wconf 78' lang='lat' dir='ltr'>derident</span> <span class='ocrx_word' id='word_1_644' title='bbox 1566 2387 1615 2419; x_wconf 92' lang='lat' dir='ltr'>illi</span> <span class='ocrx_word' id='word_1_645' title='bbox 1639 2389 1824 2424; x_wconf 71' lang='lat' dir='ltr'>Sibaritae.</span> <span class='ocrx_word' id='word_1_646' title='bbox 1888 2388 2019 2422; x_wconf 61' lang='lat' dir='ltr'>Verum</span> <span class='ocrx_word' id='word_1_647' title='bbox 2042 2395 2091 2422; x_wconf 86' lang='lat' dir='ltr'>est</span> <span class='ocrx_word' id='word_1_648' title='bbox 2114 2387 2209 2421; x_wconf 85' lang='lat' dir='ltr'>enim</span> 
     </span>
     <span class='ocr_line' id='line_1_98' title="bbox 1223 2435 2210 2483; baseline 0.001 -14"><span class='ocrx_word' id='word_1_649' title='bbox 1223 2439 1315 2483; x_wconf 83' lang='lat' dir='ltr'>quod</span> <span class='ocrx_word' id='word_1_650' title='bbox 1341 2438 1427 2471; x_wconf 84' lang='lat' dir='ltr'>Cato</span> <span class='ocrx_word' id='word_1_651' title='bbox 1455 2439 1607 2471; x_wconf 88' lang='lat' dir='ltr'>dicebat:</span> <span class='ocrx_word' id='word_1_652' title='bbox 1641 2437 1775 2472; x_wconf 62' lang='lat' dir='ltr'>Yenter</span> <span class='ocrx_word' id='word_1_653' title='bbox 1801 2446 1891 2473; x_wconf 85' lang='lat' dir='ltr'>caret</span> <span class='ocrx_word' id='word_1_654' title='bbox 1914 2439 2070 2473; x_wconf 84' lang='lat' dir='ltr'>auribus.</span> <span class='ocrx_word' id='word_1_655' title='bbox 2138 2435 2210 2471; x_wconf 76' lang='lat' dir='ltr'>Nee</span> 
     </span>
     <span class='ocr_line' id='line_1_99' title="bbox 1225 2487 2211 2533; baseline 0 -12"><span class='ocrx_word' id='word_1_656' title='bbox 1225 2497 1338 2521; x_wconf 80' lang='lat' dir='ltr'>tamen</span> <span class='ocrx_word' id='word_1_657' title='bbox 1367 2490 1497 2522; x_wconf 86' lang='lat' dir='ltr'>interea</span> <span class='ocrx_word' id='word_1_658' title='bbox 1526 2500 1668 2533; x_wconf 85' lang='lat' dir='ltr'>prorsus</span> <span class='ocrx_word' id='word_1_659' title='bbox 1690 2490 1845 2533; x_wconf 78' lang='lat' dir='ltr'>extingui</span> <span class='ocrx_word' id='word_1_660' title='bbox 1873 2490 2053 2523; x_wconf 83' lang='lat' dir='ltr'>coelestem</span> <span class='ocrx_word' id='word_1_661' title='bbox 2078 2487 2211 2522; x_wconf 89' lang='lat' dir='ltr'>doctri-</span> 
     </span>
     <span class='ocr_line' id='line_1_100' title="bbox 1225 2538 2212 2585; baseline 0.001 -13"><span class='ocrx_word' id='word_1_662' title='bbox 1225 2538 1474 2574; x_wconf 75' lang='lat' dir='ltr'>nameristus</span> <span class='ocrx_word' id='word_1_663' title='bbox 1491 2541 1636 2584; x_wconf 89' lang='lat' dir='ltr'>patitur,</span> <span class='ocrx_word' id='word_1_664' title='bbox 1665 2542 1725 2574; x_wconf 88' lang='lat' dir='ltr'>sed</span> <span class='ocrx_word' id='word_1_665' title='bbox 1741 2539 1844 2574; x_wconf 87' lang='lat' dir='ltr'>babet</span> <span class='ocrx_word' id='word_1_666' title='bbox 1864 2541 1935 2585; x_wconf 88' lang='lat' dir='ltr'>ipse</span> <span class='ocrx_word' id='word_1_667' title='bbox 1950 2552 2090 2585; x_wconf 80' lang='lat' dir='ltr'>quoque</span> <span class='ocrx_word' id='word_1_668' title='bbox 2107 2548 2212 2573; x_wconf 84' lang='lat' dir='ltr'>sunm</span> 
     </span>
     <span class='ocr_line' id='line_1_101' title="bbox 1223 2590 2212 2637; baseline 0.002 -15"><span class='ocrx_word' id='word_1_669' title='bbox 1223 2598 1360 2624; x_wconf 78' lang='lat' dir='ltr'>coetum</span> <span class='ocrx_word' id='word_1_670' title='bbox 1386 2604 1600 2636; x_wconf 77' lang='lat' dir='ltr'>pauperum,</span> <span class='ocrx_word' id='word_1_671' title='bbox 1627 2592 1686 2637; x_wconf 89' lang='lat' dir='ltr'>qui</span> <span class='ocrx_word' id='word_1_672' title='bbox 1706 2590 1939 2634; x_wconf 82' lang='lat' dir='ltr'>Evangelium</span> <span class='ocrx_word' id='word_1_673' title='bbox 1964 2598 1996 2625; x_wconf 87' lang='lat' dir='ltr'>et</span> <span class='ocrx_word' id='word_1_674' title='bbox 2021 2591 2161 2625; x_wconf 86' lang='lat' dir='ltr'>discunt</span> <span class='ocrx_word' id='word_1_675' title='bbox 2177 2595 2212 2624; x_wconf 71' lang='lat' dir='ltr'>et</span> 
     </span>
     <span class='ocr_line' id='line_1_102' title="bbox 1224 2640 2211 2685; baseline -0.001 -11"><span class='ocrx_word' id='word_1_676' title='bbox 1224 2655 1414 2685; x_wconf 78' lang='lat' dir='ltr'>propagare</span> <span class='ocrx_word' id='word_1_677' title='bbox 1437 2644 1588 2676; x_wconf 86' lang='lat' dir='ltr'>student.</span> <span class='ocrx_word' id='word_1_678' title='bbox 1655 2643 1833 2677; x_wconf 78' lang='lat' dir='ltr'>Adversus</span> <span class='ocrx_word' id='word_1_679' title='bbox 1859 2640 1923 2675; x_wconf 81' lang='lat' dir='ltr'>hos</span> <span class='ocrx_word' id='word_1_680' title='bbox 1947 2642 2082 2675; x_wconf 83' lang='lat' dir='ltr'>etiamsi</span> <span class='ocrx_word' id='word_1_681' title='bbox 2107 2651 2211 2675; x_wconf 82' lang='lat' dir='ltr'>omne</span> 
     </span>
     <span class='ocr_line' id='line_1_103' title="bbox 1224 2693 2209 2739; baseline -0.001 -14"><span class='ocrx_word' id='word_1_682' title='bbox 1224 2705 1333 2736; x_wconf 80' lang='lat' dir='ltr'>genus</span> <span class='ocrx_word' id='word_1_683' title='bbox 1355 2694 1570 2728; x_wconf 81' lang='lat' dir='ltr'>crudelitatis</span> <span class='ocrx_word' id='word_1_684' title='bbox 1593 2701 1749 2728; x_wconf 81' lang='lat' dir='ltr'>exercent</span> <span class='ocrx_word' id='word_1_685' title='bbox 1772 2694 1898 2727; x_wconf 64' lang='lat' dir='ltr'>disites</span> <span class='ocrx_word' id='word_1_686' title='bbox 1918 2694 1988 2733; x_wconf 81' lang='lat' dir='ltr'>itti,</span> <span class='ocrx_word' id='word_1_687' title='bbox 2014 2693 2075 2739; x_wconf 88' lang='lat' dir='ltr'>qui</span> <span class='ocrx_word' id='word_1_688' title='bbox 2093 2697 2209 2727; x_wconf 85' lang='lat' dir='ltr'>tenent</span> 
     </span>
    </p>
   </div>
   <div class='ocr_carea' id='block_1_6' title="bbox 1506 2181 2250 2228">
    <p class='ocr_par' dir='ltr' id='par_1_6' title="bbox 1506 2181 2250 2228">
     <span class='ocr_line' id='line_1_104' title="bbox 1506 2181 2250 2228; baseline -0.001 -11"><span class='ocrx_word' id='word_1_689' title='bbox 1506 2184 1641 2218; x_wconf 87' lang='lat' dir='ltr'>Similis</span> <span class='ocrx_word' id='word_1_690' title='bbox 1662 2185 1783 2217; x_wconf 88' lang='lat' dir='ltr'>concio</span> <span class='ocrx_word' id='word_1_691' title='bbox 1807 2191 1855 2218; x_wconf 88' lang='lat' dir='ltr'>est</span> <span class='ocrx_word' id='word_1_692' title='bbox 1873 2186 1964 2228; x_wconf 92' lang='lat' dir='ltr'>apud</span> <span class='ocrx_word' id='word_1_693' title='bbox 1986 2181 2210 2218; x_wconf 81' lang='lat' dir='ltr'>Zachariam:</span> <span class='ocrx_word' id='word_1_694' title='bbox 2245 2220 2250 2225; x_wconf 95' lang='lat'>.</span> 
     </span>
    </p>
   </div>
  </div>
 </body>
</html>
