2338 2958
78 133 152 170 773

606 127 766 168 DECL.
807 128 882 166 DE
914 126 1252 166 DOROTHEA
1288 129 1581 168 PRINCIPE.

2034 144 2107 182 774

76 219 114 252 in
131 229 200 265 quo
217 215 350 251 dixisti:
379 213 541 250 SicDeus
558 215 680 250 dilexit
694 217 878 258 mundum,
901 223 939 251 ut
954 216 1065 249 filium
1088 226 1093 254 ι
1116 215 1160 248 ab
1185 213 1340 250 Ecclesia
1363 217 1617 262 disputationes
1642 219 1723 255 illae
1747 218 1957 259 Stoicorum.
2011 227 2101 264 Nam

75 281 177 303 suum
193 266 414 310 unigenitum
434 267 532 301 daret
549 279 612 311 pro
631 268 765 301 mundo
778 292 788 306 ,
814 274 851 301 ut
870 267 985 301 omnis
1004 266 1065 311 qui

76 319 185 354 credit
202 318 239 350 in
257 329 349 357 eum,
370 329 441 350 non
460 324 588 361 pereat,
612 319 670 351 sed
688 316 813 352 haheat
829 318 934 351 vitam
954 324 1065 351 aeter-

74 381 168 403 nam.
221 365 299 401 Oro
327 368 433 402 etiam
455 375 489 402 te
511 366 607 402 Deus
631 374 771 402 aeterne
798 376 895 413 pater
917 367 1062 402 Domini

73 418 186 453 nostri
197 417 275 452 Iesu
283 416 428 459 Christi,
446 425 484 453 ut
500 418 719 452 carissimum
735 419 918 463 coniugem
935 429 1064 458 meum,

73 477 106 504 et
124 469 363 503 dulcissimam
382 469 488 502 filiam
506 481 602 512 regas
624 476 657 503 et
671 481 805 510 serves,
831 477 864 503 et
881 470 917 502 in
935 467 990 502 his
1007 480 1062 502 re-

73 520 240 564 gionibus
263 519 498 553 ministerium
514 518 718 562 Evangelii,
743 518 915 553 Ecclesias
938 526 971 552 et
993 518 1061 552 Po-

72 571 166 606 litias
191 571 367 604 defendas.
436 569 531 604 Haec
563 582 664 614 saepe
689 570 910 614 ingeminans
936 570 1061 603 diebus

73 623 210 661 decem,
238 629 270 655 et
292 633 364 654 sese
389 622 556 654 adversus
579 633 725 665 pavores
751 621 991 661 confirmavit,
1028 627 1061 654 et

74 671 279 706 charissimo
311 671 451 715 coniugi
477 671 634 716 Principi
663 678 696 705 et
721 671 944 705 dulcissimae
969 671 1060 704 filiae

73 723 185 756 lenire
202 723 417 756 moesticiam
434 722 579 756 studuit.
607 720 718 766 Saepe
732 722 835 755 ctiam
855 720 993 756 hortata
1011 729 1061 756 est

72 773 179 807 filiam
199 781 231 808 et
247 780 395 807 caeteras
411 772 574 816 virgines,
603 784 646 805 ne
662 773 844 806 coelestem
862 773 1059 806 doctrinam

73 831 132 858 aut
151 824 390 868 voluptatibus
405 829 463 856 aut
481 823 688 867 corruptelis
716 824 918 867 dogmatum
945 824 1060 857 excuti

72 876 140 908 sihi
159 881 379 919 paterentur,
415 885 502 907 neve
527 874 681 908 sinerent
703 874 858 917 extingui
884 875 1059 914 timorem,

72 925 206 964 sedem,
235 932 269 959 et
286 925 545 958 invocationem
561 925 642 960 Dei.
689 923 852 970 Denique
867 923 924 958 hic
942 932 1058 960 extre—

71 987 150 1010 mus
169 987 257 1019 agon
276 982 369 1009 totus
388 976 522 1009 illustre
539 976 780 1009 testimonium
797 976 864 1010 fuit
887 977 990 1015 fidei,
1026 982 1060 1010 et

71 1034 232 1061 aeternae
249 1027 406 1060 iusticiac
423 1026 492 1059 iam
510 1027 547 1059 in
563 1027 667 1059 corde
683 1038 857 1062 accensae.
905 1026 952 1060 Et
968 1027 1060 1060 inter

72 1076 157 1111 haec
180 1084 281 1118 vota,
326 1084 360 1111 et
383 1074 445 1110 has
467 1077 702 1110 consessiones
727 1089 744 1110 a
770 1089 915 1121 corpore
942 1078 1058 1110 anima

72 1135 191 1162 sancta
225 1134 256 1161 et
278 1127 354 1161 Deo
388 1139 465 1160 cara
498 1127 731 1171 placidissime
756 1128 924 1162 discessit.
992 1127 1059 1160 Hic

71 1179 230 1213 mortalis
245 1179 336 1212 vitae
352 1178 430 1211 finis
445 1178 512 1211 suit
523 1204 532 1218 ,
559 1177 624 1221 ipsi
641 1178 783 1223 quidem
801 1177 975 1211 Dominae
991 1179 1060 1210 mi-

71 1230 167 1263 nime
182 1229 308 1269 tristis,
341 1230 400 1262 sed
426 1228 560 1272 optimo
576 1227 733 1272 Principi
759 1229 869 1268 filiae,
896 1236 928 1262 et
956 1229 1059 1262 nobis

71 1280 236 1314 omnibus
253 1279 354 1312 valde
370 1279 567 1313 luctuosus:
596 1290 634 1312 ac
654 1291 698 1312 ne
720 1279 888 1323 principis
911 1286 943 1313 et
967 1280 1059 1312 filiae

64 1330 249 1374 ‘ingentem
268 1330 427 1363 dolorem
444 1341 607 1373 augeam,
637 1330 696 1374 qui
714 1342 834 1363 causas
851 1330 903 1363 sui
920 1342 1059 1364 moero-

72 1381 120 1415 ris
142 1381 327 1421 maximas,
354 1381 458 1413 etiam
475 1380 578 1413 nobis
596 1381 810 1420 tacentibus,
843 1381 982 1421 vident,
1015 1382 1059 1413 de

71 1432 176 1465 nobis
195 1432 319 1464 dicam.
371 1429 519 1463 Ferreus
542 1437 612 1471 est,
640 1431 701 1476 qui
726 1431 763 1463 in
789 1437 886 1464 tanto
915 1431 1058 1474 publico

72 1483 186 1523 luctu,
225 1493 303 1515 cum
321 1480 437 1515 videat
452 1480 627 1525 Principis
655 1488 687 1515 et
712 1482 981 1525 praecipuorum
1005 1482 1059 1514 vi—

70 1545 191 1566 rorum
208 1532 244 1564 in
262 1532 427 1566 omnibus
445 1531 648 1571 ordinibus,
682 1532 857 1565 nobilium
887 1539 921 1566 et
945 1543 1058 1565 sacer-

71 1585 193 1617 dotum
215 1580 430 1627 lachrymas,
455 1594 533 1615 cum
551 1582 641 1615 filiae
659 1581 832 1626 Principis
860 1590 893 1617 et
915 1589 968 1616 tot
992 1580 1059 1616 bo-
1082 1588 1084 1624 ¹:

70 1633 348 1668 nestissimarum
368 1639 609 1666 matronarum
633 1633 782 1666 eiulatus
808 1633 948 1672 audiat,
984 1633 1058 1666 siue
1082 1625 1084 1646 ⁸

70 1696 230 1718 moerore
247 1695 319 1717 esse
337 1690 459 1727 potest.
511 1681 641 1716 Causas
664 1683 772 1727 igitur
797 1684 940 1717 dolendi
964 1684 1059 1727 cogi-

71 1743 202 1775 temus,
228 1734 432 1768 adficiamur
448 1734 545 1767 luctu
563 1734 687 1778 optimi
707 1734 883 1778 Principis
905 1742 938 1769 et
956 1735 1057 1773 filiae,

70 1794 108 1820 ut
131 1786 227 1819 iubet
243 1796 307 1817 nos
317 1783 431 1826 Deus,
460 1785 662 1828 praesertim
673 1784 878 1828 Principum
896 1785 1059 1817 beneme-
1083 1802 1084 1809 κ

71 1837 222 1870 ritorum
242 1836 406 1868 adversos
433 1845 530 1867 casus
553 1842 692 1868 nostros
717 1836 862 1876 ducere,
892 1843 926 1869 et
948 1835 1058 1868 nostri
1083 1843 1085 1850 ¹

71 1886 202 1921 amoris
232 1897 310 1929 erga
340 1897 399 1918 eos
421 1884 711 1927 significationem
732 1886 893 1919 societate
917 1886 1059 1919 moesti-

72 1938 144 1972 ciae
160 1938 353 1970 ostendere.

71 1990 177 2022 decus
199 1994 233 2021 et
257 1986 434 2030 exemplar
458 1986 648 2026 virtutum,

70 2097 187 2125 torum
213 2088 496 2122 calamitosorum
521 2087 712 2120 amisimus.
767 2087 834 2121 Sed
860 2085 1057 2133 lachrymae

69 2152 189 2174 vocem
208 2139 425 2183 impediunt,
453 2138 532 2171 ideo
551 2135 641 2170 lianc
660 2144 792 2181 partem
809 2138 979 2171 orationis
996 2139 1058 2171 ab-

70 2203 209 2235 rumpo.
254 2189 397 2224 [tinam
415 2195 542 2229 autem,
569 2195 606 2222 ut
621 2188 766 2222 dolendi
781 2200 899 2222 causas
914 2196 1058 2233 propter

70 2242 243 2286 populum
259 2240 415 2284 exposui,
437 2240 483 2273 ita
502 2251 636 2282 possem
655 2239 771 2283 aliqua
789 2252 827 2271 ex
846 2247 942 2282 parte
960 2246 1056 2273 tanto

71 2291 212 2325 vulneri
230 2290 406 2334 Principis
424 2298 457 2324 et
473 2290 562 2322 filiae
581 2290 723 2323 mederi.
786 2288 836 2323 Ac
854 2290 960 2323 filiam
978 2291 1058 2336 qui-

71 2343 150 2376 dem
178 2341 267 2386 patri
292 2353 414 2374 omnes
436 2340 577 2373 ordines
604 2341 873 2381 commendant,
908 2353 1057 2386 eumque

71 2400 193 2434 orant,
218 2399 256 2426 ut
273 2399 305 2426 et
324 2392 370 2425 ob
392 2389 482 2424 hanc
501 2402 638 2424 causam
661 2391 786 2424 fortius
803 2399 971 2435 repugnet
993 2393 1057 2425 do—

71 2444 159 2484 lori,
184 2450 223 2477 ut
240 2442 314 2476 cius
331 2442 489 2476 oratione
508 2448 539 2474 et
553 2442 652 2475 vultu
671 2442 739 2474 filia
755 2454 772 2475 a
791 2453 924 2475 summa
943 2442 1057 2476 luctus

71 2494 258 2528 acerbitate
276 2494 480 2527 abducatur.
534 2490 610 2525 Etsi
629 2500 762 2531 autem,
791 2491 958 2537 Princeps
975 2493 1057 2527 illu-

73 2545 260 2583 strissime,
294 2545 404 2588 pietas
423 2550 481 2577 tua
499 2542 675 2576 laudanda
691 2550 741 2576 est
754 2569 761 2583 ,
796 2543 890 2588 quod
908 2544 1057 2577 extincta

72 2593 275 2629 charissima
300 2595 448 2637 coniuge
474 2600 572 2627 tanto
597 2593 720 2626 dolore
745 2600 777 2626 et
793 2594 966 2628 desiderio
984 2595 1057 2628 eius

72 2646 230 2680 adficeris
245 2647 336 2690 (non
352 2645 445 2680 enim
462 2645 487 2677 ii
505 2655 636 2684 sumuS,
663 2644 722 2689 qui
741 2642 833 2677 nibil
851 2645 982 2686 dolere,
1003 2656 1058 2679 sa-

404 1935 543 1969 Deinde
568 1947 607 1969 eo
631 1936 830 1977 doleamus,
867 1938 961 1981 quod
990 1937 1058 1970 tale
1082 1949 1083 1955 ¹

698 1984 782 2019 haee
810 1988 905 2030 regio
932 1987 1058 2027 amisit,
1082 1989 1083 1996 ¹

70 2040 235 2085 quodque
247 2037 435 2071 Patronam
446 2034 691 2077 Ecclesiarum‚
719 2037 898 2071 literarum
917 2044 949 2070 et
967 2038 1058 2070 mul—
1082 2053 1083 2059 ¹

1115 272 1148 299 et
1163 266 1396 301 indiditDeus
1413 266 1576 304 humanis
1593 271 1794 315 pectoribus
1810 274 1984 323 στοργάς,
2010 292 2099 324 quae

1114 323 1298 359 moneant,
1326 325 1366 352 ut
1384 326 1522 353 nostros
1547 322 1753 365 diligamuS,
1789 328 1951 361 secundis
1975 341 2097 364 eorum

1113 367 1217 400 rebus
1235 368 1423 407 laetemur,
1448 376 1480 403 et
1502 371 1657 406 adversis
1680 374 1881 419 doleamus,
1911 385 1943 412 et
1969 386 2007 413 ut
2031 393 2098 415 no-

1112 423 1264 450 strorum
1282 418 1454 452 desiderio
1472 421 1692 456 adficiamur:
1721 432 1753 458 et
1778 423 1862 461 haec
1886 429 1960 462 fieri
1988 431 2085 466 iubet

1111 468 1171 500 sed
1196 468 1410 515 moderate),
1442 481 1669 513 agnoscamus
1687 475 1778 509 mala
1801 485 1936 521 nostra,
1963 493 2002 515 ac
2029 460 2096 517 do:

1111 518 1253 554 leamus.

1211 568 1280 603 Sed
1297 576 1412 604 tamen
1429 578 1572 616 propter
1588 569 1650 605 has
1665 573 1751 608 duas
1767 588 1886 613 causas
1903 581 2005 616 dolor
2019 596 2096 619 mo-

1110 620 1286 653 derandus
1303 628 1365 656 est.
1416 620 1596 663 Primum,
1623 624 1704 667 quia
1728 638 1800 660 non
1824 636 1873 663 est
1897 643 2097 676 repugnan-

1110 671 1194 703 dum
1212 671 1369 705 iusticiae
1385 670 1470 711 Dei,
1497 686 1585 718 quae
1607 674 1810 710 universum
1834 691 1943 723 genus
1969 681 2093 720 liuma-

1109 733 1196 754 num
1222 729 1334 756 morte
1359 723 1528 759 oneravit.
1593 723 1730 759 Deinde
1760 729 1823 762 etsi
1847 742 1940 766 mors
1960 736 2094 770 malum

1110 778 1179 811 est,
1210 778 1326 806 tamen
1349 773 1546 807 firmissima
1572 776 1773 811 assensione
1796 786 1890 814 tuam
1917 784 2097 820 celsitudi-

1109 834 1190 855 nem
1207 824 1400 867 amplexam
1419 836 1489 857 esse
1506 823 1567 858 has
1583 825 1721 861 divinas
1735 831 1922 866 sententias
1939 846 2011 869 non
2029 839 2096 872 du-

1110 873 1199 906 bito:
1228 873 1388 908 Preciosa
1406 887 1500 908 mors
1515 875 1743 921 Sanctorum3
1780 881 1880 915 item:
1908 883 2007 920 Beati
2034 890 2096 934 qui

1110 924 1146 956 in
1160 923 1315 958 Domino
1333 926 1546 962 moriuntur.
1603 927 1683 961 Non
1707 937 1756 964 est
1779 944 1873 966 mors
1901 943 2094 973 extremum

1108 974 1301 1016 malorum,
1340 977 1398 1009 sed
1428 977 1496 1021 piis
1522 977 1588 1010 iter
1615 985 1665 1012 est
1692 981 1733 1013 ad
1763 983 2000 1021 dulcissimam
2027 988 2095 1024 Dei

1109 1026 1408 1060 consuetudinem.
1456 1026 1565 1061 Levat
1580 1029 1738 1063 dolorem
1757 1031 1792 1065 in
1811 1046 2019 1083 quacunque
2045 1053 2082 1074 re

1109 1075 1137 1108 si
1153 1076 1235 1120 quid
1254 1077 1365 1110 inesse
1386 1077 1469 1110 boni
1487 1078 1652 1114 cernitur.
1704 1079 1799 1125 Ergo
1826 1087 1952 1121 mentis
1974 1069 2095 1126 oculos,

1109 1127 1250 1169 deligito
1268 1127 1304 1160 in
1323 1124 1406 1161 haec
1427 1128 1529 1161 bona.
1588 1127 1666 1163 Etsi
1689 1132 1786 1167 abest
1811 1137 1966 1172 coniunx
1993 1148 2051 1176 tua
2074 1156 2095 1177 a

1110 1185 1297 1221 conspectu
1316 1185 1393 1219 tuo,
1420 1185 1453 1212 et
1477 1179 1569 1213 filiae
1591 1181 1831 1226 dulcissimae,
1866 1194 1979 1224 tamen
2004 1193 2094 1228 laeta

1110 1228 1240 1261 fruitur
1269 1228 1336 1261 iam
1370 1236 1579 1272 conspectu,
1619 1233 1788 1276 sapientia
1813 1243 1845 1270 et
1871 1244 2094 1279 sermonibus

1109 1276 1194 1319 Dei,
1221 1285 1253 1312 et
1269 1278 1332 1311 filii
1350 1279 1423 1312 eius
1439 1278 1586 1313 Domini
1605 1285 1716 1317 nostri
1736 1284 1811 1320 Iesu
1829 1286 1978 1333 Christi,
2004 1293 2095 1329 Pro..

1110 1326 1307 1373 phetarum,
1335 1327 1599 1374 Apostolorum.
1634 1332 1706 1367 Iam
1722 1335 1758 1368 in
1777 1345 1876 1372 coetu
1892 1343 2095 1380 coelestium

1110 1387 1351 1413 matronarum
1383 1381 1483 1414 audit
1514 1381 1740 1419 disserentem
1764 1386 1914 1423 Mariam
1941 1394 1983 1427 de
2009 1395 2080 1430 filio

1110 1430 1208 1463 audit
1226 1428 1338 1464 Evam
1359 1432 1402 1464 de
1417 1431 1529 1475 prima
1552 1435 1753 1470 conditione
1777 1442 1913 1482 generis
1934 1424 2095 1481 humaui,

1111 1481 1154 1513 de
1181 1481 1253 1514 ‘suis
1281 1483 1458 1515 aerumnis
1476 1489 1508 1516 et
1523 1483 1794 1522 liberationibus
1810 1477 2094 1534 concionantem:

1109 1530 1220 1564 Audit
1238 1530 1359 1565 Saram
1379 1539 1411 1566 et
1427 1540 1578 1568 caeteras
1592 1536 1722 1571 similes
1741 1547 1918 1577 matronas
1940 1558 2096 1583 comme..

1110 1589 1286 1615 morantes
1311 1581 1377 1615 Dei
1406 1584 1585 1619 beneficia.
1643 1586 1756 1623 Audit
1781 1591 1935 1638 denique
1961 1607 2095 1641 patrem

1110 1632 1212 1665 etiam
1231 1644 1353 1674 suum,
1375 1632 1507 1677 Regem
1526 1635 1623 1678 pium
1651 1645 1684 1672 et
1704 1638 1777 1673 Deo
1793 1639 1957 1687 charum,
1986 1649 2095 1684 filios-

1110 1695 1177 1727 que
1198 1694 1236 1716 ac
1254 1683 1341 1717 filias
1357 1685 1611 1728 complectitur.
1664 1687 1763 1723 Nihil
1781 1694 1922 1739 utrique
1939 1706 2094 1736 vestrum

1109 1733 1263 1776 optatius
1279 1734 1363 1774 fuit,
1391 1748 1495 1779 quarn
1514 1743 1553 1770 ut
1580 1737 1639 1771 illa
1666 1741 1867 1778 dulcissima
1890 1749 2095 1786 coelestium

1109 1785 1364 1817 consuetudine
1380 1786 1597 1827 frueremini,
1623 1790 1666 1822 ad
1685 1803 1788 1836 quam
1805 1797 1900 1839 quod
1920 1800 2016 1842 prior
2034 1805 2097 1836 ad-

1110 1834 1251 1867 ducitur
1268 1835 1421 1868 coniunx
1440 1843 1513 1877 tua,
1541 1838 1569 1870 si
1590 1840 1752 1875 volumus
1769 1856 1847 1878 vera
1863 1848 1978 1883 dicere
2016 1864 2096 1895 gra-

1109 1884 1253 1918 tulanda
1270 1892 1321 1919 est
1337 1886 1368 1919 ei
1385 1883 1469 1920 haec
1489 1888 1648 1923 felicitas.
1709 1891 1798 1926 Nam
1826 1894 1910 1931 haec
1936 1878 2024 1945 qu’ae
2049 1906 2094 1939 de

1109 1936 1364 1970 consuetudine
1379 1944 1538 1971 aeternae
1551 1938 1726 1976 Ecclesiae
1743 1946 1997 1991 adseveramus,

1109 1993 1192 2020 sunt
1207 1987 1365 2020 fabulosa
1382 1999 1420 2021 ac
1436 1988 1562 2023 similia
1580 2000 1779 2034 poematum
1806 1998 1848 2030 de
1874 2011 1995 2046 campo
2019 2006 2094 2051 ely..

1109 2036 1171 2069 sio.
1231 2036 1304 2070 Nos
1326 2037 1363 2070 in
1386 2036 1541 2073 Ecclesia
1566 2041 1634 2075 Dei
1668 2045 1875 2082 testimoniis
1899 2051 2095 2091 illustribus

1108 2087 1330 2121 confirmatas
1345 2099 1416 2122 esse
1433 2089 1571 2124 divinas
1588 2095 1836 2136 promissiones
1858 2102 1986 2137 scimus

2020 1967 2094 1989 non

1995 2133 2004 2146 ‚
2040 2109 2095 2141 vi—

1081 2169 1083 2173 ,
1108 2137 1233 2171 delicet
1248 2139 1547 2174 resuscitationem
1565 2143 1626 2176 filii
1642 2143 1719 2187 Dei,
1745 2154 1777 2181 et
1795 2151 1988 2188 multorum
2005 2158 2094 2192 alio-

1108 2200 1208 2228 rum,
1237 2188 1298 2233 qui
1318 2190 1461 2223 extincti
1477 2192 1690 2230 revixerunt.
1744 2197 1847 2234 Certo
1865 2202 1971 2245 igitur
1987 2209 2093 2242 adfir-

1109 2240 1275 2271 mandum
1302 2247 1370 2280 est,
1410 2238 1568 2276 homines
1592 2246 1635 2277 ad
1660 2246 1774 2281 Deum
1800 2263 1986 2289 conversos
2012 2272 2093 2295 vera

1110 2289 1322 2333 poenitentia
1341 2298 1374 2324 et
1391 2291 1472 2332 sule,
1505 2301 1536 2327 et
1556 2297 1813 2340 acquiescentes
1840 2302 1874 2335 in
1900 2308 2092 2344 mediatore

1108 2340 1179 2373 filio
1189 2338 1253 2373 Dei
1265 2367 1273 2381 ‚
1300 2341 1517 2376 discedentes
1534 2356 1573 2377 ex
1592 2343 1653 2379 hac
1671 2348 1738 2381 vita
1751 2376 1758 2390 ‚
1785 2352 1866 2385 duci
1883 2356 1927 2388 ad
1945 2357 2093 2394 laetissi-

1109 2403 1199 2423 mam
1217 2397 1378 2424 aeternae
1394 2390 1570 2428 Ecclesiae
1594 2401 1897 2440 consuetudinem.
1963 2408 2095 2444 Memi-

1109 2441 1192 2475 nisti
1209 2448 1324 2475 autem
1343 2441 1510 2488 Princeps
1531 2452 1640 2481 totum
1661 2449 1748 2484 vitae
1765 2455 1980 2491 curriculum
2008 2473 2093 2495 con-

1109 2493 1216 2535 iugis,
1235 2493 1382 2547 'plenum
1403 2494 1538 2537 pietatis
1551 2524 1559 2537 ,
1587 2505 1618 2531 et
1637 2499 1672 2531 in
1692 2498 1757 2535 hoc
1776 2510 1928 2541 extremo
1946 2511 2092 2545 articulo

1109 2543 1301 2576 clarisstma
1323 2544 1421 2586 signa
1447 2546 1558 2580 animi
1585 2551 1835 2595 acquiescentis
1868 2557 1905 2589 in
1929 2559 2000 2593 filio
2026 2561 2093 2596 Dei

1110 2593 1401 2630 animadvertisti.
1459 2595 1523 2630 llis
1551 2598 1649 2633 iactis
1675 2602 1912 2640 fundamentis
1934 2613 2095 2645 consola-

1112 2645 1266 2685 tionum,
1309 2652 1342 2679 et
1364 2647 1459 2690 quod
1482 2646 1557 2682 Deo
1581 2651 1817 2688 obediendum
1841 2657 1902 2697 sit,
1942 2667 1973 2693 et
2000 2665 2094 2706 quod

72 2696 240 2742 pientiam
258 2696 494 2731 autvirtutem
513 2706 585 2729 esse
600 2695 785 2736 finxerunt,
813 2702 1059 2730 removeantur
1111 2695 1263 2729 coniunx
1304 2703 1363 2731 tua
1405 2698 1607 2735 coelestium
1648 2707 1900 2740 consuetudine
1942 2710 2093 2748 [rnatum

1400 2746 1484 2782 49*
