2338 2958
223 117 298 154 295

226 203 424 239 necessitati
440 201 677 249 prospexerit,
705 201 807 234 valde
823 206 1000 234 amantem
1017 211 1089 234 esse
1105 199 1220 234 nostri

227 256 384 304 generis,
417 267 477 289 seu
508 261 545 288 ut
579 254 652 298 ipse
682 252 751 293 ait,
785 248 1074 298 φιλάνθρωπον.
1148 251 1219 285 Sed

228 307 312 342 baec
354 307 500 340 fortasse
535 305 610 338 sine
650 303 811 337 doctrina
849 303 1031 337 observari
1063 309 1221 348 possunt,

229 370 430 405 quanquam
459 357 547 389 ordo
578 354 689 398 magis
715 355 946 399 conspicitur,
977 366 1057 388 cum
1088 353 1221 387 accedit

229 409 393 444 eruditio.
457 406 581 441 Dicam
607 407 716 450 igitur
737 406 781 440 de
803 407 846 439 iis
870 406 1101 446 utilitatibus,
1132 417 1221 450 quae

229 459 494 499 amitterentur,
528 458 685 501 neglecta
709 458 882 493 doctrina.
936 455 1070 498 Erunt,
1104 456 1222 501 inquit

230 511 381 549 Moises,
410 510 448 543 in
468 509 586 553 signa,
613 516 792 553 tempora,
818 509 892 541 dies
915 516 947 543 et
970 520 1093 544 annos.
1152 507 1222 540 Hic

230 563 377 596 coeleste
407 561 588 595 oraculum
619 560 789 604 praecipit
820 560 939 603 generi
973 557 1149 600 humano,
1184 565 1222 592 ut

229 620 340 647 certas
363 613 447 645 anni
470 620 580 645 metas
599 611 772 644 divinitus
791 610 1006 655 propositas,
1031 610 1140 643 discat
1158 610 1219 642 ob-

229 675 385 703 servare,
408 671 443 698 et
458 663 642 697 intervalla
661 674 836 695 annorum
855 661 1063 695 consideret.
1116 659 1222 703 Quod

229 716 305 748 sine
329 715 529 749 eruditione
552 721 583 748 et
603 722 762 748 motuum
779 713 981 755 cognitione
998 723 1223 757 nequaquam

228 766 305 801 fieri
329 773 453 811 potest.
511 764 663 799 Addidit
687 765 794 807 igitur
815 764 910 798 Deus
932 763 1035 797 nobis
1061 763 1223 796 umbram

229 818 437 858 doctricem,
472 824 510 850 ut
542 816 764 861 aequinoctia
797 822 829 850 et
853 815 947 849 Solis
976 814 1224 848 conversiones

230 869 417 902 observare
442 879 638 912 possemus,
665 867 802 900 addidit
826 878 1055 900 numerorum
1075 871 1108 899 et
1126 877 1226 898 men-

230 932 392 953 surarum
418 919 615 958 scientiam,
651 930 740 963 quae
763 925 897 952 mentes
918 918 955 950 in
981 917 1119 951 coelum
1141 917 1225 950 sub-

229 968 345 1010 vehit,
380 977 418 1004 ut
446 976 556 1003 certas
587 969 659 1002 vias
683 968 895 1010 Luminum‚
927 981 965 1002 ac
990 975 1101 1002 metas
1127 967 1224 1013 quasi

229 1022 341 1056 oculis
363 1022 500 1065 signare
526 1021 712 1066 possimus.
767 1020 889 1066 ltaque
913 1027 947 1054 et
969 1020 1072 1065 primi
1098 1031 1224 1064 paren-

228 1081 279 1108 tes
305 1082 337 1108 et
364 1074 528 1118 deinceps
551 1080 669 1117 gentes
687 1072 917 1113 eruditiores,
951 1079 984 1105 et
1000 1071 1037 1104 in
1054 1068 1108 1103 bis
1127 1071 1226 1113 inge-

228 1125 434 1166 niosissimi,
457 1136 594 1169 semper
609 1124 835 1157 elaborarunt
854 1123 888 1155 in
905 1123 1125 1156 observando
1141 1121 1224 1154 anni

229 1177 391 1217 circuitu,
413 1183 451 1210 ut
467 1183 593 1209 certam
609 1182 808 1219 temporum
823 1175 948 1208 seriem
966 1180 1226 1212 conservarent,

230 1240 381 1274 quorum
408 1235 439 1261 et
456 1227 664 1260 beneficium
682 1233 818 1269 gratum
837 1226 941 1259 nobis
956 1237 1028 1258 esse
1045 1225 1166 1265 debet,
1193 1231 1225 1258 et

229 1280 407 1313 laudanda
433 1278 594 1318 solertia,
628 1277 831 1321 diligentia,
865 1277 1070 1317 assiduitas,
1097 1276 1225 1309 volun-

229 1338 282 1365 tas
300 1331 388 1364 bene
407 1329 564 1363 merendi
583 1330 624 1361 de
641 1341 768 1372 genere
784 1327 952 1363 humano.
999 1327 1094 1361 Sunt
1109 1334 1224 1361 autem

230 1381 392 1415 solertiae
418 1388 451 1414 et
475 1380 678 1423 diligentiae
704 1379 903 1413 testimonia
930 1378 1079 1412 illustria
1104 1378 1226 1418 multa,

230 1431 474 1476 utEclipsium
496 1431 764 1476 praedictiones,
783 1437 815 1464 et
836 1431 909 1474 ipsa
926 1429 1012 1463 anni
1025 1428 1226 1473 descriptio,

231 1484 331 1517 cuius
356 1483 539 1524 circuitus,
574 1489 613 1516 ut
639 1489 813 1527 quantum
838 1482 911 1515 fieri
939 1487 1072 1525 posset,
1102 1480 1224 1513 certis-

231 1535 318 1569 sime
335 1532 706 1578 comprehenderetur.

333 1585 441 1620 Varie
456 1591 625 1618 certatum
643 1591 703 1619 est.
738 1582 974 1617 Vetustissimi
992 1582 1143 1615 reditum
1158 1581 1225 1615 So-

231 1637 274 1671 lis
298 1638 340 1670 ad
367 1643 494 1669 certam
521 1636 656 1669 stellam
678 1635 800 1677 fixam,
826 1647 947 1667 verum
967 1634 1050 1666 anni
1069 1633 1224 1677 spacium

230 1700 303 1722 esse
328 1694 523 1722 senserunt.
576 1685 715 1720 Deinde
740 1699 819 1719 cum
846 1686 980 1731 aliquot
1005 1684 1132 1718 seculis
1149 1691 1226 1729 post

232 1739 518 1772 animadversum
535 1745 642 1778 esset,
666 1737 784 1771 stellas
799 1748 998 1781 progressas
1013 1748 1095 1776 esse,
1118 1747 1224 1781 quae-

233 1791 340 1823 renda
366 1790 431 1823 fuit
454 1789 520 1822 alia
541 1789 607 1822 via.
661 1788 781 1831 Quare
803 1787 921 1831 Meto,
951 1800 1054 1833 quem
1076 1785 1225 1820 Atlienis

232 1842 357 1874 vixisse
387 1841 564 1879 scribunt,
607 1851 693 1873 avus
721 1839 850 1884 opinor
878 1837 1122 1883 Empedoclis,
1165 1839 1226 1871 de-

232 1892 369 1937 scripsit
394 1904 527 1925 annnm
547 1903 618 1924 esse
635 1891 786 1924 reditum
804 1891 839 1923 in
857 1891 949 1923 idem
966 1889 1107 1924 solstitii
1123 1889 1226 1922 aesti-

233 1944 265 1976 vi
287 1951 470 1988 punctum.
525 1943 618 1985 Quia
639 1942 732 1975 enim
752 1939 1033 1976 Atheniensibus
1052 1940 1135 1974 anni
1158 1940 1225 1973 ini-

233 1995 321 2029 tium
346 2002 420 2028 erat
445 1994 634 2028 solstitium
658 1993 847 2034 aestivum,
884 1993 919 2025 in
945 2006 985 2026 eo
1011 2000 1139 2025 metam
1163 2005 1227 2036 po-

232 2047 302 2079 tius
323 2045 518 2080 constituit.
571 2044 727 2085 Deinde,
760 2051 836 2089 post
853 2042 1046 2078 Alexandri
1067 2050 1227 2082 aetatem,

233 2095 458 2141 Hipparchus
494 2096 618 2130 maluit
654 2097 840 2129 observare
873 2094 1094 2140 aequinoctia
1121 2107 1226 2139 quani

234 2148 404 2187 solstitia,
441 2148 522 2192 quia
552 2148 687 2193 aliquot
718 2147 843 2180 diebus
875 2147 964 2179 circa
998 2145 1144 2180 solstitia
1169 2158 1227 2178 va-

235 2199 338 2232 riatio
370 2199 618 2232 declinationis
647 2200 690 2232 ad
720 2198 1013 2243 aequinoctialem
1041 2209 1145 2230 sensu
1167 2197 1228 2229 de-

236 2248 406 2294 prehendi
434 2263 504 2283 non
532 2257 654 2293 potest.
725 2249 868 2283 Detioiit
895 2262 976 2291 ergo
1004 2245 1229 2292 Hipparchus

237 2315 368 2335 annun·
387 2315 458 2334 esse
474 2302 625 2334 reditum
638 2301 730 2334 Solis
749 2301 783 2333 in
802 2301 893 2333 idem
911 2299 1123 2345 aequinoctii
1139 2312 1229 2343 pun—

237 2360 342 2386 ctum.
405 2353 506 2385 lluue
532 2360 668 2385 secutus
687 2352 932 2392 Ptolomaeus,
964 2359 995 2385 et
1013 2363 1092 2384 suas
1109 2351 1228 2384 obser-

236 2404 396 2436 vationes
419 2405 617 2442 conserens,
646 2406 787 2438 tandem
813 2404 897 2436 anui
924 2403 1096 2436 rationein
1120 2401 1229 2436 tradi-

237 2455 285 2487 dit
311 2455 583 2487 coustantiorvm
609 2455 871 2499 superioribus,
908 2454 1069 2487 vidi-licet
1093 2454 1229 2486 dierum

237 2513 472 2539 trem-ntorum
491 2506 666 2546 sexaginta
685 2506 853 2551 quinque,
882 2503 1048 2538 liorarum
1067 2517 1135 2542 sex.
1164 2505 1230 2537 ini-

237 2570 302 2590 nus
329 2557 578 2589 trecentissima
606 2566 701 2601 parte
723 2557 803 2589 dio-i.
858 2556 1025 2590 Nondum
1047 2554 1130 2589 liare
1149 2556 1231 2589 dili-

235 2609 350 2650 gentia
378 2609 541 2641 satisfecit
572 2609 835 2651 posterioribus.
892 2608 979 2641 'Nam
1008 2615 1083 2652 post
1110 2607 1230 2641 Ptolo-

235 2672 373 2692 maeutn
393 2659 623 2700 Attmtvgnios
641 2673 733 2691 :inno
751 2660 1059 2702 septingentesimo
1077 2659 1231 2704 quadra-

235 2711 365 2751 gesimo
383 2711 496 2750 tertio,
522 2724 534 2742 x
546 2711 678 2744 idelicet
698 2718 777 2745 ante
794 2709 883 2744 lianc
900 2718 1056 2744 nostram
1072 2716 1232 2749 aetatem,

709 113 868 150 DECL.
904 111 978 148 DE
1012 110 1416 149 ASTRONOMIA
1450 112 1525 148 ET
1559 111 1782 151 GEOGR.

2187 116 2265 154 296

1272 200 1411 235 circiter
1433 200 1723 234 sexcentesimum
1746 212 1899 242 annum,
1932 200 2168 248 deprehendit
2189 210 2269 248 post

1272 251 1516 286 Ptolomaeum
1531 262 1620 296 opus
1636 262 1708 285 esse
1724 252 1981 290 emendatione.
2030 253 2169 288 Deinde
2185 265 2268 288 rur-

1273 314 1332 337 sus
1356 302 1584 336 eruditissimi
1610 299 1773 336 homines
1797 302 1947 347 primam
1969 305 2063 339 viam
2081 318 2161 339 cum
2178 317 2267 351 qua-

1274 355 1355 387 dam
1385 353 1604 388 correctione
1634 354 1763 395 secuti,
1805 354 2008 391 maluerunt
2035 368 2170 390 annum
2194 368 2267 390 esse

1274 405 1427 439 reditum
1449 404 1544 439 Solis
1565 406 1609 438 ad
1630 411 1759 438 certam
1782 405 1919 439 stellam
1944 406 2067 445 fixam,
2100 419 2179 440 cum
2200 405 2269 442 boc

1275 457 1382 490 modo
1411 456 1631 499 longioribus
1656 455 1782 501 spaciis
1804 456 1922 491 minor
1945 457 2176 504 inaequalitas
2200 458 2270 492 cir-

1275 508 1389 542 cuitus
1406 509 1491 540 anni
1507 508 1685 552 adpareat.

1378 558 1473 593 Haec
1490 571 1530 593 eo
1549 559 1727 598 recensui,
1754 565 1792 593 ut
1808 558 2026 602 diligentiam
2050 571 2269 594 summorum

1277 610 1435 644 virorum
1461 610 1709 652 admiremini,
1744 610 1806 655 qui
1829 617 1941 644 certos
1964 609 2105 652 Fastos,
2139 618 2270 645 certam

1278 662 1363 695 anni
1376 661 1650 706 descriptionem
1668 662 1772 695 nobis
1790 662 1926 695 tradere
1943 662 2166 697 studuerunt.
2195 661 2268 696 Iam

1279 713 1443 756 cogitate,
1471 719 1643 758 quantum
1662 710 1729 746 boc
1745 713 1789 746 sit
1806 713 2028 748 beneficium.
2079 713 2155 746 Nisi
2174 713 2269 747 enim

1279 764 1427 797 artifices
1450 761 1542 797 hanc
1569 770 1768 808 temporum
1795 764 1920 797 seriem
1944 764 2048 797 nobis
2065 775 2270 798 conservas·

1279 822 1374 856 sent,
1409 827 1498 860 quae
1524 822 1637 848 essent
1660 815 1873 859 religionum
1901 822 2005 860 atque
2027 815 2189 849 omnium
2212 812 2271 848 bi-

1281 866 1469 900 storiarum
1495 866 1676 907 tenebrae,
1713 877 1801 911 quae
1827 866 1986 900 confusio
2020 866 2128 900 totius
2153 866 2271 901 vitae?

1280 917 1360 951 Non
1386 917 1514 950 animis
1538 924 1632 951 retro
1661 917 1775 961 legere
1799 918 1926 951 mnndi
1950 917 2052 951 initia
2079 929 2272 963 possemus,

1280 981 1353 1003 non
1369 968 1536 1002 sciremus
1555 981 1644 1014 quae
1658 968 1847 1012 religiones
1867 968 2018 1013 priores,
2045 981 2135 1015 quae
2156 975 2273 1013 poste-

1281 1021 1390 1054 riores
1417 1020 1582 1054 suissent:
1625 1026 1712 1054 esset
1744 1019 1862 1062 ignota
1891 1019 1997 1053 series
2027 1019 2273 1065 imperiorum,

1280 1072 1500 1105 nescirentur
1524 1069 1702 1105 Ecclesiae
1731 1071 1834 1104 initia
1866 1077 1899 1104 et
1922 1071 2142 1115 propagatio.
2198 1069 2273 1104 Has

1281 1130 1395 1157 tantas
1421 1134 1475 1156 res
1494 1130 1534 1156 ut
1558 1123 1744 1161 sciremus,
1772 1120 1869 1155 Deus
1891 1129 1925 1156 et
1949 1122 2138 1167 praecipit,
2163 1129 2202 1157 ut
2216 1122 2273 1155 di-

1279 1186 1416 1208 scamus
1433 1174 1518 1219 quid
1536 1174 1580 1207 sit
1596 1185 1730 1215 annus,
1756 1180 1789 1207 et
1806 1179 1979 1207 monstrat
2001 1185 2134 1207 annum
2157 1173 2272 1207 conti-

1280 1237 1363 1259 nere
1387 1237 1524 1259 menses
1546 1225 1756 1266 duodecim,
1789 1231 1821 1258 et
1847 1225 1948 1258 initia
1980 1224 2017 1258 in
2045 1223 2271 1269 aequinoctio

1280 1277 1474 1312 constituit.
1519 1275 1614 1310 Haec
1633 1276 1756 1321 primis
1779 1273 1986 1309 bominibus
2003 1276 2186 1310 doctrinae
2203 1272 2272 1309 hu-

1281 1330 1334 1362 ius
1349 1328 1483 1361 semina
1499 1328 1656 1363 suerunt.
1710 1326 1829 1369 Quare
1850 1327 1990 1360 coelesti
2014 1325 2073 1360 illa
2102 1339 2186 1360 voce
2207 1327 2272 1360 ad-

1279 1379 1427 1417 moniti,
1465 1379 1635 1412 utilitates
1670 1378 1926 1422 expendamus,
1970 1384 2004 1411 et
2036 1375 2103 1411 Dei
2136 1377 2273 1411 donum

1280 1430 1550 1475 amplectamur,
1587 1441 1744 1462 amemus
1772 1435 1804 1462 et
1834 1429 2046 1462 excolamus.
2108 1427 2274 1462 Coniun-

1280 1489 1353 1515 ctae
1373 1488 1462 1514 artes
1481 1488 1564 1515 sunt
1581 1481 1741 1514 doctrina
1753 1505 1761 1518 ,
1789 1481 1832 1513 de
1847 1480 2002 1514 motibus
2018 1479 2225 1513 coelestibus
2241 1486 2275 1514 et

1281 1530 1525 1577 Geograpbia,
1552 1544 1615 1565 nec
1633 1531 1753 1564 divelli
1773 1538 1930 1575 possunt.
1983 1529 2074 1574 Quis
2091 1538 2141 1565 est
2155 1537 2272 1565 autem

1280 1585 1366 1617 adeo
1394 1583 1579 1626 imperitus
1601 1583 1798 1616 communis
1821 1582 1929 1623 vitae,
1961 1583 2048 1615 adeo
2070 1582 2146 1615 sine
2169 1593 2275 1616 sensu

1281 1634 1479 1672 communi,
1514 1641 1553 1667 ut
1584 1634 1776 1667 arbitretur
1805 1634 1912 1666 vitani
1945 1645 2063 1667 carere
2085 1644 2186 1678 posse
2209 1630 2275 1667 hac

1280 1693 1373 1727 arte,
1399 1691 1618 1719 monstrante
1635 1685 1724 1719 situs
1743 1685 1947 1729 regionum,
1979 1684 2184 1726 intervalla,
2209 1695 2275 1718 na-

1281 1736 1402 1772 tutas?

1385 1786 1489 1820 Nulla
1519 1787 1717 1830 navigatio,
1750 1787 1889 1820 nullum
1915 1786 1983 1820 iter
2006 1787 2111 1831 paulo
2135 1786 2276 1831 longius

1280 1838 1430 1882 suscipi,
1455 1845 1515 1872 aut
1534 1844 1625 1872 certe
1643 1838 1833 1881 gubernari
1852 1845 1982 1882 potest,
2009 1839 2054 1871 ab
2069 1835 2174 1872 buius
2190 1838 2276 1872 artis

1282 1889 1423 1933 ignaris.
1492 1889 1588 1932 Quid
1623 1889 1658 1921 in
1689 1889 1872 1934 scripturis
1904 1886 2138 1934 propheticis,
2185 1901 2275 1934 quo-

1281 1942 1386 1974 modo
1411 1948 1530 1983 vagata
1552 1941 1596 1974 sit
1616 1938 1788 1980 Ecclesia,
1811 1953 1899 1986 quae
1916 1952 1970 1973 res
1987 1940 2047 1973 ubi
2064 1947 2178 1983 gestae
2193 1940 2276 1982 sint,

1282 1993 1375 2025 uude
1395 1992 1543 2025 iudicari
1560 1999 1694 2035 posset,
1721 1992 1748 2025 si
1766 1994 1897 2025 deesset
1915 1989 1999 2024 baec
2016 1991 2201 2024 artificiosa
2219 2002 2275 2025 re-

1282 2044 1426 2086 gionum
1451 2043 1652 2086 descriptio.
1705 2043 1876 2086 Quotidie
1895 2043 1931 2075 in
1950 2042 2112 2086 precibus
2129 2042 2274 2076 intuen-

1282 2096 1324 2128 da
1350 2102 1398 2128 est
1423 2094 1537 2137 regio,
1567 2094 1601 2127 in
1620 2106 1688 2139 qua
1707 2095 1800 2128 filius
1817 2092 1882 2127 Dei
1900 2099 2057 2127 versatus
2072 2100 2140 2135 est,
2168 2100 2201 2128 et
2220 2093 2276 2127 vi-

1282 2146 1385 2179 ctima
1417 2147 1547 2186 sactus,
1582 2146 1789 2187 cogitandus
1818 2151 1867 2178 est
1892 2144 2006 2183 locus,
2044 2145 2080 2178 in
2105 2157 2175 2190 quo
2200 2145 2275 2188 pri-

1284 2210 1378 2230 mum
1404 2197 1524 2231 sonuit
1550 2209 1615 2230 vox
1641 2196 1812 2230 coelestis,
1877 2195 1936 2228 Sic
1961 2196 2055 2228 enim
2081 2197 2156 2230 vult
2180 2193 2276 2230 Dens

1285 2249 1459 2288 invocari,
1483 2255 1521 2281 ut
1537 2248 1649 2281 simul
1675 2248 1718 2280 de
1741 2246 1911 2280 sacrificio
1931 2246 1992 2279 filii
2009 2247 2219 2289 cogitemus,
2242 2252 2278 2281 et

1283 2301 1326 2333 de
1353 2299 1660 2344 promissionibus.
1712 2296 1752 2331 lu
1780 2296 1873 2331 bisce
1903 2297 1987 2331 locis
2012 2310 2091 2331 cum
2117 2297 2278 2343 quotidie

1283 2351 1403 2385 sistere
1435 2351 1543 2384 animi
1579 2357 1657 2383 vota
1689 2350 1859 2389 debeant,
1893 2356 2024 2394 quanta
2050 2356 2100 2383 est
2128 2348 2280 2393 ignavia,

1286 2416 1356 2435 uon
1382 2403 1534 2445 cogitare
1560 2401 1621 2435 ubi
1649 2408 1820 2434 terrarum
1848 2401 1911 2434 sita
1939 2400 2018 2433 sint.
2080 2399 2174 2434 Haec
2198 2411 2278 2445 spe-

1285 2462 1376 2487 etan·
1401 2455 1504 2487 etiam
1532 2453 1663 2486 indocti
1690 2452 1836 2496 cupiunt
1864 2452 1900 2485 in
1926 2451 2084 2495 picturis.
2139 2449 2190 2484 Ac
2206 2450 2278 2492 nisi

1285 2518 1339 2538 ars
1372 2513 1524 2545 extaret,
1560 2516 1682 2537 omiws
1709 2501 1872 2537 homines
1902 2502 2080 2537 inlinitum
2105 2502 2276 2548 quiddam

1285 2569 1356 2589 esse
1385 2564 1514 2590 terrain
1545 2555 1755 2597 cogitarent,
1789 2567 1827 2588 ac
1855 2561 1992 2587 tanturn
2016 2565 2136 2587 carum
2163 2553 2279 2597 regio-

1286 2621 1370 2640 num
1397 2608 1511 2652 spacia
1540 2614 1571 2640 ct
1600 2607 1784 2640 intervalla
1813 2605 1958 2644 scirent,
1985 2617 2074 2649 quae
2099 2604 2280 2638 adiissent.

1286 2658 1377 2691 llinc
1397 2660 1497 2692 nnilti
1515 2671 1636 2702 graves
1654 2670 1789 2691 errores
1809 2657 1843 2689 in
1862 2657 1930 2689 vita
1947 2656 2140 2692 orirentur.
2175 2655 2279 2690 Nunc

1285 2723 1367 2743 vero
1399 2723 1504 2756 quam
1530 2717 1688 2754 gratum,
1724 2721 1828 2754 quam
1853 2708 1939 2742 utile
1964 2714 2013 2741 est
2042 2714 2158 2742 mente
2181 2718 2279 2741 com-
