2338 2958
137 133 211 169 40⁷

141 217 292 253 lectione
310 214 577 259 permulceatur.
623 207 670 242 Ut
686 207 779 240 enim
797 205 835 252 in
853 203 920 239 hoc
937 204 1065 248 scripto
1081 210 1132 237 est

145 269 313 315 quaedam
329 265 476 310 perfecta
496 268 528 294 et
548 259 707 293 absoluta
725 258 838 300 imago
857 256 1048 300 sapientiae
1065 253 1133 288 hu-

142 330 284 359 manae,
315 321 585 361 quantacunque
604 321 643 342 ea
661 309 806 342 omnino
824 319 896 340 esse
913 313 970 340 aut
989 305 1133 349 cogitari

145 376 278 416 potest,
305 367 351 399 ita
368 366 404 397 in
422 363 519 396 omni
543 372 669 405 genere
686 359 866 393 doctrinae
887 355 979 390 nihil
996 356 1134 390 dulcius

147 434 186 455 eo
204 427 272 458 est,
299 413 390 449 nihil
406 412 630 452 luculentius,
658 408 749 443 nihil
767 410 802 442 in
821 410 914 454 quod
934 408 1045 440 maior
1062 407 1135 439 elo-

147 469 309 517 quentiae
333 466 500 510 splendor
530 463 680 503 eluceat,
715 468 753 494 ut
778 467 869 494 recte
895 459 1027 493 dictum
1053 457 1096 490 sit
1117 469 1135 489 a

149 520 274 555 Fabio:
302 515 612 560 Quemadmodum
629 513 671 546 ab
689 524 820 545 oceano
840 522 960 544 omnes
979 509 1136 542 amnium

148 579 181 605 et
208 569 359 603 sontium
390 577 510 600 cursus
538 564 638 597 initia
668 563 824 606 capiant,
867 561 912 594 ita
941 560 1137 593 Homerum

148 621 314 656 omnibus
331 616 551 662 eloquentiae
570 614 729 659 partibus
751 612 947 655 exemplum
971 617 1004 643 et
1022 614 1138 643 ortum

153 673 301 706 dedisse.
340 668 421 702 Non
440 667 532 700 enim
551 665 688 710 pluvias
704 663 763 696 ille
778 674 899 707 aquas,
931 668 969 694 ut
988 661 1037 694 ait
1053 659 1140 692 Pin-

151 724 274 761 darus,
301 719 452 762 colligit,
485 718 543 750 sed
570 716 648 748 vivo
673 714 819 747 flumine
843 713 1013 750 exundat,
1046 711 1141 743 dono

152 773 306 819 quodam
333 768 573 815 providentiae
597 765 738 799 divinae
761 765 803 796 ad
824 761 892 796 hoc
918 762 1076 805 genitus,
1103 767 1143 793 ut

153 826 189 857 in
206 835 244 857 eo
260 829 349 856 totas
365 821 455 853 vires
471 829 550 851 suas
568 815 767 861 eloquentia
785 813 1010 858 experiretur.

235 887 311 922 Etsi
327 887 434 930 igitur
451 891 528 930 post
546 883 620 917 eius
637 889 783 916 aetatem
801 880 955 914 effloruit
972 878 1053 911 satis
1071 877 1144 910 soe-

152 941 200 974 lix
219 939 407 973 Poetarum
426 942 626 980 proventus,
652 933 724 977 ipse
742 939 858 966 tamen
879 942 1015 974 semper
1033 939 1146 967 suum,

154 989 220 1024 hoc
239 996 305 1030 est,
331 999 509 1022 summum
533 998 572 1019 ac
594 984 790 1029 principem
810 983 926 1015 locum
951 980 1086 1019 tenuit,
1114 985 1146 1011 et

153 1053 246 1076 unus
262 1039 428 1073 omnibus
445 1048 532 1083 quos
548 1036 620 1069 ulla
636 1035 717 1068 tulit
731 1040 834 1073 aetas,
859 1031 977 1066 Poetis
994 1031 1147 1075 palmam

154 1090 370 1138 praeripuit,
396 1087 679 1131 longissimisqne
698 1083 893 1118 intervallis
909 1089 1052 1115 cunctos
1070 1086 1148 1124 post

156 1155 191 1177 se
209 1141 362 1186 reliquit,
390 1140 495 1184 idque
512 1138 643 1174 effecit,
672 1143 710 1169 ut
724 1146 890 1177 magnum
908 1141 941 1166 et
956 1131 1073 1175 magni
1092 1131 1149 1164 in-

157 1193 250 1237 genii
268 1190 427 1225 habitum
446 1189 499 1229 sit,
526 1188 599 1221 eius
617 1187 762 1220 xirtutes
778 1197 850 1217 non
867 1184 1009 1229 quidem
1027 1194 1148 1215 aemu-

156 1245 308 1282 latione,
341 1241 435 1286 quod
465 1237 681 1282 impossibile
709 1242 779 1276 est,
813 1236 872 1267 sed
895 1234 1019 1267 saltem
1044 1232 1150 1265 iutel-

158 1296 250 1329 lectu
265 1292 376 1337 sequi.
419 1288 523 1324 Canit
539 1290 582 1322 de
598 1300 639 1321 eo
655 1293 693 1321 ut
707 1285 900 1330 magnifice,
927 1284 975 1317 ita
992 1295 1066 1316 non
1082 1282 1150 1317 mi-

160 1356 226 1379 nus
245 1354 323 1377 vere
338 1340 528 1375 Manilius:

940 1390 1100 1439 (inquit)

264 1455 373 1486 Omnis
390 1456 546 1494 posteritas
562 1453 662 1482 latices
677 1452 708 1479 in
725 1450 853 1478 carmina
873 1448 971 1484 duxit,

467 1403 612 1441 cuiusque
628 1410 666 1429 ex
683 1409 733 1427 ore
749 1397 873 1437 profuso

265 1508 458 1546 Amnemque
474 1506 505 1533 in
520 1510 624 1533 tenues
641 1511 710 1531 ausa
727 1507 769 1530 est
785 1499 929 1529 deducere
946 1499 1037 1535 rivos,

263 1557 359 1588 Unius
378 1555 525 1586 foecunda
541 1555 639 1583 bonis.

161 1613 209 1648 Et
229 1612 442 1647 Theocritus
466 1611 533 1651 ait,
559 1608 745 1642 Musarum
768 1617 866 1645 aves,
893 1602 960 1637 hoc
974 1610 1042 1644 est,
1070 1602 1153 1635 reli—

163 1676 252 1711 quos
269 1663 413 1703 Poenas,
440 1661 468 1694 si
491 1672 571 1694 cum
586 1658 743 1692 Homero
767 1663 898 1690 certare
917 1655 1051 1694 ausint,
1079 1654 1154 1686 sru-

163 1723 233 1750 stra
258 1715 438 1752 laborare,
465 1718 497 1744 et
520 1711 614 1744 velut
631 1719 850 1754 coccysmum
876 1707 978 1739 edere
1008 1705 1048 1737 ad
1074 1704 1154 1737 dul-

164 1766 322 1800 cissimos
346 1763 515 1797 lusciniae
540 1767 673 1794 cantus.
736 1757 902 1791 Testatur
926 1757 1008 1789 item
1032 1753 1154 1788 Philo-

165 1824 293 1851 stratus
310 1814 505 1847 llomerum
524 1823 598 1845 non
621 1810 710 1843 sicut
727 1805 998 1852 Euphranorem
1023 1812 1155 1839 statua-

165 1868 277 1907 rium,
303 1865 363 1910 qui
381 1863 592 1909 quibusdam
615 1861 651 1893 iu
668 1871 729 1893 sua
749 1866 821 1892 arte
838 1857 1026 1891 virtutibus
1044 1862 1157 1889 caete-

166 1919 213 1952 ris
245 1910 440 1961 praestitit,
471 1915 529 1947 sed
556 1913 591 1945 in
616 1911 800 1950 omnibus,
835 1920 924 1953 quae
950 1907 1093 1952 quidem
1120 1905 1156 1938 in

167 1978 383 2014 unoquoque
402 1964 551 1998 maxime
570 1963 710 1996 laudata
727 1961 810 2000 sint,
838 1957 1156 1993 eminentissimum

168 2031 252 2055 esse.
304 2016 350 2051 Et
366 2016 470 2050 refert
490 2015 549 2047 ille
571 2013 729 2047 festivam
748 2011 791 2044 de
807 2009 964 2044 Homero
990 2008 1159 2048 fabulam,

169 2082 273 2116 quam
290 2081 362 2101 non
380 2067 534 2101 alienum
554 2063 637 2099 duxi
656 2062 810 2097 breviter
823 2058 890 2094 hoc
907 2061 944 2093 in
968 2059 1045 2092 loco
1061 2069 1156 2092 com-

172 2131 375 2154 memorare.

274 2183 449 2220 Achillem
476 2183 544 2223 ait,
586 2194 667 2216 cum
690 2179 892 2214 adolescens
918 2184 1027 2217 esset,
1069 2175 1160 2210 miro

173 2237 289 2272 studio
310 2243 341 2269 et
365 2247 482 2268 amore
501 2233 656 2267 Musicae
673 2244 711 2265 ac
728 2231 889 2264 Poeticae
909 2229 1088 2271 flagrasse,
1114 2226 1161 2259 ita

175 2296 211 2323 ut
224 2287 380 2332 quotidie
395 2299 412 2319 a
429 2284 539 2318 Musis
555 2283 781 2317 contenderet
797 2280 970 2325 precibus,
990 2285 1027 2312 ut
1042 2289 1162 2311 earum

176 2339 306 2373 auxilio
335 2338 370 2370 in
402 2336 627 2369 excellentem
656 2333 830 2366 Musicum
860 2337 975 2375 posset
1004 2329 1162 2363 evadere.

176 2390 337 2433 Cumque
355 2388 492 2420 nullum
513 2385 637 2419 orandi
663 2385 767 2417 finem
790 2383 938 2421 faceret,
965 2381 1106 2413 tandem
1123 2390 1162 2412 ex

179 2440 291 2474 Musis
309 2438 491 2481 Calliopen
515 2437 564 2469 illi
591 2435 811 2480 apparuisse,
834 2445 872 2466 ac
896 2431 1094 2471 monuisse,
1121 2441 1163 2461 ne

178 2504 257 2525 cum
273 2490 350 2522 satis
368 2495 548 2532 pugnaret,
575 2487 676 2520 aliter
693 2486 787 2519 enim
804 2484 938 2528 supe-ris
955 2483 1067 2514 visum
1083 2491 1165 2521 esse,

179 2555 250 2575 non
269 2548 379 2573 vatem
398 2552 493 2577 enin.
522 2539 578 2570 scd
599 2543 831 2581 praestantem
848 2535 1051 2567 bellaturi-m
1071 2533 1164 2565 sutu-

180 2605 277 2629 rum,
304 2590 413 2635 etqui
439 2589 521 2623 tales
545 2600 598 2621 res
622 2594 770 2630 gereret,
797 2587 891 2619 und(=
912 2584 1038 2618 vot-'tae
1055 2589 1165 2616 tuate-

182 2645 267 2677 riam
285 2640 458 2676 scribendi
477 2641 647 2682 sumpturi
666 2645 789 2671 essent.
825 2636 905 2670 Post
923 2642 1062 2669 centnm
1082 2645 1164 2665 vcro

179 2707 291 2728 annos
314 2692 529 2726 exoriturum
554 2690 728 2735 quendam
753 2695 888 2729 vatem,
922 2686 1067 2721 nomine
1088 2682 1164 2716 Ho-

640 120 796 158 DECL.
831 116 906 155 DE
939 114 1224 153 PRAEFAT.
1259 112 1313 148 IN
1343 110 1660 148 HOMERUM.

2094 114 2169 150 408

1183 212 1319 234 merum
1331 226 1339 240 ‚
1366 197 1425 243 qui
1444 197 1519 231 eius
1539 210 1593 231 res
1618 204 1727 241 gestas
1744 206 1777 234 et
1798 200 1904 234 sortia
1921 201 2009 234 sacta
2027 200 2174 235 immor—

1185 251 1246 286 tali
1271 249 1426 294 carmine
1444 249 1680 282 celebraturus
1699 256 1796 284 esset.
1846 249 1942 284 Haec
1959 252 2002 284 de
2018 250 2176 285 Homero

1186 300 1432 336 Philostratus,
1473 298 1540 332 Per
1556 296 1623 332 hoc
1641 296 1736 332 haud
1754 300 1861 333 dubie
1877 301 2094 344 significans,
2120 302 2177 335 di-

1187 353 1319 385 vinitus
1337 350 1522 384 excitatum
1541 350 1648 384 fuisse
1664 350 1862 383 Homerum
1874 377 1884 391 ,
1916 358 1949 384 et
1966 352 2086 385 divina
2104 352 2178 386 vir·
2221 355 2232 361 ”

1188 410 1261 437 tute
1288 402 1443 435 afflatum
1471 398 1555 433 haec
1582 401 1757 434 cecinisse.
1813 399 1853 434 ld
1876 403 1971 445 quod
1995 403 2115 436 multis
2139 403 2178 436 in

1189 454 1275 487 locis
1299 453 1417 485 videre
1440 451 1540 492 licet,
1573 463 1652 484 eum
1678 451 1775 485 velut
1790 463 1829 484 ex
1847 452 1954 486 atlvto
1971 453 2026 485 vel
2043 454 2179 488 cortina

1191 505 1296 538 altius
1323 503 1492 548 quiddam
1521 508 1554 535 et
1581 501 1757 540 divinius,
1796 491 1902 547 quani
1915 514 1995 546 .pro
2022 501 2178 538 humano

1191 562 1294 599 captu
1312 553 1482 587 sonuisse.
1537 551 1700 586 Indicant
1725 550 1792 586 hoc
1816 553 2009 594 nonnulla,
2033 565 2121 599 quae
2143 555 2182 588 in

1193 606 1266 639 eius
1299 607 1457 649 poemate
1489 615 1606 647 sparsa
1636 610 1736 644 sunt,
1770 603 1955 643 vaticinia,
1991 616 2080 649 quae
2108 616 2182 638 non

1193 657 1324 701 absque
1348 655 1469 689 asssatu
1494 653 1653 687 numinis
1670 654 1714 687 ab
1743 652 1896 688 humana
1915 661 2031 688 mente
2045 655 2184 700 concipi

1194 712 1402 751 potuerunt:
1440 705 1542 750 quale
1573 702 1639 738 hoc
1672 711 1722 738 est
1745 706 1788 738 de
1812 705 2014 749 posteritate
2034 703 2185 747 Aeneae,

1195 766 1227 790 et
1245 756 1448 790 aeternitate
1465 756 1574 789 futuri
1592 754 1747 789 Romani
1765 755 2041 802 imperii,—qu0d
2060 768 2078 790 a
2095 756 2185 790 Ver-

1196 808 1280 852 gilio
1298 804 1363 839 hoc
1383 818 1485 839 versu
1502 806 1678 840 redditum
1699 813 1765 840 est:

1315 868 1352 898 Et
1370 871 1430 897 uati
1446 875 1584 897 natorum
1595 892 1602 905 ,
1631 875 1659 898 et
1679 871 1731 909 qui
1748 876 1903 900 nascentur
1919 871 1955 899 ab
1971 871 2054 910 ipsis.

1199 926 1318 969 Quare
1335 936 1407 957 non
1423 925 1467 957 ab
1483 936 1519 956 re
1536 924 1757 957 Democritus
1773 925 1872 967 dixit,
1897 924 2093 959 Homerum
2111 937 2189 960 sor-

1199 978 1304 1010 titum
1325 975 1431 1009 fuisse
1450 975 1668 1008 divinantem
1685 975 1851 1012 animam.
1903 976 1972 1011 Sed
1987 977 2051 1010 ista
2071 987 2188 1020 perse—

1201 1027 1278 1073 qui,
1305 1038 1378 1059 non
1394 1033 1476 1060 sunt
1493 1023 1598 1059 hui-us
1613 1025 1680 1058 loci
1700 1033 1759 1059 aut
1775 1027 1951 1071 temporis.
1997 1026 2052 1062 Ad
2069 1034 2189 1061 nostra

1201 1079 1319 1121 igitur,
1347 1084 1450 1121 atque
1469 1078 1510 1109 ad
1530 1088 1568 1109 ea
1584 1088 1672 1120 quae
1691 1078 1819 1111 nostris
1837 1078 1963 1111 studiis
1981 1084 2015 1111 et
2030 1077 2190 1110 moribus

1201 1128 1366 1173 propiora
1391 1133 1491 1167 sunt,
1529 1134 1758 1162 revertamur.
1810 1125 1888 1161 Etsi
1920 1140 2003 1162 vero
2034 1126 2122 1161 mihi
2152 1129 2190 1161 in

1202 1178 1394 1223 praesentia
1423 1189 1495 1210 non
1512 1184 1609 1210 vacat
1627 1177 1790 1219 colligere
1816 1176 1861 1212 τὰ
1885 1175 2191 1225 φιλοσοφούμενα

1204 1230 1262 1262 illa
1281 1228 1478 1268 recondita,
1507 1229 1549 1260 de
1566 1227 1750 1272 principiis
1766 1240 1903 1270 rerum,
1930 1230 1973 1263 de
1994 1237 2093 1263 motu
2111 1241 2191 1263 cor-

1205 1292 1329 1325 porum
1350 1278 1552 1312 coelestium
1576 1285 1609 1311 et
1634 1285 1825 1319 astrorum,
1852 1280 1895 1313 de
1922 1280 2120 1321 elementis,
2147 1281 2191 1314 de

1205 1331 1339 1363 mundo
1368 1337 1400 1362 et
1423 1341 1462 1362 eo
1485 1329 1639 1372 duplici,
1675 1330 1718 1362 de
1743 1330 1995 1364 constitutione
2025 1329 2192 1373 hominis,

1205 1383 1247 1414 de
1276 1381 1389 1413 anima
1416 1386 1449 1413 et
1470 1379 1543 1412 eius
1568 1379 1744 1421 partibus,
1777 1381 1819 1413 de
1848 1382 1929 1414 sede
1958 1381 2194 1424 potentiarum

1206 1431 1361 1474 animae,
1389 1431 1432 1462 de
1458 1429 1604 1473 singulis
1631 1430 1814 1474 potentiis,
1839 1431 1883 1464 de
1905 1432 2106 1473 affectibus,
2135 1431 2196 1465 iis-

1206 1494 1272 1527 que
1292 1481 1441 1514 laudatis
1457 1487 1489 1514 et
1507 1480 1658 1521 vitiosis,
1685 1482 1727 1514 de
1743 1481 1878 1515 ratione
1895 1494 2002 1527 porro
2019 1490 2123 1528 atque
2138 1473 2194 1515 in'-

1207 1533 1365 1571 tellectu‚
1391 1543 1566 1576 sensuque
1582 1537 1614 1564 et
1633 1532 1790 1576 adpetitu
1808 1544 1886 1565 cum
1912 1545 1952 1566 eo
1972 1533 2118 1577 perenni
2139 1533 2195 1566 di-

1207 1583 1393 1616 micatione
1415 1582 1659 1624 depugnante,
1691 1584 1733 1615 de
1761 1583 1821 1616 illa
1845 1583 2021 1617 diviniore
2047 1591 2079 1618 et
2111 1583 2195 1618 item

1207 1635 1310 1666 bruta
1336 1639 1432 1676 parte
1459 1629 1626 1666 hominis.
1685 1631 1799 1673 llaec,
1833 1632 1996 1678 inquam,
2023 1646 2102 1668 cum
2127 1634 2196 1668 iam

1208 1681 1295 1716 mihi
1320 1694 1498 1716 recensere
1519 1695 1591 1715 non
1615 1682 1735 1723 liceat,
1761 1689 1878 1716 tamen
1903 1685 2015 1718 sciant
2037 1685 2196 1726 studiosi,

1208 1735 1367 1767 omniurn
1395 1731 1519 1766 harum
1548 1745 1664 1766 rerum
1687 1734 1841 1774 semina,
1875 1741 1909 1768 et
1931 1747 1992 1768 ceu
2026 1735 2138 1769 sontes
2160 1737 2197 1769 in

1210 1785 1365 1817 llomero
1382 1796 1463 1816 esse.
1497 1782 1618 1828 Neque
1636 1784 1728 1816 nllus
1745 1784 1871 1818 melior
1886 1792 1946 1819 aut
1963 1774 2198 1829 praestantior

1211 1837 1322 1880 pictor
1349 1834 1444 1867 illius
1469 1834 1656 1867 nobilioris
1679 1846 1716 1868 ac
1739 1835 1928 1869 dixinioris
1953 1837 2061 1881 partis
2084 1837 2197 1871 nostri

1211 1886 1340 1926 extitit,
1368 1897 1474 1930 quam
1498 1883 1685 1918 Homerus.

1299 1960 1523 2005 Quapropter
1540 1959 1660 2003 Scipio
1676 1961 1766 2005 apud
1785 1960 1912 1995 Silium
1930 1961 2062 2006 ingenti
2080 1970 2111 1997 et
2128 1975 2200 1997 non

1212 2013 1296 2046 salsa
1331 2012 1434 2045 laude
1460 2008 1556 2045 vehit
1582 2011 1728 2045 Homeri
1758 2012 1919 2045 umbram
1947 2013 2039 2056 apud
2071 2013 2202 2048 inferos

1213 2063 1453 2107 conspesstani,
1479 2069 1511 2095 et
1540 2074 1684 2106 magnae
1707 2063 1904 2096 foelicitatis
1923 2063 1998 2097 loco
2021 2063 2092 2098 suis
2114 2071 2204 2098 tein-

1215 2114 1358 2159 poribus
1384 2113 1488 2146 talem
1510 2121 1622 2146 vatem
1647 2120 1768 2157 optat,
1795 2126 1897 2157 quem
1925 2113 2040 2147 locum
2062 2122 2206 2160 propter

1215 2165 1451 2198 adolescentes
1469 2175 1540 2196 non
1555 2163 1648 2208 piget
1663 2161 1719 2197 hic
1736 2163 1920 2208 subiicere,
1948 2164 1996 2199 sic
2011 2165 2107 2199 euim
2124 2165 2190 2200 ait:

1267 2226 1370 2266 Atque
1387 2225 1435 2254 bio
1455 2224 1558 2264 Elysio
1576 2225 1745 2254 tendentem
1762 2226 1857 2254 limite
1874 2236 1996 2257 cernens

1266 2277 1403 2317 Effigiem
1422 2279 1555 2313 iuvenis,
1582 2283 1677 2313 caste,
1704 2278 1752 2305 cui
1771 2278 1843 2305 vitta
1859 2278 1968 2315 ligabat

1268 2328 1419 2368 l'urpnrea
1435 2329 1544 2357 ell'usos
1563 2338 1612 2366 per
1626 2329 1702 2356 oolla
1718 2329 1840 2357 nitentia
1854 2330 1956 2366 crinis,

1268 2379 1341 2416 llic,
1367 2381 1405 2408 nit
1418 2402 1425 2416 ,
1454 2379 1502 2408 bic
1525 2380 1648 2418 quinam
1663 2381 1766 2416 virge,
1795 2390 1863 2408 nam
1882 2381 1948 2409 luce
1965 2380 2092 2419 refulget

1268 2431 1447 2470 Praecipue,
1475 2431 1559 2459 frons
1576 2441 1655 2458 secra
1673 2431 1748 2466 viro,
1777 2431 1947 2471 uniltaeque
1963 2438 2127 2471 =sequuntur

1269 2482 1410 2511 Mirantes
1427 2483 1540 2510 animae
1552 2502 1560 2514 ,
1590 2488 1617 2509 et
1638 2483 1714 2509 laeto
1734 2482 1862 2509 clamore
1879 2484 2075 2522 frequentant.

1269 2534 1331 2569 Qui
1350 2535 1466 2566 vultus,
1493 2543 1581 2572 quem
1595 2534 1617 2561 si
1638 2531 1742 2571 Stygia
1759 2543 1818 2561 non
1837 2539 1908 2561 esset
1928 2535 1956 2561 in
1974 2533 2088 2568 umbre,

1270 2583 1421 2614 luxissem
1437 2584 1522 2612 t'uoite·
1537 2594 1597 2612 ess«-
1614 2581 1724 2612 Deum.
1775 2581 1844 2612 Nou
1861 2585 1985 2616 taltorta.
2012 2584 2121 2624 inquit,

1270 2634 1363 2664 Docta
1383 2646 1482 2665 come·
1502 2637 1621 2671 triviae,
1648 2636 1755 2663 meruit
1772 2631 1853 2663 Deus
1869 2645 1929 2663 esse
1946 2634 2049 2663 videri.

1271 2686 1304 2716 lit
1325 2689 1381 2716 snit
1399 2689 1427 2715 in
1447 2693 1526 2715 tnnto
1544 2697 1604 2714 uon
1621 2695 1743 2725 parvum
1760 2691 1879 2724 pectore
1902 2696 2024 2723 numen,
