2338 2958
236 110 311 147 265

238 197 472 233 coniiciantur
489 209 529 231 ex
545 208 617 231 uno
635 195 755 240 aliquo
773 202 870 239 gestu
886 201 946 229 aut
961 192 1147 231 cachinno.
1175 194 1227 229 Ita

239 249 447 284 cum‘certae
465 255 567 281 notae
583 247 806 292 quarundam
825 247 1091 291 praecipuarum
1110 258 1227 280 rerum

238 301 309 335 sint
328 300 515 345 impressae
532 304 696 336 naturae,
723 297 855 331 multae
878 309 918 331 ex
935 295 991 331 his
1010 305 1126 342 postea
1144 309 1229 331 con—

239 352 391 386 iecturae
409 355 608 383 sumuntur.
657 347 830 382 Fortassis
845 355 963 383 autem
980 360 1053 382 non
1071 355 1158 382 esset
1174 359 1230 381 ars

239 402 398 436 ducenda
417 397 629 442 Astrologia,
655 399 684 432 si
701 406 838 433 tantum
858 406 1034 434 constaret
1050 399 1229 433 coniectu-

240 453 306 494 ris3
335 463 415 484 nam
433 462 488 483 ars
504 457 554 484 est
571 462 693 484 eorum
711 462 800 496 quae
816 462 888 484 non
914 451 1054 486 fallunt.
1098 449 1228 484 Verum

242 510 273 537 et
291 500 375 536 haec
393 502 466 545 ipsa
483 512 556 542 ars,
580 509 619 535 ut
636 500 816 535 Medicina
833 508 865 535 et
882 501 1049 541 Politica,
1075 501 1230 545 primum

242 553 343 587 certis
360 552 665 586 observationibus
684 559 838 591 constat,
864 552 982 595 postea
999 564 1038 585 ex
1062 550 1117 584 bis
1139 551 1232 585 rnul-

243 610 298 637 tae
314 603 480 636 oriuntur
496 603 728 638 coniecturae.
781 602 879 636 Vidit
895 603 1102 645 Astrologus
1119 603 1156 634 in
1174 614 1234 645 ge-

242 654 316 687 nesi
337 652 512 688 Catilinae
533 654 630 687 diros
651 653 784 697 positus
811 660 916 698 atque
932 660 1089 697 aspectus
1104 652 1233 686 Plane-

243 712 379 746 tarum,
405 704 467 750 qui
485 704 728 748 significabant
744 704 854 737 animi
881 704 1145 744 crudelitatem,
1171 716 1235 736 au—

242 756 396 796 daciam,
423 762 664 800 praeposteros
680 766 806 795 mores,
833 755 990 799 inquieta
1007 761 1040 788 et
1058 754 1234 787 infoelicia

244 806 402 842 consilia.
456 805 525 840 Fac
541 818 614 839 non
638 806 792 850 potuisse
809 813 902 839 certo
923 805 1140 849 praedicere,
1166 803 1232 838 Ca-

244 856 383 891 tilinam
407 855 578 890 Cicerone
601 855 756 889 Consule
780 863 957 889 moturum
985 867 1057 888 esse
1087 855 1234 889 seditio-

244 919 345 947 nem,
372 907 500 940 dciude
518 907 698 947 futurum,
721 913 760 940 ut
778 907 813 939 in
831 907 904 940 acie
922 907 957 939 in
976 905 1158 950 Apennini
1177 917 1235 939 ra-

244 958 384 991 dicibus
409 957 679 999 interficeretur3
706 964 740 990 at
757 957 1010 990 animadversis
1026 957 1097 989 illis
1118 957 1234 990 insau-

245 1008 306 1042 stis
335 1008 670 1051 signIficationibus‚
711 1020 799 1053 quae
820 1009 962 1053 quidem
995 1015 1077 1041 sunt
1110 1016 1234 1048 certae,

245 1059 418 1093 conticere
434 1059 565 1102 potuit,
592 1059 751 1092 futurum
766 1059 876 1092 civem
892 1059 1154 1100 turbulentum,
1181 1070 1234 1091 se—

245 1110 415 1143 ditiosum
436 1116 471 1143 et
488 1109 580 1143 vitae
604 1110 763 1143 futurum
787 1109 919 1143 exitum
944 1109 1128 1153 tragicum.
1182 1107 1232 1142 Ita

246 1160 396 1204 insignia
423 1161 596 1204 quaedam
626 1160 662 1193 in
696 1161 980 1204 temperamentis
1007 1172 1046 1193 ac
1074 1160 1235 1193 moribus

244 1209 565 1256 παχυμερέστερον
591 1210 740 1244 iudicari
766 1218 930 1255 possunt,
959 1223 1047 1257 quae
1071 1223 1146 1244 non
1168 1211 1235 1243 fal-

245 1263 337 1296 lunt.
374 1261 456 1295 Non
473 1262 580 1305 igitur
596 1274 636 1295 eo
654 1263 873 1306 aspernanda
890 1268 940 1295 est
955 1259 1039 1296 haec
1056 1273 1125 1303 ars,
1153 1261 1234 1306 quia

245 1325 317 1346 nou
343 1312 462 1345 omnia
486 1313 676 1356 praevidet.
729 1312 845 1355 Quam
864 1324 971 1357 pauca
988 1319 1080 1346 certa
1097 1319 1179 1346 sunt
1197 1313 1232 1344 in

245 1363 389 1397 caeteris
399 1362 541 1406 optimis
556 1363 702 1404 artibus,
719 1370 751 1397 et
768 1370 807 1396 ut
824 1364 892 1396 iam
909 1375 981 1395 non
998 1364 1040 1396 de
1053 1362 1233 1395 Medicina

244 1420 304 1447 aut
329 1415 371 1447 (le
391 1412 538 1446 Politica
563 1414 737 1447 dicamus:
764 1425 849 1447 num
874 1413 953 1447 ideo
978 1420 1049 1447 tota
1073 1413 1232 1446 doctrina

245 1466 288 1498 de
311 1464 479 1498 Meteoris
502 1465 734 1509 vituperanda
761 1471 828 1503 est,
861 1463 943 1508 quia
973 1474 1100 1507 paucas
1131 1460 1234 1495 habet

243 1515 572 1555 demonstrationes,
593 1522 710 1558 postea
730 1514 882 1558 plurima
900 1514 1041 1546 conficit
1056 1513 1234 1546 coniectu-

245 1566 315 1600 ris‘?
345 1565 386 1599 ln
403 1566 477 1609 ipsa
491 1565 704 1608 agricultura
723 1577 827 1610 quam
843 1576 945 1608 saepe
960 1564 1128 1604 fallimur,
1147 1576 1232 1596 num

243 1618 324 1650 ideo
346 1628 419 1649 non
442 1623 524 1649 sunt
545 1616 684 1649 colendi
707 1615 805 1659 agri?
839 1614 936 1658 Quin
962 1615 1078 1659 potius
1093 1621 1234 1648 utamur

244 1667 372 1701 artium
397 1666 592 1704 beneficiis,
617 1673 651 1700 et
674 1667 935 1699 consideremus
959 1677 1142 1711 quousque
1166 1663 1232 1698 hu-

243 1730 346 1752 mana
365 1729 466 1750 mens
482 1717 645 1761 progredi
667 1719 784 1761 possit.
839 1716 899 1749 Me
915 1717 1056 1761 quidem
1081 1728 1153 1749 non
1176 1728 1228 1749 so-

245 1770 318 1802 lum
336 1769 470 1802 utilitas
494 1769 529 1800 in
549 1766 603 1801 his
629 1769 765 1801 artibus
781 1768 947 1808 delectat,
976 1780 1080 1812 quam
1103 1767 1139 1799 iu
1160 1779 1232 1799 me-

243 1821 360 1853 dendo
388 1826 421 1853 et
443 1819 479 1851 in
504 1819 582 1852 aliis
610 1820 714 1852 rebus
740 1819 1003 1857 animadverto,
1036 1819 1093 1851 sed
1122 1818 1232 1850 multo

242 1871 352 1914 magis
367 1867 452 1910 hoc,
479 1871 574 1915 quod
596 1882 675 1903 cum
695 1867 790 1903 hunc
815 1870 1000 1902 mirificum
1023 1880 1230 1902 consensum

241 1933 430 1966 corporum
461 1921 663 1954 coelestium
694 1928 728 1954 et
762 1920 971 1953 inferiorum
1001 1919 1233 1963 contemplor,

242 1973 315 2017 ipse
333 1984 387 2004 me
405 1972 491 2005 ordo
509 1979 541 2005 et
558 1969 742 2005 harmonia
760 1972 944 2009 admouet,
969 1972 1141 2004 mundum
1159 1983 1230 2002 uon

242 2035 320 2057 casu
345 2023 449 2063 ferri,
484 2024 543 2055 sed
570 2023 640 2065 regi
665 2023 847 2055 divinitus.
901 2021 994 2054 llaec
1020 2022 1232 2064 respondere

242 2074 336 2107 volui
354 2075 395 2106 ad
416 2074 557 2115 vulgare
573 2073 779 2110 convitium,
809 2072 1011 2116 priusquam
1032 2073 1074 2104 de
1089 2079 1162 2104 arte
1177 2072 1230 2104 di-

417 2123 479 2157 Est
499 2131 614 2157 autem
635 2124 738 2157 initio
757 2123 862 2156 veluti
884 2123 1042 2155 delinitio
1060 2123 1230 2167 quaedam

241 2174 485 2207 constituenda
512 2174 752 2217 Astrologi-ae,
780 2181 817 2207 ut
844 2187 918 2207 eam
943 2187 959 2206 a
982 2173 1232 2218 superstitiosis

240 2226 534 2264 divinationibus,
562 2237 647 2270 quas
668 2225 889 2259 Ptolemaeus
909 2222 1232 2272 (ὶιάιῐιολογήτους

241 2284 358 2315 vocat,
394 2288 604 2320 separemus.
667 2277 865 2317 Astrologia
892 2288 969 2319 pars
990 2284 1038 2309 est
1058 2274 1231 2321 l’liysices,

239 2339 327 2371 quae
344 2329 461 2368 docet,
487 2330 574 2372 'quos
600 2328 741 2360 effectus
760 2336 933 2360 astrorum
959 2327 1077 2360 lumen
1100 2327 1135 2359 iu
1161 2327 1230 2360 ele-

240 2379 365 2410 mentis
381 2385 411 2410 et
432 2379 547 2411 mixtis
567 2379 774 2422 corporibus
792 2376 934 2415 habeat,
963 2379 1079 2423 qualia
1099 2385 1231 2422 tempe-

239 2435 414 2465 ramenta,
458 2441 542 2473 quas
578 2429 820 2469 alterationes,
864 2441 950 2474 quas
982 2429 1230 2462 inclinationes

238 2479 362 2522 pariat.
408 2478 448 2511 Et
471 2481 550 2524 quia
570 2480 863 2514 inclinatiouilms
879 2493 980 2524 saepe
997 2492 1129 2518 mores,
1156 2487 1230 2513 stu-

236 2530 313 2570 dia,
340 2530 503 2568 consilia„
531 2543 629 2564 casus
647 2533 878 2575 respondent,
907 2539 942 2564 ut
964 2532 1020 2564 ille
1037 2531 1169 2576 inquit:

242 2137 366 2158 cerem.

367 2580 499 2612 Nolumu-
518 2589 650 2624 aeqnitur
670 2588 778 2614 semion
798 2589 923 2627 quisque
941 2598 1020 2616 sune.

237 2629 319 2663 Ideo
347 2628 474 2664 horum
501 2645 639 2677 quoque
664 2635 935 2673 significationes
965 2635 1100 2679 aliquas
1126 2646 1227 2666 mou-

234 2689 330 2717 strat.

691 102 853 144 DECL.
881 106 958 143 DE
989 106 1321 144 DlGNlTATE
1355 105 1803 144 ASTROLOGIAE.

2197 111 2271 150 204

1280 194 1435 234 effectus,
1458 193 1564 237 plane
1576 194 1842 228 concedendurn
1859 195 1937 237 erit,
1964 193 2057 230 banc
2071 201 2182 230 artem
2196 207 2271 230 esse

1280 243 1446 291 Physices
1470 250 1625 289 partem,
1649 245 1797 289 perinde
1817 252 1856 279 ut
1878 247 2135 290 praedictiones
2152 245 2272 280 Medi-

1281 308 1413 330 corum.
1459 294 1531 329 Nec
1547 306 1609 338 ego
1626 307 1723 329 nunc
1735 296 1780 329 de
1797 293 1863 330 hac
1878 303 1976 341 parte
1993 298 2128 342 prolixe
2145 297 2274 342 dispu-

1283 348 1362 381 tabo
1375 371 1384 385 ,
1412 347 1471 380 sed
1493 358 1604 380 unum
1621 345 1751 380 Galeni
1767 347 1949 381 oraculum
1966 347 2003 380 in
2019 345 2085 382 hac
2097 359 2274 382 causa-re-

1283 398 1409 438 citabo,
1435 397 1497 443 qui
1512 409 1585 431 non
1603 398 1718 432 solum
1735 395 1973 442 reprehendit,
1997 399 2057 431 sed
2073 399 2178 433 etiam
2193 410 2274 443 gra-

1283 449 1373 482 viter
1393 449 1556 492 obiurgat
1580 449 1675 489 illos,
1700 449 1762 493 qui
1787 456 1917 492 negant
1939 448 2109 482 inferiora
2123 461 2273 496 corpora

1284 499 1374 533 affici
1391 511 1409 533 a
1428 500 1563 533 lumine
1578 500 1730 541 coelesti,
1743 506 1777 533 et
1793 500 1920 545 inquit,
1944 497 2175 544 sophisticum
2191 512 2274 542 esse,

1285 562 1411 594 negare
1430 551 1651 584 manifestam
1669 551 1931 595 experientiam.
1982 548 2078 594 Ergo
2096 557 2130 584 et
2146 550 2276 585 fatetur

1285 613 1320 635 se
1343 602 1557 645 experientia
1581 602 1732 641 victum,
1765 601 1922 636 tribuere
1939 613 2101 645 magnam
2125 601 2197 634 vim
2220 601 2276 635 lu-

1285 653 1373 685 mini
1391 654 1427 685 in
1447 652 1675 686 inferioribus
1691 653 1912 696 corporibus,
1937 659 1971 686 et
1988 664 2047 686 eos
2062 652 2124 698 qui
2139 652 2277 698 dissen-

1286 704 1399 744 tiunt,
1439 703 1654 736 severissime
1683 710 1785 738 taxat.
1846 703 1903 737 An
1928 703 2079 737 dubium
2109 709 2160 737 est
2183 703 2276 737 vices

1287 754 1425 787 aestatis
1444 761 1548 799 atque
1568 752 1703 799 hyemis
1721 755 1809 788 effici
1827 754 1921 789 Solis
1937 765 2075 788 accessu
2096 761 2130 787 et
2145 753 2277 787 disces-

1287 817 1344 845 su,
1376 804 1470 838 Solis
1494 806 1613 838 lumen
1642 805 1831 839 calefacere
1855 812 1888 839 et
1911 805 2102 845 desiccare,
2137 804 2276 838 Lunam

1288 853 1500 890 humectare.
1548 854 1645 888 Haec
1660 855 1688 888 si
1706 857 1889 889 manifesta
1904 863 1935 890 et
1955 862 2122 900 perpetua
2139 862 2222 889 sunt
2238 854 2277 888 in

1288 903 1343 938 his
1359 907 1498 939 duobus
1520 906 1722 939 clarissimis
1737 908 1940 952 syderibuS,
1967 919 2030 940 cur
2053 913 2186 940 caetera
2210 917 2277 950 pu-

1289 964 1401 990 temus
1424 957 1552 990 srustra
1575 957 1716 990 condita
1742 957 1837 990 esse?
1875 956 1946 990 lam
1979 963 2146 1001 perpetua
2172 967 2277 1000 expe-

1288 1008 1416 1041 rientia
1435 1014 1593 1048 testatur,
1620 1007 1776 1050 insignes
1792 1008 2060 1042 coniunctiones
2074 1005 2204 1041 babere
2220 1007 2278 1040 in-

1288 1059 1401 1102 sigues
1422 1058 1582 1098 effectus,
1609 1058 1717 1103 idque
1739 1059 1775 1091 in
1801 1059 2066 1103 tempestatibus
2084 1058 2198 1102 palam
2215 1069 2279 1101 ap-

1287 1116 1395 1154 paret.
1437 1108 1585 1142 Vidistis
1601 1121 1809 1143 concursum
1827 1109 2056 1143 Planetarum
2073 1109 2110 1141 in
2129 1106 2278 1142 humido

1287 1161 1402 1204 signo,
1429 1172 1522 1193 anno
1539 1159 1706 1192 vicesimo
1723 1168 1859 1205 quarto,
1884 1161 2128 1193 intumuerunt
2144 1159 2279 1204 ubique

1288 1222 1409 1244 omnes
1432 1222 1561 1256 aquae,
1588 1208 1754 1244 humidae
1775 1217 1995 1255 tempestates
2012 1211 2120 1245 totius
2140 1208 2279 1243 biennii

1287 1263 1442 1296 fuerunt.
1495 1260 1570 1294 IIac
1596 1268 1723 1295 aestate
1745 1262 1883 1305 pluvias
1899 1261 2094 1294 crebriores
2115 1260 2278 1294 omnium

1287 1313 1456 1357 opinione
1491 1319 1524 1346 et
1557 1312 1753 1345 insalubres
1786 1319 2029 1356 tempestatum
2064 1311 2280 1345 variationes

1287 1364 1501 1403 attulerunt,
1528 1361 1687 1406 luppiter
1710 1363 1746 1395 in
1764 1361 1940 1402 Piscibus,
1967 1361 2067 1395 Mars
2091 1362 2129 1394 in
2145 1361 2279 1397 Tauro.

1288 1413 1428 1446 Possem
1452 1413 1520 1445 alia
1547 1413 1658 1445 multa
1683 1413 1841 1456 exempla
1866 1413 2031 1453 recitare,
2057 1412 2085 1444 si
2111 1411 2280 1455 temporis

1287 1464 1446 1505 angustia
1467 1474 1541 1495 non
1566 1459 1781 1506 prohiberet.
1832 1462 1905 1497 Nec
1929 1475 2012 1496 vero
2042 1462 2191 1495 dubium
2215 1469 2280 1502 est,

1287 1520 1327 1547 ut
1345 1513 1438 1547 Solis
1456 1520 1489 1546 et
1505 1512 1646 1551 Lunae,
1673 1513 1718 1546 ita
1736 1520 1953 1547 caeterorum
1973 1512 2198 1546 Planetarum
2223 1512 2279 1547 lu-

1287 1576 1367 1597 men
1385 1564 1520 1596 variare
1536 1571 1772 1608 tempestates,
1795 1571 1829 1598 et
1850 1572 1966 1599 aerem
1990 1571 2023 1597 et
2048 1575 2194 1608 corpora
2212 1574 2279 1597 no-

1287 1622 1356 1648 stra
1375 1615 1523 1647 afficere.
1576 1614 1648 1648 Res
1666 1615 1737 1658 ipsa
1757 1615 1915 1660 loquitur
1933 1615 1969 1647 iu
1984 1611 2123 1654 herbis,
2150 1615 2188 1647 iu
2206 1625 2279 1647 me-

1287 1666 1392 1704 tallis,
1415 1666 1568 1710 denique
1587 1665 1622 1697 in
1640 1666 1950 1709 contemptissimis
1967 1666 2071 1699 rebus
2089 1665 2278 1698 maximam

1287 1717 1358 1749 vim
1377 1728 1467 1753 esse,
1495 1723 1526 1748 et
1546 1717 1620 1749 iure
1639 1716 1801 1750 laudatur
1817 1717 1904 1749 illud
1925 1716 2052 1750 veteris
2069 1715 2214 1751 Poetae:

1351 1764 1416 1795 ὅττι
1439 1765 1487 1794 καὶ
1509 1764 1540 1795 ἓν
1562 1763 1689 1806 μαλάχῃ
1711 1765 1760 1794 καὶ
1785 1764 1950 1807 ἀσφοδέλῳ
1972 1765 2051 1805 μέγα
2071 1763 2185 1806 ὄνειαρ.

1287 1818 1393 1861 Quod
1419 1830 1498 1850 cum
1526 1818 1571 1850 ita
1595 1819 1661 1858 sit,
1695 1830 1758 1851 cur
1789 1826 1952 1862 putemus
1978 1819 2105 1851 frustra
2135 1817 2278 1851 condita

1286 1881 1358 1901 esse
1386 1869 1445 1901 illa
1471 1866 1707 1912 pulcherrima
1735 1869 1887 1910 lumina,
1914 1881 1992 1903 cum
2013 1869 2156 1913 quidem
2179 1868 2278 1901 nulla

1285 1920 1328 1953 sit
1345 1927 1469 1952 natura
1489 1920 1720 1963 praestantior
1735 1927 1793 1953 aut
1809 1920 1982 1953 efficacior
1996 1919 2155 1952 lumine?
2178 1919 2278 1962 Quin

1287 1971 1358 2014 ipse
1378 1971 1468 2011 leges
1492 1978 1652 2003 motuum
1669 1983 1787 2003 nonne
1807 1971 2004 2012 significant
2020 1969 2206 2013 temperari
2223 1970 2278 2004 lu-

1287 2033 1364 2052 men
1382 2021 1476 2053 Solis
1490 2027 1522 2053 et
1544 2020 1674 2060 Lunae,
1702 2029 1916 2054 caeterorum
1935 2020 2161 2054 Planetarum
2177 2031 2277 2065 aspe-

1285 2079 1340 2104 ctu
1353 2072 1368 2103 Ῥ
1405 2071 1604 2104 Mercurius
1623 2078 1654 2104 et
1674 2071 1793 2104 Venus
1811 2084 1993 2116 nunquam
2013 2071 2135 2114 procul
2159 2082 2179 2104 a
2194 2070 2278 2106 Sole

1286 2123 1482 2156 discedunt.
1535 2122 1741 2166 Superiores
1762 2121 1925 2155 Plana-tac
1943 2123 1987 2155 ita
2005 2123 2207 2162 discedunt,
2237 2129 2277 2156 ut

1285 2181 1400 2206 tamen
1427 2174 1462 2206 iu
1486 2173 1650 2218 epicyclis
1673 2175 1715 2206 ad
1736 2174 1891 2206 medium
1916 2185 2074 2217 apogeon
2098 2185 2177 2206 cum
2193 2171 2277 2207 Sole

1284 2236 1420 2268 semper
1436 2232 1641 2267 congruant.
1676 2224 1856 2257 Postremo
1874 2231 1905 2257 et
1922 2223 2155 2269 Hippocrates
2172 2230 2277 2258 testa-

1286 2283 1342 2309 tur
1361 2282 1581 2319 tempestates
1597 2276 1737 2309 excitari
1758 2283 1789 2309 et
1806 2276 1934 2308 variari
1953 2276 1985 2308 vi
2004 2277 2181 2321 syderum.
2229 2273 2277 2310 Et

1284 2327 1608 2360 dissimilitudinem
1632 2339 1703 2359 non
1727 2328 1841 2359 solum
1863 2327 2066 2369 regionum,
2092 2326 2152 2359 sed
2170 2325 2275 2360 etiam

1285 2378 1506 2419 ingeniorum
1525 2390 1562 2411 ac
1580 2390 1717 2411 morum
1735 2378 1769 2411 iu
1788 2379 1936 2411 diversis
1955 2377 2158 2421 regionibus
2173 2377 2277 2411 docet

1283 2429 1367 2461 oriri
1395 2442 1413 2462 a
1442 2429 1650 2462 coelestibus
1673 2429 1794 2463 causis.
1850 2428 1945 2463 llaec
1971 2441 2050 2463 cum
2076 2428 2147 2462 sint
2171 2434 2275 2469 certa,

1284 2487 1417 2513 constat
1435 2480 1519 2513 artis
1539 2480 1679 2512 initium
1700 2493 1821 2513 verum
1846 2493 1885 2514 ac
1903 2487 2037 2514 certum
2056 2491 2147 2518 esse,
2174 2478 2274 2512 vide-

1284 2532 1380 2570 licet,
1408 2533 1500 2576 quod
1520 2531 1638 2565 lumen
1660 2533 1806 2565 coeleste
1822 2543 1983 2575 magnam
2000 2530 2070 2563 vim
2093 2527 2218 2564 babeat
2236 2529 2273 2563 in

1283 2583 1464 2615 elementis
1505 2589 1537 2615 et
1575 2583 1691 2615 minis
1732 2583 1967 2627 temperandis
2006 2588 2038 2614 et
2072 2580 2274 2615 alter-‘indis-

1283 2632 1419 2666 Deinde
1435 2640 1466 2667 et
1489 2632 1553 2666 tnnc
1571 2635 1752 2667 manifesta
1776 2633 2002 2677 temperantia
2025 2639 2190 2674 testatur,
2216 2631 2272 2666 lu—

384 2683 488 2726 Quod
524 2684 550 2716 si
585 2686 756 2718 ‹onst-obit
783 2687 905 2730 stera
937 2683 1066 2719 habere
1093 2685 1229 2729 aliquos
1252 2710 1258 2727 ⁴
1283 2697 1362 2717 meu
1391 2684 1616 2718 l’l.1netarutn
1644 2685 1814 2719 dissimile
1839 2696 1927 2718 esse:
1966 2683 2112 2719 Saturni
2136 2682 2271 2717 melan-
