2338 2958
155 172 231 208 443

159 271 204 294 ne
221 255 304 302 quid
323 257 450 287 sereret
465 245 695 282 certaminum
720 242 758 275 in
777 238 914 282 schola,
941 251 1041 284 saepe
1059 238 1149 273 reci-

159 319 255 349 tans,
289 302 420 348 hospiti
446 299 556 332 multa
581 293 835 329 dissimulanda
862 303 954 333 esse,
980 297 1019 325 ut
1036 288 1150 324 Grae-

159 372 221 396 cus
239 366 357 391 versus
374 351 504 395 iuquit:

287 404 370 440 ξένον
391 400 423 430 δὲ
444 399 530 439 σιγᾶν
553 399 691 436 κρεῖττον
713 392 731 434 ἢ
753 390 938 433 κεκραγέναι.

161 457 420 495 Consulebatur
438 461 539 495 saepe
558 449 601 482 ab
620 445 874 482 eruditioribus
890 450 923 477 et
940 442 977 475 in
987 438 1152 475 Philoso-

162 509 244 556 phia
262 514 293 540 et
309 507 345 538 in
363 503 440 537 aliis
466 501 611 535 artibus.
663 497 780 532 Multa
806 508 846 529 ex
865 492 1056 529 Aristotele
1074 502 1152 524 ver-

162 561 258 595 tebat
277 564 309 590 et
326 552 620 599 interpretabatur
644 549 686 582 iis
707 548 767 593 qui
786 547 859 580 eius
879 543 1069 578 sententias
1085 541 1154 575 sci-

164 611 392 645 scitabantur.
445 603 558 637 Nemo
586 607 670 634 tunc
689 600 826 631 viderat
850 597 960 629 libros
979 593 1154 628 Aristote-

162 662 206 695 lis
223 661 265 693 de
283 656 508 692 animalibus.
529 667 532 670 ·
562 651 683 696 Itaque
700 654 898 694 pergratum
922 651 994 678 erat
1011 644 1085 676 eius
1102 643 1156 676 of-

165 712 279 745 ficium
305 706 544 744 doctioribus,
579 702 606 735 si
631 701 773 746 quando
803 698 957 741 aliquem
982 694 1155 737 insignem

164 764 280 796 locum
305 760 388 793 inde
412 754 635 802 proferebat,
665 757 704 784 ut
728 761 806 783 cum
829 749 871 781 de
896 745 1156 779 immortalitate

166 863 322 902 stoteles‚
356 869 479 902 magna
505 868 585 889 cum
608 851 842 887 admiratione
869 854 1008 891 excepta
1025 852 1075 879 est
1096 845 1158 878 illa

166 913 356 951 sententia,
383 909 518 955 prolata
544 918 583 939 ex
605 905 697 937 libro
724 903 766 935 de
785 899 1008 945 generatione
1024 896 1160 930 anima-

165 967 272 1000 lium:
305 973 404 996 mens
427 958 640 993 extrinsecus
664 953 814 994 accedit,
848 962 919 983 non
946 947 1101 981 nascitur
1120 959 1160 980 ex

166 1015 313 1051 materia
338 1021 536 1056 corporum.
599 1005 784 1039 Interdum
816 1001 949 1046 aliquid
982 1011 1021 1032 ex
1049 995 1159 1031 Arato

169 1069 212 1102 de
240 1066 403 1112 syderum
427 1061 563 1106 positu,
591 1064 671 1091 ortu
695 1062 729 1089 et
753 1065 877 1088 occasu
903 1049 1070 1085 studiosis
1093 1049 1162 1081 im-

168 1117 353 1164 pertiebat.

271 1166 343 1201 Nec
369 1164 487 1197 deerat
513 1160 588 1193 eius
615 1156 768 1191 officium
796 1151 1052 1199 professoribus
1077 1149 1162 1182 alia-

169 1232 249 1255 rum
281 1214 562 1259 disciplinarum.
628 1207 734 1240 forte
765 1204 939 1238 inciderat
971 1199 1161 1245 disputatio

170 1272 262 1304 inter
292 1265 493 1306 Theologos
523 1267 555 1294 et
578 1256 852 1293 Iurisconsultos
882 1255 924 1286 de
953 1250 1021 1285 hoc
1051 1251 1162 1284 dicto:

170 1322 317 1355 frustra
335 1321 448 1350 servat
464 1310 716 1354 Evangelfflm,
752 1306 813 1351 qui
834 1316 907 1338 non
926 1309 1039 1336 servat
1056 1313 1163 1334 cano-

171 1383 232 1405 nes
249 1368 487 1415 Synodorum.
548 1361 627 1395 Hoc
644 1370 722 1393 cum
741 1357 803 1390 alii
825 1356 867 1388 ad
886 1352 1163 1388 confirmandam

171 1419 456 1467 superstitionem
491 1414 527 1446 in
560 1408 767 1446 ceremoniis
800 1408 1068 1450 detorquerent,
1104 1401 1165 1434 alii

172 1471 214 1508 τὸ
232 1469 340 1517 ῥητὸν
362 1479 434 1502 esse
453 1464 576 1499 durius
595 1466 843 1507 quererentur,
878 1463 912 1490 et
930 1453 1165 1498 mitigandum

173 1524 290 1568 aliqua
307 1515 594 1563 interpretatione
606 1513 783 1551 dicerent,
807 1504 1020 1551 Rodolphus
1032 1504 1166 1549 inquit:

173 1574 216 1609 In
233 1573 439 1608 universum
456 1567 492 1599 in
505 1565 595 1599 Iuris
614 1559 903 1606 interpretatione
921 1557 1070 1590 multum
1084 1567 1166 1599 pro-

175 1627 273 1660 desse
290 1620 526 1665 cognitionem
548 1613 779 1647 historiarum
805 1617 838 1643 et
863 1606 1100 1652 antiquitatis:
1129 1616 1167 1637 ac
1192 1631 1195 1645 ,

175 1672 377 1721 praesertim
396 1667 572 1704 Ecclesiae
588 1662 752 1697 historias
774 1667 807 1694 et
823 1666 955 1692 veteres
970 1655 1168 1691 contentio-

175 1738 237 1761 nes
261 1725 388 1757 debere
412 1726 513 1753 notas
540 1728 611 1749 esse
634 1713 820 1752 omuibus,
855 1722 893 1743 ex
917 1708 1045 1754 quibus
1068 1717 1168 1749 saepe

175 1777 245 1823 peti
266 1774 375 1819 possit
392 1767 632 1812 interpretatio
651 1771 806 1797 veterum
824 1761 1011 1793 dictorum.
1052 1757 1169 1802 Syno-

176 1828 211 1862 di
229 1834 382 1867 veteres,
410 1819 542 1865 iuquit,
570 1815 742 1850 vocabant
764 1812 927 1847 Canones
951 1816 1087 1843 tantum
1112 1819 1170 1839 ar-
1194 1832 1196 1841 ,

176 1879 302 1913 ticulos
317 1873 496 1908 doctrinae
514 1867 726 1902 diiudicatos
743 1865 780 1897 in
799 1861 971 1907 Synodis,
1000 1871 1073 1892 non
1098 1864 1169 1890 tra-

177 1929 329 1963 ditiones
355 1926 397 1958 ‹le
424 1919 648 1955 ceremoniis:
682 1927 745 1948 nec
775 1913 922 1947 dubium
957 1922 1047 1947 esse,
1082 1908 1170 1953 quin

179 1979 263 2015 haec
297 1977 449 2022 primum
486 1970 592 2004 suerit
626 1965 798 2001 sententia
836 1962 941 1995 buius
970 1960 1073 1997 dicti,
1111 1959 1170 1991 sed

179 2037 297 2076 postea
317 2036 433 2061 errore
448 2025 675 2066 depravatum
694 2028 777 2050 esse.

180 2081 308 2125 gelium
327 2090 398 2111 non
417 2072 545 2107 servari
563 2071 606 2103 ab
625 2069 683 2108 iis,
711 2066 770 2112 qni
789 2069 1022 2107 aspernantur
1035 2062 1172 2093 decreta
1198 2085 1199 2089 ,

562 156 720 196 DECL.
769 153 841 192 DE
880 150 1026 189 VITA
1058 145 1371 188 RODOLPHI
1407 142 1771 182 AGRICOLAE.

2108 146 2186 185 444

1202 234 1288 281 quid
1311 233 1357 267 sit
1382 226 1496 278 ἐρήμη
1517 227 1618 276 δίκη,
1645 231 1798 277 denique
1820 231 1882 278 qui
1898 231 2045 267 fuissent
2061 233 2190 276 gradus

1201 292 1359 318 veterum
1381 281 1629 317 Romanorum
1648 281 1872 316 iudiciorum.
1930 282 1972 317 In
1994 281 2192 328 Theologia

1203 335 1290 381 quid
1315 333 1583 374 desideraverit,
1616 333 1762 366 memini
1786 329 1857 366 huc
1879 334 2028 368 scribere
2053 333 2192 380 Iosqui-

1204 397 1290 420 num
1323 383 1608 428 Groningensem
1642 394 1778 424 senem,
1809 383 1936 427 pietate
1968 391 2000 418 et
2022 385 2193 429 gravitate

1206 436 1453 476 excellentem,
1485 446 1521 468 se.
1546 434 1803 468 adolescentem
1834 433 2032 468 interfuisse
2061 447 2194 470 sermo-

1205 487 1310 520 nibus
1325 482 1511 530 Rodolphi
1525 491 1558 519 et
1573 483 1733 519 Wesseli
1743 510 1752 523 ,
1779 484 1816 517 in
1831 484 1961 530 quibus
1977 485 2195 530 deplorarint

1205 537 1382 572 Ecclesiae
1406 536 1586 577 tenebras,
1618 542 1652 570 et
1679 532 1972 580 reprehenderint
1995 534 2197 580 prophana-

1207 589 1339 623 tionem
1356 588 1394 621 in
1410 586 1552 626 Missis,
1577 592 1611 620 et
1632 586 1860 620 coelibatum:
1891 584 1979 619 Item
1995 586 2198 631 disputave-

1207 640 1281 673 rint
1305 640 1348 672 de
1370 638 1509 672 iusticia
1533 636 1631 678 fidei,
1659 637 1746 682 quid
1769 636 1813 670 sit
1830 636 1925 681 quod
1948 635 2080 671 Paulus
2096 638 2200 673 toties

1210 690 1363 728 inculcat
1384 687 1548 722 homines
1573 688 1640 721 fide
1663 688 1774 722 iustos
1801 698 1894 728 esse,
1924 698 1998 720 non
2021 688 2200 732 operibus.

1181 745 1184 755 ¹
1210 740 1395 775 Scribebat
1422 738 1629 785 Iosquinus,
1661 745 1779 783 aperte
1802 737 1962 771 reiecisse
1987 749 2045 772 eos
2071 737 2203 774 Mona-

164 812 342 847 humanae
357 809 494 843 animae
510 805 766 848 disputaretur,
790 799 875 844 quid
893 797 1054 831 sensisset
1072 792 1157 828 Ari-
1212 788 1360 824 chorum
1377 790 1603 834 opinionem,
1630 801 1718 834 quae
1740 789 1840 832 fingit
1855 786 2019 822 homines
2036 790 2203 834 operibus

1183 854 1187 920 Ι

1196 1960 1198 1970 ι

1196 1974 1198 1987 Ι

820 2013 952 2046 Υεῑιιιι]
965 2018 1033 2050 est,
1051 2008 1172 2043 Evan-

1197 2049 1200 2073 l

180 2138 302 2166 contra
328 2128 617 2161 Samosatemnn,
651 2125 710 2151 aut
736 2115 900 2151 Arrium,
929 2119 985 2145 aut
1007 2111 1173 2145 Macedo-
1198 2130 1201 2164 ἱ

181 2183 280 2215 nium
314 2181 417 2212 sacta:
462 2186 542 2207 nam
579 2168 832 2203 vetustissimae
868 2163 1002 2209 Synodi
1032 2168 1174 2207 propter

181 2228 437 2268 controversias
463 2227 665 2265 dogmatum
698 2216 1001 2253 convocabantur,
1037 2225 1109 2245 non
1132 2213 1174 2244 de
1199 2233 1201 2250 ·,

184 2280 392 2318 ceremoniis
408 2274 640 2309 cumulandis.
695 2271 810 2312 Quam
832 2267 976 2307 indigna
994 2277 1059 2297 κω(
1076 2269 1175 2302 esset,

1198 2178 1201 2202 Ι

184 2335 318 2369 dicere,
350 2327 481 2363 Christi
511 2326 613 2358 fidem
645 2320 808 2354 inutilem
843 2325 874 2350 et
907 2317 1046 2350 inanem
1082 2314 1201 2352 esse,¹

184 2387 258 2420 sine
283 2379 524 2415 obserxatione
554 2373 712 2407 omnium
748 2370 879 2403 rituum
913 2364 1176 2399 humanorum?

184 2436 314 2470 Lucem
341 2439 373 2465 ct
395 2431 500 2462 xiinm
527 2432 702 2459 aeternam
728 2422 763 2454 in
781 2419 957 2453 mentibus
977 2414 1176 2449 inchoatam

186 2483 362 2525 extingui,

186 2538 265 2572 ιιιῐ’.’
322 2532 500 2567 Addebat,
529 2527 612 2560 tales
628 2526 713 2558 ritus
737 2535 837 2566 saepe
855 2521 929 2553 sine
948 2519 1021 2552 ullo
1040 2522 1177 2561 peccato

186 2585 300 2622 omitti
329 2595 437 2628 posse.

187 2640 251 2673 cile
271 2633 432 2669 satisfecit
451 2630 626 2662 omnibus.
682 2627 790 2669 Saepe
817 2630 849 2655 et
875 2623 909 2654 in
932 2621 1010 2654 lure
1027 2618 1121 2653 civili
1142 2629 1179 2649 ea

399 2481 423 2513 si
451 2479 566 2522 aliqua
592 2473 738 2508 ridicula
763 2469 959 2504 ceremonia
986 2467 1177 2509 negligere·
1202 2491 1204 2496 .

488 2578 560 2611 liae
584 2585 654 2610 tarn
678 2576 796 2607 dextra
822 2569 1108 2614 interpretatione
1127 2567 1178 2599 sa-
1204 2566 1206 2609 ᾖ

187 2701 275 2735 qnae
302 2687 344 2719 ab
371 2681 527 2716 historiis
555 2678 701 2722 petenda
730 2682 829 2709 sunt,
859 2672 1050 2716 explicabat
1074 2670 1181 2702 inter-
1206 2688 1207 2696 η

190 2737 414 2782 rogantibus,

1212 841 1322 899 iustos
1340 851 1429 874 esse:
1457 839 1544 873 Item
1561 840 1706 873 sensisse
1723 851 1781 873 eos
1798 840 1841 873 de
1855 837 2022 872 humanis
2039 841 2204 875 traditio-

1212 893 1336 933 nibus,
1364 902 1480 925 errare
1504 902 1579 931 eos,
1614 890 1676 936 qui
1702 891 1875 934 affingunt
1901 890 1970 924 illis
1997 890 2204 934 opinionem

1213 943 1347 983 cultus,
1375 949 1408 976 et
1429 953 1501 974 non
1529 952 1629 986 posse
1645 941 1772 975 violari
1798 941 1967 975 iudicant.
2020 939 2120 976 Nihil
2138 942 2205 976 fin—

1214 1005 1275 1038 go,
1304 1004 1386 1026 nam
1405 990 1491 1025 haec
1511 993 1583 1025 sere
1606 992 1648 1025 ad
1663 992 1810 1025 verbum
1828 989 1897 1025 huc
1912 992 2051 1037 scripsit
2067 991 2206 1039 Iosqui-

1214 1056 1291 1078 nus,
1344 1041 1396 1076 Ac
1411 1043 1493 1077 satis
1509 1043 1676 1076 credibile
1694 1049 1761 1084 est,
1787 1054 1867 1075 eum
1883 1042 2070 1086 diligenter
2083 1044 2209 1089 dispu-

1215 1103 1303 1129 tasse
1319 1095 1362 1127 de
1379 1094 1538 1127 doctrina
1555 1091 1756 1127 Christiana
1769 1118 1777 1131 ‚
1800 1093 2005 1137 praesertim
2022 1105 2100 1127 cum
2119 1102 2208 1130 esset

1215 1144 1399 1178 familiaris
1408 1143 1598 1182 WVesselo,
1619 1144 1718 1177 cuius
1732 1143 1799 1177 suit
1815 1154 1992 1177 summum
2010 1144 2206 1188 ingenium:

1215 1197 1258 1229 ad
1291 1196 1385 1240 quod
1420 1194 1673 1239 amplissimam
1706 1194 1943 1228 eruditionem
1979 1194 2016 1227 in
2041 1196 2209 1231 omnihus

1217 1245 1416 1291 disciplinis
1440 1245 1622 1286 adiunxit,
1656 1251 1689 1278 et
1714 1243 1870 1278 Graecae
1895 1251 1928 1278 et
1951 1242 2122 1280 Ebraicae
2138 1247 2211 1281 lin-

1217 1309 1306 1341 guae
1335 1296 1583 1339 cognitionem.
1642 1294 1700 1329 Ad
1725 1293 1810 1328 haec
1845 1295 2051 1330 exercitatus
2079 1297 2146 1332 fuit
2171 1298 2211 1332 in

1219 1347 1470 1381 certaminibus
1492 1346 1686 1389 religionis.
1752 1345 1892 1379 Lutetia
1921 1346 2044 1389 pulsus
2068 1355 2212 1393 propter

1220 1404 1350 1432 taxatas
1386 1397 1672 1442 superstitiones,
1710 1396 1807 1430 venit
1841 1395 2032 1430 Basileam:
2069 1398 2120 1432 ibi
2146 1411 2212 1444 pro

1221 1449 1389 1482 &Vcsselo
1411 1449 1576 1481 dixerunt
1601 1446 1773 1480 Basilium
1806 1445 2052 1491 Groningum3
2089 1461 2213 1484 narra..

1219 1501 1350 1545 batque
1384 1497 1546 1543 Capnion
1580 1510 1659 1532 eum
1694 1492 1950 1541 Theologiam,
1992 1497 2144 1534 Graecas
2180 1508 2214 1536 et

1220 1549 1389 1584 Ebraicas
1407 1549 1526 1583 literas
1551 1550 1672 1582 eodem
1692 1555 1849 1592 tempore
1867 1549 2053 1583 tradidisse
2077 1552 2214 1586 studio—

1221 1602 1285 1641 sis,
1315 1601 1343 1633 si
1370 1600 1431 1645 qui
1456 1611 1535 1632 eum
1561 1599 1684 1633 audire
1711 1599 1902 1643 cupierant.
1963 1599 2048 1633 inde
2072 1613 2150 1636 cum
2177 1603 2216 1638 in

1221 1651 1402 1694 Belgicum
1425 1650 1603 1689 rediisset,
1636 1661 1737 1693 saepe
1760 1649 1844 1682 adiit
1865 1661 1982 1682 senem
2002 1650 2216 1698 lindolphus

1222 1708 1307 1759 natu
1326 1701 1461 1741 minor,
1489 1701 1547 1733 sed
1572 1700 1608 1733 in
1632 1700 1742 1733 literis
1768 1699 1904 1733 Latinis
1921 1707 1953 1734 et
1973 1699 2118 1737 Graecis
2136 1716 2217 1739 eru-

1223 1753 1347 1792 ditior,
1383 1758 1414 1784 et
1442 1752 1591 1794 flagrans
1623 1751 1741 1784 studio
1766 1748 1989 1785 Christianae
2024 1753 2217 1792 doctrinae.

1226 1803 1334 1848 ldque
1352 1802 1424 1846 ipse
1441 1813 1540 1846 saepe
1557 1803 1600 1834 de
1616 1813 1650 1834 se
1661 1801 1834 1846 praedicat
1847 1828 1855 1840 ,
1882 1813 1916 1834 se
1933 1803 2026 1847 quod
2041 1805 2217 1851 reliquum

1224 1861 1310 1887 esset
1338 1853 1478 1893 aetatis,
1514 1852 1768 1885 collocaturum
1795 1863 1866 1885 esse
1892 1852 1928 1884 in
1947 1864 2060 1888 sacras
2082 1855 2219 1892 literas:

1225 1904 1284 1950 qui
1302 1904 1330 1936 si
1347 1903 1504 1943 vixisset,
1537 1901 1628 1936 haud
1659 1903 1766 1935 dubie
1797 1903 1969 1946 egregiam
1989 1918 2131 1950 operam
2148 1906 2219 1942 Ec-

1225 1955 1348 2013 clesiae
1368 1960 1539 1987 navasset.
1594 1954 1807 1998 Quanquam
1828 1960 1860 1987 et
1885 1954 1942 1986 illa
1962 1956 2076 1989 studia
2096 1955 2220 1993 Eccle-

1227 2018 1295 2039 siae
1315 2006 1541 2062 prosuerunt,
1576 2006 1668 2049 quod
1695 2011 1833 2038 nostros
1848 2001 2009 2039 homiues
2031 2008 2072 2040 ad
2095 2009 2221 2043 melio-

1227 2069 1298 2112 rem
1316 2057 1472 2088 discendi
1493 2056 1662 2088 rationem
1682 2055 1869 2088 revocavit.
1910 2054 1946 2087 ld
1964 2058 2128 2092 meritum
2148 2072 2221 2095 non

1227 2114 1273 2140 est
1294 2108 1368 2139 leve
1386 2107 1600 2141 ducendum.
1654 2106 1722 2139 Sed
1740 2106 1844 2137 redeo
1863 2106 1904 2138 ad
1922 2103 2118 2144 historiam,

1328 2158 1417 2190 (Ium
1440 2157 1484 2190 ita
1505 2157 1637 2190 viveret
1655 2155 1937 2202 ltoffletbergao,
1963 2166 2000 2192 nt
2027 2161 2174 2195 eruditis
2189 2169 2223 2198 et

1229 2209 1330 2241 bonis
1360 2208 1525 2241 omnibus
1558 2205 1782 2240 charissimus
1811 2215 1915 2246 esset,
1951 2221 2023 2242 non
2048 2212 2160 2245 solnm
2184 2213 2223 2247 in

1229 2260 1394 2292 noticiam
1415 2259 1507 2292 venit
1530 2258 1635 2292 Ducis
1655 2257 1805 2291 Palatini
1827 2256 2004 2304 Philippi,
2031 2263 2090 2295 sed
2118 2263 2223 2298 etiam

1231 2310 1467 2343 familiaritate
1485 2309 1559 2342 eins
1575 2308 1743 2353 Princeps
1762 2309 1952 2343 delectatus
1967 2318 2038 2353 est,
2067 2326 2104 2347 ac
2122 2325 2224 2359 saepe

1231 2374 1309 2394 enm
1328 2363 1369 2394 ad
1390 2372 1510 2403 graves
1533 2360 1804 2393 deliberationes
1826 2357 2001 2398 adhibuit.
2053 2362 2213 2411 Cumque

1231 2419 1267 2446 nt
1295 2413 1348 2453 sit,
1382 2412 1513 2445 mentio
1540 2411 1715 2444 interdum
1741 2411 1910 2445 incideret
1934 2420 2089 2447 veterum
2113 2391 2224 2460 impe:

1232 2464 1386 2502 riorum,
1419 2474 1456 2495 ac
1481 2459 1691 2504 liudolphus
1716 2471 2003 2497 commemoraret
2031 2465 2084 2497 vel
2111 2465 2225 2501 Grae-

1232 2526 1287 2547 cas
1308 2512 1489 2551 historias,
1515 2513 1566 2545 xel
1586 2512 1781 2551 Romanas,
1810 2511 1976 2558 Princeps
2000 2521 2031 2548 et
2050 2517 2137 2550 verti
2156 2517 2225 2552 sibi

1234 2565 1343 2598 multa
1368 2576 1439 2597 non
1457 2563 1568 2596 solnm
1594 2575 1632 2596 ex
1651 2561 1825 2602 historiis,
1853 2565 1909 2596 sed
1927 2565 2030 2598 etiam
2052 2579 2089 2599 ex
2110 2566 2226 2603 Poetis

1236 2616 1354 2655 iussit.
1381 2622 1413 2648 et
1432 2615 1550 2659 petivit
1569 2614 1633 2647 sibi
1654 2614 1788 2647 contexi
1809 2613 1980 2658 integram
1997 2617 2120 2650 seriem
2139 2630 2226 2664 qu.-

1236 2674 1316 2700 tnor
1351 2663 1658 2705 monarchiarum,
1694 2671 1731 2698 nt
1755 2664 1916 2697 ordinem
1950 2679 2066 2701 rernm
2101 2669 2226 2704 melius

450 2740 483 2765 ni
506 2731 619 2763 lorino
644 2729 684 2759 de
711 2725 826 2759 usuris
848 2722 1064 2757 centesimis:
1096 2719 1181 2753 lteiu
1206 2723 1210 2752 Ξ
1239 2718 1378 2757 videre,
1407 2723 1439 2751 et
1463 2717 1676 2750 incrementa
1694 2722 1797 2760 atque
1823 2715 2088 2758 inclinationes,
2112 2727 2143 2754 et
2160 2717 2226 2753 bo-
