2338 2958
93 118 166 156 137

90 205 205 245 rium,
233 215 304 236 non
329 202 574 247 Magistratus,
605 213 677 236 non
703 214 815 244 sacra,
848 215 920 236 11011
944 209 1076 236 caetera

89 261 295 289 ornamenta
317 253 444 288 amisit.
500 253 623 287 Postea
645 251 798 288 Gotthos
817 266 1017 299 quanquam
1037 265 1076 286 ex

88 305 280 350 longinqua
297 305 482 338 obsidione
498 305 576 337 irati
595 303 835 338 vehementius
851 312 974 344 essent,
990 304 1076 347 legi-

86 367 165 390 mus
188 356 234 389 ita
258 356 458 389 moderatos
482 366 554 388 esse
581 355 616 388 in
635 355 778 388 victoria
807 355 915 393 iram,
941 361 980 388 ut
1000 355 1075 387 edi-

86 413 180 441 etum
205 405 309 439 etiam
336 406 554 450 propositum
581 405 704 446 fuerit,
732 411 769 438 ut
793 413 993 449 parceretur
1018 403 1073 438 his

85 457 148 503 qui
171 457 207 489 in
229 457 356 501 templa
381 454 664 490 Christianorum
689 456 943 499 confugissent,
977 463 1008 490 et
1034 463 1073 489 ut

85 509 170 542 urbs
193 507 268 541 sine
292 507 396 540 caede
417 508 638 552 diriperetur.
691 505 803 551 Atqui
830 504 895 540 hoc
916 514 1072 551 tempore

84 565 221 593 tantum
239 559 362 596 abfuit,
379 565 417 591 ut
433 572 450 591 a
469 558 574 591 sacris
590 558 694 590 rebus
709 557 943 591 abstinuerint
958 558 1072 590 victo-
1097 571 1098 576 ¹

983 607 1070 641 Cae-

84 620 155 650 reS,
180 615 221 642 ut
237 621 308 641 non
328 609 489 653 cupidius
506 608 648 641 aliunde
669 608 825 652 praedati
849 608 930 644 sint.

84 661 145 694 des
167 660 275 693 factae
300 666 370 693 tota
395 660 481 693 urhe
503 659 709 692 miserorum
733 658 881 699 civium,
911 660 1003 692 bona
1021 659 1069 691 ci-
1096 687 1097 692 ,

83 710 201 744 vitatis
220 722 297 754 pars
315 710 479 743 incendio
495 710 625 751 delet-‘¹3
652 709 768 742 studia
785 710 944 742 omnium
959 707 1066 742 hone-

83 768 213 795 starum
239 773 354 794 rerum
374 772 462 805 quae
489 760 540 793 ibi
561 760 776 800 floruerunt,
803 761 910 793 armis
931 767 1070 794 conter-
1095 783 1096 786 =

82 812 167 853 rita,
193 812 456 846 obmutuerunt.
518 808 659 844 Abolita
685 817 766 844 sunt
791 818 823 844 et
851 809 953 852 haec,
981 823 1068 856 quae

81 863 110 897 si
126 862 351 902 mansissent,
377 861 572 896 instaurare
586 862 773 905 collapsam
792 863 914 895 urbem
933 862 1069 906 potuis-

80 920 176 954 sent,
203 919 334 946 veteres
362 911 608 956 Magistratus,
642 913 750 956 teges,
781 913 892 946 forma
917 913 1068 946 iudicio-

79 975 170 1000 rum,

181 1013 309 1048 Iustius
333 1014 442 1057 igitur
463 1012 520 1047 hic
543 1015 615 1047 dies
640 1014 698 1058 qui
722 1014 790 1047 fuit
815 1014 929 1057 pridie
958 1025 1068 1046 nonas

80 1064 181 1103 Maii,
209 1077 248 1098 eo
269 1065 361 1097 enim
379 1065 538 1108 proximo
554 1077 648 1098 anno
666 1065 750 1097 urbs
767 1071 862 1108 capta
880 1072 948 1104 est,
975 1066 1068 1097 inter

79 1122 174 1149 atros
190 1128 296 1160 quam
314 1114 480 1149 Alliensis
497 1121 712 1149 numeretur.
763 1116 814 1148 Ac
832 1127 955 1148 vereor
971 1116 1066 1148 futu-

78 1178 169 1206 rum,
197 1173 234 1199 ut
251 1167 292 1198 ad
315 1172 472 1209 posteros
495 1163 550 1198 hic
567 1166 639 1198 dies
663 1165 774 1198 multo
797 1166 911 1199 verius
929 1164 1066 1199 Allien-

78 1218 124 1250 sis
152 1217 312 1249 videatur
339 1217 392 1249 illi
419 1217 497 1250 urbi
533 1217 661 1257 fuisse,
707 1229 811 1261 quam
838 1217 933 1250 ullus
961 1217 1064 1249 alius:

77 1279 192 1313 neque
213 1267 307 1300 enim
334 1267 434 1300 facile
458 1279 493 1300 se
517 1279 556 1300 ex
578 1274 675 1300 tanta
697 1267 891 1300 calamitate
908 1269 993 1300 urbs
1011 1279 1067 1299 re-

77 1318 220 1352 creabit.
276 1316 327 1351 Ac
343 1318 424 1350 vide
442 1324 613 1363 quantum
632 1319 736 1351 distet
760 1318 804 1350 ab
822 1318 988 1361 exemplis
1005 1330 1065 1350 ve-

76 1376 190 1402 terum
209 1367 482 1406 Germanorum,
509 1366 615 1401 huius
631 1368 800 1401 exercitus
815 1368 958 1400 facinus
997 1368 1065 1401 Ca-

76 1420 173 1452 rolus
191 1419 323 1462 primus
339 1419 493 1461 depulsis
511 1419 554 1450 ab
577 1419 665 1451 urbe
680 1417 941 1460 Longobardis,
968 1430 985 1450 a
1005 1431 1065 1450 va-

77 1471 191 1503 stitate.
207 1470 329 1502 urbem
347 1475 450 1513 atque
471 1468 604 1502 ltaliam
626 1466 820 1512 prohibuit.
875 1467 974 1501 Otlio
994 1469 1065 1510 pri-

75 1531 153 1554 mus
176 1519 339 1553 liberavit
367 1531 441 1552 eam
467 1518 670 1561 Berengarii
701 1519 899 1563 tyrannide.
957 1517 1002 1551 Et
1026 1526 1065 1551 nt

76 1571 184 1604 multa
201 1570 373 1610 omittam,
393 1569 604 1603 fortissimus
619 1581 657 1602 ac
674 1569 952 1612 sapientissimus
961 1568 1065 1601 Prin-

76 1633 166 1665 ceps,
188 1633 273 1654 avus
288 1619 414 1655 Carole
432 1626 512 1653 tuus
529 1619 805 1660 Maximilianus,
828 1627 960 1664 quanto
980 1632 1064 1652 con-

74 1673 154 1706 silio
179 1670 323 1705 Gallum
349 1672 534 1705 ducentem
561 1671 752 1703 maximum
771 1682 809 1703 ac
832 1670 1062 1703 fortissimum

75 1723 264 1757 exercitum
299 1723 340 1754 ad
370 1722 514 1762 urbem,
549 1722 727 1755 irritatum
752 1728 855 1766 atque
881 1733 1062 1753 accensum

75 1774 158 1807 odio
187 1773 263 1806 lulii
285 1772 482 1812 pontificis,
509 1773 590 1805 inde
616 1783 726 1816 usque
747 1783 765 1804 a
787 1771 976 1812 Ravenna,
1003 1773 1062 1804 111ιί

74 1825 224 1857 maxima
242 1835 356 1868 pugna
375 1823 562 1856 exercitum
574 1822 799 1856 pontificium
816 1823 944 1854 vicerat
961 1830 1063 1867 atque

75 1875 274 1918 fugaverat,
299 1876 338 1905 ad
359 1873 517 1906 ultimam
536 1872 672 1905 Galliae
689 1885 796 1912 oram,
825 1873 861 1905 iu
881 1872 1060 1916 Belgicum

75 1925 236 1964 retraxit,
265 1937 307 1956 ne
326 1936 392 1968 qua
413 1923 511 1956 clade
529 1924 614 1957 urbs
632 1925 675 1956 ab
694 1924 782 1956 irato
801 1924 930 1957 victore
948 1925 1063 1957 astice-

74 1983 181 2010 retur.
234 1974 337 2008 Nunc
355 1982 470 2007 autem
489 1988 508 2007 o
527 1981 722 2017 temporum
748 1974 880 2015 labem,
908 1975 967 2007 ille
992 1977 1062 2018 ipse

75 2026 256 2065 exercitus,
282 2037 386 2070 quem
403 2023 530 2057 Caesar
547 2025 731 2058 universae
750 2023 869 2057 ltaliae
888 2026 1059 2069 pracsidio

74 2089 146 2110 esse
161 2076 290 2116 voluit,
317 2076 513 2109 inauditam
539 2076 780 2109 crudelitatem
806 2077 840 2108 in
861 2077 945 2109 urbe
964 2077 1063 2120 priu-

74 2129 152 2174 cipe
169 2128 277 2161 totins
295 2125 427 2166 ltaliae,
456 2127 526 2160 imo
545 2127 652 2159 totius
670 2127 766 2158 orbis
783 2127 944 2160 exercuit.
981 2127 1059 2160 Non
1088 2159 1089 2163 ,

756 117 913 155 DECL.
944 116 1017 152 DE
1051 116 1241 153 CAPTA
1276 118 1458 156 ROMA.

73 2179 228 2221 exempla
254 2186 408 2210 veterum
427 2177 707 2217 Germanorum,
736 2189 806 2209 non
825 2178 976 2219 dignitas
1001 2191 1061 2211 ur-
1088 2206 1089 2211 ,

74 2229 146 2269 bis,
173 2241 245 2261 non
263 2228 416 2270 ingentia
442 2229 606 2261 beneficia
629 2229 750 2261 collata
772 2228 806 2259 iu
833 2241 953 2261 omnes
977 2242 1061 2273 gen-

75 2288 143 2318 tes,
179 2279 350 2312 flexerunt
376 2290 433 2311 eos
457 2280 498 2311 ad
527 2279 811 2313 inisericordiam.
874 2279 962 2321 Quis
988 2293 1059 2312 non

74 2331 190 2364 doleat
218 2341 327 2373 usque
352 2330 438 2362 adeo
466 2330 694 2363 deformatam
729 2342 798 2361 «sse
826 2341 900 2361 eun
928 2332 1061 2371 urbem,

74 2393 162 2427 quae
179 2381 263 2413 olim
289 2392 425 2420 rerum,
454 2387 490 2413 ut
514 2380 629 2426 inquit
648 2380 835 2423 Virgilius,
864 2378 1058 2423 pulcherri-

73 2444 146 2473 ma,
173 2431 341 2475 Princeps
358 2430 498 2474 imperii
516 2432 674 2464 omnium
695 2432 849 2473 gentium
869 2432 945 2471 suit,
972 2445 1060 2477 quae

73 2495 143 2515 nna
160 2482 312 2525 exempla
331 2482 429 2525 plura
450 2481 618 2515 virtutum
638 2483 794 2526 protulit,
819 2494 920 2526 quam
938 2495 1058 2515 omnes

73 2534 204 2578 ubique
221 2533 307 2566 aliae
323 2533 495 2565 civitates:
523 2545 611 2577 quae
627 2534 729 2566 nohis
747 2534 847 2575 leges,
876 2545 963 2577 quae
979 2534 1058 2566 lite-
1084 2553 1085 2557 =

2052 122 2122 156 138

1129 204 1206 236 bem
1226 215 1361 247 semper
1378 213 1543 251 tanquam
1562 220 1784 241 communem
1798 209 1943 252 patriam
1956 209 2116 241 omniurn

1127 254 1283 297 gentium
1302 252 1461 289 homiues
1479 258 1663 292 coluerint.
1716 259 1843 292 Nonne
1862 267 1910 293 tot
1927 260 2024 292 urbis
2041 271 2113 291 me-

1127 305 1222 345 ritis,
1248 305 1352 339 etiam
1370 306 1398 338 si
1417 307 1500 351 quid
1525 316 1693 350 peccasset
1711 309 1893 350 Pontifex,
1920 310 2114 343 condonari

1127 355 1272 389 debuit?
1301 355 1400 390 Nunc
1416 356 1596 390 Pontificis
1613 367 1790 403 peccatum
1808 361 1961 394 furiosus
1982 360 2111 393 exerci—

1126 413 1181 439 tus
1206 407 1395 450 parricidio
1422 408 1596 448 vindicat,
1627 411 1710 443 dum
1735 412 1915 444 sceleratas
1937 423 2061 443 manus
2081 411 2111 442 ei

1125 457 1205 489 urbi
1230 457 1360 497 iniicit,
1394 470 1482 503 quae
1507 459 1609 492 nobis
1632 462 1796 494 omnibus
1820 474 1882 504 pro
1906 462 2016 505 patria
2039 473 2111 494 esse

1125 508 1237 543 debet.
1290 508 1410 551 Longe
1435 510 1528 541 enim
1555 510 1654 553 plura
1682 512 1847 545 beneficia
1872 513 1916 545 ab
1938 524 1976 545 ea
2002 524 2112 545 unus-

1125 559 1273 603 quisque
1298 566 1455 592 nostrum
1482 561 1630 604 accepit,
1662 574 1765 606 quam
1788 563 1830 595 ab
1855 576 1892 594 eo
1920 563 2015 603 loco,
2050 563 2110 607 qui

1124 616 1324 643 nascentem
1368 611 1521 653 primum
1564 612 1708 656 excepit.
1768 611 1823 646 Ad
1861 611 1949 645 hauc
1985 614 2108 651 urbem

1123 672 1244 692 omnes
1281 662 1538 694 controversiae
1581 663 1740 696 omnium
1785 664 1939 707 gentium
1976 664 2110 697 delatae

1123 718 1214 745 sunt.
1268 709 1363 744 Haec
1385 718 1554 756 tanquam
1579 713 1614 745 in
1640 714 1795 747 excubiis
1816 726 1951 757 semper
1975 715 2039 747 suit
2065 715 2107 746 ad

1122 761 1340 794 retinendam
1358 762 1574 805 religionem.
1630 763 1705 796 Hoc
1723 777 1857 808 semper
1875 765 1909 796 in
1927 766 2028 798 terris
2044 766 2108 797 do—

1123 812 1355 845 ctissimorum
1373 810 1558 846 hominum
1577 815 1795 848 domicilium
1813 816 1888 848 suit.
1941 814 2037 848 Ilaec
2054 816 2109 847 su-

1121 862 1253 906 gientes
1271 875 1392 896 omnes
1417 861 1579 897 honestas
1604 872 1692 898 artes
1711 878 1749 899 ex
1768 865 1914 899 Graecia
1931 866 2110 899 exulantes

1123 914 1264 958 excepit.
1316 912 1385 946 Hic
1402 926 1514 957 nuper
1530 927 1650 949 omnes
1676 917 1786 950 bonae
1803 917 2007 960 disciplinae
2030 923 2109 949 tan—

1123 976 1226 1009 quam
1250 971 1392 997 renatae
1414 974 1511 998 sunt:
1540 964 1634 1000 Hinc
1658 967 1694 999 in
1713 979 1834 1000 omnes
1856 975 1964 1000 terras
1981 979 2109 1011 propa-

1121 1022 1219 1058 gatae
1236 1022 1336 1056 sunt,
1362 1027 1435 1048 non
1452 1016 1552 1049 aliter
1569 1023 1673 1062 atque
1692 1019 1823 1051 semina
1842 1019 1981 1060 frugum
1999 1019 2036 1049 in
2053 1024 2108 1050 to-

1122 1074 1195 1099 tum
1218 1073 1391 1099 terrarum
1417 1067 1556 1107 orbem,
1591 1079 1609 1100 a
1633 1068 1852 1113 Triptolemo
1875 1080 1991 1112 sparsa
2015 1074 2108 1102 sunt.

1121 1114 1155 1150 Ο
1174 1117 1328 1160 ingratos
1346 1114 1525 1157 homines,
1553 1119 1613 1162 qui
1636 1119 1664 1151 si
1683 1117 1767 1152 haec
1790 1119 1958 1152 beneficia
1976 1119 2109 1151 intelli-

1120 1174 1216 1210 gunt,
1237 1167 1371 1200 nullam
1390 1174 1514 1211 putant
1530 1181 1565 1201 se
1582 1169 1631 1202 sic
1649 1170 1797 1203 merenti
1814 1170 1946 1203 civitati
1961 1170 2108 1213 gratiam

1120 1218 1270 1251 debere?
1302 1215 1336 1251 Ο
1354 1225 1528 1259 amentes,
1554 1220 1581 1252 si
1602 1232 1673 1253 uon
1692 1221 1904 1264 intelligunt.

1193 1268 1368 1301 'Nonnulli
1384 1269 1503 1302 odiose
1522 1271 1692 1313 colligunt
1708 1272 1806 1304 urbis
1821 1272 1904 1305 vitia
1922 1278 1955 1305 et
1973 1271 2107 1304 incom-

1120 1320 1235 1359 moda,
1257 1331 1346 1363 quae
1362 1319 1444 1352 inde
1458 1321 1501 1352 ad
1520 1321 1604 1353 alias
1620 1329 1738 1364 gentes
1756 1329 2002 1366 pervenerunt.
2037 1321 2103 1355 Sed

1120 1376 1170 1402 est
1193 1369 1296 1401 astuti
1320 1367 1492 1409 hominis,
1526 1373 1618 1414 quod
1645 1373 1741 1405 dolet
1763 1373 1983 1412 meminisse,
2011 1373 2106 1416 quod

1121 1420 1229 1463 placet
1253 1419 1423 1452 oblivisci.
1483 1419 1560 1453 Hoc
1585 1428 1657 1454 erat
1682 1420 1890 1463 humanius,
1923 1423 2106 1456 commoda

1119 1481 1321 1512 agnoscere,
1363 1476 1394 1502 et
1423 1476 1492 1502 tam
1522 1472 1641 1504 multis
1670 1473 1858 1506 benefactis
1882 1474 2106 1506 incommoda

1119 1521 1329 1552 condonare.
1390 1518 1509 1561 Quae,
1548 1522 1807 1567 qualiacunque
1842 1531 1939 1564 sunt,
1976 1524 2106 1556 talibus

1119 1577 1209 1603 certe
1228 1569 1391 1602 remediis
1410 1571 1535 1613 corrigi
1554 1584 1626 1605 non
1645 1580 1819 1616 poterunt.
1872 1574 1982 1607 Nemo
2001 1575 2106 1607 dubi-

1119 1628 1165 1654 tet
1191 1620 1371 1664 parricidii
1395 1632 1467 1653 esse
1496 1633 1616 1663 reum,
1650 1624 1711 1668 qni
1743 1625 1832 1667 patri
1864 1625 1987 1657 leviter
2016 1625 2105 1656 deli-

1118 1672 1208 1704 ranti
1227 1672 1346 1704 oculos
1363 1671 1523 1710 effodiat,
1551 1680 1608 1706 aut
1627 1675 1800 1718 praecidat
1818 1687 1952 1708 manus.
2008 1675 2105 1718 Quid

1119 1722 1224 1765 igitur
1240 1719 1307 1754 hoc
1327 1722 1421 1754 aliud
1447 1730 1496 1756 est
1514 1736 1618 1768 quam
1646 1726 1896 1768 parricidium,
1923 1733 1992 1759 tam
2011 1733 2105 1760 atro-

1117 1785 1170 1805 ces
1190 1784 1317 1816 poenas
1334 1773 1376 1805 de
1394 1774 1502 1816 patria
1521 1781 1664 1819 propter
1679 1777 1794 1809 nescio
1812 1789 1900 1821 quae
1917 1784 2028 1810 errata
2045 1789 2104 1809 su-

1117 1824 1235 1856 mere'?
1272 1822 1391 1867 Itaque
1415 1824 1555 1858 miseret
1580 1838 1633 1857 me
1650 1839 1719 1859 11011
1741 1828 1846 1860 modo
1865 1829 2024 1862 fortunae
2045 1839 2105 1860 ur-

1116 1875 1186 1915 bis,
1223 1875 1279 1906 sed
1308 1875 1410 1907 etiam
1435 1875 1582 1907 aliarum
1609 1878 1781 1919 gentium:
1825 1890 1984 1921 maguam
2009 1879 2103 1910 enim

1118 1926 1255 1958 ruinam
1274 1925 1446 1957 bonarum
1466 1938 1581 1958 rerum
1600 1929 1692 1971 apud
1711 1940 1831 1961 ornnes
1850 1929 2019 1969 nationes,
2047 1926 2103 1962 hic

1118 1977 1215 2009 urbis
1233 1987 1347 2015 casus,
1376 1983 1413 2009 ut
1429 1988 1562 2017 vereor,
1590 1976 1722 2018 trahet,
1747 1980 1814 2012 nisi
1835 1980 2023 2024 respexerit
2040 1991 2104 2013 nos

1116 2026 1210 2059 Deus
1230 2039 1291 2070 pro
1308 2038 1367 2059 sua
1385 2038 1518 2060 summa
1536 2029 1702 2069 bonitate,
1726 2036 1758 2062 et
1775 2028 1901 2063 horum
1918 2031 2102 2070 malorum,

1116 2090 1204 2122 quae
1228 2078 1450 2121 impendent,
1478 2080 1629 2112 remedia
1648 2081 1857 2121 ostenderit,
1886 2093 1945 2113 vos
1962 2094 2102 2126 qnoque

1116 2129 1295 2168 existimo,
1329 2141 1407 2161 cum
1436 2129 1615 2162 interitum
1643 2131 1881 2164 nobilissimae
1907 2133 2004 2165 urbis
2039 2134 2104 2165 do-

1116 2180 1204 2222 lere,
1241 2187 1313 2213 tum
1340 2179 1618 2222 impendentium
1642 2182 1815 2214 malorum
1844 2190 1936 2216 metu
1965 2190 2105 2225 pertun·

1116 2231 1190 2262 bari
1280 2228 1421 2262 Etenim
1458 2243 1535 2262 rum
1569 2232 1635 2263 coli
1667 2233 1797 2276 patriae
1831 2231 2027 2266 honoribus
2058 2235 2102 2266 ab

1086 2288 1088 2294 '
1115 2281 1281 2313 omnibus
1305 2281 1484 2320 debuerit,
1521 2288 1636 2314 tamen
1667 2295 1684 2316 a
1711 2284 1814 2316 nobis
1840 2284 2006 2324 maxime,
2041 2286 2101 2329 qui

1086 2337 1087 2343 ¹
1116 2332 1232 2374 lingua
1259 2331 1409 2364 civitatis
1433 2331 1584 2372 utimur,
1620 2334 1750 2379 quique
1775 2335 1874 2378 plura
1897 2347 2001 2378 quam
2022 2336 2101 2369 vul-

1114 2394 1192 2423 gus,
1225 2381 1388 2414 beneficia
1415 2383 1457 2414 ab
1484 2382 1542 2414 illa
1569 2385 1784 2428 accepimus,
1821 2386 1853 2417 id
1887 2385 1959 2418 sieri
1987 2387 2099 2421 debet.

1116 2433 1170 2465 lus
1187 2434 1289 2465 1101115
1306 2445 1382 2465 cum
1404 2433 1507 2476 vulgo
1525 2445 1710 2467 commune
1728 2443 1787 2474 est,
1815 2436 1928 2468 studia
1950 2437 2099 2480 optima-

1112 2496 1188 2517 rum
1206 2485 1331 2515 artium
1345 2511 1352 2521 ,
1380 2496 1450 2515 11011
1468 2492 1549 2517 sunt
1567 2487 1786 2525 communia,
1815 2498 1901 2531 quae
1918 2487 2020 2530 lunge
2035 2500 2099 2520 an-

1111 2535 1279 2568 tecellunt
1303 2534 1380 2566 aliis
1400 2536 1564 2567 omnibus
1585 2533 1748 2569 humanis
1772 2539 1884 2572 rebus.
1938 2537 2011 2571 ‘Vos
2035 2539 2099 2580 igi-

72 2595 147 2624 ras,
182 2596 270 2629 quae
300 2584 503 2627 religiones,
545 2596 632 2628 quae
662 2582 935 2624 humanitatem,
970 2598 1058 2630 quae
1082 2601 1084 2624 1
1112 2593 1167 2619 tur
1192 2598 1270 2618 vere
1294 2585 1470 2627 Quirites,
1507 2587 1642 2631 quoties
1667 2596 1735 2621 tam
1764 2588 1934 2621 funestam
1962 2590 2098 2621 luctuo-

73 2645 194 2668 omnes
211 2632 371 2667 honestas
391 2634 594 2679 disciplinas
606 2660 614 2673 ‚
642 2647 731 2680 quae
750 2635 901 2680 denique
916 2647 1056 2668 omnem

71 2686 160 2719 hene
177 2685 317 2718 vivendi
335 2685 506 2719 rationem
524 2685 626 2719 nobis
644 2686 806 2727 tradidit,
833 2692 871 2719 nt
892 2683 980 2719 banc
995 2699 1056 2720 ur—
1080 2709 1081 2712 =

1082 2628 1083 2660 1

1080 2661 1083 2702 t

1109 2649 1252 2681 samque
1276 2637 1408 2679 patriae
1431 2637 1663 2679 direptionem
1688 2639 1940 2676 recordamini,
1968 2650 2096 2681 expen-

1108 2688 1179 2721 dite
1201 2699 1290 2732 quae
1307 2700 1324 2720 a
1345 2687 1444 2721 vobis
1466 2688 1577 2722 officia
1598 2689 1658 2722 tali
1685 2696 1840 2733 ternpore
1857 2689 2094 2734 requirantur.
