2338 2958
210 157 286 195 625

215 242 328 276 docet.
341 235 575 273 inchoandam
601 243 672 266 esse
684 230 949 277 obedientiam,¹
970 237 1008 264 et
1024 230 1202 275 quomodo

217 293 370 337 placeat,
395 291 565 321 monstrat
580 289 707 316 certam
723 288 756 315 et
774 281 909 314 firmam
925 280 1203 314 consolationem

215 342 304 387 piis,
329 349 416 384 quae
440 342 490 370 est
512 331 690 367 inchoatio
708 332 798 365 vitae
814 338 984 365 aeternae.
1035 329 1203 364 Tradun-

220 400 277 426 tur
290 390 408 423 eadem
425 388 461 419 in
477 381 662 428 Prophetis
676 389 712 416 et
726 389 939 415 caeterorum
951 381 1204 425 Apostolorum

222 439 368 483 scriptis·
419 435 501 470 Una
523 441 574 467 est
597 433 689 467 enim
715 439 882 477 perpetua
901 443 1003 465 verae
1028 429 1205 464 Ecclesiae

223 503 300 530 vox,
326 489 369 521 de
385 485 563 520 beneficiis
578 484 643 516 filii
663 482 739 518 Dei.
782 482 850 515 Sed
868 483 1019 515 multum
1039 481 1125 514 lucis
1144 481 1207 514 ad-

223 541 276 575 dit
293 538 394 572 Pauli
420 535 630 579 disputatio,
665 533 725 578 qui
749 545 829 567 vere
851 532 1023 577 interpres
1045 538 1095 565 est
1118 530 1207 564 Pro-

222 589 418 636 phetarum.

323 639 393 673 Sed
420 648 441 670 0
469 634 719 679 deplorandam
754 632 939 675 caliginem
973 630 1208 665 humanarum

225 689 409 724 mentium.
461 684 537 718 Etsi
560 682 624 716 hae
646 690 761 717 tantae
783 694 836 715 res
864 682 946 714 satis
967 681 1148 725 perspicue
1173 681 1210 713 in

228 741 338 774 Paulo
356 736 528 780 expositae
545 741 637 773 sunt,
660 739 776 766 tamen
793 738 826 764 et
841 739 922 765 sunt
938 739 971 764 et
986 733 1127 764 suerunt
1145 728 1210 763 ho-

229 791 340 824 miues
358 786 488 831 alioqui
509 796 580 816 non
603 782 754 822 indocti,
787 782 848 826 qui
866 793 943 814 cum
963 782 1122 814 viderent
1138 792 1211 813 non

229 841 400 886 quadrare
422 834 463 870 τὸ
491 831 600 878 ῥητὸν
627 833 663 865 ἱη
679 831 789 865 Paulo
809 832 852 864 ad
872 831 1019 864 rationis
1038 829 1212 864 humanae

231 889 412 927 iudicium,
428 887 469 919 de
483 883 614 917 iustitia
634 883 719 916 etde
735 882 819 924 lege,
837 881 1067 914 discesserunt
1084 880 1212 915 aPauli

231 940 364 977 verbis,
393 944 425 970 et
444 933 599 968 confictis
616 932 825 977 quibusdam
852 932 1075 975 corruptelis,
1098 937 1213 964 trans-

230 993 428 1024 formarunt
450 984 600 1018 Paulum
628 983 665 1015 in
691 979 861 1015 humanas
893 988 926 1015 et
953 977 1214 1026 philosophicas

232 1040 427 1085 opiniones.
826 1082 833 1089 .
1051 1082 1059 1090 .
1101 1082 1108 1089 .

335 1086 443 1132 Atqui
472 1084 628 1128 oportuit
662 1095 725 1116 nos
752 1083 930 1116 audam-es
957 1093 995 1114 ac
1025 1082 1214 1126 discipulos

235 1153 307 1175 esse
318 1167 326 1181 ‚
349 1150 422 1171 non
438 1136 578 1169 criticos
598 1146 658 1167 seu
673 1144 830 1166 censores
843 1131 1033 1177 sapientiae
1047 1132 1215 1172 coelestis,

235 1204 322 1237 quae
349 1189 377 1221 si
402 1185 492 1219 nihil
517 1197 534 1217 a
559 1181 787 1227 Philosophia
809 1184 982 1221 differret,
1015 1183 1099 1226 quid
1127 1188 1236 1225 opusv

234 1248 319 1275 esset
335 1249 417 1271 voce.
426 1234 621 1277 Evangelii,
638 1234 730 1278 quod
751 1233 841 1265 filius
851 1232 916 1265 Dei
936 1243 974 1263 ex
989 1232 1068 1264 sinu
1083 1231 1215 1264 aeterni

232 1291 340 1336 patris
366 1285 536 1332 protulit'.>
587 1283 625 1317 Si
649 1283 884 1316 existimamus
909 1280 1096 1324 Apostolos
1121 1281 1215 1326 quod

233 1344 416 1375 senserunt
435 1343 468 1369 et
490 1334 641 1367 voluisse
661 1339 692 1366 et
716 1332 867 1376 potuisse
893 1332 1029 1375 eloqui,
1060 1332 1215 1375 profecto

234 1390 397 1425 convenit
415 1399 453 1420 ex
472 1385 626 1429 ipsorum
647 1383 805 1416 oratione
821 1383 939 1415 dextre
955 1382 1089 1414 collatis
1107 1394 1215 1414 mem-

233 1442 306 1475 bris
323 1433 705 1472 sumerefisententiam,
731 1439 762 1465 ct
780 1438 819 1465 ut
841 1432 926 1465 dicit
940 1430 1108 1464 Basilius:
1133 1429 1216 1465 ποτὶ.

235 1487 399 1534 anaspum*
416 1484 482 1521 τὸν
497 1482 606 1518 λίθοι’
622 1479 855 1529 ἐφαρμόζειν,
878 1482 1140 1515 accommodare
1149 1481 1216 1515 La-

233 1542 349 1586 pidem
368 1540 408 1571 ad
426 1535 592 1579 regulam,
615 1545 687 1567 non
705 1532 876 1576 Regulam
894 1532 936 1565 ad
954 1529 1124 1565 humanas
1141 1532 1217 1577 opi—

234 1593 358 1625 niones
377 1588 563 1621 inflectere.

335 1638 488 1681 Agamus
511 1641 626 1667 autem
644 1631 718 1666 Deo
743 1632 890 1675 gratias,
916 1633 1010 1676 quod
1039 1633 1075 1665 in
1096 1631 1218 1665 Eccle-

234 1691 294 1725 siis
327 1687 454 1721 nostris
480 1695 600 1718 rursus
626 1683 772 1726 simplex
802 1688 834 1715 et
859 1693 1021 1724 germana
1048 1683 1218 1715 sententia

235 1743 344 1777 lucet,
371 1739 413 1771 ad
436 1747 539 1781 quam
562 1733 802 1772 retinendam,
830 1732 966 1765 duabus
984 1733 1107 1772 rebus,
1133 1733 1218 1765 ado-

235 1794 419 1827 lescentes,
445 1796 532 1830 opus
549 1790 618 1823 est,
644 1795 724 1816 veta
742 1782 850 1815 animi
870 1782 1013 1825 pietate,
1041 1789 1073 1816 et
1091 1783 1219 1816 acerri-

233 1854 290 1874 mo
307 1838 422 1873 studio
439 1835 596 1869 omniurn
613 1834 784 1866 bonarum
801 1831 1078 1876 disciplinarum.
1112 1831 1217 1875 Quod

235 1890 364 1924 Paulus
390 1885 557 1932 praecipit
577 1880 786 1922 Timotheo,
813 1890 852 1916 ut
877 1883 1094 1926 depositum,
1121 1883 1218 1915 vide-

235 1941 331 1978 licet,
355 1935 585 1979 Evangelium
607 1934 716 1977 ipsius
733 1933 810 1966 fidei
828 1934 1129 1973 commendatum,
1156 1945 1216 1965 cu-

232 1991 359 2024 stodiat
387 1995 419 2022 et
443 1992 595 2020 tueatur:
634 1984 724 2016 idem
750 1983 850 2016 vobis
873 1983 1089 2016 severissime
1117 1994 1217 2026 prae-

230 2041 297 2084 cipi
322 2038 459 2077 statuit,
495 2047 582 2080 quos
602 2035 642 2066 ad
661 2034 858 2067 societatem
883 2033 1038 2066 eiusdem
1062 2033 1217 2066 muneris

233 2091 388 2129 vocavit,
423 2088 516 2132 quod
553 2083 730 2124 Christus,
765 2081 960 2127 Prophetae
997 2091 1029 2117 et
1057 2082 1214 2128 Apostoli

233 2139 537 2174 administrarunt.

336 2189 385 2222 Ac
409 2199 508 2230 saepe
541 2183 628 2217 mihi
661 2183 825 2226 cogitanti
855 2185 896 2217 de
927 2181 990 2217 hac
1018 2181 1217 2223 Academia,

232 2254 335 2285 quam
364 2239 487 2272 merito
513 2246 687 2271 amamus,
715 2241 880 2279 tanquam
905 2235 1006 2267 fidam
1032 2233 1217 2272 nutricem,

233 2294 381 2323 alentem
400 2301 462 2320 nos
483 2294 513 2319 et
535 2285 670 2318 coelesti
691 2285 869 2321 doctrina.
896 2292 928 2318 et
950 2285 1115 2317 omnilms
1138 2284 1216 2316 aliis

233 2340 388 2373 honestis
410 2337 562 2373 artibus,
591 2336 626 2367 in
652 2342 802 2367 mentem
823 2335 915 2367 wnit
942 2335 1016 2367 eius
1037 2334 1151 2373 navis,
1179 2333 1214 2365 in

233 2404 299 2436 qua
326 2389 452 2422 Paulus
477 2385 615 2419 xeliitur
639 2398 676 2418 ex
703 2385 827 2417 ludaea
853 2387 895 2418 ad
923 2384 1069 2418 Meliten
1096 2396 1215 2429 usque,

231 2454 318 2487 quae
344 2440 403 2471 etsi
442 2439 531 2470 inter
565 2435 724 2478 scopulos
756 2435 799 2469 ita
830 2435 970 2473 iactata,
1005 2448 1042 2469 ac
1073 2434 1213 2468 saevitia

231 2497 471 2534 tempestatum
491 2500 527 2519 ae
549 2487 711 2519 {luctibus
728 2498 892 2529 concussa
909 2493 999 2526 erat,
1033 2493 1069 2518 nt
1085 2486 1213 2518 lacera-

233 2542 274 2575 tis
299 2554 336 2574 ac
364 2538 598 2572 satist-rutilius
623 2537 749 2569 tabulis
767 2537 945 2569 videretur
968 2536 1035 2569 iam
1060 2547 1212 2569 mersura

231 2592 446 2633 nauigantes,
486 2588 615 2626 integra
652 2594 766 2619 tamen
806 2587 839 2619 in
873 2593 1012 2630 portum
1046 2585 1213 2630 pervenit,

229 2643 308 2687 qnia
337 2641 482 2674 Paulum
509 2635 667 2669 ndu-hat.
730 2635 778 2669 lta
807 2644 836 2669 ct
859 2636 1081 2669 Academiam
1112 2647 1212 2679 spero

227 2704 425 2725 mansuram
461 2700 548 2726 esse,
583 2688 692 2719 ‹loun-c
723 2686 868 2719 l‘aulum
898 2685 1018 2725 veltet,
1054 2684 1118 2720 ltoc
1147 2692 1208 2725 est,

785 144 944 181 DECL.
986 144 1058 181 DE
1090 142 1288 181 PAULO
1322 140 1656 179 APOSTOLO.

1253 234 1346 262 recte
1369 233 1402 261 et
1422 227 1570 261 fideliter
1584 228 1775 262 enarrabit.
1827 229 1944 265 Huius
1968 231 2060 264 enirn
2081 231 2242 267 doctrina

1255 280 1375 312 lumen
1393 284 1463 317 est,
1489 284 1528 311 ut
1553 289 1656 322 supra
1677 279 1768 320 dixi,
1793 278 2076 324 propheticarum
2102 289 2136 316 et
2158 294 2244 326 apo-

1256 329 1458 362 stolicarum
1475 328 1695 362 concionum.

1357 377 1507 411 Moveor
1524 379 1685 423 equidem
1705 385 1902 423 temporum
1920 381 2100 424 periculis,
2129 388 2160 415 et
2177 382 2244 414 im-

1258 429 1411 473 pendere
1432 429 1645 462 mutationes
1670 440 1877 472 regnorum,
1910 442 1998 474 quae
2022 439 2103 465 sunt
2124 432 2246 465 fatales

1258 490 1391 523 poenae
1416 479 1584 511 scelerum
1607 477 1863 520 humanorum,
1890 477 1981 512 nihil
2008 481 2154 515 dubium
2177 488 2244 515 est:

1260 529 1317 562 sed
1343 535 1459 562 tamen
1485 529 1635 562 servabit
1652 527 1746 562 Deus
1772 527 1963 563 Ecclesiam
1988 542 2106 571 suam,
2133 539 2165 565 et
2184 533 2247 565 de-

1260 579 1378 612 fendet
1397 579 1512 623 aliqua
1531 579 1669 622 piorum
1688 580 1884 612 studiorum
1903 580 2092 615 domicilia.
2128 580 2248 624 Quare

1261 629 1430 672 tantisper
1453 630 1535 661 dum
1561 626 1644 661 haec
1666 627 1782 662 schola
1804 630 1982 663 doctorem
2008 629 2159 664 Paulum
2184 643 2247 665 au-

1262 679 1353 719 diet,
1381 685 1414 712 et
1435 677 1519 712 haec
1543 679 1657 712 studia
1682 679 1847 712 mediocri
1869 680 2050 723 diligentia
2075 682 2246 723 regendo—

1262 740 1340 761 rum
1366 740 1504 762 morum
1527 729 1688 769 ornabit,
1720 727 1811 762 hanc
1835 731 1951 762 sedem
1977 737 2009 763 et
2043 728 2106 763 hos
2131 737 2249 764 coetus

1263 777 1379 815 Deus,
1409 785 1448 812 ut
1470 790 1592 823 spero,
1627 785 1793 823 proteget.
1846 780 1914 814 Sed
1945 781 2050 813 redeo
2073 782 2116 814 ad
2143 793 2248 814 enco-

1265 828 1389 862 mium.

1364 876 1513 910 Prodest
1536 877 1698 922 inprimis
1722 877 1914 921 Ecclesiae,
1945 880 2086 914 collatio
2113 886 2153 914 ut
2177 879 2249 913 dixi

1266 927 1367 971 Legis
1391 934 1425 961 et
1448 925 1651 971 Evangelii,
1679 941 1765 973 quae
1791 930 1826 962 in
1847 930 1945 964 Pauli
1969 931 2107 974 scriptis
2130 931 2250 973 copio-

1266 979 1336 1011 sius
1361 985 1393 1011 et
1414 978 1606 1019 illustrius,
1634 991 1737 1022 quam
1761 980 1846 1013 alibi
1869 981 2033 1024 explicata
2052 989 2112 1015 est.
2165 980 2251 1013 Pos-

1266 1040 1342 1062 sum
1367 1035 1400 1061 et
1427 1028 1511 1061 alias
1534 1029 1702 1073 quasdam
1730 1031 1890 1063 materias
1915 1032 2060 1068 addere,
2096 1043 2183 1075 quae
2207 1031 2251 1063 ab
2291 1032 2299 1038 “

1267 1079 1341 1123 ipso
1363 1078 1500 1122 planius
1525 1085 1736 1119 tractantur,
1760 1080 1946 1113 discrimen
1973 1081 2124 1115 iustitiae
2147 1080 2252 1124 spiri-

1267 1136 1322 1162 tus
1337 1141 1374 1161 ac
1390 1128 1564 1172 politicae,
1592 1136 1624 1161 et
1640 1129 1829 1163 discrimen
1845 1129 2020 1164 Ecclesiae
2038 1138 2069 1164 et
2087 1131 2252 1174 irnperio-

1268 1191 1357 1213 rum.
1402 1177 1555 1211 Damnat
1570 1178 1651 1211 item
1669 1180 1849 1223 perspicue
1867 1178 2184 1225 ἓθελοθρησκειάς,
2214 1187 2253 1214 ut

1267 1229 1415 1261 sciamus
1450 1228 1578 1272 quibus
1610 1229 1733 1262 officiis
1767 1230 1895 1264 iudicet
1933 1243 1967 1264 se
1995 1230 2090 1264 Deus
2118 1229 2253 1264 honore

1268 1277 1368 1310 affici.
1420 1276 1542 1311 Munit
1559 1285 1590 1311 et
1608 1290 1727 1322 pacem
1745 1280 1895 1321 civilem,
1921 1288 2023 1314 ornat
2039 1281 2252 1325 amplissima

1268 1328 1370 1361 laude
1387 1334 1499 1360 totum
1519 1328 1701 1371 politicum
1716 1330 1889 1369 ordinem,
1914 1331 2145 1374 magistratus,
2162 1331 2253 1374 leges

1269 1375 1448 1417 honestas,
1482 1378 1628 1418 iudicia,
1664 1386 1878 1422 contractus,
1912 1382 2094 1422 militiam,
2129 1381 2254 1414 coniu-

1268 1428 1382 1471 gium,
1409 1429 1660 1461 oeconomiam.

1367 1478 1419 1512 De
1437 1475 1491 1511 his
1511 1479 1615 1511 rebus
1634 1479 1824 1512 sententias
1847 1477 1950 1515 huius
1974 1481 2126 1516 doctoris
2150 1481 2254 1525 longe

1269 1529 1423 1562 antefero
1440 1528 1607 1569 Platonis,
1635 1536 1668 1563 et
1683 1529 1882 1564 Aristotelis
1899 1531 2061 1575 politicis,
2090 1532 2150 1565 etsi
2169 1529 2254 1565 haec

1270 1591 1410 1623 quoque
1434 1579 1607 1622 sapienter
1634 1580 1760 1624 scripta
1779 1588 1871 1615 sunt.
1924 1581 1991 1615 Sed
2011 1583 2107 1615 addit
2124 1581 2254 1615 Paulus

1269 1629 1454 1661 salutarem
1491 1630 1705 1669 doctrinam,
1738 1637 1884 1664 testatur
1910 1629 1994 1665 haec
2023 1633 2113 1665 vitae
2141 1632 2254 1665 officia

1269 1690 1287 1711 a
1308 1678 1386 1711 Deo
1403 1679 1562 1712 ordinata
1580 1691 1661 1718 esse,
1689 1680 1837 1725 ideoque
1852 1681 1898 1713 sic
1916 1681 2006 1714 inter
2021 1694 2055 1714 se
2072 1683 2254 1715 devinctos

1271 1740 1342 1761 esse
1361 1726 1520 1761 homines
1539 1730 1797 1774 procreat-ione,
1825 1732 2050 1771 educatione,
2077 1733 2254 1776 guberna-

1271 1779 1386 1818 tione,
1412 1780 1668 1819 contractilms,
1694 1787 1731 1814 ut
1756 1781 1790 1812 in
1819 1778 1872 1813 his
1892 1781 1992 1814 bonis
2017 1783 2119 1815 rebus
2135 1790 2254 1816 osten-

1271 1830 1394 1861 damus
1413 1828 1509 1868 aliis,
1542 1837 1696 1862 nostram
1722 1831 1764 1863 de
1792 1829 1865 1863 Deo
1891 1832 2119 1873 sententiam,
2155 1844 2253 1866 exer-

1270 1890 1408 1911 ceamus
1434 1878 1689 1912 invocationem
1718 1887 1750 1913 et
1779 1887 1935 1913 mutuam
1960 1882 2254 1916 benevolentiam.

1271 1928 1379 1962 Docet
1399 1929 1480 1962 item
1506 1927 1568 1962 hos
1586 1930 1720 1963 labores
1737 1929 1810 1964 Deo
1831 1943 1910 1964 vere
1927 1932 2061 1977 placere
2074 1960 2082 1972 ,
2108 1939 2140 1966 et
2158 1939 2254 1977 grata

1271 1991 1415 2011 munera
1435 1986 1466 2012 ct
1484 1980 1648 2013 sacrificia
1667 1992 1748 2015 esse.

1369 2028 1444 2061 llae
1479 2029 1579 2062 Pauli
1613 2030 1804 2064 sententiae
1850 2029 1943 2064 hand
1979 2032 2085 2065 dubie
2123 2033 2253 2066 multos

1270 2091 1389 2122 graves
1412 2080 1523 2119 viros,
1553 2081 1612 2125 qni
1638 2081 1793 2114 sentiunt
1817 2090 1985 2126 quamnm
2011 2094 2099 2116 onus
2122 2083 2165 2116 sit
2190 2095 2253 2126 gu-

1271 2130 1451 2169 bernatio,
1478 2130 1628 2164 retinent
1655 2131 1690 2163 in
1710 2143 1768 2164 sua
1788 2132 1947 2165 statione.
1999 2131 2101 2166 Certe
2120 2133 2155 2166 in
2176 2145 2253 2167 meo

1270 2181 1406 2220 animo,
1433 2192 1586 2213 amorem
1608 2187 1640 2215 et
1656 2182 1885 2215 reverentiam
1911 2182 2025 2223 legum
2045 2190 2077 2218 et
2095 2183 2253 2217 civilium

1269 2231 1463 2263 officiorum
1491 2232 1590 2264 valde
1614 2238 1751 2274 augent.
1812 2231 1861 2265 Ac
1889 2232 1982 2265 scitis
2006 2230 2062 2265 his
2086 2234 2253 2278 proximis

1269 2281 1389 2321 annis,
1427 2282 1610 2325 praecipue
1626 2281 1724 2314 Pauli
1750 2282 1957 2316 testimoniis
1982 2283 2016 2315 in
2035 2280 2100 2317 hoc
2117 2295 2254 2327 genere,

1269 2332 1434 2364 refutatos
1459 2343 1530 2365 esse
1554 2332 1721 2365 fanaticos
1747 2329 1908 2365 homines
1928 2333 2074 2373 multos,
2100 2335 2160 2379 qui
2179 2334 2252 2379 ple-

1268 2394 1372 2426 raque
1398 2382 1510 2414 officia
1533 2382 1664 2425 politici
1691 2383 1825 2415 ordinis
1849 2384 2005 2416 furenter
2027 2385 2253 2423 damnabant,

1268 2439 1301 2465 ut
1323 2433 1406 2464 olim
1424 2432 1553 2464 similes
1574 2431 1765 2466 Marcionis
1782 2441 1813 2467 et
1832 2431 2098 2467 >lauit-luentium
2118 2434 2252 2467 furores

1269 2483 1389 2515 iisdem
1421 2483 1463 2515 de
1493 2482 1612 2520 rebus,
1647 2483 1832 2527 praecipue
1859 2484 2033 2528 suffragiis
2057 2483 2156 2518 Pauli
2187 2497 2251 2529 op-

1267 2533 1373 2576 pressi
1394 2539 1484 2571 sunt,

1366 2582 1443 2616 llnc
1459 2583 1599 2621 aceedit,
1617 2584 1709 2628 quod
1728 2583 1762 2616 in
1780 2583 1969 2628 praereptis
1986 2583 2147 2627 politicis,
2165 2597 2251 2631 qua-

1266 2635 1344 2666 dam
1370 2647 1440 2666 non
1466 2634 1599 2677 vulgari
1625 2635 1809 2678 prudentia
1835 2639 1951 2666 monet
1981 2634 2248 2676 gubernatorem

1266 2697 1335 2716 non
1355 2682 1513 2718 hebetem
1531 2691 1591 2718 aut
1608 2685 1740 2720 rudem.
1755 2685 1798 2717 de
1814 2684 1916 2717 rebus
1935 2696 2004 2717 non
2024 2685 2170 2727 lexibus,
2190 2688 2249 2719 sed

2165 147 2239 184 624
2279 0 2338 180 '’ie

2334 192 2336 201 t

2333 211 2338 226 t

2334 269 2335 279 t

2334 284 2336 298 l

2334 303 2335 315 l

2317 1904 2338 1963 2¹5.
