2338 2958
70 131 144 168 877

70 217 284 251 collocaram
310 213 346 246 in
369 213 505 249 foenus.
565 211 611 247 Et
633 212 790 246 minatur
811 212 965 256 ignavis,
999 211 1056 243 in-

70 271 211 312 quiens:
249 264 403 298 Habenti
430 264 589 304 dabitur,
619 270 653 297 et
681 275 753 296 non
782 261 923 295 habenti
951 261 1054 307 etiam

69 318 164 362 quod
192 316 329 348 videtur
353 312 499 354 babere,
533 314 721 347 auferetur.
775 314 929 356 Agamus
950 311 1056 354 igitur

69 365 145 401 Deo
169 372 310 399 aeterno
329 365 419 409 patri
435 364 581 398 Domini
607 364 715 397 nostri
736 363 812 396 lesu
828 361 959 396 Christi
977 372 1056 404 gra-

69 417 154 457 tias,
181 416 386 449 ardentibus
413 415 566 448 motibus
594 422 793 458 pectorum,
821 415 914 458 quod
941 411 1056 444 Evan-

68 467 150 511 getii
167 466 278 499 lucem
296 477 415 499 rursus
431 465 590 498 accendit
607 466 643 497 in
664 463 816 497 Ecclesia
828 491 837 504 ,
865 471 897 496 et
915 463 1056 505 insuper

68 529 144 550 eam
172 517 371 559 linguarum
395 515 594 559 cognitione
619 522 651 548 et
683 515 866 547 universae
894 511 1055 545 Philoso—

67 565 172 612 phiae
188 567 313 601 studiis
333 566 491 606 ornavit,
522 573 555 599 et
572 566 665 610 quod
684 563 737 597 his
755 565 858 597 bonis
881 563 997 607 aliqua
1016 574 1055 594 ex

69 625 167 662 parte
182 617 345 652 fruimur.
398 614 497 650 Nbil
522 616 614 649 enim
639 613 692 647 his
709 615 913 647 muneribus
930 612 1056 644 melius

69 675 120 701 est
142 668 179 701 in
203 674 273 701 tota
300 679 416 700 rerum
444 673 588 706 natura,
616 677 688 698 non
713 676 814 708 opes,
846 676 918 696 non
941 674 1056 706 regua,

68 729 143 752 non
167 718 372 762 voluptates.

171 776 351 810 Postremo
387 776 510 814 etiam,
547 781 585 808 ut
621 774 871 817 gratitudinem
901 780 1054 806 nostram
1078 526 1083 852 ἱ

69 828 298 865 declaremus,
327 833 358 860 et
377 825 532 859 honestis
551 826 706 858 moribus
723 822 804 857 baec
822 824 935 857 studia
954 836 1056 855 orue-

68 890 165 918 mus,
191 884 224 911 et
238 877 371 921 aliquid
387 889 512 920 operae
529 876 564 908 in
583 873 672 907 banc
689 876 843 917 linguam
861 875 901 906 ad
922 874 1056 906 animos

68 935 206 962 nostros
221 927 432 961 erudiendos
454 934 485 959 et
506 927 783 965 confirmandos,
811 932 844 958 et
863 926 903 957 ad
931 925 1055 957 iux-an-

69 979 149 1012 dam
170 978 406 1022 posteritatem
424 978 655 1010 conseramus.
709 975 802 1009 Dixi.

1082 1362 1085 1376 Ι

69 1154 136 1190 No.
157 1156 238 1190 110.
892 1165 939 1185 an.
961 1154 1055 1183 1:349.

888 1200 956 1209 x-ae—
969 1199 1052 1209 ,νῆ-νγ

206 1255 281 1296 De
315 1252 702 1309 appellationibus
737 1267 923 1307 panum.

139 1344 169 1369 ln
189 1344 281 1369 select,
297 1344 445 1369 Declamat.
465 1341 497 1367 T.
514 1343 561 1367 lv,
581 1351 606 1374 p.
620 1342 668 1366 5418
683 1351 756 1375 sqq„
782 1342 808 1366 in
828 1341 944 1366 Sei-vesi.
964 1341 997 1367 T.
1015 1340 1058 1368 lY,
1082 1355 1085 1357 >

172 1379 271 1410 p.290.
295 1383 322 1403 et
345 1377 414 1409 apud
440 1376 562 1402 ltichard.
588 1377 620 1401 Τ.
641 1376 670 1401 ΙΙ.
691 1384 715 1408 p.
730 1378 772 1401 49.
819 1376 892 1400 idem
913 1375 940 1400 in
965 1376 998 1400 Τ,
1015 1375 1059 1400 lll.
1082 1385 1084 1393 ¹

174 1411 282 1438 tin-ford.
299 1412 336 1437 lit.
350 1411 367 1442 i,
380 1410 421 1438 3.,
447 1410 492 1435 ubi
505 1410 655 1443 adscriptus
670 1411 767 1443 legitur
783 1419 868 1435 annus
884 1410 956 1435 15⁴⁴).

71 1494 198 1527 Oratio
228 1490 275 1525 de
300 1488 616 1535 appellationibus
641 1501 805 1533 panum,
840 1500 862 1522 α
891 1487 1058 1522 Melch.

180 1541 354 1576 Fendio
383 1542 432 1575 D.
459 1542 553 1574 artis
582 1539 748 1575 medicae
774 1542 949 1574 recitata.

70 1611 216 1652 Blultae
232 1623 314 1650 sunt
330 1615 553 1659 gravissimae
572 1626 711 1655 causae,
734 1619 878 1658 propter
895 1625 980 1658 quas
997 1614 1055 1645 de·
1082 1636 1086 1656 5

71 1675 124 1702 cet
137 1666 228 1701 hauc
244 1666 435 1701 testimonii
455 1665 757 1698 renunciationem
774 1676 845 1697 non
864 1665 975 1696 solum
993 1675 1059 1707 pu-
1083 1659 1085 1704 ᾗ

69 1719 180 1759 blice,
214 1719 272 1751 sed
301 1717 403 1750 etiam
432 1716 468 1748 in
493 1727 616 1758 magna
642 1715 833 1748 iuventutis
863 1714 1057 1758 frequentia
1083 1708 1085 1731 3

69 1770 155 1809 fieri,
182 1775 220 1803 ut
238 1768 290 1801 ibi
306 1775 339 1800 et
355 1779 438 1800 voce
454 1766 654 1799 docentium
672 1773 704 1799 et
722 1766 796 1809 ipso
814 1765 884 1797 ritu
902 1777 1057 1796 couuuo-
1084 1780 1085 1789 κ

71 1819 220 1858 nefacti,
245 1818 401 1851 iuniores
423 1817 559 1849 discant
577 1816 741 1848 admirari
769 1823 802 1847 et
816 1826 932 1846 amare
955 1822 1059 1846 artes:
1084 1816 1085 1831 ¹

72 1878 106 1905 et
129 1868 205 1903 Deo
236 1880 299 1912 pro
331 1865 397 1900 boc
430 1877 567 1899 summo
592 1866 759 1897 beneficio
791 1865 917 1907 gratias
945 1871 1060 1905 agant,

72 1921 167 1967 quod
184 1919 290 1953 vitam
309 1915 493 1951 hominum
512 1916 687 1953 instruxit,
716 1923 746 1948 et
764 1915 900 1947 ornavit
922 1915 1060 1957 sapien-
1083 1901 1086 1947 Ι

74 1972 121 2005 tia
142 1977 175 2004 et
193 1969 344 2007 artibus,
377 1973 411 2000 et
432 1968 475 1999 ad
498 1973 673 1998 aeternnm
699 1978 736 1998 ac
755 1965 935 1998 coelestem
953 1965 1058 1998 vitam
1083 1948 1087 1990 Ι

72 2027 267 2068 praeparat.
319 2017 480 2062 Denique
497 2024 532 2049 ut
557 2017 764 2049 accendatur
782 2016 936 2048 discendi
961 2015 1060 2058 cupi-

71 2074 182 2112 ditas,
208 2070 336 2104 artium
359 2068 529 2111 dignitate
553 2074 585 2099 et
613 2064 874 2110 pulchritudine
900 2066 1060 2098 conside-

72 2129 159 2157 rata.
212 2120 266 2156 Sit
291 2120 398 2164 igitur
414 2126 447 2152 et
470 2118 506 2150 in
523 2115 588 2150 hoc
608 2124 727 2149 nostro
743 2128 929 2159 congressu
948 2117 1058 2159 prima

73 2172 159 2208 baec
180 2184 266 2212 vox,
299 2182 402 2216 quam
428 2181 562 2201 mecum
595 2167 661 2211 piis
687 2168 882 2211 pectoribus
908 2167 1058 2200 recitate.

76 2223 162 2258 Tibi
177 2222 401 2265 omnipotens
419 2219 527 2259 Deus,
555 2225 694 2251 aeterne
720 2224 816 2261 pater
834 2217 976 2251 Domini
994 2230 1060 2250 no-

74 2274 137 2308 stri
155 2272 234 2306 lesu
249 2270 403 2311 Christi,
430 2270 592 2303 conditor
616 2269 704 2301 coeli
732 2275 766 2302 et
784 2275 914 2307 terrae,
941 2274 974 2300 et
996 2266 1060 2300 ho-

73 2325 224 2361 minum,
251 2330 285 2357 et
299 2320 474 2355 Ecclesiae
492 2327 582 2360 tuae,
609 2331 677 2353 una
697 2331 774 2351 cum
797 2319 868 2351 filio
886 2325 945 2351 tuo
962 2331 1061 2351 coae-

74 2383 176 2410 terno
209 2373 364 2408 Domino
399 2378 517 2404 nostro
557 2369 633 2403 Iesu
666 2367 827 2409 Christo,
866 2376 899 2402 et
925 2340 1087 2412 Spiritui

75 2432 218 2464 sancto,
244 2424 400 2467 sapiens,
434 2422 546 2461 bone,
583 2421 688 2460 iuste,
715 2433 837 2457 verax,
865 2419 1061 2453 misericors

75 2477 198 2515 iudex,
227 2482 335 2514 caste,
360 2472 556 2511 liberrime,
582 2471 708 2513 gratias
731 2483 794 2513 ago
818 2482 880 2513 pro
900 2470 1062 2503 omnibus

75 2527 264 2567 beneficiis,
289 2537 327 2558 ac
340 2522 549 2557 nominatim
567 2533 629 2564 pro
645 2521 721 2554 luce
738 2521 931 2560 doctrinae,
960 2527 1062 2566 teque
1085 2529 1087 2541 ¹

77 2590 159 2617 oro,
185 2589 229 2611 ne
246 2588 321 2610 eam
339 2573 494 2617 extingui
511 2572 615 2606 siuas.

177 2635 315 2670 Deinde
339 2646 417 2667 cum
443 2633 484 2665 ad
512 2630 713 2664 invitandos
734 2637 793 2664 aut
809 2629 984 2662 docendos
1007 2628 1063 2661 iu·-
1085 2669 1087 2679 ⁴

77 2688 197 2722 niores
214 2685 347 2731 aliquid
369 2684 472 2718 etiam
492 2683 534 2716 de
559 2681 642 2726 ipsis
661 2681 793 2715 artibus
808 2679 878 2713 dici
900 2679 984 2713 utile
1007 2679 1063 2720 sit,
1085 2683 1088 2717 ζ

524 127 683 163 DECL.
723 127 796 163 DE
823 124 1374 162 APPELLATIONIBUS
1409 122 1621 160 PANUM.

1082 1323 1084 1336 ³
1111 1329 1195 1350 mus.

2017 124 2088 158 878

1106 222 1205 254 saepe
1228 208 1306 250 hic,
1333 210 1387 243 vel
1406 211 1448 242 de
1473 215 1546 243 toto
1562 220 1688 252 genere
1707 206 1874 254 Pbysicae
1897 208 2089 248 doctrinae,

1106 262 1160 293 vel
1184 262 1227 293 de
1250 267 1347 304 parte
1372 261 1487 304 aliqua
1510 260 1641 293 dictum
1668 266 1728 294 est.
1788 258 1970 302 Quantum
1996 259 2089 290 enim

1107 322 1289 354 possumus
1305 311 1340 342 in
1360 311 1510 343 rudibus
1528 310 1726 353 pectoribus
1737 310 1902 342 adversus
1920 308 2090 341 immanes

1106 361 1185 393 illos
1202 360 1390 406 Cyclopes,
1418 361 1476 404 qui
1502 367 1534 393 et
1549 361 1673 401 Deum,
1701 368 1733 394 et
1750 358 1840 393 hanc
1860 359 2016 391 divinam
2038 358 2091 390 lu-

1105 422 1197 450 cem,
1226 422 1313 455 quae
1335 411 1371 442 in
1396 410 1530 443 artibus
1547 411 1723 454 proposita
1743 418 1809 450 est,
1835 410 1991 443 furenter
2007 420 2091 441 con-

1106 467 1287 499 temnunt,
1325 460 1456 492 iudicia
1484 461 1635 493 formare
1666 460 1857 493 conamur?
1908 458 1960 492 Ac
1991 470 2091 501 saepe

1107 511 1173 543 iam
1189 511 1321 543 (lictum
1340 516 1400 549 est,
1427 517 1521 543 certo
1538 511 1625 542 velle
1643 510 1756 543 Deum
1775 510 1880 553 aspici
1897 521 2012 542 rerum
2030 521 2091 541 na-

1107 569 1231 599 turam,
1251 568 1283 594 et
1299 558 1388 592 lianc
1406 561 1723 593 considerationem
1739 568 1772 593 et
1788 561 1992 603 sapientiam
2013 559 2092 603 pul-

1106 609 1316 645 cherrimum
1344 612 1448 643 decus
1473 623 1544 643 esse
1574 608 1777 649 bominum,
1810 617 1841 643 et
1868 609 2091 653 praecipuum

1106 664 1196 696 witae
1214 661 1436 705 praesidium.

1206 713 1293 745 ('um
1317 719 1430 744 autem
1454 712 1489 743 in
1521 717 1615 743 tanta
1649 722 1766 743 rerum
1798 709 2029 753 amplitudine
2052 711 2093 742 de

1107 763 1226 795 multis
1242 769 1386 795 naturae
1404 762 1562 805 partibus
1578 761 1646 793 dici
1667 773 1739 793 non
1756 760 1872 804 possit,
1895 772 2002 803 pauca
2025 759 2092 791 iam

1107 815 1148 845 cle
1168 814 1353 856 generibus
1377 813 1478 856 panis
1495 812 1650 845 dicturus
1669 823 1757 844 sum.
1811 809 1873 843 Est
1896 810 1988 842 enirn
2013 821 2093 852 pro-

1109 865 1194 897 fecto
1218 863 1398 905 diligentia
1428 861 1571 895 homine
1587 862 1712 905 digna,
1741 861 1852 894 victus
1874 860 1947 900 sui,
1974 868 2007 893 et
2029 860 2093 892 ali-

1109 921 1305 947 mentorum
1324 914 1393 945 vim
1418 913 1656 952 considerare,
1685 919 1716 945 et
1743 919 1778 944 ut
1796 911 1870 944 Deo
1895 923 1957 954 pro
1977 910 2094 954 quoti-

1108 965 1221 998 dianis
1244 964 1450 997 muneribus
1478 964 1604 1006 gratias
1628 969 1723 1005 agat,
1761 969 1793 994 et
1816 968 1853 994 ut
1877 962 1912 993 iu
1942 961 2093 993 fovendo

1108 1016 1260 1048 delectus
1284 1022 1315 1047 et
1332 1015 1456 1046 modus
1482 1011 1701 1047 adhibeatur.
1754 1011 1806 1045 Eo
1825 1012 1927 1045 etiam
1948 1013 1990 1043 de
2007 1022 2094 1054 pane

1108 1065 1309 1107 diligentius
1334 1064 1541 1105 cogitemus,
1575 1063 1656 1107 quia
1682 1063 1846 1095 omnibus
1879 1061 2096 1104 temporibus

1109 1116 1144 1148 in
1170 1114 1345 1147 sacrificiis
1362 1113 1437 1147 Deo
1462 1126 1567 1158 panes
1589 1113 1778 1146 consecrati
1803 1120 1904 1150 sunt,
1933 1123 2002 1156 quo
2028 1111 2096 1144 ritu

1109 1166 1224 1199 testari
1258 1165 1359 1197 nobis
1382 1163 1476 1197 Deus
1506 1164 1635 1203 voluit,
1667 1170 1701 1196 et
1730 1164 1836 1196 vitam
1865 1170 1897 1195 et
1931 1162 2096 1194 alimenta

1108 1217 1198 1249 vitae
1216 1215 1325 1259 ipsius
1342 1227 1428 1258 opus
1450 1222 1482 1248 et
1497 1216 1590 1247 dona
1615 1225 1696 1247 esse.
1751 1213 1874 1245 Voluit
1901 1212 2003 1245 etiam
2022 1212 2094 1254 ipsa

1111 1268 1178 1300 liba
1197 1266 1364 1307 imagines
1381 1277 1452 1298 esse
1471 1264 1627 1298 coelestis
1644 1263 1785 1307 pabuli,
1811 1270 1849 1297 ut
1867 1269 1986 1306 postea
2003 1262 2096 1294 dice—

1250 1316 1324 1349 lmo
1352 1316 1440 1348 ritus
1462 1317 1534 1359 ipse
1559 1315 1795 1347 dulcissimam
1828 1312 2096 1357 promissionem

1110 1367 1276 1401 continet.
1315 1366 1403 1399 Cum
1418 1365 1512 1399 Deus
1530 1365 1666 1398 iusserit
1683 1365 1749 1398 sibi
1767 1363 1961 1397 consecrari
1978 1374 2097 1406 panes,

1110 1418 1213 1451 simul
1234 1417 1418 1460 pollicetur
1441 1429 1474 1449 se
1493 1418 1657 1449 daturum
1679 1422 1791 1448 terrae
1812 1413 2097 1452 foecunditatem,

1111 1476 1147 1502 ut
1166 1469 1338 1501 frumenta
1357 1467 1492 1510 gignat,
1520 1477 1591 1499 sese
1607 1466 1695 1499 velle
1712 1463 1802 1498 hanc
1829 1465 1969 1508 inopem
1993 1470 2097 1496 natu-

1110 1532 1183 1552 ram
1201 1517 1384 1550 bominum
1413 1519 1505 1550 alere
1533 1524 1566 1550 et
1584 1517 1715 1549 fovere:
1748 1527 1819 1549 sese
1837 1514 2033 1559 postulare,
2060 1520 2097 1546 ut

1111 1577 1141 1602 et
1165 1576 1320 1613 petamus
1345 1566 1428 1601 baec
1452 1567 1617 1600 benc-ficia
1637 1568 1680 1599 ab
1698 1567 1795 1610 ipso,
1822 1572 1855 1598 et
1871 1575 2098 1607 agnoscamus

1111 1632 1148 1652 ac
1165 1619 1378 1651 celebremus
1397 1625 1564 1652 autorem.
1623 1615 1712 1650 Cum
1733 1616 1840 1659 igitur
1855 1615 1985 1648 multae
2003 1626 2098 1646 com-

1111 1669 1382 1702 monesnctiones
1403 1669 1439 1701 in
1459 1669 1528 1700 illis
1547 1667 1672 1701 ritibus
1690 1673 1956 1711 proponuntur,
1985 1665 2098 1697 liben-

1112 1721 1178 1753 tius
1204 1717 1292 1751 banc
1317 1719 1689 1752 commonefactionem
1715 1718 1757 1750 de
1778 1717 1942 1750 varietate
1967 1728 2097 1760 panum

1112 1770 1261 1803 institui.

1217 1819 1322 1852 initio
1340 1826 1453 1851 autem
1473 1818 1659 1850 dicendum
1678 1824 1768 1858 erat,
1796 1829 1858 1850 cur
1874 1826 1980 1860 panes
1999 1827 2099 1859 prae-

1111 1871 1229 1903 sertim
1247 1882 1286 1901 ex
1306 1869 1420 1901 tritico
1438 1869 1536 1909 sacti,
1558 1869 1628 1901 sint
1654 1868 1877 1912 praecipuum
1901 1867 2099 1899 nutrimen-

1111 1928 1208 1961 tum,
1235 1927 1267 1953 et
1290 1926 1517 1963 perpetuum,
1554 1919 1653 1951 cuius
1670 1930 1752 1951 usus
1775 1918 1943 1951 adsiduus
1961 1914 2099 1949 bomini

1112 1983 1182 2004 non
1211 1970 1477 2012 intemperanti,
1505 1978 1537 2002 et
1557 1981 1628 2001 non
1653 1967 1797 2002 habenti
1818 1968 2000 2007 morbum,
2028 1979 2099 1999 non

1112 2022 1223 2054 adfert
1240 2021 1438 2060 fastidium,
1472 2027 1510 2053 ut
1527 2032 1609 2052 usus
1628 2020 1816 2053 diuturnus
1834 2019 1994 2051 omnium
2013 2017 2099 2050 alio-

1112 2084 1188 2105 rum
1214 2071 1384 2106 ciborum.
1438 2070 1539 2112 Quae
1567 2068 1650 2103 baec
1677 2082 1755 2103 cum
1779 2067 1934 2102 humano
1955 2079 2101 2112 corpore

1112 2122 1273 2165 cognatio
1300 2129 1365 2162 est,
1395 2127 1430 2153 ut
1456 2118 1540 2153 haec
1561 2133 1666 2164 grana
1686 2133 1726 2153 ex
1749 2127 1838 2154 terra
1856 2126 1956 2159 nata,
1984 2119 2099 2151 statim

1113 2173 1147 2205 in
1177 2184 1316 2205 succum
1345 2171 1552 2214 corporibus
1579 2171 1708 2204 nostris
1731 2170 1999 2203 convenientem
2022 2180 2101 2201 ver-

1112 2222 1256 2256 tantur?
1295 2221 1362 2255 Hic
1386 2222 1427 2254 ad
1449 2222 1706 2265 providentiam
1726 2222 1904 2254 reserenda·
1923 2231 2024 2252 causa
2041 2226 2101 2257 est,

1113 2281 1151 2307 ut
1166 2273 1389 2305 manifestum
1406 2283 1494 2315 opus
1511 2279 1559 2305 est
1578 2273 1818 2315 providentiae
1835 2271 1987 2308 divinae,
2005 2271 2098 2314 quod

1114 2325 1224 2357 foetus
1244 2323 1279 2355 in
1296 2330 1413 2362 utero,
1441 2330 1473 2355 et
1492 2329 1607 2365 postea
1625 2334 1744 2355 recens
1762 2321 1876 2354 editus
1893 2321 2000 2353 alitur
2016 2321 2101 2353 lacte

1113 2382 1208 2408 cocto
1233 2374 1268 2405 in
1294 2374 1462 2406 uberibus
1487 2373 1622 2405 matris:
1657 2373 1703 2405 ita
1732 2383 1959 2414 agnoscamus
1985 2371 2101 2404 Deum

1113 2431 1293 2458 curantem
1329 2435 1436 2466 genus
1462 2420 1674 2463 humanum,
1708 2420 1798 2455 banc
1829 2419 2101 2466 pulcherrimam

1113 2475 1236 2509 mundi
1256 2482 1415 2508 naturam
1435 2474 1480 2506 ita
1497 2473 1712 2513 condidisse,
1741 2480 1776 2506 ut
1796 2474 1959 2516 praebeat
1974 2473 2101 2509 sedem,

1114 2527 1248 2565 cibum,
1272 2532 1413 2569 potum,
1437 2524 1601 2563 remedia,
1627 2531 1843 2566 tegumenta,
1871 2534 1998 2565 organa
2015 2532 2098 2564 ope-

1114 2589 1250 2616 rarum,
1277 2583 1307 2608 et
1334 2575 1442 2608 multa
1466 2574 1532 2607 alia
1550 2574 1640 2609 vitae
1658 2574 1867 2614 necessaria,
1896 2572 2012 2615 generi
2033 2569 2099 2603 bu-

1113 2639 1229 2661 man0.
1283 2626 1338 2660 Sit
1357 2625 1463 2668 igitur
1479 2625 1720 2669 providentiae
1739 2624 1988 2662 testimonium,
2017 2619 2101 2654 baec

1114 2679 1361 2712 alimentorum
1381 2688 1458 2709 cum
1477 2676 1606 2709 nostris
1624 2675 1830 2720 corporibus
1846 2671 2101 2707 convenientia.
