2338 2958
69 129 143 166 489

68 226 108 248 ac
132 210 304 258 promittit
328 210 522 242 mercedem
548 209 729 255 inquiens:
757 208 871 253 Amen
895 210 973 243 dico
990 221 1053 242 vo—

67 265 140 303 bis,
180 261 210 295 si
236 260 315 305 quis
341 260 478 294 dederit
504 261 558 293 vel
583 272 694 306 aquae
721 268 843 306 potum
871 259 978 294 alicui
1012 271 1051 292 ex

67 311 222 348 minimis
249 316 392 354 propter
425 311 640 352 doctrinam,
671 312 868 345 mercedem
895 309 1050 355 accipiet.

68 363 186 406 Quare
201 367 234 393 et
250 360 350 393 vobis
373 372 474 404 spero
487 360 601 395 Deum
625 362 888 396 benefacturum
906 372 997 402 esse,
1023 359 1053 393 si

65 424 131 447 nos
159 410 331 455 complexi
359 411 514 452 fueritis,
548 412 609 457 qui
632 413 892 457 qualescunque
921 422 1052 451 sumuS,

66 470 184 498 tamen
201 473 242 494 ex
258 461 319 494 illo
334 469 435 495 coetu
452 474 589 503 sumus,
614 463 656 496 de
673 474 742 507 quo
758 460 920 497 Christus
935 461 1051 507 loqui-

65 520 143 552 tur,
167 510 400 554 Evangelium
422 513 516 545 enim
540 513 837 552 circumferimus,
864 512 927 545 etsi
942 512 1052 546 fateor

65 575 122 597 me
139 574 218 595 vere
235 573 307 595 esse
323 563 481 596 omnium
502 562 562 608 qhi
578 564 722 601 docent,
750 562 949 596 minimum.

167 612 236 647 Sed
265 625 344 646 cum
372 613 526 654 ordinis,
556 625 595 646 ac
621 612 812 647 functionis
839 612 1046 656 dignitatem

66 661 230 698 Christus
243 663 475 706 magnifaciat,
501 662 566 696 erit
582 669 716 696 vestrae
732 663 880 706 pietatis,
907 675 962 697 me
978 674 1050 696 non

65 714 236 758 gravatim
253 714 386 749 audire.
439 713 592 747 Maiores
609 714 712 746 vestri
731 720 932 747 reverenter
953 725 1051 746 exce-

64 771 193 809 perunt
210 764 338 797 multos
353 775 391 796 ex
408 763 520 796 insula
537 762 738 797 Scottorum
764 776 938 810 egressos,
963 762 1051 797 Gal-

64 815 160 855 lum,
194 813 434 853 Bonifacium,
465 820 498 847 et
521 813 628 853 alios,
663 815 723 860 qui
756 816 793 848 in
821 814 1050 849 Germaniam

66 865 264 899 intulerunt
279 862 522 906 Evangelium,
550 861 676 898 horum
695 877 756 899 vos
773 863 918 899 honesta
936 876 1051 898 exem-

65 915 122 959 pla
144 914 274 948 imitari
292 914 408 954 decet,
437 915 638 958 praesertim
663 927 741 948 cum
768 914 823 949 his
848 915 1051 949 miserrimis

64 964 283 1008 temporibus
306 964 502 997 doctrinam
521 962 759 999 Christianam
788 967 920 1011 ubique
942 973 1052 999 terra-

63 1026 144 1049 rum
168 1011 332 1047 horribili
355 1015 506 1048 amentia
526 1014 713 1049 Pontifices
737 1029 775 1049 ac
797 1016 910 1059 Reges
936 1017 1051 1049 delere

64 1071 249 1100 conentur.
304 1063 345 1097 In
370 1071 468 1099 tanto
495 1066 638 1109 publico
664 1066 818 1109 periculo
844 1067 974 1100 credite
990 1077 1052 1098 vos

64 1114 139 1149 Deo
165 1115 400 1158 gratissimum
421 1116 574 1148 officium
597 1116 724 1156 facere,
751 1117 844 1160 quod
865 1115 1051 1157 Evangelii

64 1163 233 1199 Doctores
263 1165 415 1207 benigne
443 1165 619 1208 excipitis,
652 1166 820 1206 tuemini,
852 1173 885 1199 et
911 1165 1052 1198 auditis.

64 1215 159 1249 Haec
181 1216 224 1248 de
250 1227 304 1247 me
328 1215 402 1258 ipso
428 1215 603 1258 praefatus
622 1227 719 1256 sum,
746 1228 841 1249 nunc
865 1217 901 1249 in
926 1227 1051 1258 genere

65 1267 108 1300 de
126 1263 255 1299 scholis
276 1272 308 1298 et
327 1266 371 1298 de
397 1265 612 1308 professione
637 1277 712 1298 mea
731 1267 855 1299 dicam.
907 1265 997 1299 Nam
1024 1266 1052 1298 si

66 1316 146 1362 quis
166 1316 353 1358 cogitabit,
385 1322 555 1359 quantum
578 1316 721 1356 referat,
757 1314 822 1349 hoc
848 1317 1051 1359 praesertim

66 1373 244 1409 tempore,
279 1365 414 1398 restitui
437 1366 636 1398 emendatas
658 1364 814 1404 scholas,
842 1365 936 1400 hunc
964 1364 1051 1399 mihi

67 1427 207 1461 qnoque
230 1422 262 1448 et
281 1415 423 1448 caeteris
445 1415 515 1448 mei
531 1416 666 1448 ordinis
686 1414 890 1450 hominibus
909 1417 1051 1461 aequio-

67 1478 140 1500 rem
157 1467 230 1498 fore
249 1477 362 1509 spero.
416 1464 528 1498 Nemo
546 1472 616 1499 tam
632 1473 681 1499 est
704 1468 891 1510 impudens
915 1480 952 1500 ac
977 1468 1052 1499 sine

66 1517 194 1555 fronte,
217 1516 278 1560 qui
297 1527 423 1558 negare
439 1516 529 1549 ausit
546 1517 676 1549 multos
694 1529 766 1549 non
781 1518 1054 1551 dissimulandos

66 1578 202 1600 errores
231 1578 251 1599 a
273 1565 504 1599 Pontificibus
530 1572 564 1599 et
587 1564 773 1600 Monachis
798 1567 835 1599 in
861 1565 1052 1600 Ecclesiam

66 1617 223 1650 invectos
238 1627 320 1648 esse.
372 1615 488 1658 Quam
504 1616 606 1649 multi
623 1617 708 1650 boni
733 1624 765 1650 et
779 1618 873 1650 docti
890 1617 958 1650 viri
973 1623 1054 1650 ante

66 1667 202 1712 aliquot
225 1666 339 1699 secula
360 1666 634 1710 deploraverunt
653 1667 842 1700 Missas-um
874 1668 1054 1700 nundina-

66 1717 222 1757 tionem,
248 1716 502 1750 idolomaniam
524 1716 561 1749 in
583 1717 805 1751 invocatione
829 1718 1055 1751 sanctorum?

65 1764 347 1812 Reprehendunt
371 1766 436 1810 ipsi
460 1773 592 1800 veteres
607 1765 818 1801 Ambrosius
836 1775 868 1801 et
884 1766 1054 1811 Augusti-

66 1830 134 1852 nus
150 1828 284 1850 errores
299 1817 595 1856 satisfactionum,
622 1825 656 1852 et
670 1826 841 1852 renovant
859 1819 1053 1851 doctrinam

67 1869 111 1902 de
126 1866 340 1912 poenitentia
353 1893 363 1907 ,
397 1873 431 1900 et
448 1868 491 1900 de
509 1867 586 1900 fide.
639 1868 754 1910 Quam
773 1868 873 1901 multi
892 1868 1056 1912 deplora-

67 1924 197 1952 verunt
228 1917 394 1950 libidines
430 1917 731 1951 sacrificulorum?
771 1916 938 1963 Episcopi
969 1919 1053 1964 quid

67 1975 175 2013 agunt
191 1968 337 2011 dignum
357 1979 420 2001 suo
438 1968 606 2001 munere?
637 1967 733 2002 Haec
749 1981 827 2002 cum
845 1970 912 2001 iam
928 1969 1053 2002 iterum

66 2016 279 2064 reprehendi
296 2017 391 2051 Deus
407 2018 570 2059 voluerit,
592 2031 630 2052 ac
647 2019 838 2053 instaurare
854 2018 1056 2060 Ecclesiam,

0 2075 2 2083 ⁸
51 2082 112 2104 .ne
129 2080 272 2114 prorsus
291 2080 412 2102 omnes
432 2066 592 2102 homines
612 2077 771 2113 pereant,
798 2071 924 2104 videtis
942 2082 1055 2115 quan-

67 2127 142 2154 tum
161 2127 336 2153 certamen
354 2126 512 2153 exortum
531 2120 590 2153 sit:
618 2119 807 2164 Epicuraei
823 2119 1007 2154 Pontifices
1022 2128 1056 2154 et

67 2168 396 2218 Monachi,‚ventri
418 2177 628 2210 metuentes,
655 2172 696 2203 ad
714 2184 754 2204 eo
775 2171 929 2205 fremunt
949 2183 983 2204 se
999 2184 1054 2205 re-

68 2218 258 2265 prehendi,
284 2228 323 2254 ut
347 2220 456 2253 deleri
479 2233 607 2254 nomen
624 2220 774 2262 Christi,
802 2229 833 2255 ct
854 2222 1054 2255 universam

68 2271 265 2304 doctrinam
282 2269 487 2314 Evangelii,
513 2279 545 2305 et
561 2284 683 2305 omues
699 2271 873 2306 Ecclesias
896 2272 932 2305 in
951 2273 1056 2306 vasti—

68 2328 173 2355 tatem
199 2321 309 2363 redigi
336 2322 492 2365 cupiant.
544 2321 616 2357 Res
646 2323 718 2367 ipsa
749 2323 906 2368 loquitur
927 2335 984 2356 eos
1007 2323 1055 2357 sic

68 2372 219 2406 affectos.
285 2371 438 2414 Pergunt
465 2372 558 2405 enim
586 2375 773 2407 defendere
800 2385 880 2407 suos
908 2385 1055 2415 errores,

68 2422 187 2456 moliri
215 2423 305 2456 bella
330 2422 468 2462 civilia,
495 2424 677 2457 cumulant
703 2425 847 2467 flagitia,
873 2425 1054 2468 negligunt

69 2471 242 2506 Ecclesias
278 2480 312 2507 et
339 2470 489 2506 scholas.
554 2473 632 2507 Tali
659 2481 816 2519 tempore
843 2487 980 2508 necesse
1004 2482 1053 2508 est

70 2523 181 2557 bonos
197 2531 228 2557 et
248 2525 323 2568 pios
340 2523 521 2568 Principes
536 2525 731 2568 providere,
759 2538 802 2559 ne
820 2525 981 2559 funditus
998 2526 1054 2558 in-

70 2579 177 2607 tereat
193 2575 315 2618 religio
334 2572 556 2608 Christiana:
585 2587 692 2620 quare
710 2583 746 2609 ut
764 2574 936 2610 Ecclesias
952 2577 1054 2610 resti-

69 2630 184 2664 tuere,
209 2625 256 2658 ita
270 2632 301 2659 et
320 2622 457 2658 scholas
479 2625 675 2659 instaurare
693 2627 842 2665 debent;
870 2638 1053 2671 nunquam

69 2673 163 2706 enim
185 2687 264 2708 vera
279 2673 434 2710 Ecclesia
451 2676 528 2710 sine
551 2673 680 2711 scholis
704 2677 883 2722 aliquibus
904 2677 989 2719 suit,
1015 2689 1055 2712 ac

557 122 723 160 DECL.
755 122 828 160 DE
861 118 1305 160 RESTITUENDIS
1338 120 1602 158 SCHOLIS-

2019 123 2094 158 490

1105 218 1168 239 nec
1194 213 1307 251 potest
1331 207 1472 251 quidem
1502 208 1565 241 diu
1589 208 1787 241 conservari
1813 209 1988 248 doctrina,
2021 209 2089 242 nisi

1105 254 1301 290 scholastici
1319 254 1436 291 coe'tus
1450 258 1688 302 adiungantur
1704 259 1748 292 ad
1761 257 1946 294 Ecclesias.
1983 258 2088 292 Haud

1104 307 1210 340 dubie
1231 307 1355 351 primis
1376 308 1534 351 patribus
1554 308 1672 350 Adae,
1703 307 1844 351 Nohae,
1877 309 1975 349 Sem,
2010 310 2087 342 ideo

1103 364 1292 402 propagata
1318 364 1367 391 est
1390 358 1460 391 vita
1484 365 1535 391 tot
1559 359 1698 400 seculis,
1723 366 1761 393 ut
1778 360 1956 394 auditores
1981 357 2089 392 habe—

1103 415 1181 440 rent
1207 414 1306 441 testes
1331 405 1563 447 ἀξιοπίστους
1589 410 1631 442 de
1658 411 1772 454 prima
1795 410 1930 454 origine
1954 410 2091 454 generis

1104 456 1268 496 humani,
1293 459 1405 502 deque
1429 459 1530 492 initio
1548 460 1739 494 doctrinae.
1791 461 1914 495 Postea
1935 460 2090 494 familiae

1104 505 1287 549 Abrahae,
1315 507 1429 552 Isaac,
1458 508 1580 548 Iacob,
1607 521 1749 553 prorsus
1774 509 1912 544 scholae
1936 512 2090 544 fuerunt.

1103 558 1241 592 Deinde
1258 571 1336 592 cum
1353 559 1406 592 lex
1424 558 1540 605 Moysi
1563 561 1641 593 data
1658 568 1725 601 est,
1752 561 1820 593 iam
1839 562 1972 595 clarum
1989 573 2091 594 man-

1104 610 1224 643 datum
1248 610 1291 642 de
1313 607 1442 642 scholis
1467 611 1625 644 additum
1653 618 1714 644 est.
1775 611 2013 646 Constitutum
2039 617 2091 644 est

1104 660 1219 700 enim,
1256 666 1296 693 ut
1315 661 1359 692 ad
1384 660 1650 694 tabernaculum
1677 673 1814 705 semper
1837 669 1948 695 essent
1973 668 2090 695 coetus

1104 710 1305 744 docentium
1323 717 1356 744 et
1371 711 1593 747 discentium.
1647 711 1697 746 Ita
1721 711 1864 746 Samuel
1878 713 2026 745 traditus
2042 718 2091 745 est

1104 762 1141 794 in
1159 761 1381 804 disciplinam
1405 761 1457 793 illi
1477 762 1642 805 collegio,
1670 763 1815 806 perinde
1833 775 1871 796 ac
1889 763 1918 796 si
1944 770 2029 796 esset
2054 762 2091 794 in

1104 810 1329 846 Academiam
1346 812 1434 845 bene
1452 813 1675 846 constitutam
1691 813 1827 849 missus.
1870 812 1994 846 Postea
2012 824 2092 846 cum

1105 862 1320 905 negligerent
1337 863 1451 895 studia
1472 864 1682 903 sacerdotes,
1707 863 1801 897 Deus
1824 864 1984 898 excitavit
2003 862 2091 896 Pro·

1104 911 1238 958 phetas,
1263 911 1325 957 qui
1340 923 1481 955 magnas
1498 920 1651 946 catervas
1665 914 1872 948 discentium
1889 926 2004 947 secum
2022 921 2093 946 tra-

1103 970 1249 1003 xerunt,
1275 968 1314 996 ut
1338 970 1476 996 tantum
1500 975 1622 1007 agmen
1648 971 1721 997 erat
1746 964 1945 998 auditorum
1970 962 2094 1003 Elisei,

1104 1020 1142 1047 ut
1161 1025 1239 1046 cum
1264 1019 1364 1046 antea
1384 1013 1421 1045 in
1440 1012 1576 1047 iericho
1601 1013 1834 1056 habitassent,
1859 1021 2002 1059 propter
2021 1014 2094 1046 eius

1104 1064 1173 1098 loci
1189 1063 1398 1107 angustiam,
1425 1071 1634 1109 quaererent
1651 1066 1693 1098 ad
1713 1064 1898 1099 Iordanem
1916 1065 2019 1098 aliam
2040 1075 2094 1097 se—

1104 1115 1196 1148 dem.
1257 1112 1330 1146 Nec
1361 1120 1479 1158 putate
1513 1115 1647 1148 ociosos
1679 1127 1798 1159 greges
1831 1113 2092 1149 Monachorum

1104 1163 1231 1201 fuisse,
1257 1164 1317 1195 sed
1343 1164 1423 1196 illos
1447 1175 1603 1198 summos
1618 1165 1713 1199 viros
1736 1167 1928 1200 audiebant
1945 1167 1988 1199 de
2010 1177 2093 1209 pro-

1105 1213 1333 1248 missionibus
1349 1213 1573 1255 disserentes,
1599 1217 1641 1248 de
1657 1227 1764 1259 regno
1777 1214 1925 1257 Christi,
1953 1217 1994 1249 de
2013 1227 2093 1260 pec-

1106 1271 1199 1305 cato,
1226 1265 1270 1296 de
1286 1263 1378 1306 lege,
1403 1266 1446 1297 de
1464 1266 1585 1307 gratia,
1612 1267 1655 1298 de
1674 1266 1824 1307 iusticia,
1851 1268 1893 1300 de
1911 1267 2001 1300 veris
2019 1266 2093 1299 cul-

1106 1315 1200 1349 tibus
1224 1314 1308 1354 Dei,
1336 1315 1379 1346 de
1402 1315 1562 1348 maximis
1585 1317 1842 1350 mutationibus
1865 1317 1961 1350 orbis
1981 1324 2092 1351 terra-

1106 1377 1196 1398 rum.
1247 1362 1379 1398 Extant
1399 1363 1514 1398 adhuc
1535 1373 1650 1399 vetera
1675 1369 1844 1411 quaedam
1867 1367 1978 1407 dicta,
2004 1378 2093 1412 quae

1107 1416 1150 1448 ab
1177 1414 1247 1447 illis
1274 1411 1403 1447 scholis
1427 1416 1527 1460 quasi
1552 1428 1614 1460 per
1635 1429 1759 1451 manus
1781 1425 1916 1462 accepta
1939 1418 2094 1457 suerunt,

1107 1473 1145 1499 ut
1162 1465 1294 1497 dictum
1310 1465 1353 1497 de
1371 1476 1428 1498 sex
1445 1466 1603 1500 millibus
1620 1479 1794 1501 annorum
1810 1469 1954 1509 mundi,
1976 1468 2011 1500 id
2030 1465 2093 1500 ha-

1107 1517 1165 1549 bet
1188 1515 1330 1548 titulum
1355 1516 1481 1549 domus
1496 1514 1614 1557 Eliae,
1641 1515 1707 1551 hoc
1730 1525 1796 1559 est,
1821 1516 1960 1552 scholae
1982 1516 2093 1552 Eliae.

1108 1565 1321 1598 Meministis
1345 1566 1438 1598 enim
1457 1568 1683 1611 sententiam:
1711 1568 1778 1602 Sex
1796 1569 1955 1602 millibus
1979 1580 2094 1602 anno-

1107 1627 1185 1649 rum
1204 1615 1345 1649 durabit
1360 1617 1524 1658 mundus,
1545 1625 1662 1661 postea
1680 1619 1894 1652 destruetur:
1923 1620 1994 1652 duo
2012 1619 2094 1651 mil-

1109 1666 1153 1699 lia
1171 1665 1286 1705 inane,
1309 1667 1379 1699 duo
1396 1667 1505 1700 millia
1521 1668 1593 1709 lex,
1620 1669 1690 1702 duo
1707 1670 1817 1702 millia
1834 1669 2001 1710 Messiae;
2030 1668 2091 1703 etsi

1108 1716 1168 1761 qui
1190 1716 1274 1748 anni
1293 1717 1460 1758 deerunt,
1488 1725 1630 1762 propter
1646 1727 1781 1762 peccata
1799 1727 1917 1754 nostra
1936 1721 2094 1753 deerunt.

1107 1765 1160 1800 Ex
1185 1763 1390 1800 huiusmodi
1405 1768 1508 1801 dictis
1526 1769 1715 1802 existimari
1740 1777 1871 1814 potest,
1894 1771 1932 1803 in
1951 1770 2022 1803 illis
2039 1782 2094 1803 sa—

1108 1816 1335 1861 pientissimis
1351 1818 1524 1852 sodalitiis
1538 1819 1644 1852 fuisse
1660 1821 1913 1863 disputationes
1933 1821 1975 1853 de
1990 1821 2094 1854 rebus

1107 1867 1280 1899 maximis.
1325 1867 1377 1900 Ac
1393 1869 1541 1911 cogitate
1556 1876 1687 1914 quanta
1704 1871 1872 1905 foelicitas
1888 1871 2006 1912 suerit,
2031 1871 2093 1905 etsi

1108 1923 1206 1951 erant
1229 1912 1342 1960 Rege's
1365 1917 1482 1962 impii,
1508 1919 1571 1952 etsi
1596 1927 1694 1954 erant
1714 1923 1832 1954 onmia
1858 1922 1959 1966 plena
1982 1922 2093 1955 bello-

1108 1980 1185 2001 rum
1202 1979 1241 2000 ac
1257 1968 1484 2010 seditionum,
1510 1970 1562 2002 illi
1579 1978 1697 2005 coetus
1711 1970 1902 2005 Ecclesiam
1918 1973 2094 2016 regebant,

1108 2030 1189 2051 nam
1206 2018 1252 2051 ita
1271 2018 1330 2051 alii
1347 2019 1426 2052 aliis
1440 2021 1682 2062 succedebant,
1702 2023 1799 2067 quasi
1819 2023 1854 2055 in
1873 2024 1955 2064 acie,
1975 2030 2014 2056 ut
2029 2023 2094 2056 ali-

1108 2068 1178 2114 iluo
1193 2069 1374 2102 excellenti
1392 2069 1565 2114 Propheta
1582 2072 1743 2113 extincto,
1763 2072 1858 2107 Deus
1873 2085 1954 2106 mox
1971 2074 2094 2111 alium,

1108 2119 1206 2165 quasi
1233 2119 1268 2151 in
1293 2119 1327 2152 id
1357 2121 1539 2163 vestigium
1561 2122 1756 2156 collocaret.
1806 2123 1895 2157 Cum
1917 2122 2013 2157 Elias
2030 2125 2095 2157 do-

1109 2170 1235 2203 cuisset
1261 2181 1373 2203 annos
1400 2171 1539 2205 circiter
1566 2172 1712 2215 viginti,
1753 2175 1914 2207 successit
1943 2173 2093 2214 Eliseus,

1108 2220 1168 2266 qui
1191 2231 1303 2253 annos
1334 2221 1472 2254 circiter
1497 2223 1714 2265 septuaginta
1741 2225 1948 2267 gubernavit
1972 2223 2095 2258 Eccle-

1107 2272 1192 2305 siam
1210 2271 1245 2303 in
1267 2269 1382 2304 lsrael.
1435 2271 1527 2306 Huic
1546 2273 1707 2307 successit
1722 2275 1843 2313 Ionas,
1871 2287 1973 2320 quem
1999 2276 2095 2308 arbi-

1108 2327 1247 2356 trantur
1263 2321 1368 2355 fuisse
1391 2322 1501 2355 filium
1521 2323 1680 2357 mulieris
1697 2324 1928 2368 Sareptanae,
1955 2326 1998 2360 ab
2014 2324 2094 2359 Elia

1108 2379 1308 2406 revocatum
1327 2384 1367 2405 ex
1385 2381 1509 2408 morte.
1559 2372 1696 2407 Deinde
1714 2376 1873 2410 abductis
1893 2377 2010 2409 decem
2029 2377 2093 2410 tri-

1107 2423 1242 2463 bubus,
1268 2423 1431 2456 successit
1455 2421 1576 2457 Esaias
1604 2425 1640 2457 in
1667 2424 1772 2466 luda,
1805 2426 1865 2471 qui
1890 2427 2010 2461 docuit
2030 2439 2093 2460 an-

1106 2485 1171 2507 nos
1189 2473 1326 2506 circiter
1349 2474 1542 2517 octoginta,
1569 2482 1600 2509 et
1619 2487 1762 2518 regnum
1784 2477 1946 2511 liberavit
1969 2478 2093 2520 ingen·

1106 2526 1200 2559 tibus
1225 2523 1343 2560 bellis.
1370 2536 1450 2557 nam
1470 2525 1617 2570 quilibet
1635 2524 1808 2569 Propheta
1832 2525 1937 2561 habet
1960 2528 2093 2572 aliquot

1106 2575 1242 2617 insigne
1267 2572 1482 2619 πολίτευμα,
1534 2575 1617 2610 Post
1632 2574 1771 2610 Esaiam
1791 2578 1958 2612 excitatus
1973 2585 2021 2611 est
2039 2576 2093 2610 Ie-

1105 2625 1249 2664 remias,
1287 2625 1347 2670 qui
1366 2638 1477 2659 annos
1496 2626 1634 2660 circiter
1652 2629 1883 2672 quadraginta
1907 2628 2090 2661 conciona-
2120 2652 2122 2654 v

1104 2684 1160 2712 tus
1178 2682 1238 2709 est.
1280 2675 1431 2722 Fuitque
1448 2677 1522 2711 eius
1544 2676 1747 2723 πολίτευμα
1764 2679 1800 2712 in
1817 2679 1964 2723 speciem
1984 2678 2092 2719 triste,
