<?xml version="1.0" encoding="UTF-8"?>
<!DOCTYPE html PUBLIC "-//W3C//DTD XHTML 1.0 Transitional//EN"
    "http://www.w3.org/TR/xhtml1/DTD/xhtml1-transitional.dtd">
<html xmlns="http://www.w3.org/1999/xhtml" xml:lang="en" lang="en">
 <head>
  <title>
</title>
<meta http-equiv="Content-Type" content="text/html;charset=utf-8" />
  <meta name='ocr-system' content='tesseract 3.04.00' />
  <meta name='ocr-capabilities' content='ocr_page ocr_carea ocr_par ocr_line ocrx_word'/>
</head>
<body>
  <div class='ocr_page' id='page_1' title='image "./operaquaesupersu11melauoft/operaquaesupersu11melauoft_0366.png"; bbox 0 0 2338 2958; ppageno 0'>
   <div class='ocr_carea' id='block_1_1' title="bbox 199 117 272 154">
    <p class='ocr_par' dir='ltr' id='par_1_1' title="bbox 199 117 272 154">
     <span class='ocr_line' id='line_1_1' title="bbox 199 117 272 154; baseline 0.014 -1"><span class='ocrx_word' id='word_1_1' title='bbox 199 117 272 154; x_wconf 87' lang='lat'>715</span> 
     </span>
    </p>
   </div>
   <div class='ocr_carea' id='block_1_2' title="bbox 200 196 1208 2571">
    <p class='ocr_par' dir='ltr' id='par_1_2' title="bbox 200 196 1205 1105">
     <span class='ocr_line' id='line_1_2' title="bbox 200 196 1190 249; baseline -0.008 -11"><span class='ocrx_word' id='word_1_2' title='bbox 200 211 310 244; x_wconf 85' lang='lat' dir='ltr'>esset,</span> <span class='ocrx_word' id='word_1_3' title='bbox 333 204 391 238; x_wconf 81' lang='lat' dir='ltr'>sed</span> <span class='ocrx_word' id='word_1_4' title='bbox 409 201 614 249; x_wconf 86' lang='lat' dir='ltr'>quotidiana</span> <span class='ocrx_word' id='word_1_5' title='bbox 630 196 786 243; x_wconf 87' lang='lat' dir='ltr'>precatio</span> <span class='ocrx_word' id='word_1_6' title='bbox 805 208 845 230; x_wconf 81' lang='lat' dir='ltr'>ex</span> <span class='ocrx_word' id='word_1_7' title='bbox 863 196 1014 231; x_wconf 87' lang='lat' dir='ltr'>lectione</span> <span class='ocrx_word' id='word_1_8' title='bbox 1030 196 1190 230; x_wconf 87' lang='lat' dir='ltr'>Psalmo-</span> 
     </span>
     <span class='ocr_line' id='line_1_3' title="bbox 203 247 1193 297; baseline -0.01 -7"><span class='ocrx_word' id='word_1_9' title='bbox 203 267 282 290; x_wconf 85' lang='lat' dir='ltr'>rum</span> <span class='ocrx_word' id='word_1_10' title='bbox 299 262 332 289; x_wconf 89' lang='lat' dir='ltr'>et</span> <span class='ocrx_word' id='word_1_11' title='bbox 347 251 603 297; x_wconf 81' lang='lat' dir='ltr'>Prophetarum</span> <span class='ocrx_word' id='word_1_12' title='bbox 621 248 777 292; x_wconf 84' lang='lat' dir='ltr'>exempla</span> <span class='ocrx_word' id='word_1_13' title='bbox 794 247 908 283; x_wconf 84' lang='lat' dir='ltr'>offert.</span> <span class='ocrx_word' id='word_1_14' title='bbox 970 247 1123 283; x_wconf 89' lang='lat' dir='ltr'>Unicum</span> <span class='ocrx_word' id='word_1_15' title='bbox 1139 255 1193 282; x_wconf 89' lang='lat' dir='ltr'>ta-</span> 
     </span>
     <span class='ocr_line' id='line_1_4' title="bbox 205 297 1194 344; baseline -0.01 -3"><span class='ocrx_word' id='word_1_16' title='bbox 205 318 287 340; x_wconf 90' lang='lat' dir='ltr'>men</span> <span class='ocrx_word' id='word_1_17' title='bbox 306 307 422 339; x_wconf 88' lang='lat' dir='ltr'>locum</span> <span class='ocrx_word' id='word_1_18' title='bbox 448 301 614 335; x_wconf 75' lang='lat' dir='ltr'><strong>recitabo.</strong></span> <span class='ocrx_word' id='word_1_19' title='bbox 674 297 797 332; x_wconf 89' lang='lat' dir='ltr'>Esaias</span> <span class='ocrx_word' id='word_1_20' title='bbox 813 299 849 331; x_wconf 92' lang='lat' dir='ltr'>in</span> <span class='ocrx_word' id='word_1_21' title='bbox 869 298 979 343; x_wconf 89' lang='lat' dir='ltr'>capite</span> <span class='ocrx_word' id='word_1_22' title='bbox 998 299 1194 344; x_wconf 87' lang='lat' dir='ltr'>penultimo</span> 
     </span>
     <span class='ocr_line' id='line_1_5' title="bbox 205 348 1195 404; baseline -0.01 -12"><span class='ocrx_word' id='word_1_23' title='bbox 205 355 374 404; x_wconf 81' lang='lat' dir='ltr'>praedicit</span> <span class='ocrx_word' id='word_1_24' title='bbox 390 363 589 386; x_wconf 81' lang='lat' dir='ltr'>mansuram</span> <span class='ocrx_word' id='word_1_25' title='bbox 607 362 678 384; x_wconf 88' lang='lat' dir='ltr'>esse</span> <span class='ocrx_word' id='word_1_26' title='bbox 688 348 891 390; x_wconf 80' lang='lat' dir='ltr'><strong>Ecclesiam,</strong></span> <span class='ocrx_word' id='word_1_27' title='bbox 919 362 1121 395; x_wconf 81' lang='lat' dir='ltr'>quanquam</span> <span class='ocrx_word' id='word_1_28' title='bbox 1137 349 1195 383; x_wconf 85' lang='lat' dir='ltr'>fu-</span> 
     </span>
     <span class='ocr_line' id='line_1_6' title="bbox 207 400 1196 447; baseline -0.009 -5"><span class='ocrx_word' id='word_1_29' title='bbox 207 417 284 444; x_wconf 90' lang='lat' dir='ltr'>tura</span> <span class='ocrx_word' id='word_1_30' title='bbox 301 406 346 439; x_wconf 85' lang='lat' dir='ltr'>sit</span> <span class='ocrx_word' id='word_1_31' title='bbox 362 404 501 447; x_wconf 83' lang='lat' dir='ltr'>exigua:</span> <span class='ocrx_word' id='word_1_32' title='bbox 535 409 574 435; x_wconf 91' lang='lat' dir='ltr'>ut</span> <span class='ocrx_word' id='word_1_33' title='bbox 591 413 687 435; x_wconf 89' lang='lat' dir='ltr'>nunc</span> <span class='ocrx_word' id='word_1_34' title='bbox 707 401 868 434; x_wconf 83' lang='lat' dir='ltr'>videmus</span> <span class='ocrx_word' id='word_1_35' title='bbox 892 401 929 433; x_wconf 91' lang='lat' dir='ltr'>in</span> <span class='ocrx_word' id='word_1_36' title='bbox 950 407 1047 434; x_wconf 85' lang='lat' dir='ltr'>tanta</span> <span class='ocrx_word' id='word_1_37' title='bbox 1071 400 1196 434; x_wconf 84' lang='lat' dir='ltr'>confu-</span> 
     </span>
     <span class='ocr_line' id='line_1_7' title="bbox 207 451 1197 495; baseline -0.009 -3"><span class='ocrx_word' id='word_1_38' title='bbox 207 459 305 493; x_wconf 91' lang='lat' dir='ltr'>sione</span> <span class='ocrx_word' id='word_1_39' title='bbox 320 455 418 489; x_wconf 91' lang='lat' dir='ltr'>orbis</span> <span class='ocrx_word' id='word_1_40' title='bbox 431 461 624 493; x_wconf 88' lang='lat' dir='ltr'>terrarum,</span> <span class='ocrx_word' id='word_1_41' title='bbox 649 452 838 485; x_wconf 76' lang='lat' dir='ltr'>maximam</span> <span class='ocrx_word' id='word_1_42' title='bbox 861 463 933 484; x_wconf 90' lang='lat' dir='ltr'>esse</span> <span class='ocrx_word' id='word_1_43' title='bbox 958 451 1197 495; x_wconf 86' lang='lat' dir='ltr'>perturbatio-</span> 
     </span>
     <span class='ocr_line' id='line_1_8' title="bbox 209 501 1199 551; baseline -0.009 -8"><span class='ocrx_word' id='word_1_44' title='bbox 209 521 289 543; x_wconf 87' lang='lat' dir='ltr'>nem</span> <span class='ocrx_word' id='word_1_45' title='bbox 305 506 548 551; x_wconf 89' lang='lat' dir='ltr'>imperiorum.</span> <span class='ocrx_word' id='word_1_46' title='bbox 583 502 707 536; x_wconf 87' lang='lat' dir='ltr'>Talem</span> <span class='ocrx_word' id='word_1_47' title='bbox 726 502 833 546; x_wconf 88' lang='lat' dir='ltr'>igitur</span> <span class='ocrx_word' id='word_1_48' title='bbox 849 503 924 535; x_wconf 89' lang='lat' dir='ltr'>fore</span> <span class='ocrx_word' id='word_1_49' title='bbox 933 501 1127 536; x_wconf 87' lang='lat' dir='ltr'>Ecclesiam</span> <span class='ocrx_word' id='word_1_50' title='bbox 1142 501 1199 534; x_wconf 91' lang='lat' dir='ltr'>in-</span> 
     </span>
     <span class='ocr_line' id='line_1_9' title="bbox 210 553 1200 605; baseline -0.009 -12"><span class='ocrx_word' id='word_1_51' title='bbox 210 559 298 605; x_wconf 83' lang='lat' dir='ltr'>quit,</span> <span class='ocrx_word' id='word_1_52' title='bbox 319 564 357 591; x_wconf 87' lang='lat' dir='ltr'>ut</span> <span class='ocrx_word' id='word_1_53' title='bbox 372 557 402 590; x_wconf 88' lang='lat' dir='ltr'>si</span> <span class='ocrx_word' id='word_1_54' title='bbox 417 554 634 589; x_wconf 74' lang='lat' dir='ltr'>vindemitor</span> <span class='ocrx_word' id='word_1_55' title='bbox 646 554 756 587; x_wconf 85' lang='lat' dir='ltr'>sterili</span> <span class='ocrx_word' id='word_1_56' title='bbox 775 560 932 598; x_wconf 86' lang='lat' dir='ltr'>tempore</span> <span class='ocrx_word' id='word_1_57' title='bbox 948 553 1104 586; x_wconf 88' lang='lat' dir='ltr'>inveniat</span> <span class='ocrx_word' id='word_1_58' title='bbox 1121 563 1200 596; x_wconf 84' lang='lat' dir='ltr'>pas-</span> 
     </span>
     <span class='ocr_line' id='line_1_10' title="bbox 210 604 1199 653; baseline -0.011 -8"><span class='ocrx_word' id='word_1_59' title='bbox 210 612 276 646; x_wconf 87' lang='lat' dir='ltr'>sim</span> <span class='ocrx_word' id='word_1_60' title='bbox 290 609 426 653; x_wconf 85' lang='lat' dir='ltr'>aliquas</span> <span class='ocrx_word' id='word_1_61' title='bbox 444 607 593 650; x_wconf 79' lang='lat' dir='ltr'>grandes</span> <span class='ocrx_word' id='word_1_62' title='bbox 610 613 643 638; x_wconf 85' lang='lat' dir='ltr'>et</span> <span class='ocrx_word' id='word_1_63' title='bbox 661 605 780 648; x_wconf 88' lang='lat' dir='ltr'>plenas</span> <span class='ocrx_word' id='word_1_64' title='bbox 794 616 900 647; x_wconf 80' lang='lat' dir='ltr'>uvas,</span> <span class='ocrx_word' id='word_1_65' title='bbox 928 611 961 637; x_wconf 91' lang='lat' dir='ltr'>et</span> <span class='ocrx_word' id='word_1_66' title='bbox 986 604 1097 636; x_wconf 84' lang='lat' dir='ltr'>laetus</span> <span class='ocrx_word' id='word_1_67' title='bbox 1123 614 1199 635; x_wconf 88' lang='lat' dir='ltr'>eam</span> 
     </span>
     <span class='ocr_line' id='line_1_11' title="bbox 210 651 1202 700; baseline -0.01 -5"><span class='ocrx_word' id='word_1_68' title='bbox 210 661 278 695; x_wconf 87' lang='lat' dir='ltr'>sibi</span> <span class='ocrx_word' id='word_1_69' title='bbox 294 660 488 693; x_wconf 85' lang='lat' dir='ltr'>ubertatem</span> <span class='ocrx_word' id='word_1_70' title='bbox 504 656 711 700; x_wconf 83' lang='lat' dir='ltr'>gratuletur.</span> <span class='ocrx_word' id='word_1_71' title='bbox 759 654 875 696; x_wconf 84' lang='lat' dir='ltr'>Quam</span> <span class='ocrx_word' id='word_1_72' title='bbox 895 655 937 687; x_wconf 86' lang='lat' dir='ltr'>sit</span> <span class='ocrx_word' id='word_1_73' title='bbox 952 654 1100 687; x_wconf 88' lang='lat' dir='ltr'>illustris</span> <span class='ocrx_word' id='word_1_74' title='bbox 1118 651 1202 686; x_wconf 90' lang='lat' dir='ltr'>baec</span> 
     </span>
     <span class='ocr_line' id='line_1_12' title="bbox 211 703 1202 754; baseline -0.01 -8"><span class='ocrx_word' id='word_1_75' title='bbox 211 713 347 754; x_wconf 81' lang='lat' dir='ltr'>imago,</span> <span class='ocrx_word' id='word_1_76' title='bbox 372 720 426 743; x_wconf 88' lang='lat' dir='ltr'>res</span> <span class='ocrx_word' id='word_1_77' title='bbox 446 715 559 752; x_wconf 82' lang='lat' dir='ltr'>gestae</span> <span class='ocrx_word' id='word_1_78' title='bbox 577 707 778 739; x_wconf 85' lang='lat' dir='ltr'>ostendunt.</span> <span class='ocrx_word' id='word_1_79' title='bbox 816 704 907 738; x_wconf 91' lang='lat' dir='ltr'>Cum</span> <span class='ocrx_word' id='word_1_80' title='bbox 923 705 1089 749; x_wconf 87' lang='lat' dir='ltr'>dissipata</span> <span class='ocrx_word' id='word_1_81' title='bbox 1110 703 1202 748; x_wconf 92' lang='lat' dir='ltr'>poli-</span> 
     </span>
     <span class='ocr_line' id='line_1_13' title="bbox 212 755 1203 800; baseline -0.01 -3"><span class='ocrx_word' id='word_1_82' title='bbox 212 764 260 798; x_wconf 86' lang='lat' dir='ltr'>tia</span> <span class='ocrx_word' id='word_1_83' title='bbox 284 763 402 794; x_wconf 89' lang='lat' dir='ltr'>decem</span> <span class='ocrx_word' id='word_1_84' title='bbox 423 759 600 797; x_wconf 90' lang='lat' dir='ltr'>tribuum,</span> <span class='ocrx_word' id='word_1_85' title='bbox 648 762 832 788; x_wconf 90' lang='lat' dir='ltr'>manerent</span> <span class='ocrx_word' id='word_1_86' title='bbox 868 762 985 788; x_wconf 85' lang='lat' dir='ltr'>tamen</span> <span class='ocrx_word' id='word_1_87' title='bbox 1021 755 1203 800; x_wconf 88' lang='lat' dir='ltr'>reliquiae,</span> 
     </span>
     <span class='ocr_line' id='line_1_14' title="bbox 211 805 1203 858; baseline -0.009 -12"><span class='ocrx_word' id='word_1_88' title='bbox 211 815 315 858; x_wconf 87' lang='lat' dir='ltr'>plane</span> <span class='ocrx_word' id='word_1_89' title='bbox 331 810 461 844; x_wconf 88' lang='lat' dir='ltr'>similes</span> <span class='ocrx_word' id='word_1_90' title='bbox 474 815 573 841; x_wconf 90' lang='lat' dir='ltr'>erant</span> <span class='ocrx_word' id='word_1_91' title='bbox 584 807 656 840; x_wconf 92' lang='lat' dir='ltr'>illis</span> <span class='ocrx_word' id='word_1_92' title='bbox 668 807 746 840; x_wconf 89' lang='lat' dir='ltr'>uvis</span> <span class='ocrx_word' id='word_1_93' title='bbox 759 806 888 850; x_wconf 83' lang='lat' dir='ltr'>sparsis</span> <span class='ocrx_word' id='word_1_94' title='bbox 900 806 1014 839; x_wconf 89' lang='lat' dir='ltr'>rarius</span> <span class='ocrx_word' id='word_1_95' title='bbox 1025 805 1063 838; x_wconf 92' lang='lat' dir='ltr'>in</span> <span class='ocrx_word' id='word_1_96' title='bbox 1077 817 1203 847; x_wconf 86' lang='lat' dir='ltr'>magna</span> 
     </span>
     <span class='ocr_line' id='line_1_15' title="bbox 211 855 1204 901; baseline -0.01 -4"><span class='ocrx_word' id='word_1_97' title='bbox 211 865 330 897; x_wconf 87' lang='lat' dir='ltr'>vinea:</span> <span class='ocrx_word' id='word_1_98' title='bbox 359 868 392 895; x_wconf 86' lang='lat' dir='ltr'>et</span> <span class='ocrx_word' id='word_1_99' title='bbox 409 871 503 893; x_wconf 91' lang='lat' dir='ltr'>nunc</span> <span class='ocrx_word' id='word_1_100' title='bbox 518 859 566 891; x_wconf 89' lang='lat' dir='ltr'>ita</span> <span class='ocrx_word' id='word_1_101' title='bbox 580 857 689 901; x_wconf 86' lang='lat' dir='ltr'>sparsi</span> <span class='ocrx_word' id='word_1_102' title='bbox 705 863 788 890; x_wconf 87' lang='lat' dir='ltr'>sunt</span> <span class='ocrx_word' id='word_1_103' title='bbox 806 856 853 901; x_wconf 90' lang='lat' dir='ltr'>pii</span> <span class='ocrx_word' id='word_1_104' title='bbox 869 857 905 889; x_wconf 91' lang='lat' dir='ltr'>in</span> <span class='ocrx_word' id='word_1_105' title='bbox 924 856 1094 900; x_wconf 89' lang='lat' dir='ltr'>imperiis.</span> <span class='ocrx_word' id='word_1_106' title='bbox 1128 855 1204 889; x_wconf 87' lang='lat' dir='ltr'>Hac</span> 
     </span>
     <span class='ocr_line' id='line_1_16' title="bbox 214 908 1204 954; baseline -0.009 -6"><span class='ocrx_word' id='word_1_107' title='bbox 214 921 331 949; x_wconf 85' lang='lat' dir='ltr'>autem</span> <span class='ocrx_word' id='word_1_108' title='bbox 360 910 513 954; x_wconf 87' lang='lat' dir='ltr'>imagine</span> <span class='ocrx_word' id='word_1_109' title='bbox 541 915 575 942; x_wconf 82' lang='lat' dir='ltr'>et</span> <span class='ocrx_word' id='word_1_110' title='bbox 606 908 782 941; x_wconf 88' lang='lat' dir='ltr'>similibus</span> <span class='ocrx_word' id='word_1_111' title='bbox 814 908 1110 951; x_wconf 88' lang='lat' dir='ltr'>promissionibus</span> <span class='ocrx_word' id='word_1_112' title='bbox 1140 918 1204 940; x_wconf 89' lang='lat' dir='ltr'>nos</span> 
     </span>
     <span class='ocr_line' id='line_1_17' title="bbox 215 956 1204 1004; baseline -0.009 -5"><span class='ocrx_word' id='word_1_113' title='bbox 215 963 454 1000; x_wconf 84' lang='lat' dir='ltr'>consolemur:</span> <span class='ocrx_word' id='word_1_114' title='bbox 491 971 640 1004; x_wconf 90' lang='lat' dir='ltr'>cumque</span> <span class='ocrx_word' id='word_1_115' title='bbox 666 960 815 992; x_wconf 89' lang='lat' dir='ltr'>sciamus</span> <span class='ocrx_word' id='word_1_116' title='bbox 844 958 893 991; x_wconf 91' lang='lat' dir='ltr'>ibi</span> <span class='ocrx_word' id='word_1_117' title='bbox 918 957 1112 991; x_wconf 85' lang='lat' dir='ltr'>Ecclesiam</span> <span class='ocrx_word' id='word_1_118' title='bbox 1138 956 1204 990; x_wconf 81' lang='lat' dir='ltr'>Dei</span> 
     </span>
     <span class='ocr_line' id='line_1_18' title="bbox 216 1008 1205 1051; baseline -0.007 -2"><span class='ocrx_word' id='word_1_119' title='bbox 216 1025 419 1049; x_wconf 81' lang='lat' dir='ltr'>mansuram</span> <span class='ocrx_word' id='word_1_120' title='bbox 453 1023 542 1051; x_wconf 90' lang='lat' dir='ltr'>esse,</span> <span class='ocrx_word' id='word_1_121' title='bbox 585 1010 646 1043; x_wconf 89' lang='lat' dir='ltr'>ubi</span> <span class='ocrx_word' id='word_1_122' title='bbox 684 1009 865 1043; x_wconf 89' lang='lat' dir='ltr'>doctrinae</span> <span class='ocrx_word' id='word_1_123' title='bbox 897 1009 1055 1043; x_wconf 85' lang='lat' dir='ltr'>coelestis</span> <span class='ocrx_word' id='word_1_124' title='bbox 1087 1008 1205 1042; x_wconf 81' lang='lat' dir='ltr'>studia</span> 
     </span>
     <span class='ocr_line' id='line_1_19' title="bbox 218 1060 1093 1105; baseline -0.009 -5"><span class='ocrx_word' id='word_1_125' title='bbox 218 1072 340 1104; x_wconf 85' lang='lat' dir='ltr'>erunt,</span> <span class='ocrx_word' id='word_1_126' title='bbox 367 1076 408 1097; x_wconf 86' lang='lat' dir='ltr'>eo</span> <span class='ocrx_word' id='word_1_127' title='bbox 427 1061 630 1105; x_wconf 88' lang='lat' dir='ltr'>diligentius</span> <span class='ocrx_word' id='word_1_128' title='bbox 649 1061 835 1094; x_wconf 84' lang='lat' dir='ltr'>doceamus</span> <span class='ocrx_word' id='word_1_129' title='bbox 857 1067 890 1093; x_wconf 88' lang='lat' dir='ltr'>et</span> <span class='ocrx_word' id='word_1_130' title='bbox 908 1060 1093 1093; x_wconf 86' lang='lat' dir='ltr'>discamus.</span> 
     </span>
    </p>

    <p class='ocr_par' dir='ltr' id='par_1_3' title="bbox 216 1108 1208 1911">
     <span class='ocr_line' id='line_1_20' title="bbox 293 1108 1206 1154; baseline -0.008 -5"><span class='ocrx_word' id='word_1_131' title='bbox 293 1115 375 1150; x_wconf 83' lang='lat' dir='ltr'>Dixi</span> <span class='ocrx_word' id='word_1_132' title='bbox 389 1113 553 1152; x_wconf 87' lang='lat' dir='ltr'>breviter,</span> <span class='ocrx_word' id='word_1_133' title='bbox 573 1119 606 1145; x_wconf 93' lang='lat' dir='ltr'>et</span> <span class='ocrx_word' id='word_1_134' title='bbox 620 1111 733 1144; x_wconf 89' lang='lat' dir='ltr'>studia</span> <span class='ocrx_word' id='word_1_135' title='bbox 752 1111 864 1154; x_wconf 84' lang='lat' dir='ltr'>gentis</span> <span class='ocrx_word' id='word_1_136' title='bbox 874 1108 1032 1143; x_wconf 88' lang='lat' dir='ltr'>Ebraeae</span> <span class='ocrx_word' id='word_1_137' title='bbox 1047 1120 1206 1142; x_wconf 89' lang='lat' dir='ltr'>necessa—</span> 
     </span>
     <span class='ocr_line' id='line_1_21' title="bbox 218 1159 1205 1207; baseline -0.009 -6"><span class='ocrx_word' id='word_1_138' title='bbox 218 1168 270 1202; x_wconf 88' lang='lat' dir='ltr'>ria</span> <span class='ocrx_word' id='word_1_139' title='bbox 284 1178 375 1203; x_wconf 89' lang='lat' dir='ltr'>esse,</span> <span class='ocrx_word' id='word_1_140' title='bbox 402 1171 435 1198; x_wconf 88' lang='lat' dir='ltr'>et</span> <span class='ocrx_word' id='word_1_141' title='bbox 450 1162 686 1207; x_wconf 80' lang='lat' dir='ltr'>eloquentiam</span> <span class='ocrx_word' id='word_1_142' title='bbox 704 1159 1042 1204; x_wconf 88' lang='lat' dir='ltr'>esseProphetarum</span> <span class='ocrx_word' id='word_1_143' title='bbox 1062 1161 1205 1203; x_wconf 88' lang='lat' dir='ltr'>diguam</span> 
     </span>
     <span class='ocr_line' id='line_1_22' title="bbox 216 1208 1205 1253; baseline -0.012 0"><span class='ocrx_word' id='word_1_144' title='bbox 216 1218 437 1253; x_wconf 83' lang='lat' dir='ltr'>eruditorum</span> <span class='ocrx_word' id='word_1_145' title='bbox 465 1212 747 1246; x_wconf 83' lang='lat' dir='ltr'>consideratione</span> <span class='ocrx_word' id='word_1_146' title='bbox 781 1218 814 1244; x_wconf 87' lang='lat' dir='ltr'>et</span> <span class='ocrx_word' id='word_1_147' title='bbox 849 1212 963 1245; x_wconf 90' lang='lat' dir='ltr'>laude.</span> <span class='ocrx_word' id='word_1_148' title='bbox 1023 1210 1092 1244; x_wconf 89' lang='lat' dir='ltr'>Sed</span> <span class='ocrx_word' id='word_1_149' title='bbox 1122 1208 1205 1242; x_wconf 87' lang='lat' dir='ltr'>baec</span> 
     </span>
     <span class='ocr_line' id='line_1_23' title="bbox 219 1261 1208 1308; baseline -0.011 -6"><span class='ocrx_word' id='word_1_150' title='bbox 219 1268 338 1303; x_wconf 89' lang='lat' dir='ltr'>omnia</span> <span class='ocrx_word' id='word_1_151' title='bbox 348 1265 458 1308; x_wconf 85' lang='lat' dir='ltr'>magis</span> <span class='ocrx_word' id='word_1_152' title='bbox 468 1264 503 1296; x_wconf 89' lang='lat' dir='ltr'>in</span> <span class='ocrx_word' id='word_1_153' title='bbox 515 1263 598 1307; x_wconf 80' lang='lat' dir='ltr'>ipsis</span> <span class='ocrx_word' id='word_1_154' title='bbox 609 1262 890 1296; x_wconf 87' lang='lat' dir='ltr'>enarrationibus</span> <span class='ocrx_word' id='word_1_155' title='bbox 901 1261 1037 1294; x_wconf 86' lang='lat' dir='ltr'>ostendi</span> <span class='ocrx_word' id='word_1_156' title='bbox 1051 1267 1208 1304; x_wconf 76' lang='lat' dir='ltr'>possunt,</span> 
     </span>
     <span class='ocr_line' id='line_1_24' title="bbox 218 1310 1206 1365; baseline -0.009 -13"><span class='ocrx_word' id='word_1_157' title='bbox 218 1331 323 1365; x_wconf 87' lang='lat' dir='ltr'>quam</span> <span class='ocrx_word' id='word_1_158' title='bbox 341 1328 437 1349; x_wconf 89' lang='lat' dir='ltr'>nunc</span> <span class='ocrx_word' id='word_1_159' title='bbox 455 1315 491 1347; x_wconf 91' lang='lat' dir='ltr'>in</span> <span class='ocrx_word' id='word_1_160' title='bbox 509 1314 724 1358; x_wconf 82' lang='lat' dir='ltr'>praefatione</span> <span class='ocrx_word' id='word_1_161' title='bbox 739 1313 893 1345; x_wconf 83' lang='lat' dir='ltr'>breviter</span> <span class='ocrx_word' id='word_1_162' title='bbox 912 1312 1073 1345; x_wconf 90' lang='lat' dir='ltr'>indicari.</span> <span class='ocrx_word' id='word_1_163' title='bbox 1128 1310 1206 1344; x_wconf 82' lang='lat' dir='ltr'>Ali-</span> 
     </span>
     <span class='ocr_line' id='line_1_25' title="bbox 216 1362 1207 1416; baseline -0.01 -13"><span class='ocrx_word' id='word_1_164' title='bbox 216 1370 300 1416; x_wconf 91' lang='lat' dir='ltr'>quid</span> <span class='ocrx_word' id='word_1_165' title='bbox 322 1375 436 1401; x_wconf 82' lang='lat' dir='ltr'>tamen</span> <span class='ocrx_word' id='word_1_166' title='bbox 454 1366 496 1398; x_wconf 87' lang='lat' dir='ltr'>ad</span> <span class='ocrx_word' id='word_1_167' title='bbox 514 1364 717 1397; x_wconf 78' lang='lat' dir='ltr'>invitandos</span> <span class='ocrx_word' id='word_1_168' title='bbox 735 1364 910 1396; x_wconf 88' lang='lat' dir='ltr'>studiosos</span> <span class='ocrx_word' id='word_1_169' title='bbox 926 1363 1115 1396; x_wconf 87' lang='lat' dir='ltr'>dicendum</span> <span class='ocrx_word' id='word_1_170' title='bbox 1131 1362 1207 1402; x_wconf 80' lang='lat' dir='ltr'>suit,</span> 
     </span>
     <span class='ocr_line' id='line_1_26' title="bbox 218 1411 1207 1466; baseline -0.009 -12"><span class='ocrx_word' id='word_1_171' title='bbox 218 1421 279 1466; x_wconf 84' lang='lat' dir='ltr'>qui</span> <span class='ocrx_word' id='word_1_172' title='bbox 305 1418 447 1464; x_wconf 87' lang='lat' dir='ltr'>quidem</span> <span class='ocrx_word' id='word_1_173' title='bbox 474 1415 696 1459; x_wconf 88' lang='lat' dir='ltr'>gravissimas</span> <span class='ocrx_word' id='word_1_174' title='bbox 726 1413 882 1447; x_wconf 90' lang='lat' dir='ltr'>discendi</span> <span class='ocrx_word' id='word_1_175' title='bbox 914 1425 1034 1446; x_wconf 79' lang='lat' dir='ltr'>causas</span> <span class='ocrx_word' id='word_1_176' title='bbox 1065 1411 1207 1450; x_wconf 88' lang='lat' dir='ltr'>habent,</span> 
     </span>
     <span class='ocr_line' id='line_1_27' title="bbox 219 1462 1207 1508; baseline -0.008 -3"><span class='ocrx_word' id='word_1_177' title='bbox 219 1470 396 1508; x_wconf 69' lang='lat' dir='ltr'>videlicet,</span> <span class='ocrx_word' id='word_1_178' title='bbox 421 1473 460 1500; x_wconf 89' lang='lat' dir='ltr'>ut</span> <span class='ocrx_word' id='word_1_179' title='bbox 476 1466 504 1499; x_wconf 92' lang='lat' dir='ltr'>si</span> <span class='ocrx_word' id='word_1_180' title='bbox 522 1477 594 1498; x_wconf 87' lang='lat' dir='ltr'>non</span> <span class='ocrx_word' id='word_1_181' title='bbox 611 1472 694 1498; x_wconf 87' lang='lat' dir='ltr'>sunt</span> <span class='ocrx_word' id='word_1_182' title='bbox 705 1462 882 1508; x_wconf 86' lang='lat' dir='ltr'>Epicurei,</span> <span class='ocrx_word' id='word_1_183' title='bbox 906 1465 964 1497; x_wconf 89' lang='lat' dir='ltr'>sed</span> <span class='ocrx_word' id='word_1_184' title='bbox 985 1476 1064 1497; x_wconf 76' lang='lat' dir='ltr'>vere</span> <span class='ocrx_word' id='word_1_185' title='bbox 1082 1463 1207 1497; x_wconf 86' lang='lat' dir='ltr'>timent</span> 
     </span>
     <span class='ocr_line' id='line_1_28' title="bbox 217 1513 1208 1560; baseline -0.01 -4"><span class='ocrx_word' id='word_1_186' title='bbox 217 1522 351 1559; x_wconf 85' lang='lat' dir='ltr'>Deum,</span> <span class='ocrx_word' id='word_1_187' title='bbox 379 1519 514 1551; x_wconf 87' lang='lat' dir='ltr'>discant</span> <span class='ocrx_word' id='word_1_188' title='bbox 529 1516 746 1553; x_wconf 84' lang='lat' dir='ltr'>doctrinam,</span> <span class='ocrx_word' id='word_1_189' title='bbox 770 1515 804 1547; x_wconf 90' lang='lat' dir='ltr'>in</span> <span class='ocrx_word' id='word_1_190' title='bbox 824 1528 891 1560; x_wconf 87' lang='lat' dir='ltr'>qna</span> <span class='ocrx_word' id='word_1_191' title='bbox 910 1527 946 1547; x_wconf 90' lang='lat' dir='ltr'>se</span> <span class='ocrx_word' id='word_1_192' title='bbox 963 1513 1058 1548; x_wconf 91' lang='lat' dir='ltr'>Deus</span> <span class='ocrx_word' id='word_1_193' title='bbox 1078 1515 1208 1558; x_wconf 86' lang='lat' dir='ltr'>patefe-</span> 
     </span>
     <span class='ocr_line' id='line_1_29' title="bbox 219 1565 1207 1612; baseline -0.009 -6"><span class='ocrx_word' id='word_1_194' title='bbox 219 1573 277 1611; x_wconf 84' lang='lat' dir='ltr'>cit,</span> <span class='ocrx_word' id='word_1_195' title='bbox 301 1578 334 1604; x_wconf 86' lang='lat' dir='ltr'>et</span> <span class='ocrx_word' id='word_1_196' title='bbox 352 1570 466 1603; x_wconf 84' lang='lat' dir='ltr'>sontes</span> <span class='ocrx_word' id='word_1_197' title='bbox 480 1575 663 1612; x_wconf 89' lang='lat' dir='ltr'>quaerant:</span> <span class='ocrx_word' id='word_1_198' title='bbox 691 1573 765 1599; x_wconf 90' lang='lat' dir='ltr'>tum</span> <span class='ocrx_word' id='word_1_199' title='bbox 783 1572 822 1599; x_wconf 93' lang='lat' dir='ltr'>ut</span> <span class='ocrx_word' id='word_1_200' title='bbox 837 1566 968 1609; x_wconf 89' lang='lat' dir='ltr'>seipsos</span> <span class='ocrx_word' id='word_1_201' title='bbox 987 1565 1207 1604; x_wconf 85' lang='lat' dir='ltr'>confirment,</span> 
     </span>
     <span class='ocr_line' id='line_1_30' title="bbox 222 1614 1207 1659; baseline -0.01 -2"><span class='ocrx_word' id='word_1_202' title='bbox 222 1632 296 1658; x_wconf 88' lang='lat' dir='ltr'>tum</span> <span class='ocrx_word' id='word_1_203' title='bbox 325 1628 365 1654; x_wconf 85' lang='lat' dir='ltr'>ut</span> <span class='ocrx_word' id='word_1_204' title='bbox 387 1617 580 1653; x_wconf 85' lang='lat' dir='ltr'>Ecclesiam</span> <span class='ocrx_word' id='word_1_205' title='bbox 611 1617 751 1649; x_wconf 83' lang='lat' dir='ltr'>erudire</span> <span class='ocrx_word' id='word_1_206' title='bbox 773 1616 922 1659; x_wconf 89' lang='lat' dir='ltr'>possint.</span> <span class='ocrx_word' id='word_1_207' title='bbox 990 1614 1063 1648; x_wconf 81' lang='lat' dir='ltr'>llas</span> <span class='ocrx_word' id='word_1_208' title='bbox 1088 1627 1207 1647; x_wconf 90' lang='lat' dir='ltr'>causas</span> 
     </span>
     <span class='ocr_line' id='line_1_31' title="bbox 219 1665 1206 1718; baseline -0.01 -11"><span class='ocrx_word' id='word_1_209' title='bbox 219 1671 414 1718; x_wconf 85' lang='lat' dir='ltr'>plurimum</span> <span class='ocrx_word' id='word_1_210' title='bbox 441 1668 558 1701; x_wconf 79' lang='lat' dir='ltr'>valere</span> <span class='ocrx_word' id='word_1_211' title='bbox 586 1667 678 1711; x_wconf 86' lang='lat' dir='ltr'>apud</span> <span class='ocrx_word' id='word_1_212' title='bbox 706 1666 781 1710; x_wconf 89' lang='lat' dir='ltr'>pias</span> <span class='ocrx_word' id='word_1_213' title='bbox 807 1673 939 1699; x_wconf 88' lang='lat' dir='ltr'>mentes</span> <span class='ocrx_word' id='word_1_214' title='bbox 963 1678 1035 1698; x_wconf 92' lang='lat' dir='ltr'>non</span> <span class='ocrx_word' id='word_1_215' title='bbox 1065 1665 1206 1698; x_wconf 89' lang='lat' dir='ltr'>dubito:</span> 
     </span>
     <span class='ocr_line' id='line_1_32' title="bbox 220 1714 1206 1769; baseline -0.009 -13"><span class='ocrx_word' id='word_1_216' title='bbox 220 1735 306 1769; x_wconf 83' lang='lat' dir='ltr'>quas</span> <span class='ocrx_word' id='word_1_217' title='bbox 339 1721 482 1766; x_wconf 86' lang='lat' dir='ltr'>quidem</span> <span class='ocrx_word' id='word_1_218' title='bbox 513 1726 552 1752; x_wconf 90' lang='lat' dir='ltr'>ut</span> <span class='ocrx_word' id='word_1_219' title='bbox 582 1718 749 1751; x_wconf 83' lang='lat' dir='ltr'>accendat</span> <span class='ocrx_word' id='word_1_220' title='bbox 776 1716 880 1750; x_wconf 84' lang='lat' dir='ltr'>etiam</span> <span class='ocrx_word' id='word_1_221' title='bbox 913 1717 954 1748; x_wconf 87' lang='lat' dir='ltr'>ad</span> <span class='ocrx_word' id='word_1_222' title='bbox 982 1714 1065 1749; x_wconf 87' lang='lat' dir='ltr'>baec</span> <span class='ocrx_word' id='word_1_223' title='bbox 1093 1716 1206 1748; x_wconf 90' lang='lat' dir='ltr'>studia</span> 
     </span>
     <span class='ocr_line' id='line_1_33' title="bbox 217 1766 1208 1815; baseline -0.01 -7"><span class='ocrx_word' id='word_1_224' title='bbox 217 1774 324 1813; x_wconf 87' lang='lat' dir='ltr'>Deus,</span> <span class='ocrx_word' id='word_1_225' title='bbox 350 1778 446 1815; x_wconf 91' lang='lat' dir='ltr'>opto,</span> <span class='ocrx_word' id='word_1_226' title='bbox 473 1776 615 1813; x_wconf 81' lang='lat' dir='ltr'>propter</span> <span class='ocrx_word' id='word_1_227' title='bbox 631 1769 787 1812; x_wconf 86' lang='lat' dir='ltr'>ipsorum</span> <span class='ocrx_word' id='word_1_228' title='bbox 805 1773 837 1800; x_wconf 90' lang='lat' dir='ltr'>et</span> <span class='ocrx_word' id='word_1_229' title='bbox 852 1766 1029 1810; x_wconf 85' lang='lat' dir='ltr'>publicam</span> <span class='ocrx_word' id='word_1_230' title='bbox 1048 1766 1208 1806; x_wconf 86' lang='lat' dir='ltr'>salutem,</span> 
     </span>
     <span class='ocr_line' id='line_1_34' title="bbox 219 1816 1208 1861; baseline -0.01 -2"><span class='ocrx_word' id='word_1_231' title='bbox 219 1836 298 1859; x_wconf 91' lang='lat' dir='ltr'>cum</span> <span class='ocrx_word' id='word_1_232' title='bbox 318 1823 393 1856; x_wconf 84' lang='lat' dir='ltr'>sine</span> <span class='ocrx_word' id='word_1_233' title='bbox 410 1819 515 1853; x_wconf 88' lang='lat' dir='ltr'>buius</span> <span class='ocrx_word' id='word_1_234' title='bbox 531 1819 673 1861; x_wconf 86' lang='lat' dir='ltr'>linguae</span> <span class='ocrx_word' id='word_1_235' title='bbox 689 1817 891 1861; x_wconf 84' lang='lat' dir='ltr'>cognitione</span> <span class='ocrx_word' id='word_1_236' title='bbox 916 1816 1050 1861; x_wconf 87' lang='lat' dir='ltr'>puritas</span> <span class='ocrx_word' id='word_1_237' title='bbox 1075 1817 1208 1850; x_wconf 87' lang='lat' dir='ltr'>doctri-</span> 
     </span>
     <span class='ocr_line' id='line_1_35' title="bbox 219 1868 911 1911; baseline -0.013 -2"><span class='ocrx_word' id='word_1_238' title='bbox 219 1887 286 1909; x_wconf 87' lang='lat' dir='ltr'>nae</span> <span class='ocrx_word' id='word_1_239' title='bbox 300 1874 337 1907; x_wconf 85' lang='lat' dir='ltr'>in</span> <span class='ocrx_word' id='word_1_240' title='bbox 355 1870 531 1906; x_wconf 81' lang='lat' dir='ltr'>Ecclesiae</span> <span class='ocrx_word' id='word_1_241' title='bbox 548 1869 677 1902; x_wconf 88' lang='lat' dir='ltr'>servari</span> <span class='ocrx_word' id='word_1_242' title='bbox 699 1880 772 1901; x_wconf 91' lang='lat' dir='ltr'>non</span> <span class='ocrx_word' id='word_1_243' title='bbox 793 1868 911 1911; x_wconf 87' lang='lat' dir='ltr'>possit.</span> 
     </span>
    </p>

    <p class='ocr_par' dir='ltr' id='par_1_4' title="bbox 216 1917 1207 2571">
     <span class='ocr_line' id='line_1_36' title="bbox 320 1917 1206 1963; baseline -0.009 -6"><span class='ocrx_word' id='word_1_244' title='bbox 320 1923 374 1958; x_wconf 90' lang='lat' dir='ltr'>De</span> <span class='ocrx_word' id='word_1_245' title='bbox 399 1934 454 1955; x_wconf 89' lang='lat' dir='ltr'>me</span> <span class='ocrx_word' id='word_1_246' title='bbox 480 1933 553 1953; x_wconf 90' lang='lat' dir='ltr'>non</span> <span class='ocrx_word' id='word_1_247' title='bbox 577 1920 713 1963; x_wconf 85' lang='lat' dir='ltr'>prolixe</span> <span class='ocrx_word' id='word_1_248' title='bbox 738 1919 871 1959; x_wconf 84' lang='lat' dir='ltr'>(licam,</span> <span class='ocrx_word' id='word_1_249' title='bbox 905 1917 1031 1951; x_wconf 89' lang='lat' dir='ltr'>callere</span> <span class='ocrx_word' id='word_1_250' title='bbox 1056 1928 1112 1950; x_wconf 89' lang='lat' dir='ltr'>me</span> <span class='ocrx_word' id='word_1_251' title='bbox 1137 1917 1206 1949; x_wconf 88' lang='lat' dir='ltr'>lin-</span> 
     </span>
     <span class='ocr_line' id='line_1_37' title="bbox 216 1967 1204 2019; baseline -0.01 -10"><span class='ocrx_word' id='word_1_252' title='bbox 216 1988 321 2019; x_wconf 80' lang='lat' dir='ltr'>guam</span> <span class='ocrx_word' id='word_1_253' title='bbox 346 1970 585 2018; x_wconf 78' lang='lat' dir='ltr'>propheticam</span> <span class='ocrx_word' id='word_1_254' title='bbox 608 1970 850 2007; x_wconf 84' lang='lat' dir='ltr'>mediocriter,</span> <span class='ocrx_word' id='word_1_255' title='bbox 883 1968 984 2001; x_wconf 81' lang='lat' dir='ltr'>mulii</span> <span class='ocrx_word' id='word_1_256' title='bbox 1009 1975 1141 2001; x_wconf 92' lang='lat' dir='ltr'>norunt</span> <span class='ocrx_word' id='word_1_257' title='bbox 1169 1967 1204 1999; x_wconf 94' lang='lat' dir='ltr'>in</span> 
     </span>
     <span class='ocr_line' id='line_1_38' title="bbox 217 2017 1207 2066; baseline -0.012 -5"><span class='ocrx_word' id='word_1_258' title='bbox 217 2029 260 2061; x_wconf 85' lang='lat' dir='ltr'>iis</span> <span class='ocrx_word' id='word_1_259' title='bbox 278 2024 496 2062; x_wconf 80' lang='lat' dir='ltr'>Academiis,</span> <span class='ocrx_word' id='word_1_260' title='bbox 523 2022 560 2054; x_wconf 90' lang='lat' dir='ltr'>in</span> <span class='ocrx_word' id='word_1_261' title='bbox 578 2021 706 2066; x_wconf 86' lang='lat' dir='ltr'>quibus</span> <span class='ocrx_word' id='word_1_262' title='bbox 723 2027 824 2053; x_wconf 90' lang='lat' dir='ltr'>antea</span> <span class='ocrx_word' id='word_1_263' title='bbox 843 2019 966 2056; x_wconf 80' lang='lat' dir='ltr'>docui,</span> <span class='ocrx_word' id='word_1_264' title='bbox 994 2018 1054 2051; x_wconf 87' lang='lat' dir='ltr'>ubi</span> <span class='ocrx_word' id='word_1_265' title='bbox 1075 2025 1106 2051; x_wconf 90' lang='lat' dir='ltr'>et</span> <span class='ocrx_word' id='word_1_266' title='bbox 1125 2017 1207 2051; x_wconf 88' lang='lat' dir='ltr'>dili—</span> 
     </span>
     <span class='ocr_line' id='line_1_39' title="bbox 219 2068 1206 2119; baseline -0.008 -11"><span class='ocrx_word' id='word_1_267' title='bbox 219 2078 372 2119; x_wconf 65' lang='lat' dir='ltr'>gentiam</span> <span class='ocrx_word' id='word_1_268' title='bbox 388 2081 423 2108; x_wconf 89' lang='lat' dir='ltr'>et</span> <span class='ocrx_word' id='word_1_269' title='bbox 441 2074 543 2106; x_wconf 83' lang='lat' dir='ltr'>fidem</span> <span class='ocrx_word' id='word_1_270' title='bbox 559 2071 782 2105; x_wconf 79' lang='lat' dir='ltr'>auditoribus</span> <span class='ocrx_word' id='word_1_271' title='bbox 799 2070 956 2114; x_wconf 78' lang='lat' dir='ltr'>probavi.</span> <span class='ocrx_word' id='word_1_272' title='bbox 1012 2068 1123 2113; x_wconf 78' lang='lat' dir='ltr'>Spero</span> <span class='ocrx_word' id='word_1_273' title='bbox 1142 2069 1206 2112; x_wconf 84' lang='lat' dir='ltr'>igi-</span> 
     </span>
     <span class='ocr_line' id='line_1_40' title="bbox 221 2117 1206 2167; baseline -0.011 -5"><span class='ocrx_word' id='word_1_274' title='bbox 221 2120 294 2167; x_wconf 80' lang='lat' dir='ltr'>tur,</span> <span class='ocrx_word' id='word_1_275' title='bbox 326 2139 380 2160; x_wconf 88' lang='lat' dir='ltr'>me</span> <span class='ocrx_word' id='word_1_276' title='bbox 407 2131 496 2158; x_wconf 84' lang='lat' dir='ltr'>recte</span> <span class='ocrx_word' id='word_1_277' title='bbox 517 2130 549 2156; x_wconf 93' lang='lat' dir='ltr'>et</span> <span class='ocrx_word' id='word_1_278' title='bbox 568 2123 702 2155; x_wconf 78' lang='lat' dir='ltr'>utiliter</span> <span class='ocrx_word' id='word_1_279' title='bbox 721 2122 894 2154; x_wconf 86' lang='lat' dir='ltr'>facturum</span> <span class='ocrx_word' id='word_1_280' title='bbox 912 2120 1064 2153; x_wconf 78' lang='lat' dir='ltr'>officium</span> <span class='ocrx_word' id='word_1_281' title='bbox 1086 2120 1121 2152; x_wconf 91' lang='lat' dir='ltr'>in</span> <span class='ocrx_word' id='word_1_282' title='bbox 1144 2117 1206 2152; x_wconf 87' lang='lat' dir='ltr'>bac</span> 
     </span>
     <span class='ocr_line' id='line_1_41' title="bbox 219 2170 1207 2212; baseline -0.009 -1"><span class='ocrx_word' id='word_1_283' title='bbox 219 2177 421 2212; x_wconf 71' lang='lat' dir='ltr'>Academia:</span> <span class='ocrx_word' id='word_1_284' title='bbox 445 2175 580 2207; x_wconf 86' lang='lat' dir='ltr'>tradam</span> <span class='ocrx_word' id='word_1_285' title='bbox 599 2173 862 2207; x_wconf 75' lang='lat' dir='ltr'>Grammaticen</span> <span class='ocrx_word' id='word_1_286' title='bbox 878 2170 1048 2204; x_wconf 78' lang='lat' dir='ltr'>Ebraeam</span> <span class='ocrx_word' id='word_1_287' title='bbox 1060 2197 1068 2210; x_wconf 92' lang='lat'>,</span> <span class='ocrx_word' id='word_1_288' title='bbox 1096 2177 1129 2204; x_wconf 85' lang='lat' dir='ltr'>et</span> <span class='ocrx_word' id='word_1_289' title='bbox 1145 2171 1207 2203; x_wconf 84' lang='lat' dir='ltr'>ad-</span> 
     </span>
     <span class='ocr_line' id='line_1_42' title="bbox 220 2221 1206 2269; baseline -0.009 -7"><span class='ocrx_word' id='word_1_290' title='bbox 220 2231 360 2269; x_wconf 79' lang='lat' dir='ltr'>iungam</span> <span class='ocrx_word' id='word_1_291' title='bbox 398 2226 452 2259; x_wconf 84' lang='lat' dir='ltr'>Ps:</span> <span class='ocrx_word' id='word_1_292' title='bbox 465 2226 616 2257; x_wconf 87' lang='lat' dir='ltr'>lmorum</span> <span class='ocrx_word' id='word_1_293' title='bbox 654 2223 929 2259; x_wconf 78' lang='lat' dir='ltr'>enarrationem,</span> <span class='ocrx_word' id='word_1_294' title='bbox 978 2228 1016 2254; x_wconf 92' lang='lat' dir='ltr'>ut</span> <span class='ocrx_word' id='word_1_295' title='bbox 1050 2221 1206 2265; x_wconf 78' lang='lat' dir='ltr'>exempla</span> 
     </span>
     <span class='ocr_line' id='line_1_43' title="bbox 222 2270 1207 2317; baseline -0.009 -4"><span class='ocrx_word' id='word_1_296' title='bbox 222 2279 399 2315; x_wconf 79' lang='lat' dir='ltr'>lectionis,</span> <span class='ocrx_word' id='word_1_297' title='bbox 434 2275 602 2308; x_wconf 74' lang='lat' dir='ltr'>vocabula</span> <span class='ocrx_word' id='word_1_298' title='bbox 625 2282 655 2307; x_wconf 90' lang='lat' dir='ltr'>et</span> <span class='ocrx_word' id='word_1_299' title='bbox 682 2271 826 2317; x_wconf 83' lang='lat' dir='ltr'>phrasin</span> <span class='ocrx_word' id='word_1_300' title='bbox 853 2284 1059 2316; x_wconf 85' lang='lat' dir='ltr'>proponam.</span> <span class='ocrx_word' id='word_1_301' title='bbox 1113 2270 1207 2304; x_wconf 86' lang='lat' dir='ltr'>llaec</span> 
     </span>
     <span class='ocr_line' id='line_1_44' title="bbox 220 2322 1204 2373; baseline -0.009 -10"><span class='ocrx_word' id='word_1_302' title='bbox 220 2328 476 2373; x_wconf 83' lang='lat' dir='ltr'>simplicissima</span> <span class='ocrx_word' id='word_1_303' title='bbox 501 2326 650 2358; x_wconf 72' lang='lat' dir='ltr'>docendi</span> <span class='ocrx_word' id='word_1_304' title='bbox 681 2325 770 2357; x_wconf 83' lang='lat' dir='ltr'>ratio</span> <span class='ocrx_word' id='word_1_305' title='bbox 795 2324 906 2356; x_wconf 80' lang='lat' dir='ltr'>doctis</span> <span class='ocrx_word' id='word_1_306' title='bbox 932 2323 1015 2355; x_wconf 65' lang='lat' dir='ltr'>viris</span> <span class='ocrx_word' id='word_1_307' title='bbox 1040 2322 1142 2355; x_wconf 84' lang='lat' dir='ltr'>etiam</span> <span class='ocrx_word' id='word_1_308' title='bbox 1170 2322 1204 2354; x_wconf 88' lang='lat' dir='ltr'>in</span> 
     </span>
     <span class='ocr_line' id='line_1_45' title="bbox 219 2375 1206 2420; baseline -0.008 -7"><span class='ocrx_word' id='word_1_309' title='bbox 219 2381 296 2413; x_wconf 86' lang='lat' dir='ltr'>aliis</span> <span class='ocrx_word' id='word_1_310' title='bbox 316 2378 512 2411; x_wconf 65' lang='lat' dir='ltr'>Aranda-iniis</span> <span class='ocrx_word' id='word_1_311' title='bbox 530 2377 710 2420; x_wconf 75' lang='lat' dir='ltr'>probatur.</span> <span class='ocrx_word' id='word_1_312' title='bbox 764 2375 899 2419; x_wconf 75' lang='lat' dir='ltr'>Sequar</span> <span class='ocrx_word' id='word_1_313' title='bbox 924 2381 1039 2406; x_wconf 80' lang='lat' dir='ltr'>autem</span> <span class='ocrx_word' id='word_1_314' title='bbox 1066 2379 1206 2406; x_wconf 83' lang='lat' dir='ltr'>senten-</span> 
     </span>
     <span class='ocr_line' id='line_1_46' title="bbox 220 2424 1205 2472; baseline -0.008 -8"><span class='ocrx_word' id='word_1_315' title='bbox 220 2432 284 2465; x_wconf 80' lang='lat' dir='ltr'>tias</span> <span class='ocrx_word' id='word_1_316' title='bbox 301 2430 462 2472; x_wconf 69' lang='lat' dir='ltr'>prolnnas</span> <span class='ocrx_word' id='word_1_317' title='bbox 479 2435 617 2459; x_wconf 82' lang='lat' dir='ltr'>nostrae</span> <span class='ocrx_word' id='word_1_318' title='bbox 637 2425 830 2460; x_wconf 70' lang='lat' dir='ltr'>Ecclesiae,</span> <span class='ocrx_word' id='word_1_319' title='bbox 864 2436 950 2469; x_wconf 81' lang='lat' dir='ltr'>quas</span> <span class='ocrx_word' id='word_1_320' title='bbox 975 2424 1065 2456; x_wconf 86' lang='lat' dir='ltr'>solas</span> <span class='ocrx_word' id='word_1_321' title='bbox 1089 2430 1119 2456; x_wconf 82' lang='lat' dir='ltr'>et</span> <span class='ocrx_word' id='word_1_322' title='bbox 1147 2435 1205 2456; x_wconf 73' lang='lat' dir='ltr'>ve-</span> 
     </span>
     <span class='ocr_line' id='line_1_47' title="bbox 218 2472 1204 2515; baseline -0.009 0"><span class='ocrx_word' id='word_1_323' title='bbox 218 2493 275 2515; x_wconf 78' lang='lat' dir='ltr'>ras</span> <span class='ocrx_word' id='word_1_324' title='bbox 304 2488 334 2513; x_wconf 86' lang='lat' dir='ltr'>et</span> <span class='ocrx_word' id='word_1_325' title='bbox 360 2480 494 2511; x_wconf 63' lang='lat' dir='ltr'>nativas</span> <span class='ocrx_word' id='word_1_326' title='bbox 519 2490 590 2509; x_wconf 81' lang='lat' dir='ltr'>esse,</span> <span class='ocrx_word' id='word_1_327' title='bbox 617 2489 687 2509; x_wconf 91' lang='lat' dir='ltr'>non</span> <span class='ocrx_word' id='word_1_328' title='bbox 713 2476 848 2509; x_wconf 86' lang='lat' dir='ltr'>dubito.</span> <span class='ocrx_word' id='word_1_329' title='bbox 910 2474 1094 2507; x_wconf 77' lang='lat' dir='ltr'>Caeterum</span> <span class='ocrx_word' id='word_1_330' title='bbox 1115 2472 1204 2507; x_wconf 72' lang='lat' dir='ltr'>Aca·</span> 
     </span>
     <span class='ocr_line' id='line_1_48' title="bbox 219 2524 1205 2571; baseline -0.008 -7"><span class='ocrx_word' id='word_1_331' title='bbox 219 2532 353 2565; x_wconf 76' lang='lat' dir='ltr'>demiae</span> <span class='ocrx_word' id='word_1_332' title='bbox 373 2530 553 2561; x_wconf 61' lang='lat' dir='ltr'>nnixersae</span> <span class='ocrx_word' id='word_1_333' title='bbox 571 2528 756 2571; x_wconf 78' lang='lat' dir='ltr'>polliceor.</span> <span class='ocrx_word' id='word_1_334' title='bbox 787 2539 841 2559; x_wconf 85' lang='lat' dir='ltr'>me</span> <span class='ocrx_word' id='word_1_335' title='bbox 864 2526 897 2558; x_wconf 89' lang='lat' dir='ltr'>in</span> <span class='ocrx_word' id='word_1_336' title='bbox 915 2526 1041 2565; x_wconf 76' lang='lat' dir='ltr'>officio,</span> <span class='ocrx_word' id='word_1_337' title='bbox 1071 2524 1205 2567; x_wconf 83' lang='lat' dir='ltr'>legibus</span> 
     </span>
    </p>
   </div>
   <div class='ocr_carea' id='block_1_3' title="bbox 220 2577 1230 2619">
    <p class='ocr_par' dir='ltr' id='par_1_5' title="bbox 220 2577 1230 2619">
     <span class='ocr_line' id='line_1_49' title="bbox 220 2577 1230 2619; baseline -0.011 -2"><span class='ocrx_word' id='word_1_338' title='bbox 220 2581 429 2618; x_wconf 70' lang='lat' dir='ltr'>Academiae</span> <span class='ocrx_word' id='word_1_339' title='bbox 448 2586 476 2611; x_wconf 82' lang='lat' dir='ltr'>et</span> <span class='ocrx_word' id='word_1_340' title='bbox 498 2579 636 2610; x_wconf 70' lang='lat' dir='ltr'>indiciis</span> <span class='ocrx_word' id='word_1_341' title='bbox 653 2578 762 2611; x_wconf 85' lang='lat' dir='ltr'>nostri</span> <span class='ocrx_word' id='word_1_342' title='bbox 778 2578 926 2611; x_wconf 81' lang='lat' dir='ltr'>Senatus</span> <span class='ocrx_word' id='word_1_343' title='bbox 943 2577 1204 2619; x_wconf 73' lang='lat' dir='ltr'>obtemperant·</span> <span class='ocrx_word' id='word_1_344' title='bbox 1228 2614 1230 2619; x_wconf 44' lang='lat'>‚</span> 
     </span>
    </p>
   </div>
   <div class='ocr_carea' id='block_1_4' title="bbox 451 2627 1205 2711">
    <p class='ocr_par' dir='ltr' id='par_1_6' title="bbox 451 2627 1205 2711">
     <span class='ocr_line' id='line_1_50' title="bbox 451 2627 1205 2662; baseline -0.003 -1"><span class='ocrx_word' id='word_1_345' title='bbox 451 2637 481 2661; x_wconf 78' lang='lat' dir='ltr'>et</span> <span class='ocrx_word' id='word_1_346' title='bbox 509 2629 706 2661; x_wconf 74' lang='lat' dir='ltr'>cummunis</span> <span class='ocrx_word' id='word_1_347' title='bbox 728 2628 936 2662; x_wconf 76' lang='lat' dir='ltr'>concordiae</span> <span class='ocrx_word' id='word_1_348' title='bbox 960 2628 1110 2660; x_wconf 76' lang='lat' dir='ltr'>tuendae</span> <span class='ocrx_word' id='word_1_349' title='bbox 1131 2627 1205 2659; x_wconf 81' lang='lat' dir='ltr'>sore</span> 
     </span>
     <span class='ocr_line' id='line_1_51' title="bbox 574 2678 664 2711; baseline -0.011 0"><span class='ocrx_word' id='word_1_350' title='bbox 574 2678 664 2711; x_wconf 76' lang='lat' dir='ltr'>Dixi.</span> 
     </span>
    </p>
   </div>
   <div class='ocr_carea' id='block_1_5' title="bbox 216 2645 521 2718">
    <p class='ocr_par' dir='ltr' id='par_1_7' title="bbox 216 2645 521 2718">
     <span class='ocr_line' id='line_1_52' title="bbox 218 2645 409 2668; baseline -0.026 -1"><span class='ocrx_word' id='word_1_351' title='bbox 218 2646 295 2667; x_wconf 82' lang='lat' dir='ltr'>rum</span> <span class='ocrx_word' id='word_1_352' title='bbox 319 2645 409 2668; x_wconf 67' lang='lat' dir='ltr'>osse,</span> 
     </span>
     <span class='ocr_line' id='line_1_53' title="bbox 216 2682 521 2718; baseline -0.016 -1"><span class='ocrx_word' id='word_1_353' title='bbox 216 2682 521 2718; x_wconf 63' lang='lat' dir='ltr'>studiosissimum.</span> 
     </span>
    </p>
   </div>
   <div class='ocr_carea' id='block_1_6' title="bbox 910 108 1513 147">
    <p class='ocr_par' dir='ltr' id='par_1_8' title="bbox 910 108 1513 147">
     <span class='ocr_line' id='line_1_54' title="bbox 910 108 1513 147; baseline 0.002 -1"><span class='ocrx_word' id='word_1_354' title='bbox 910 108 1069 147; x_wconf 90' lang='lat' dir='ltr'>DECL.</span> <span class='ocrx_word' id='word_1_355' title='bbox 1112 109 1184 146; x_wconf 88' lang='lat' dir='ltr'>DE</span> <span class='ocrx_word' id='word_1_356' title='bbox 1225 109 1513 147; x_wconf 87' lang='lat' dir='ltr'><strong>IONATHA.</strong></span> 
     </span>
    </p>
   </div>
   <div class='ocr_carea' id='block_1_7' title="bbox 1227 2505 1231 2704">
    <p class='ocr_par' dir='ltr' id='par_1_9' title="bbox 1227 2505 1231 2704">
     <span class='ocr_line' id='line_1_55' title="bbox 1228 2505 1231 2518; baseline 0 0"><span class='ocrx_word' id='word_1_357' title='bbox 1228 2505 1231 2518; x_wconf 84' lang='grc' dir='ltr'>ι</span> 
     </span>
     <span class='ocr_line' id='line_1_56' title="bbox 1228 2563 1231 2578; baseline 0 0"><span class='ocrx_word' id='word_1_358' title='bbox 1228 2563 1231 2578; x_wconf 89' lang='grc' dir='ltr'>ι</span> 
     </span>
     <span class='ocr_line' id='line_1_57' title="bbox 1228 2625 1230 2646; baseline 0 0"><span class='ocrx_word' id='word_1_359' title='bbox 1228 2625 1230 2646; x_wconf 71' lang='lat' dir='ltr'>l</span> 
     </span>
     <span class='ocr_line' id='line_1_58' title="bbox 1227 2653 1231 2704; baseline 0 0"><span class='ocrx_word' id='word_1_360' title='bbox 1227 2653 1231 2704; x_wconf 72' lang='grc' dir='ltr'><strong>ἐ</strong></span> 
     </span>
    </p>
   </div>
   <div class='ocr_carea' id='block_1_8' title="bbox 1228 2512 1754 2553">
    <p class='ocr_par' dir='ltr' id='par_1_10' title="bbox 1228 2512 1754 2553">
     <span class='ocr_line' id='line_1_59' title="bbox 1228 2512 1754 2553; baseline -0.006 0"><span class='ocrx_word' id='word_1_361' title='bbox 1228 2527 1230 2531; x_wconf 69' lang='grc'><strong>”</strong></span> <span class='ocrx_word' id='word_1_362' title='bbox 1257 2521 1342 2553; x_wconf 83' lang='lat' dir='ltr'>alias</span> <span class='ocrx_word' id='word_1_363' title='bbox 1371 2519 1437 2553; x_wconf 88' lang='lat' dir='ltr'>alia</span> <span class='ocrx_word' id='word_1_364' title='bbox 1462 2512 1638 2551; x_wconf 86' lang='lat' dir='ltr'>recitanda</span> <span class='ocrx_word' id='word_1_365' title='bbox 1664 2525 1754 2551; x_wconf 88' lang='lat' dir='ltr'>sunt.</span> 
     </span>
    </p>
   </div>
   <div class='ocr_carea' id='block_1_9' title="bbox 2069 116 2233 234">
    <p class='ocr_par' dir='ltr' id='par_1_11' title="bbox 2069 116 2233 234">
     <span class='ocr_line' id='line_1_60' title="bbox 2157 116 2233 152; baseline 0.026 -2"><span class='ocrx_word' id='word_1_366' title='bbox 2157 116 2233 152; x_wconf 83' lang='lat'>716</span> 
     </span>
     <span class='ocr_line' id='line_1_61' title="bbox 2069 203 2230 234; baseline 0.012 -2"><span class='ocrx_word' id='word_1_367' title='bbox 2069 213 2116 232; x_wconf 79' lang='lat' dir='ltr'>an.</span> <span class='ocrx_word' id='word_1_368' title='bbox 2135 203 2230 234; x_wconf 81' lang='lat'>1546.</span> 
     </span>
    </p>
   </div>
   <div class='ocr_carea' id='block_1_10' title="bbox 2060 247 2230 261">
    <p class='ocr_par' dir='ltr' id='par_1_12' title="bbox 2060 247 2230 261">
     <span class='ocr_line' id='line_1_62' title="bbox 2060 247 2230 261; baseline 0 -1"><span class='ocrx_word' id='word_1_369' title='bbox 2060 247 2230 261; x_wconf 48' lang='lat' dir='ltr'>w„</span> 
     </span>
    </p>
   </div>
   <div class='ocr_carea' id='block_1_11' title="bbox 1267 197 1413 233">
    <p class='ocr_par' dir='ltr' id='par_1_13' title="bbox 1267 197 1413 233">
     <span class='ocr_line' id='line_1_63' title="bbox 1267 197 1413 233; baseline 0 -3"><span class='ocrx_word' id='word_1_370' title='bbox 1267 197 1333 232; x_wconf 85' lang='lat' dir='ltr'>No.</span> <span class='ocrx_word' id='word_1_371' title='bbox 1353 198 1413 233; x_wconf 88' lang='lat'>87.</span> 
     </span>
    </p>
   </div>
   <div class='ocr_carea' id='block_1_12' title="bbox 1251 245 1423 258">
    <p class='ocr_par' dir='ltr' id='par_1_14' title="bbox 1251 245 1423 258">
     <span class='ocr_line' id='line_1_64' title="bbox 1251 245 1423 258; baseline 0 2700"><span class='ocrx_word' id='word_1_372' title='bbox 1251 245 1423 258; x_wconf 95' lang='lat' dir='ltr'> </span> 
     </span>
    </p>
   </div>
   <div class='ocr_carea' id='block_1_13' title="bbox 1583 321 1898 364">
    <p class='ocr_par' dir='ltr' id='par_1_15' title="bbox 1583 321 1898 364">
     <span class='ocr_line' id='line_1_65' title="bbox 1583 321 1898 364; baseline 0.003 -1"><span class='ocrx_word' id='word_1_373' title='bbox 1583 321 1659 363; x_wconf 87' lang='lat' dir='ltr'>De</span> <span class='ocrx_word' id='word_1_374' title='bbox 1688 321 1898 364; x_wconf 76' lang='lat' dir='ltr'>Ionatha.</span> 
     </span>
    </p>
   </div>
   <div class='ocr_carea' id='block_1_14' title="bbox 1318 410 2239 483">
    <p class='ocr_par' dir='ltr' id='par_1_16' title="bbox 1318 410 2239 483">
     <span class='ocr_line' id='line_1_66' title="bbox 1318 410 2239 448; baseline 0.003 -11"><span class='ocrx_word' id='word_1_375' title='bbox 1318 413 1350 438; x_wconf 89' lang='lat' dir='ltr'>ln</span> <span class='ocrx_word' id='word_1_376' title='bbox 1370 411 1460 438; x_wconf 82' lang='lat' dir='ltr'>select.</span> <span class='ocrx_word' id='word_1_377' title='bbox 1480 410 1557 439; x_wconf 76' lang='lat' dir='ltr'>Dect.</span> <span class='ocrx_word' id='word_1_378' title='bbox 1576 412 1608 437; x_wconf 76' lang='lat' dir='ltr'>T.</span> <span class='ocrx_word' id='word_1_379' title='bbox 1624 411 1668 439; x_wconf 82' lang='grc' dir='ltr'>ΙΙΙ.</span> <span class='ocrx_word' id='word_1_380' title='bbox 1688 413 1738 447; x_wconf 85' lang='lat' dir='ltr'>p.1</span> <span class='ocrx_word' id='word_1_381' title='bbox 1755 421 1830 446; x_wconf 86' lang='lat' dir='ltr'>sqq.,</span> <span class='ocrx_word' id='word_1_382' title='bbox 1860 412 1976 439; x_wconf 81' lang='lat' dir='ltr'>Servest.</span> <span class='ocrx_word' id='word_1_383' title='bbox 1990 411 2022 438; x_wconf 88' lang='grc' dir='ltr'>Τ.</span> <span class='ocrx_word' id='word_1_384' title='bbox 2036 413 2086 440; x_wconf 75' lang='grc' dir='ltr'>ΙΙΙ.</span> <span class='ocrx_word' id='word_1_385' title='bbox 2103 423 2131 448; x_wconf 80' lang='grc' dir='ltr'>ρ.</span> <span class='ocrx_word' id='word_1_386' title='bbox 2148 414 2186 445; x_wconf 79' lang='lat'>1..</span> <span class='ocrx_word' id='word_1_387' title='bbox 2210 413 2239 441; x_wconf 82' lang='lat' dir='ltr'>in</span> 
     </span>
     <span class='ocr_line' id='line_1_67' title="bbox 1349 445 2200 483; baseline 0.004 -11"><span class='ocrx_word' id='word_1_388' title='bbox 1349 446 1440 472; x_wconf 88' lang='lat' dir='ltr'>Tomo</span> <span class='ocrx_word' id='word_1_389' title='bbox 1455 445 1500 472; x_wconf 86' lang='grc' dir='ltr'><strong>ΙΙΙ.</strong></span> <span class='ocrx_word' id='word_1_390' title='bbox 1521 446 1630 473; x_wconf 76' lang='lat' dir='ltr'>Erfurd.</span> <span class='ocrx_word' id='word_1_391' title='bbox 1649 446 1687 472; x_wconf 85' lang='lat' dir='ltr'>lit.</span> <span class='ocrx_word' id='word_1_392' title='bbox 1702 445 1735 472; x_wconf 88' lang='lat' dir='ltr'>E.</span> <span class='ocrx_word' id='word_1_393' title='bbox 1754 451 1779 472; x_wconf 83' lang='lat' dir='ltr'>et</span> <span class='ocrx_word' id='word_1_394' title='bbox 1798 445 1868 480; x_wconf 83' lang='lat' dir='ltr'>apud</span> <span class='ocrx_word' id='word_1_395' title='bbox 1890 445 2018 472; x_wconf 76' lang='lat' dir='ltr'>Richard.</span> <span class='ocrx_word' id='word_1_396' title='bbox 2031 448 2078 475; x_wconf 91' lang='grc' dir='ltr'>ΙΙΙ.</span> <span class='ocrx_word' id='word_1_397' title='bbox 2098 458 2125 483; x_wconf 88' lang='lat' dir='ltr'>p.</span> <span class='ocrx_word' id='word_1_398' title='bbox 2141 449 2200 476; x_wconf 84' lang='lat'><strong>177.</strong></span> 
     </span>
    </p>
   </div>
   <div class='ocr_carea' id='block_1_15' title="bbox 1250 532 2241 685">
    <p class='ocr_par' dir='ltr' id='par_1_17' title="bbox 1250 532 2241 685">
     <span class='ocr_line' id='line_1_68' title="bbox 1250 532 2241 581; baseline 0.005 -14"><span class='ocrx_word' id='word_1_399' title='bbox 1250 539 1376 571; x_wconf 75' lang='lat' dir='ltr'>Oratio</span> <span class='ocrx_word' id='word_1_400' title='bbox 1395 534 1441 569; x_wconf 81' lang='lat' dir='ltr'>de</span> <span class='ocrx_word' id='word_1_401' title='bbox 1459 533 1619 569; x_wconf 69' lang='lat' dir='ltr'>[anatha</span> <span class='ocrx_word' id='word_1_402' title='bbox 1631 559 1641 577; x_wconf 94' lang='lat'>‚</span> <span class='ocrx_word' id='word_1_403' title='bbox 1669 532 1745 581; x_wconf 80' lang='lat' dir='ltr'>filio</span> <span class='ocrx_word' id='word_1_404' title='bbox 1761 535 1912 576; x_wconf 77' lang='lat' dir='ltr'>Saulis,</span> <span class='ocrx_word' id='word_1_405' title='bbox 1940 537 2105 570; x_wconf 75' lang='lat' dir='ltr'>recitata</span> <span class='ocrx_word' id='word_1_406' title='bbox 2121 548 2143 571; x_wconf 85' lang='grc' dir='ltr'><strong><em>α</em></strong></span> <span class='ocrx_word' id='word_1_407' title='bbox 2160 538 2241 572; x_wconf 85' lang='lat' dir='ltr'>De-</span> 
     </span>
     <span class='ocr_line' id='line_1_69' title="bbox 1251 584 2240 633; baseline 0.001 -11"><span class='ocrx_word' id='word_1_408' title='bbox 1251 599 1343 622; x_wconf 82' lang='lat' dir='ltr'>cano</span> <span class='ocrx_word' id='word_1_409' title='bbox 1368 588 1515 633; x_wconf 67' lang='lat' dir='ltr'>collegii</span> <span class='ocrx_word' id='word_1_410' title='bbox 1537 584 1782 630; x_wconf 79' lang='lat' dir='ltr'>philosophici</span> <span class='ocrx_word' id='word_1_411' title='bbox 1809 588 1855 619; x_wconf 88' lang='lat' dir='ltr'>Io</span> <span class='ocrx_word' id='word_1_412' title='bbox 1866 597 1888 619; x_wconf 87' lang='lat' dir='ltr'>a</span> <span class='ocrx_word' id='word_1_413' title='bbox 1902 597 1956 619; x_wconf 82' lang='lat' dir='ltr'>nn</span> <span class='ocrx_word' id='word_1_414' title='bbox 1967 597 1987 620; x_wconf 89' lang='lat' dir='ltr'>e</span> <span class='ocrx_word' id='word_1_415' title='bbox 2016 587 2069 621; x_wconf 79' lang='lat' dir='ltr'>Vi</span> <span class='ocrx_word' id='word_1_416' title='bbox 2079 591 2093 620; x_wconf 78' lang='lat' dir='ltr'>t</span> <span class='ocrx_word' id='word_1_417' title='bbox 2103 598 2123 621; x_wconf 84' lang='lat' dir='ltr'>e</span> <span class='ocrx_word' id='word_1_418' title='bbox 2134 587 2240 623; x_wconf 81' lang='lat' dir='ltr'>ber-</span> 
     </span>
     <span class='ocr_line' id='line_1_70' title="bbox 1513 638 1975 685; baseline -0.002 -16"><span class='ocrx_word' id='word_1_419' title='bbox 1513 649 1537 685; x_wconf 73' lang='lat'><em>9</em></span> <span class='ocrx_word' id='word_1_420' title='bbox 1547 649 1566 671; x_wconf 88' lang='lat' dir='ltr'>e</span> <span class='ocrx_word' id='word_1_421' title='bbox 1579 649 1602 671; x_wconf 86' lang='lat' dir='ltr'>n</span> <span class='ocrx_word' id='word_1_422' title='bbox 1612 639 1651 671; x_wconf 82' lang='grc' dir='ltr'>.ςὶ</span> <span class='ocrx_word' id='word_1_423' title='bbox 1678 639 1808 678; x_wconf 76' lang='lat' dir='ltr'>(Ioanne</span> <span class='ocrx_word' id='word_1_424' title='bbox 1835 638 1975 678; x_wconf 75' lang='lat' dir='ltr'>Stolsin).</span> 
     </span>
    </p>
   </div>
   <div class='ocr_carea' id='block_1_16' title="bbox 1253 716 2247 919">
    <p class='ocr_par' dir='ltr' id='par_1_18' title="bbox 1253 716 2247 919">
     <span class='ocr_line' id='line_1_71' title="bbox 1253 716 2244 761; baseline 0 -5"><span class='ocrx_word' id='word_1_425' title='bbox 1253 716 1350 760; x_wconf 84' lang='lat' dir='ltr'>Cum</span> <span class='ocrx_word' id='word_1_426' title='bbox 1376 722 1412 755; x_wconf 92' lang='lat' dir='ltr'>in</span> <span class='ocrx_word' id='word_1_427' title='bbox 1435 721 1578 755; x_wconf 87' lang='lat' dir='ltr'>caeteris</span> <span class='ocrx_word' id='word_1_428' title='bbox 1601 721 1753 761; x_wconf 86' lang='lat' dir='ltr'>artibus,</span> <span class='ocrx_word' id='word_1_429' title='bbox 1779 727 1854 754; x_wconf 90' lang='lat' dir='ltr'>tum</span> <span class='ocrx_word' id='word_1_430' title='bbox 1872 732 1954 754; x_wconf 90' lang='lat' dir='ltr'>vero</span> <span class='ocrx_word' id='word_1_431' title='bbox 1970 721 2006 753; x_wconf 93' lang='lat' dir='ltr'>in</span> <span class='ocrx_word' id='word_1_432' title='bbox 2024 721 2183 756; x_wconf 87' lang='lat' dir='ltr'>doctrina</span> <span class='ocrx_word' id='word_1_433' title='bbox 2200 723 2244 756; x_wconf 85' lang='lat' dir='ltr'>de</span> 
     </span>
     <span class='ocr_line' id='line_1_72' title="bbox 1254 772 2245 818; baseline 0 -11"><span class='ocrx_word' id='word_1_434' title='bbox 1254 775 1345 807; x_wconf 76' lang='lat' dir='ltr'>vitae</span> <span class='ocrx_word' id='word_1_435' title='bbox 1367 772 1641 816; x_wconf 87' lang='lat' dir='ltr'>gubernatione,</span> <span class='ocrx_word' id='word_1_436' title='bbox 1668 772 1725 804; x_wconf 87' lang='lat' dir='ltr'>via</span> <span class='ocrx_word' id='word_1_437' title='bbox 1750 772 1901 804; x_wconf 90' lang='lat' dir='ltr'>docendi</span> <span class='ocrx_word' id='word_1_438' title='bbox 1919 772 2048 816; x_wconf 84' lang='lat' dir='ltr'>duplex</span> <span class='ocrx_word' id='word_1_439' title='bbox 2065 779 2130 806; x_wconf 89' lang='lat' dir='ltr'>est:</span> <span class='ocrx_word' id='word_1_440' title='bbox 2158 785 2245 818; x_wconf 85' lang='lat' dir='ltr'>qua-</span> 
     </span>
     <span class='ocr_line' id='line_1_73' title="bbox 1254 823 2245 868; baseline 0 -10"><span class='ocrx_word' id='word_1_441' title='bbox 1254 837 1333 858; x_wconf 89' lang='lat' dir='ltr'>rum</span> <span class='ocrx_word' id='word_1_442' title='bbox 1358 824 1456 868; x_wconf 86' lang='lat' dir='ltr'>prior</span> <span class='ocrx_word' id='word_1_443' title='bbox 1474 830 1543 861; x_wconf 89' lang='lat' dir='ltr'>est,</span> <span class='ocrx_word' id='word_1_444' title='bbox 1571 823 1708 856; x_wconf 85' lang='lat' dir='ltr'>tradere</span> <span class='ocrx_word' id='word_1_445' title='bbox 1724 829 1906 866; x_wconf 87' lang='lat' dir='ltr'>praecepta</span> <span class='ocrx_word' id='word_1_446' title='bbox 1923 833 1984 856; x_wconf 92' lang='lat' dir='ltr'>seu</span> <span class='ocrx_word' id='word_1_447' title='bbox 2002 823 2156 867; x_wconf 86' lang='lat' dir='ltr'>regulas,</span> <span class='ocrx_word' id='word_1_448' title='bbox 2183 835 2245 858; x_wconf 90' lang='lat' dir='ltr'>seu</span> 
     </span>
     <span class='ocr_line' id='line_1_74' title="bbox 1256 873 2247 919; baseline -0.002 -10"><span class='ocrx_word' id='word_1_449' title='bbox 1256 877 1361 919; x_wconf 90' lang='lat' dir='ltr'>leges:</span> <span class='ocrx_word' id='word_1_450' title='bbox 1410 875 1518 908; x_wconf 86' lang='lat' dir='ltr'>altera</span> <span class='ocrx_word' id='word_1_451' title='bbox 1560 879 1684 906; x_wconf 87' lang='lat' dir='ltr'>natura</span> <span class='ocrx_word' id='word_1_452' title='bbox 1724 873 1914 916; x_wconf 88' lang='lat' dir='ltr'>posterior,</span> <span class='ocrx_word' id='word_1_453' title='bbox 1961 874 2020 907; x_wconf 91' lang='lat' dir='ltr'>sed</span> <span class='ocrx_word' id='word_1_454' title='bbox 2061 874 2247 916; x_wconf 83' lang='lat' dir='ltr'>illustrior,</span> 
     </span>
    </p>
   </div>
   <div class='ocr_carea' id='block_1_17' title="bbox 1256 924 2295 970">
    <p class='ocr_par' dir='ltr' id='par_1_19' title="bbox 1256 924 2295 970">
     <span class='ocr_line' id='line_1_75' title="bbox 1256 924 2295 970; baseline -0.001 -10"><span class='ocrx_word' id='word_1_455' title='bbox 1256 926 1411 970; x_wconf 85' lang='lat' dir='ltr'>exempla</span> <span class='ocrx_word' id='word_1_456' title='bbox 1435 924 1564 967; x_wconf 86' lang='lat' dir='ltr'>regulis</span> <span class='ocrx_word' id='word_1_457' title='bbox 1586 924 1733 963; x_wconf 83' lang='lat' dir='ltr'>addere,</span> <span class='ocrx_word' id='word_1_458' title='bbox 1758 935 1846 968; x_wconf 90' lang='lat' dir='ltr'>quae</span> <span class='ocrx_word' id='word_1_459' title='bbox 1871 936 1948 957; x_wconf 90' lang='lat' dir='ltr'>cum</span> <span class='ocrx_word' id='word_1_460' title='bbox 1973 925 2082 967; x_wconf 85' lang='lat' dir='ltr'>magis</span> <span class='ocrx_word' id='word_1_461' title='bbox 2106 925 2143 958; x_wconf 93' lang='lat' dir='ltr'>in</span> <span class='ocrx_word' id='word_1_462' title='bbox 2161 937 2246 959; x_wconf 87' lang='lat' dir='ltr'>ocu-</span> <span class='ocrx_word' id='word_1_463' title='bbox 2291 944 2295 949; x_wconf 89' lang='lat'><strong>·</strong></span> 
     </span>
    </p>
   </div>
   <div class='ocr_carea' id='block_1_18' title="bbox 1257 974 2246 1120">
    <p class='ocr_par' dir='ltr' id='par_1_20' title="bbox 1257 974 2246 1120">
     <span class='ocr_line' id='line_1_76' title="bbox 1258 974 2246 1018; baseline -0.002 -7"><span class='ocrx_word' id='word_1_464' title='bbox 1258 979 1309 1011; x_wconf 94' lang='lat' dir='ltr'>los</span> <span class='ocrx_word' id='word_1_465' title='bbox 1330 978 1532 1015; x_wconf 86' lang='lat' dir='ltr'>incurrant,</span> <span class='ocrx_word' id='word_1_466' title='bbox 1560 974 1664 1008; x_wconf 91' lang='lat' dir='ltr'>altius</span> <span class='ocrx_word' id='word_1_467' title='bbox 1689 981 1874 1018; x_wconf 88' lang='lat' dir='ltr'>penetrant</span> <span class='ocrx_word' id='word_1_468' title='bbox 1899 975 1935 1007; x_wconf 91' lang='lat' dir='ltr'>in</span> <span class='ocrx_word' id='word_1_469' title='bbox 1962 976 2099 1009; x_wconf 90' lang='lat' dir='ltr'>animos</span> <span class='ocrx_word' id='word_1_470' title='bbox 2125 983 2158 1010; x_wconf 90' lang='lat' dir='ltr'>et</span> <span class='ocrx_word' id='word_1_471' title='bbox 2181 988 2246 1009; x_wconf 88' lang='lat' dir='ltr'>na-</span> 
     </span>
     <span class='ocr_line' id='line_1_77' title="bbox 1257 1027 2246 1072; baseline -0.001 -10"><span class='ocrx_word' id='word_1_472' title='bbox 1257 1037 1350 1062; x_wconf 86' lang='lat' dir='ltr'>turas</span> <span class='ocrx_word' id='word_1_473' title='bbox 1375 1037 1558 1072; x_wconf 79' lang='lat' dir='ltr'>sequaces,</span> <span class='ocrx_word' id='word_1_474' title='bbox 1587 1037 1658 1058; x_wconf 92' lang='lat' dir='ltr'>non</span> <span class='ocrx_word' id='word_1_475' title='bbox 1682 1032 1914 1066; x_wconf 85' lang='lat' dir='ltr'>monstrosas,</span> <span class='ocrx_word' id='word_1_476' title='bbox 1940 1037 2011 1059; x_wconf 86' lang='lat' dir='ltr'>non</span> <span class='ocrx_word' id='word_1_477' title='bbox 2036 1027 2146 1066; x_wconf 87' lang='lat' dir='ltr'>feras,</span> <span class='ocrx_word' id='word_1_478' title='bbox 2172 1039 2246 1061; x_wconf 90' lang='lat' dir='ltr'>non</span> 
     </span>
     <span class='ocr_line' id='line_1_78' title="bbox 1257 1076 2008 1120; baseline -0.003 -7"><span class='ocrx_word' id='word_1_479' title='bbox 1257 1080 1440 1118; x_wconf 87' lang='lat' dir='ltr'>distortas,</span> <span class='ocrx_word' id='word_1_480' title='bbox 1462 1076 1573 1120; x_wconf 86' lang='lat' dir='ltr'>magis</span> <span class='ocrx_word' id='word_1_481' title='bbox 1591 1083 1733 1109; x_wconf 84' lang='lat' dir='ltr'>movent</span> <span class='ocrx_word' id='word_1_482' title='bbox 1750 1083 1782 1109; x_wconf 87' lang='lat' dir='ltr'>et</span> <span class='ocrx_word' id='word_1_483' title='bbox 1801 1077 2008 1111; x_wconf 88' lang='lat' dir='ltr'>accendunt.</span> 
     </span>
    </p>
   </div>
   <div class='ocr_carea' id='block_1_19' title="bbox 1257 1135 2250 1537">
    <p class='ocr_par' dir='ltr' id='par_1_21' title="bbox 1257 1135 2250 1537">
     <span class='ocr_line' id='line_1_79' title="bbox 1359 1135 2249 1178; baseline 0.001 -8"><span class='ocrx_word' id='word_1_484' title='bbox 1359 1137 1432 1170; x_wconf 85' lang='lat' dir='ltr'>Has</span> <span class='ocrx_word' id='word_1_485' title='bbox 1446 1135 1595 1169; x_wconf 89' lang='lat' dir='ltr'>docendi</span> <span class='ocrx_word' id='word_1_486' title='bbox 1614 1135 1688 1167; x_wconf 73' lang='lat' dir='ltr'>vias</span> <span class='ocrx_word' id='word_1_487' title='bbox 1705 1135 1835 1173; x_wconf 78' lang='lat' dir='ltr'>ambas,</span> <span class='ocrx_word' id='word_1_488' title='bbox 1855 1147 1932 1168; x_wconf 91' lang='lat' dir='ltr'>cum</span> <span class='ocrx_word' id='word_1_489' title='bbox 1947 1135 2182 1178; x_wconf 82' lang='lat' dir='ltr'>intelligerent</span> <span class='ocrx_word' id='word_1_490' title='bbox 2193 1148 2249 1171; x_wconf 84' lang='lat' dir='ltr'>sa-</span> 
     </span>
     <span class='ocr_line' id='line_1_80' title="bbox 1257 1185 2248 1233; baseline 0 -12"><span class='ocrx_word' id='word_1_491' title='bbox 1257 1189 1390 1233; x_wconf 88' lang='lat' dir='ltr'>pientes</span> <span class='ocrx_word' id='word_1_492' title='bbox 1407 1187 1493 1227; x_wconf 77' lang='lat' dir='ltr'>viri,</span> <span class='ocrx_word' id='word_1_493' title='bbox 1521 1186 1580 1230; x_wconf 90' lang='lat' dir='ltr'>qui</span> <span class='ocrx_word' id='word_1_494' title='bbox 1602 1185 1706 1230; x_wconf 89' lang='lat' dir='ltr'>primi</span> <span class='ocrx_word' id='word_1_495' title='bbox 1724 1186 1918 1228; x_wconf 77' lang='lat' dir='ltr'>tragoedias</span> <span class='ocrx_word' id='word_1_496' title='bbox 1934 1187 2166 1230; x_wconf 82' lang='lat' dir='ltr'>scripserunt,</span> <span class='ocrx_word' id='word_1_497' title='bbox 2193 1188 2248 1221; x_wconf 84' lang='lat' dir='ltr'>vi-</span> 
     </span>
     <span class='ocr_line' id='line_1_81' title="bbox 1258 1237 2248 1283; baseline 0.001 -12"><span class='ocrx_word' id='word_1_498' title='bbox 1258 1241 1452 1283; x_wconf 84' lang='lat' dir='ltr'>derentque</span> <span class='ocrx_word' id='word_1_499' title='bbox 1473 1237 1565 1270; x_wconf 79' lang='lat' dir='ltr'>vitae</span> <span class='ocrx_word' id='word_1_500' title='bbox 1590 1243 1770 1279; x_wconf 87' lang='lat' dir='ltr'>praecepta</span> <span class='ocrx_word' id='word_1_501' title='bbox 1797 1237 1840 1269; x_wconf 91' lang='lat' dir='ltr'>ab</span> <span class='ocrx_word' id='word_1_502' title='bbox 1860 1237 1937 1269; x_wconf 90' lang='lat' dir='ltr'>aliis</span> <span class='ocrx_word' id='word_1_503' title='bbox 1957 1238 2049 1270; x_wconf 90' lang='lat' dir='ltr'>nuda</span> <span class='ocrx_word' id='word_1_504' title='bbox 2069 1239 2248 1281; x_wconf 81' lang='lat' dir='ltr'>proposita</span> 
     </span>
     <span class='ocr_line' id='line_1_82' title="bbox 1259 1286 2248 1332; baseline 0 -10"><span class='ocrx_word' id='word_1_505' title='bbox 1259 1301 1349 1329; x_wconf 88' lang='lat' dir='ltr'>esse,</span> <span class='ocrx_word' id='word_1_506' title='bbox 1376 1287 1545 1330; x_wconf 85' lang='lat' dir='ltr'>imagines</span> <span class='ocrx_word' id='word_1_507' title='bbox 1560 1286 1715 1329; x_wconf 82' lang='lat' dir='ltr'>insignes</span> <span class='ocrx_word' id='word_1_508' title='bbox 1732 1286 1936 1329; x_wconf 80' lang='lat' dir='ltr'>pinxerunt,</span> <span class='ocrx_word' id='word_1_509' title='bbox 1965 1300 2053 1332; x_wconf 88' lang='lat' dir='ltr'>quae</span> <span class='ocrx_word' id='word_1_510' title='bbox 2070 1289 2112 1321; x_wconf 85' lang='lat' dir='ltr'>(le</span> <span class='ocrx_word' id='word_1_511' title='bbox 2129 1289 2248 1322; x_wconf 88' lang='lat' dir='ltr'>omni-</span> 
     </span>
     <span class='ocr_line' id='line_1_83' title="bbox 1259 1337 2248 1376; baseline 0 -3"><span class='ocrx_word' id='word_1_512' title='bbox 1259 1342 1324 1373; x_wconf 89' lang='lat' dir='ltr'>bns</span> <span class='ocrx_word' id='word_1_513' title='bbox 1352 1339 1476 1372; x_wconf 76' lang='lat' dir='ltr'>officiis</span> <span class='ocrx_word' id='word_1_514' title='bbox 1499 1338 1536 1370; x_wconf 91' lang='lat' dir='ltr'>in</span> <span class='ocrx_word' id='word_1_515' title='bbox 1560 1337 1648 1375; x_wconf 86' lang='lat' dir='ltr'>vita,</span> <span class='ocrx_word' id='word_1_516' title='bbox 1680 1337 1722 1369; x_wconf 87' lang='lat' dir='ltr'>(le</span> <span class='ocrx_word' id='word_1_517' title='bbox 1745 1337 1952 1376; x_wconf 82' lang='lat' dir='ltr'>libidinum,</span> <span class='ocrx_word' id='word_1_518' title='bbox 1987 1338 2192 1372; x_wconf 82' lang='lat' dir='ltr'>ambitionis</span> <span class='ocrx_word' id='word_1_519' title='bbox 2215 1347 2248 1373; x_wconf 89' lang='lat' dir='ltr'>et</span> 
     </span>
     <span class='ocr_line' id='line_1_84' title="bbox 1258 1388 2250 1433; baseline -0.001 -9"><span class='ocrx_word' id='word_1_520' title='bbox 1258 1389 1476 1425; x_wconf 88' lang='lat' dir='ltr'>crudelitatis</span> <span class='ocrx_word' id='word_1_521' title='bbox 1505 1388 1627 1433; x_wconf 86' lang='lat' dir='ltr'>poenis</span> <span class='ocrx_word' id='word_1_522' title='bbox 1660 1394 1870 1431; x_wconf 86' lang='lat' dir='ltr'>spectatores</span> <span class='ocrx_word' id='word_1_523' title='bbox 1895 1394 1927 1420; x_wconf 91' lang='lat' dir='ltr'>et</span> <span class='ocrx_word' id='word_1_524' title='bbox 1951 1389 2129 1422; x_wconf 79' lang='lat' dir='ltr'>auditores</span> <span class='ocrx_word' id='word_1_525' title='bbox 2151 1402 2250 1423; x_wconf 86' lang='lat' dir='ltr'>com-</span> 
     </span>
     <span class='ocr_line' id='line_1_85' title="bbox 1258 1435 2249 1480; baseline -0.002 -4"><span class='ocrx_word' id='word_1_526' title='bbox 1258 1441 1536 1480; x_wconf 85' lang='lat' dir='ltr'>monefacerent,</span> <span class='ocrx_word' id='word_1_527' title='bbox 1572 1445 1609 1472; x_wconf 90' lang='lat' dir='ltr'>nt</span> <span class='ocrx_word' id='word_1_528' title='bbox 1636 1438 1773 1472; x_wconf 83' lang='lat' dir='ltr'>frenare</span> <span class='ocrx_word' id='word_1_529' title='bbox 1791 1445 1824 1472; x_wconf 90' lang='lat' dir='ltr'>et</span> <span class='ocrx_word' id='word_1_530' title='bbox 1842 1435 2026 1472; x_wconf 81' lang='lat' dir='ltr'>cohercere</span> <span class='ocrx_word' id='word_1_531' title='bbox 2046 1440 2249 1474; x_wconf 86' lang='lat' dir='ltr'>temerarios</span> 
     </span>
     <span class='ocr_line' id='line_1_86' title="bbox 1257 1492 1610 1537; baseline -0.006 -11"><span class='ocrx_word' id='word_1_532' title='bbox 1257 1495 1408 1537; x_wconf 89' lang='lat' dir='ltr'>impetus</span> <span class='ocrx_word' id='word_1_533' title='bbox 1425 1492 1610 1524; x_wconf 86' lang='lat' dir='ltr'>discerent.</span> 
     </span>
    </p>
   </div>
   <div class='ocr_carea' id='block_1_20' title="bbox 1258 1547 2252 2241">
    <p class='ocr_par' dir='ltr' id='par_1_22' title="bbox 1258 1547 2252 2241">
     <span class='ocr_line' id='line_1_87' title="bbox 1361 1547 2250 1593; baseline 0.002 -10"><span class='ocrx_word' id='word_1_534' title='bbox 1361 1551 1429 1584; x_wconf 83' lang='lat' dir='ltr'>Sed</span> <span class='ocrx_word' id='word_1_535' title='bbox 1457 1561 1551 1581; x_wconf 88' lang='lat' dir='ltr'>nuuc</span> <span class='ocrx_word' id='word_1_536' title='bbox 1571 1547 1723 1580; x_wconf 82' lang='lat' dir='ltr'>Graecas</span> <span class='ocrx_word' id='word_1_537' title='bbox 1748 1547 1961 1590; x_wconf 84' lang='lat' dir='ltr'>tragoedias,</span> <span class='ocrx_word' id='word_1_538' title='bbox 1988 1548 2050 1582; x_wconf 89' lang='lat' dir='ltr'>etsi</span> <span class='ocrx_word' id='word_1_539' title='bbox 2074 1549 2250 1593; x_wconf 84' lang='lat' dir='ltr'>sapienter</span> 
     </span>
     <span class='ocr_line' id='line_1_88' title="bbox 1258 1598 2249 1645; baseline 0 -11"><span class='ocrx_word' id='word_1_540' title='bbox 1258 1601 1408 1645; x_wconf 80' lang='lat' dir='ltr'>scriptae</span> <span class='ocrx_word' id='word_1_541' title='bbox 1433 1607 1534 1636; x_wconf 86' lang='lat' dir='ltr'>sunt,</span> <span class='ocrx_word' id='word_1_542' title='bbox 1562 1598 1709 1633; x_wconf 77' lang='lat' dir='ltr'>omitto.</span> <span class='ocrx_word' id='word_1_543' title='bbox 1736 1610 1774 1630; x_wconf 90' lang='lat' dir='ltr'>ac</span> <span class='ocrx_word' id='word_1_544' title='bbox 1799 1600 1841 1630; x_wconf 87' lang='lat' dir='ltr'>ad</span> <span class='ocrx_word' id='word_1_545' title='bbox 1865 1598 1997 1631; x_wconf 80' lang='lat' dir='ltr'>fontem</span> <span class='ocrx_word' id='word_1_546' title='bbox 2017 1600 2178 1633; x_wconf 88' lang='lat' dir='ltr'>omnium</span> <span class='ocrx_word' id='word_1_547' title='bbox 2198 1601 2249 1634; x_wconf 87' lang='lat' dir='ltr'>le·-</span> 
     </span>
     <span class='ocr_line' id='line_1_89' title="bbox 1259 1645 2251 1693; baseline 0.002 -10"><span class='ocrx_word' id='word_1_548' title='bbox 1259 1663 1361 1693; x_wconf 79' lang='lat' dir='ltr'>gnm,</span> <span class='ocrx_word' id='word_1_549' title='bbox 1390 1650 1550 1682; x_wconf 77' lang='lat' dir='ltr'>videlicet</span> <span class='ocrx_word' id='word_1_550' title='bbox 1576 1649 1617 1680; x_wconf 88' lang='lat' dir='ltr'>ad</span> <span class='ocrx_word' id='word_1_551' title='bbox 1642 1645 1825 1681; x_wconf 88' lang='lat' dir='ltr'>bistoriam</span> <span class='ocrx_word' id='word_1_552' title='bbox 1851 1649 2105 1683; x_wconf 79' lang='lat' dir='ltr'>vetustissimae</span> <span class='ocrx_word' id='word_1_553' title='bbox 2127 1649 2251 1685; x_wconf 83' lang='lat' dir='ltr'>Eccle-</span> 
     </span>
     <span class='ocr_line' id='line_1_90' title="bbox 1260 1698 2250 1744; baseline 0.001 -10"><span class='ocrx_word' id='word_1_554' title='bbox 1260 1702 1329 1734; x_wconf 90' lang='lat' dir='ltr'>siae</span> <span class='ocrx_word' id='word_1_555' title='bbox 1350 1701 1464 1733; x_wconf 79' lang='lat' dir='ltr'>venio.</span> <span class='ocrx_word' id='word_1_556' title='bbox 1518 1698 1612 1731; x_wconf 82' lang='lat' dir='ltr'>Haec</span> <span class='ocrx_word' id='word_1_557' title='bbox 1634 1710 1774 1742; x_wconf 89' lang='lat' dir='ltr'>quoqne</span> <span class='ocrx_word' id='word_1_558' title='bbox 1793 1706 1825 1731; x_wconf 87' lang='lat' dir='ltr'>et</span> <span class='ocrx_word' id='word_1_559' title='bbox 1846 1707 2024 1744; x_wconf 85' lang='lat' dir='ltr'>praecepta</span> <span class='ocrx_word' id='word_1_560' title='bbox 2044 1701 2149 1734; x_wconf 84' lang='lat' dir='ltr'>tradit</span> <span class='ocrx_word' id='word_1_561' title='bbox 2166 1714 2250 1735; x_wconf 66' lang='lat' dir='ltr'>voce</span> 
     </span>
     <span class='ocr_line' id='line_1_91' title="bbox 1260 1749 2249 1797; baseline 0.001 -12"><span class='ocrx_word' id='word_1_562' title='bbox 1260 1752 1324 1786; x_wconf 88' lang='lat' dir='ltr'>Dei</span> <span class='ocrx_word' id='word_1_563' title='bbox 1354 1751 1515 1784; x_wconf 89' lang='lat' dir='ltr'>sonantia</span> <span class='ocrx_word' id='word_1_564' title='bbox 1542 1761 1582 1782; x_wconf 87' lang='lat' dir='ltr'>ex</span> <span class='ocrx_word' id='word_1_565' title='bbox 1605 1761 1691 1791; x_wconf 87' lang='lat' dir='ltr'>rupe</span> <span class='ocrx_word' id='word_1_566' title='bbox 1716 1749 1881 1788; x_wconf 73' lang='lat' dir='ltr'>Sinai‘de.</span> <span class='ocrx_word' id='word_1_567' title='bbox 1915 1756 1948 1782; x_wconf 88' lang='lat' dir='ltr'>et</span> <span class='ocrx_word' id='word_1_568' title='bbox 1972 1751 2067 1783; x_wconf 89' lang='lat' dir='ltr'>addit</span> <span class='ocrx_word' id='word_1_569' title='bbox 2091 1753 2249 1797; x_wconf 82' lang='lat' dir='ltr'>exempla</span> 
     </span>
     <span class='ocr_line' id='line_1_92' title="bbox 1260 1800 2249 1845; baseline 0.002 -10"><span class='ocrx_word' id='word_1_570' title='bbox 1260 1803 1428 1845; x_wconf 73' lang='lat' dir='ltr'>insignia,</span> <span class='ocrx_word' id='word_1_571' title='bbox 1463 1807 1553 1833; x_wconf 82' lang='lat' dir='ltr'>recte</span> <span class='ocrx_word' id='word_1_572' title='bbox 1581 1806 1611 1831; x_wconf 84' lang='lat' dir='ltr'>et</span> <span class='ocrx_word' id='word_1_573' title='bbox 1643 1811 1740 1832; x_wconf 87' lang='lat' dir='ltr'>secus</span> <span class='ocrx_word' id='word_1_574' title='bbox 1763 1800 1932 1833; x_wconf 71' lang='lat' dir='ltr'>factorum</span> <span class='ocrx_word' id='word_1_575' title='bbox 1957 1801 2193 1843; x_wconf 84' lang='lat' dir='ltr'>praemiorum</span> <span class='ocrx_word' id='word_1_576' title='bbox 2216 1809 2249 1837; x_wconf 84' lang='lat' dir='ltr'>et</span> 
     </span>
     <span class='ocr_line' id='line_1_93' title="bbox 1260 1851 2251 1897; baseline -0.004 -12"><span class='ocrx_word' id='word_1_577' title='bbox 1260 1865 1471 1897; x_wconf 86' lang='lat' dir='ltr'>poenarum:</span> <span class='ocrx_word' id='word_1_578' title='bbox 1506 1851 1677 1894; x_wconf 87' lang='lat' dir='ltr'>primum,</span> <span class='ocrx_word' id='word_1_579' title='bbox 1711 1856 1748 1882; x_wconf 89' lang='lat' dir='ltr'>ut</span> <span class='ocrx_word' id='word_1_580' title='bbox 1773 1851 1914 1887; x_wconf 80' lang='lat' dir='ltr'>doceat,</span> <span class='ocrx_word' id='word_1_581' title='bbox 1943 1863 2031 1895; x_wconf 88' lang='lat' dir='ltr'>quae</span> <span class='ocrx_word' id='word_1_582' title='bbox 2054 1852 2098 1886; x_wconf 90' lang='lat' dir='ltr'>sit</span> <span class='ocrx_word' id='word_1_583' title='bbox 2122 1853 2251 1886; x_wconf 79' lang='lat' dir='ltr'>volun..</span> 
     </span>
     <span class='ocr_line' id='line_1_94' title="bbox 1261 1899 2252 1947; baseline -0.004 -9"><span class='ocrx_word' id='word_1_584' title='bbox 1261 1913 1310 1938; x_wconf 88' lang='lat' dir='ltr'>tas</span> <span class='ocrx_word' id='word_1_585' title='bbox 1326 1903 1401 1942; x_wconf 76' lang='lat' dir='ltr'>Dei,</span> <span class='ocrx_word' id='word_1_586' title='bbox 1429 1903 1512 1947; x_wconf 87' lang='lat' dir='ltr'>quid</span> <span class='ocrx_word' id='word_1_587' title='bbox 1533 1901 1666 1945; x_wconf 84' lang='lat' dir='ltr'>probet,</span> <span class='ocrx_word' id='word_1_588' title='bbox 1694 1899 1777 1945; x_wconf 89' lang='lat' dir='ltr'>qnid</span> <span class='ocrx_word' id='word_1_589' title='bbox 1798 1913 1868 1933; x_wconf 83' lang='lat' dir='ltr'>nun</span> <span class='ocrx_word' id='word_1_590' title='bbox 1887 1903 2020 1944; x_wconf 75' lang='lat' dir='ltr'>probet,</span> <span class='ocrx_word' id='word_1_591' title='bbox 2041 1915 2126 1947; x_wconf 86' lang='lat' dir='ltr'>quas</span> <span class='ocrx_word' id='word_1_592' title='bbox 2141 1903 2252 1937; x_wconf 79' lang='lat' dir='ltr'>aetio-</span> 
     </span>
     <span class='ocr_line' id='line_1_95' title="bbox 1260 1952 2250 2000; baseline 0 -13"><span class='ocrx_word' id='word_1_593' title='bbox 1260 1967 1343 1987; x_wconf 88' lang='lat' dir='ltr'>num</span> <span class='ocrx_word' id='word_1_594' title='bbox 1371 1961 1476 1987; x_wconf 81' lang='lat' dir='ltr'>metas</span> <span class='ocrx_word' id='word_1_595' title='bbox 1500 1958 1693 1996; x_wconf 77' lang='lat' dir='ltr'>proponat,</span> <span class='ocrx_word' id='word_1_596' title='bbox 1721 1964 1824 1995; x_wconf 84' lang='lat' dir='ltr'>quem</span> <span class='ocrx_word' id='word_1_597' title='bbox 1853 1958 1991 1995; x_wconf 82' lang='lat' dir='ltr'>portum</span> <span class='ocrx_word' id='word_1_598' title='bbox 2017 1952 2135 1993; x_wconf 75' lang='lat' dir='ltr'>iustis,</span> <span class='ocrx_word' id='word_1_599' title='bbox 2161 1966 2250 2000; x_wconf 80' lang='lat' dir='ltr'>qnos</span> 
     </span>
     <span class='ocr_line' id='line_1_96' title="bbox 1260 2002 2249 2047; baseline 0 -9"><span class='ocrx_word' id='word_1_600' title='bbox 1260 2006 1371 2039; x_wconf 83' lang='lat' dir='ltr'>exitus</span> <span class='ocrx_word' id='word_1_601' title='bbox 1386 2003 1576 2041; x_wconf 79' lang='lat' dir='ltr'>sceleratis,</span> <span class='ocrx_word' id='word_1_602' title='bbox 1604 2002 1756 2047; x_wconf 88' lang='lat' dir='ltr'>denique</span> <span class='ocrx_word' id='word_1_603' title='bbox 1772 2014 1874 2047; x_wconf 85' lang='lat' dir='ltr'>quem</span> <span class='ocrx_word' id='word_1_604' title='bbox 1900 2010 2068 2036; x_wconf 86' lang='lat' dir='ltr'>monstret</span> <span class='ocrx_word' id='word_1_605' title='bbox 2093 2005 2249 2039; x_wconf 71' lang='lat' dir='ltr'>universi</span> 
     </span>
     <span class='ocr_line' id='line_1_97' title="bbox 1260 2051 2248 2098; baseline -0.002 -10"><span class='ocrx_word' id='word_1_606' title='bbox 1260 2056 1395 2098; x_wconf 76' lang='lat' dir='ltr'>generis</span> <span class='ocrx_word' id='word_1_607' title='bbox 1419 2052 1563 2087; x_wconf 78' lang='lat' dir='ltr'>humani</span> <span class='ocrx_word' id='word_1_608' title='bbox 1592 2055 1706 2087; x_wconf 83' lang='lat' dir='ltr'>linem.</span> <span class='ocrx_word' id='word_1_609' title='bbox 1768 2051 1923 2088; x_wconf 75' lang='lat' dir='ltr'>Deinde.</span> <span class='ocrx_word' id='word_1_610' title='bbox 1959 2060 1993 2087; x_wconf 94' lang='lat' dir='ltr'>ut</span> <span class='ocrx_word' id='word_1_611' title='bbox 2021 2066 2085 2088; x_wconf 89' lang='lat' dir='ltr'>nos</span> <span class='ocrx_word' id='word_1_612' title='bbox 2113 2055 2179 2098; x_wconf 81' lang='lat' dir='ltr'>ipsi</span> <span class='ocrx_word' id='word_1_613' title='bbox 2205 2056 2248 2090; x_wconf 78' lang='lat' dir='ltr'>ad</span> 
     </span>
     <span class='ocr_line' id='line_1_98' title="bbox 1261 2104 2248 2147; baseline 0.001 -8"><span class='ocrx_word' id='word_1_614' title='bbox 1261 2104 1349 2139; x_wconf 81' lang='lat' dir='ltr'>lianc</span> <span class='ocrx_word' id='word_1_615' title='bbox 1374 2118 1534 2138; x_wconf 91' lang='lat' dir='ltr'>normam</span> <span class='ocrx_word' id='word_1_616' title='bbox 1561 2104 1754 2147; x_wconf 78' lang='lat' dir='ltr'>dirigamus</span> <span class='ocrx_word' id='word_1_617' title='bbox 1778 2111 1895 2136; x_wconf 86' lang='lat' dir='ltr'>nostra</span> <span class='ocrx_word' id='word_1_618' title='bbox 1919 2104 2086 2145; x_wconf 79' lang='lat' dir='ltr'>consilia,</span> <span class='ocrx_word' id='word_1_619' title='bbox 2113 2112 2143 2139; x_wconf 87' lang='lat' dir='ltr'>et</span> <span class='ocrx_word' id='word_1_620' title='bbox 2169 2119 2248 2140; x_wconf 88' lang='lat' dir='ltr'>cum</span> 
     </span>
     <span class='ocr_line' id='line_1_99' title="bbox 1260 2155 2249 2198; baseline 0.003 -9"><span class='ocrx_word' id='word_1_621' title='bbox 1260 2158 1477 2190; x_wconf 70' lang='lat' dir='ltr'>voluntatem</span> <span class='ocrx_word' id='word_1_622' title='bbox 1494 2155 1557 2189; x_wconf 87' lang='lat' dir='ltr'>Dei</span> <span class='ocrx_word' id='word_1_623' title='bbox 1578 2166 1824 2198; x_wconf 77' lang='lat' dir='ltr'>agnoscamus,</span> <span class='ocrx_word' id='word_1_624' title='bbox 1850 2161 1924 2187; x_wconf 90' lang='lat' dir='ltr'>tum</span> <span class='ocrx_word' id='word_1_625' title='bbox 1950 2167 2032 2188; x_wconf 70' lang='lat' dir='ltr'>vero</span> <span class='ocrx_word' id='word_1_626' title='bbox 2056 2163 2088 2190; x_wconf 88' lang='lat' dir='ltr'>et</span> <span class='ocrx_word' id='word_1_627' title='bbox 2108 2164 2249 2192; x_wconf 84' lang='lat' dir='ltr'>nostrae</span> 
     </span>
     <span class='ocr_line' id='line_1_100' title="bbox 1258 2207 1613 2241; baseline -0.006 0"><span class='ocrx_word' id='word_1_628' title='bbox 1258 2209 1360 2241; x_wconf 81' lang='lat' dir='ltr'>saluti</span> <span class='ocrx_word' id='word_1_629' title='bbox 1377 2207 1613 2240; x_wconf 82' lang='lat' dir='ltr'>consulamus.</span> 
     </span>
    </p>
   </div>
   <div class='ocr_carea' id='block_1_21' title="bbox 1258 2263 2248 2706">
    <p class='ocr_par' dir='ltr' id='par_1_23' title="bbox 1258 2263 2248 2706">
     <span class='ocr_line' id='line_1_101' title="bbox 1362 2263 2248 2308; baseline 0.002 -10"><span class='ocrx_word' id='word_1_630' title='bbox 1362 2265 1408 2299; x_wconf 66' lang='grc' dir='ltr'>[ι</span> <span class='ocrx_word' id='word_1_631' title='bbox 1432 2265 1538 2308; x_wconf 89' lang='lat' dir='ltr'>igitur</span> <span class='ocrx_word' id='word_1_632' title='bbox 1556 2270 1734 2307; x_wconf 82' lang='lat' dir='ltr'>praecepta</span> <span class='ocrx_word' id='word_1_633' title='bbox 1751 2263 1911 2297; x_wconf 75' lang='lat' dir='ltr'>coelestia</span> <span class='ocrx_word' id='word_1_634' title='bbox 1931 2263 2029 2298; x_wconf 87' lang='lat' dir='ltr'>iussit</span> <span class='ocrx_word' id='word_1_635' title='bbox 2048 2263 2141 2299; x_wconf 84' lang='lat' dir='ltr'>Dens</span> <span class='ocrx_word' id='word_1_636' title='bbox 2157 2278 2248 2300; x_wconf 81' lang='lat' dir='ltr'>sern-</span> 
     </span>
     <span class='ocr_line' id='line_1_102' title="bbox 1259 2311 2248 2363; baseline 0.001 -14"><span class='ocrx_word' id='word_1_637' title='bbox 1259 2330 1319 2361; x_wconf 82' lang='lat' dir='ltr'>per</span> <span class='ocrx_word' id='word_1_638' title='bbox 1344 2317 1378 2349; x_wconf 92' lang='lat' dir='ltr'>in</span> <span class='ocrx_word' id='word_1_639' title='bbox 1404 2322 1591 2359; x_wconf 81' lang='lat' dir='ltr'>conspectu</span> <span class='ocrx_word' id='word_1_640' title='bbox 1618 2311 1762 2346; x_wconf 70' lang='lat' dir='ltr'>babere:</span> <span class='ocrx_word' id='word_1_641' title='bbox 1794 2315 1837 2348; x_wconf 74' lang='lat' dir='ltr'>ita</span> <span class='ocrx_word' id='word_1_642' title='bbox 1864 2315 1937 2348; x_wconf 83' lang='lat' dir='ltr'>vult</span> <span class='ocrx_word' id='word_1_643' title='bbox 1956 2316 2132 2361; x_wconf 74' lang='lat' dir='ltr'>exempla,</span> <span class='ocrx_word' id='word_1_644' title='bbox 2159 2330 2248 2363; x_wconf 85' lang='lat' dir='ltr'>qnae</span> 
     </span>
     <span class='ocr_line' id='line_1_103' title="bbox 1259 2365 2248 2412; baseline 0.004 -14"><span class='ocrx_word' id='word_1_645' title='bbox 1259 2367 1439 2412; x_wconf 76' lang='lat' dir='ltr'>proposuit</span> <span class='ocrx_word' id='word_1_646' title='bbox 1473 2365 1763 2404; x_wconf 73' lang='lat' dir='ltr'>innumerabilia,</span> <span class='ocrx_word' id='word_1_647' title='bbox 1813 2365 1915 2397; x_wconf 85' lang='lat' dir='ltr'>nobis</span> <span class='ocrx_word' id='word_1_648' title='bbox 1947 2366 2132 2401; x_wconf 82' lang='lat' dir='ltr'>familiaria</span> <span class='ocrx_word' id='word_1_649' title='bbox 2164 2379 2248 2405; x_wconf 74' lang='lat' dir='ltr'>esse.</span> 
     </span>
     <span class='ocr_line' id='line_1_104' title="bbox 1258 2416 2247 2462; baseline -0.003 -11"><span class='ocrx_word' id='word_1_650' title='bbox 1258 2432 1294 2451; x_wconf 82' lang='lat' dir='ltr'>ar</span> <span class='ocrx_word' id='word_1_651' title='bbox 1319 2430 1419 2462; x_wconf 80' lang='lat' dir='ltr'>saepe</span> <span class='ocrx_word' id='word_1_652' title='bbox 1444 2429 1461 2449; x_wconf 86' lang='lat' dir='ltr'>a</span> <span class='ocrx_word' id='word_1_653' title='bbox 1488 2416 1590 2449; x_wconf 86' lang='lat' dir='ltr'>nobis</span> <span class='ocrx_word' id='word_1_654' title='bbox 1613 2417 1719 2458; x_wconf 71' lang='lat' dir='ltr'>aspici</span> <span class='ocrx_word' id='word_1_655' title='bbox 1745 2423 1777 2449; x_wconf 89' lang='lat' dir='ltr'>et</span> <span class='ocrx_word' id='word_1_656' title='bbox 1800 2416 2024 2451; x_wconf 84' lang='lat' dir='ltr'>considerari.</span> <span class='ocrx_word' id='word_1_657' title='bbox 2076 2416 2145 2451; x_wconf 83' lang='lat' dir='ltr'>Nec</span> <span class='ocrx_word' id='word_1_658' title='bbox 2163 2430 2247 2452; x_wconf 73' lang='lat' dir='ltr'>voro</span> 
     </span>
     <span class='ocr_line' id='line_1_105' title="bbox 1259 2467 2246 2512; baseline -0.002 -10"><span class='ocrx_word' id='word_1_659' title='bbox 1259 2469 1361 2502; x_wconf 84' lang='lat' dir='ltr'>simul</span> <span class='ocrx_word' id='word_1_660' title='bbox 1394 2467 1576 2511; x_wconf 82' lang='lat' dir='ltr'>complecti</span> <span class='ocrx_word' id='word_1_661' title='bbox 1609 2467 1794 2512; x_wconf 81' lang='lat' dir='ltr'>quisquam</span> <span class='ocrx_word' id='word_1_662' title='bbox 1827 2467 1945 2499; x_wconf 89' lang='lat' dir='ltr'>omnia</span> <span class='ocrx_word' id='word_1_663' title='bbox 1978 2475 2099 2511; x_wconf 75' lang='lat' dir='ltr'>potest.</span> <span class='ocrx_word' id='word_1_664' title='bbox 2164 2468 2246 2503; x_wconf 79' lang='lat' dir='ltr'>ldeo</span> 
     </span>
     <span class='ocr_line' id='line_1_106' title="bbox 1811 2516 2246 2554; baseline 0.009 -4"><span class='ocrx_word' id='word_1_665' title='bbox 1811 2516 1860 2550; x_wconf 71' lang='lat' dir='ltr'>Ac</span> <span class='ocrx_word' id='word_1_666' title='bbox 1889 2529 1982 2550; x_wconf 92' lang='lat' dir='ltr'>nunc</span> <span class='ocrx_word' id='word_1_667' title='bbox 2004 2516 2170 2553; x_wconf 84' lang='lat' dir='ltr'>lonatbae</span> <span class='ocrx_word' id='word_1_668' title='bbox 2190 2517 2246 2554; x_wconf 83' lang='lat' dir='ltr'>bi—</span> 
     </span>
     <span class='ocr_line' id='line_1_107' title="bbox 1258 2568 2247 2614; baseline 0.001 -11"><span class='ocrx_word' id='word_1_669' title='bbox 1258 2571 1400 2604; x_wconf 76' lang='lat' dir='ltr'>storiam</span> <span class='ocrx_word' id='word_1_670' title='bbox 1425 2569 1597 2612; x_wconf 78' lang='lat' dir='ltr'>excerpsi,</span> <span class='ocrx_word' id='word_1_671' title='bbox 1632 2581 1720 2613; x_wconf 83' lang='lat' dir='ltr'>qnae</span> <span class='ocrx_word' id='word_1_672' title='bbox 1746 2568 1842 2614; x_wconf 85' lang='lat' dir='ltr'>qnasi</span> <span class='ocrx_word' id='word_1_673' title='bbox 1867 2568 1989 2600; x_wconf 82' lang='lat' dir='ltr'>concio</span> <span class='ocrx_word' id='word_1_674' title='bbox 2014 2575 2062 2601; x_wconf 87' lang='lat' dir='ltr'>est</span> <span class='ocrx_word' id='word_1_675' title='bbox 2087 2571 2129 2602; x_wconf 79' lang='lat' dir='ltr'>de</span> <span class='ocrx_word' id='word_1_676' title='bbox 2153 2571 2247 2604; x_wconf 90' lang='lat' dir='ltr'>mul-</span> 
     </span>
     <span class='ocr_line' id='line_1_108' title="bbox 1258 2619 2245 2656; baseline -0.001 -1"><span class='ocrx_word' id='word_1_677' title='bbox 1258 2629 1370 2655; x_wconf 88' lang='lat' dir='ltr'>tarum</span> <span class='ocrx_word' id='word_1_678' title='bbox 1397 2628 1427 2653; x_wconf 86' lang='lat' dir='ltr'>et</span> <span class='ocrx_word' id='word_1_679' title='bbox 1452 2619 1696 2653; x_wconf 77' lang='lat' dir='ltr'>excellentium</span> <span class='ocrx_word' id='word_1_680' title='bbox 1724 2627 1755 2653; x_wconf 85' lang='lat' dir='ltr'>et</span> <span class='ocrx_word' id='word_1_681' title='bbox 1783 2619 2055 2652; x_wconf 81' lang='lat' dir='ltr'>necessariarum</span> <span class='ocrx_word' id='word_1_682' title='bbox 2075 2620 2245 2656; x_wconf 77' lang='lat' dir='ltr'>virtutum</span> 
     </span>
     <span class='ocr_line' id='line_1_109' title="bbox 1258 2673 1392 2706; baseline 0.007 -1"><span class='ocrx_word' id='word_1_683' title='bbox 1258 2673 1392 2706; x_wconf 74' lang='lat' dir='ltr'>officiis.</span> 
     </span>
    </p>
   </div>
   <div class='ocr_carea' id='block_1_22' title="bbox 2293 0 2338 2958">
    <p class='ocr_par' dir='ltr' id='par_1_24' title="bbox 2293 0 2338 2958">
     <span class='ocr_line' id='line_1_110' title="bbox 2293 0 2338 2958; baseline 0 0"><span class='ocrx_word' id='word_1_684' title='bbox 2293 0 2338 2958; x_wconf 95' lang='lat' dir='ltr'> </span> 
     </span>
    </p>
   </div>
  </div>
 </body>
</html>
