2338 2958
105 123 180 160 329
715 123 876 159 DECL.

53 226 59 228 “
106 217 252 245 testatur
268 209 335 243 sibi
356 219 459 242 curae
481 220 571 250 esse,
606 221 650 242 ne
676 210 940 254 opprimantur,
966 221 1010 243 ne
1029 209 1090 242 de-

107 262 244 295 leantur
259 258 315 300 hi,
342 259 404 304 qui
419 260 560 294 student
576 272 702 293 ornare
719 260 954 294 ministerium
969 259 1090 294 Evan-

103 311 202 355 gelii,
235 311 297 355 qui
322 310 400 354 pios
424 311 584 344 doctores
608 312 814 345 defendunt.
870 311 986 353 Quam
1010 311 1090 355 pul-

102 359 185 394 chre
198 359 360 395 Christus
389 361 502 405 pinxit
526 362 629 395 nobis
647 360 822 395 Ecclesiae
846 362 1033 405 imaginem
1052 361 1089 394 in

101 411 252 450 Lazaro,
286 411 348 456 qui
374 423 476 455 egens
499 419 531 445 et
556 413 723 446 laceratus
749 412 927 445 ulceribus
947 412 1086 445 iacetin

101 463 276 496 vestibulo
301 462 438 501 divitis,
473 474 492 495 a
517 475 586 508 quo
610 462 798 505 negligitur
820 470 853 495 et
879 464 969 495 fame
987 474 1089 495 neca-

101 513 183 546 tur'?
217 512 285 547 Sed
303 519 418 546 tamen
430 512 524 546 Deus
542 521 687 547 testatur
705 525 784 545 eum
802 513 868 545 sibi
886 525 989 545 curae
1004 524 1089 553 esse,

99 575 178 597 cum
196 562 350 607 Angelos
374 565 415 596 ad
438 564 552 607 ipsum
577 564 695 597 mittit.
758 562 808 596 lta
827 563 913 596 iacet
933 561 1086 596 Ecclesia

99 613 137 647 in
146 613 283 657 Regum
303 613 550 658 etPrincipum
569 614 743 658 imperiis,
767 621 799 647 et
810 626 880 646 non
894 614 1006 646 solum
1026 626 1086 646 ne-

99 665 261 709 gligitur,
296 665 355 697 sed
386 665 490 698 etiam
522 665 766 702 conculcatur,
802 664 943 708 respicit
969 670 1084 697 tamen
1111 675 1113 695 ε

98 727 174 749 eam
191 714 305 756 Deus,
334 721 368 749 et
383 715 489 748 mittit
505 714 641 759 aliquos
656 714 812 758 Angelos
836 727 874 748 ac
892 714 1087 758 Principes,
1110 740 1112 742 v

96 777 115 799 a
132 766 260 811 quibus
275 766 503 804 defendatur,
527 777 591 798 nec
607 765 779 809 opprimi,
806 772 867 798 aut
885 765 994 798 deleri
1009 777 1085 798 eam
1109 777 1112 820 J

97 816 192 852 sinit.
248 816 361 849 Vidua
387 815 577 859 Sareptana
605 823 785 860 exceperat
809 815 947 848 Heliam
966 814 1087 860 hospi-
1110 825 1112 838 ³

96 867 170 908 cio,
198 879 276 900 cum
299 878 440 899 annona
465 873 555 899 esset
571 867 783 907 arctissima,
812 879 874 910 pro
892 879 961 912 quo
979 867 1084 899 beness

95 918 173 950 ficio
206 916 303 951 Deus
338 928 414 949 earn
439 917 628 950 durissimo
656 917 717 949 illo
752 923 908 961 tempore
934 918 1086 961 benigne
1109 928 1111 955 f

94 968 199 1012 pavit.

93 1019 188 1051 iuxta
214 1018 451 1058 vocationem,
485 1018 605 1051 iuvare
637 1025 669 1051 et
695 1030 821 1051 ornare
848 1019 1082 1052 ministerium
1108 1046 1109 1056 J

252 968 303 1000 lta
326 967 435 1001 sciant
453 979 574 1001 omnes
592 967 668 1000 Deo
688 974 823 1010 gratum
843 969 996 1001 officium
1013 980 1084 1001 esse
1108 991 1110 1005 ,

92 1067 290 1112 Evangelii.
350 1066 504 1102 Econtra
528 1081 612 1102 vero
635 1069 857 1112 gravissimas
875 1081 1005 1113 poenas
1021 1071 1083 1102 da—
1107 1072 1109 1120 J

91 1119 162 1153 turi
181 1127 262 1153 sunt
280 1119 420 1164 tyranni
433 1126 537 1164 atque
548 1119 668 1162 impii,
692 1120 752 1164 qui
769 1120 823 1152 vel
840 1127 1083 1161 contemnunt,
1107 1124 1109 1135 ¹

91 1170 147 1203 vel
163 1171 268 1203 etiam
286 1170 455 1209 oderunt,
488 1176 521 1203 et
537 1170 736 1214 opprimere
763 1171 942 1204 ministros
962 1170 1081 1205 Evan-
1106 1185 1108 1213 J

90 1220 171 1264 gelii
190 1227 374 1255 conantur.

91 1283 181 1304 nus:
211 1271 366 1305 Ulciscar
381 1271 586 1314 sanguinem
609 1283 791 1304 servorum
818 1284 975 1306 meorum
993 1272 1081 1305 Pro-

90 1319 277 1366 phetarum
302 1323 344 1354 de
367 1333 476 1354 manu
500 1321 644 1355 lesabel.
699 1321 779 1354 Non
799 1324 863 1355 erit
883 1323 1080 1367 impunitus

89 1379 309 1416 contemptus
337 1371 582 1405 ministrorum
610 1371 814 1415 Evangelii,
851 1374 986 1407 dabunt
1014 1374 1079 1406 ali—
1103 1394 1105 1424 J

427 1219 525 1254 Sicut
543 1221 580 1253 in
597 1228 721 1266 quarto
739 1220 876 1265 Regum
892 1222 941 1255 ait
956 1221 1080 1255 Domi·
1104 1240 1107 1279 J

89 1424 232 1468 quando
249 1434 379 1467 poenas
394 1434 475 1455 suae
491 1423 706 1456 crudelitatis
723 1423 885 1468 tyranni,
911 1424 970 1468 qui
983 1435 1079 1467 gras·
1102 1447 1105 1484 J

88 1480 212 1507 santur
229 1473 265 1505 in
282 1473 369 1517 pios.
422 1472 523 1506 Hanc
542 1474 819 1506 admonitionem
847 1475 1079 1508 adolescenti-
1102 1494 1104 1513 1

88 1524 153 1557 bus
169 1521 235 1557 hoc
253 1530 410 1567 tempore
427 1524 656 1556 necessariam
674 1536 746 1557 esse
764 1525 858 1558 duxi.
913 1524 1005 1567 Quia
1026 1526 1070 1558 vi·
1101 1528 1104 1559 J

87 1575 210 1608 demus
226 1574 356 1607 multos
373 1574 562 1618 impiorum
581 1575 748 1618 exemplis
765 1575 961 1619 corrumpi,
984 1583 1018 1609 et
1035 1577 1077 1608 de
1102 1573 1103 1585 ³

87 1625 283 1658 ministerio
315 1622 503 1668 Evangelii
530 1637 568 1658 ac
600 1626 716 1658 studio
747 1637 922 1658 sacrarum
959 1627 1076 1659 litera-

86 1687 165 1708 rum
189 1675 422 1708 irreverenter
445 1676 585 1710 sentire.
638 1675 715 1709 Hoc
741 1683 878 1719 oportet
901 1677 1006 1717 scire,
1040 1690 1075 1711 se

85 1724 161 1759 Deo
181 1726 365 1770 praecipue
388 1723 482 1759 hunc
505 1727 637 1760 cultum
665 1727 808 1768 debere,
842 1735 879 1760 ut
904 1735 1021 1761 ament
1044 1735 1072 1761 et

85 1783 311 1810 revereantur
324 1776 558 1810 ministerium
576 1775 772 1820 Evangelii.
815 1777 954 1811 Deinde
970 1779 1073 1811 etiam
1100 1799 1101 1802 =

85 1827 250 1871 pietatem
277 1839 349 1859 esse
367 1839 573 1871 praeparare
591 1827 770 1871 ingenium
782 1855 790 1868 ,
825 1835 863 1861 ut
883 1829 1074 1873 aliquando

86 1875 262 1911 Ecclesiae
285 1878 391 1921 possit
416 1889 487 1910 esse
509 1878 599 1910 usui.
660 1878 778 1920 Quare
798 1879 952 1912 officium
972 1891 1072 1912 suum

85 1928 223 1962 discant
239 1929 491 1968 adolescentes,
514 1935 545 1961 et
563 1928 758 1971 intelligere
774 1936 805 1961 et
823 1930 944 1963 facere.
990 1930 1072 1963 Pre-

84 1991 145 2012 cor
160 1986 275 2012 autem
294 1979 486 2012 Dominum
506 1986 666 2012 nostrum
685 1979 797 2012 lesum
813 1977 1011 2021 Christum,
1035 1988 1073 2014 ut
1098 2004 1099 2007 =

85 2030 244 2063 omnium
264 2037 395 2063 mentes
413 2029 607 2062 inflammet
623 2028 752 2063 Sancto
771 2030 907 2074 Spiritu
926 2043 1008 2070 suo,
1035 2039 1071 2065 ut
1096 2042 1099 2074 J

84 2077 317 2124 Evangelium
334 2080 444 2124 ipsius
460 2092 540 2113 vere
555 2080 813 2124 intelligamus,
841 2089 873 2115 et
889 2083 919 2115 ei
936 2083 1072 2116 obtem-
1095 2077 1098 2160 J

85 2142 264 2173 peremus,
288 2138 325 2164 ut
341 2131 450 2174 gloria
461 2129 527 2164 Dei
545 2131 675 2164 nostris
692 2132 817 2165 studiis
834 2143 970 2177 semper
988 2134 1071 2167 illu-
1095 2162 1097 2206 J

86 2187 216 2214 stretur
231 2188 334 2226 atque
355 2189 514 2215 ornetur.
564 2181 657 2215 Dixi.

84 2425 150 2461 No.
165 2424 225 2461 45.
901 2441 948 2461 an.
967 2432 1057 2462 1537.

348 2552 421 2592 De
454 2551 697 2592 concordia
723 2558 804 2592 etc.

154 2647 232 2680 Apud
252 2648 326 2673 Cra«.
346 2646 415 2681 xyst,
440 2656 466 2679 ρ.
489 2647 561 2677 159.,
588 2646 614 2671 in
641 2647 789 2675 theta-21.
809 2647 840 2672 Τ.
858 2648 877 2673 Ι-
899 2658 925 2681 Ρ.
941 2650 1015 2681 567.,
1040 2651 1065 2676 in

187 2682 301 2707 Servent.
314 2682 346 2708 T.
363 2682 382 2707 Ι.
398 2691 421 2716 p.
437 2682 494 2707 494.
513 2687 538 2706 et
553 2682 621 2715 apud
636 2681 760 2707 nithard.
775 2682 806 2707 T.
818 2682 836 2708 l.
851 2691 876 2715 p.
891 2683 948 2709 13⁴.

920 123 993 159 DE
1031 119 1383 159 CONCORDIA
1414 132 1496 157 mc.

1106 1172 1107 1175 ¹
1133 1157 1374 1200 disciplinam,
1404 1159 1446 1191 ad
1473 1170 1586 1191 mores
1610 1159 1814 1193 formandos
1834 1160 2022 1203 pertinent.

1095 2209 1097 2215 ,
1123 2175 1352 2203 momentum.

1094 2218 1097 2228 ¹
1124 2219 1288 2262 spicimus
1308 2232 1391 2260 nos,
1419 2232 1506 2266 quos
1533 2221 1601 2253 iam
1629 2234 1728 2263 usus,
1756 2231 1869 2263 aetas,
1897 2225 2108 2258 mutationes

2054 127 2130 161 330

1140 212 1270 245 oratio
1298 207 1348 245 de
1381 209 1580 244 concordia
1615 215 1652 244 et
1689 214 2021 246 communicatione
2045 218 2128 247 siu-

1139 262 1286 296 diorum
1315 267 1430 307 atque
1459 272 1674 304 operarum,
1718 265 1756 297 in
1786 266 2014 307 promotione
2041 266 2127 298 Ma-

1137 317 1340 359 9istrorum
1372 314 1476 348 dicta
1509 323 1534 349 α
1567 314 1720 347 Decano
1750 316 1850 361 sslay.
1888 314 2125 348 Ambrosio

1214 364 1566 409 luterbocensi,
1603 375 1701 400 anno
1731 367 2048 400 M.1)..,t'.tlt‘1'11.

1139 438 1236 480 Cum
1263 445 1465 490 Agesilaum
1492 447 1622 491 Regem
1655 449 1881 493 spartarum,
1920 448 2016 481 dorni
2047 460 2127 482 suae

1138 510 1216 530 cum
1235 499 1350 541 parvis
1366 499 1487 532 liberis
1506 499 1539 531 in
1559 500 1683 532 baculo
1701 501 1914 544 equitantem
1931 497 2128 543 deprehen-

1138 548 1244 582 disset
1260 549 1402 593 quidam
1426 562 1465 583 ex
1484 548 1660 590 Ducibus,
1687 563 1768 583 casu
1793 550 2048 591 interveniens,
2073 558 2126 585 at-

1138 611 1204 643 que
1221 600 1418 640 admirans,
1446 600 1575 643 Regem
1587 629 1594 640 ,
1623 608 1653 634 et
1670 602 1810 646 quidem
1827 603 1949 641 talem,
1978 614 2047 647 quo
2064 601 2126 635 illa

1137 656 1246 682 aetate
1273 651 1393 683 nullus
1412 651 1466 683 vir
1485 652 1715 695 praestantior
1739 653 1775 684 in
1801 659 1871 686 tota
1889 652 2034 687 Graecia
2053 664 2124 687 esse

1138 700 1377 741 iudicabatur‚
1402 699 1468 734 hoc
1487 703 1591 735 modo
1609 715 1687 735 cum
1707 703 1823 746 pueris
1846 704 2038 744 colludere,
2066 717 2125 748 pe-

1110 763 1112 766 ·
1137 751 1179 783 tit
1204 751 1386 794 Agesilaus
1407 753 1547 785 veniam
1571 753 1614 786 ab
1638 753 1722 793 isto,
1755 754 1928 798 siquidem
1946 752 2002 788 hic
2020 755 2125 788 ludus

1137 801 1316 835 videretur
1339 803 1474 837 alienus
1501 804 1593 846 regia
1616 804 1797 846 gravitate.
1861 803 1998 838 Deinde
2018 806 2126 846 addit,

1135 864 1170 884 se
1186 864 1259 885 non
1281 859 1419 887 tantum
1445 854 1561 887 oneris
1585 855 1652 898 ipsi
1677 855 1876 899 imponere,
1903 862 1943 889 ut
1959 863 2126 900 perpetuo

1137 900 1226 936 hanc
1248 915 1321 936 rem
1347 905 1452 937 taceri
1478 905 1648 948 postulet,
1675 908 1733 938 sed
1758 913 1874 949 rogat,
1899 913 1939 940 ut
1955 907 2126 951 tantisper

1109 960 1282 994 vtaceret,
1317 956 1430 988 donec
1460 955 1532 998 ipse
1562 956 1692 989 liberos
1724 954 1882 990 liaberet:
1926 958 2125 1001 significans

1108 1020 1109 1033 ι
1135 1016 1213 1037 eum
1231 1005 1432 1049 quiliberos
1442 1018 1514 1038 uon
1530 1003 1693 1045 haberet,
1717 1019 1789 1039 non
1807 1007 2018 1049 intelligere,
2039 1009 2125 1053 quid

1108 1057 1110 1065 '
1135 1053 1286 1088 habeant
1303 1053 1341 1088 hi
1359 1057 1433 1089 ludi
1457 1069 1529 1089 non
1546 1057 1625 1089 dico
1643 1057 1849 1101 voluptatis,
1875 1059 1933 1091 sed
1952 1059 2124 1094 utilitatiS.

1134 1105 1306 1147 Quamvis
1323 1108 1417 1140 enim
1436 1120 1497 1151 per
1513 1119 1547 1141 se
1563 1108 1732 1141 ridiculae
1748 1120 1802 1141 res
1818 1115 1917 1149 sunt,
1944 1116 2059 1142 tamen
2079 1111 2120 1142 ad

2076 1159 2122 1194 Et

1106 1219 1107 1226 ¹
1133 1209 1286 1250 prudens
1303 1215 1400 1251 pater
1416 1209 1599 1252 intelligit,
1627 1221 1788 1253 magnam
1807 1211 1877 1243 vim
1898 1211 2122 1244 assuefactio-

1132 1258 1186 1291 uis
1212 1270 1284 1291 esse
1312 1259 1348 1291 in
1369 1267 1489 1293 tenera
1512 1267 1643 1300 aetate,
1678 1262 1780 1293 etiam
1809 1261 1844 1293 in
1863 1258 1916 1294 his
1935 1262 2122 1294 levissimis

1131 1309 1312 1341 exercitiis.
1374 1309 1422 1344 Et
1444 1317 1559 1344 autem
1586 1311 1643 1343 ille
1671 1310 1863 1355 Spartanus
1891 1312 2040 1345 miratur
2061 1325 2122 1356 pa—

1131 1366 1216 1392 trem
1235 1360 1472 1394 colludentem
1491 1373 1568 1393 cum
1588 1362 1703 1404 parvis
1719 1362 1815 1402 filiis,
1842 1362 1888 1395 ita
1907 1363 2009 1395 multi
2027 1375 2120 1396 nunc

1103 1426 1105 1432 Α
1130 1410 1280 1454 quadam
1297 1410 1480 1444 inusitatae
1497 1411 1686 1455 sapientiae
1705 1412 1928 1455 persuasione
1945 1413 2119 1451 derident,

1131 1473 1209 1492 cum
1229 1461 1316 1493 alios
1341 1463 1470 1494 multos
1498 1469 1629 1494 veteres
1653 1469 1685 1495 et
1702 1460 1868 1496 honestos
1884 1475 2016 1504 mores,
2044 1471 2118 1497 tum

1131 1510 1233 1542 etiam
1252 1508 1315 1543 hos
1338 1509 1562 1545 scholasticos
1587 1514 1730 1555 gradus,
1766 1521 1798 1547 et
1819 1515 2011 1557 spectacula
2036 1527 2117 1559 pro-

1129 1561 1339 1596 motionum.
1390 1561 1489 1604 Quos
1510 1562 1613 1595 velim
1638 1561 1727 1596 hanc
1746 1562 1899 1606 Agesilai
1919 1566 2119 1608 responsio-

1100 1638 1103 1642 .
1130 1623 1207 1643 nem
1231 1613 1469 1653 considerare,
1505 1626 1568 1646 nec
1594 1614 1691 1657 prius
1713 1614 1910 1658 vituperare
1931 1623 2046 1648 vetera
2063 1617 2117 1649 in-

1129 1662 1268 1701 stituta,
1295 1675 1399 1707 qnam
1424 1664 1487 1707 ipsi
1513 1661 1664 1698 habeant
1682 1665 1829 1705 liberos,
1865 1663 1931 1698 hoc
1950 1673 2017 1705 est,
2045 1680 2116 1700 non

1130 1713 1224 1756 prius
1248 1725 1351 1757 quam
1384 1715 1621 1758 perspexerint
1644 1723 1772 1760 quauta
1803 1717 1845 1749 sit
1871 1717 2053 1750 infirmitas
2079 1719 2116 1751 in

1128 1770 1243 1795 tenera
1273 1770 1398 1801 aetate,
1435 1777 1520 1809 quas
1553 1767 1597 1798 ob
1630 1778 1748 1799 causas
1783 1764 1819 1798 hi
1849 1767 1944 1807 ludi,
1978 1769 2117 1811 gradus,

1127 1814 1220 1846 tituli
1240 1815 1409 1857 propositi
1437 1816 1524 1856 sint,
1555 1823 1724 1860 quantum
1750 1817 1875 1851 reserat
1892 1819 2039 1861 puerilia
2059 1819 2116 1851 in-

1127 1865 1224 1906 genia
1242 1863 1295 1897 his
1316 1866 1443 1899 ritibus
1464 1874 1555 1900 certo
1576 1868 1726 1911 quodam
1746 1868 1869 1901 ordine
1893 1869 2115 1910 assuefacere,

1127 1928 1163 1948 ac
1200 1913 1392 1958 provehere
1430 1917 1465 1948 in
1508 1918 1692 1958 discendo,
1737 1926 1905 1963 quantum
1944 1920 2113 1954 conducat

1126 1967 1342 2010 exemplum,
1372 1974 1409 2000 ut
1426 1969 1610 2001 assuefiant
1627 1970 1666 2001 ad
1686 1970 1844 2012 publicos
1862 1982 1976 2003 mores
1991 1983 2113 2004 aman—

1125 2017 1197 2049 dos.
1254 2016 1476 2051 Incredibilis
1496 2019 1679 2052 infirmitas
1699 2027 1748 2053 est
1772 2021 1968 2054 animorum
1993 2022 2112 2065 pueri-

1124 2067 1230 2105 lium,
1265 2080 1372 2112 quare
1403 2070 1444 2101 ad
1472 2081 1530 2102 eos
1566 2071 1784 2111 excitandos,
1822 2073 2010 2115 regendOS,
2052 2080 2112 2106 aut

1124 2119 1387 2161 depravandos,
1416 2132 1542 2163 parvae
1561 2133 1614 2153 res
1639 2133 1740 2165 saepe
1764 2134 1928 2165 magnum
1947 2123 2111 2157 adserunt

1414 2169 1514 2203 Hanc
1539 2171 1776 2205 infirmitatem
1801 2185 1870 2218 quo
1897 2173 2005 2215 magis
2031 2187 2110 2217 per-

1122 2268 1275 2313 Reipub.
1292 2281 1412 2313 graves
1429 2272 1652 2312 erudierunt,
1680 2286 1718 2306 co
1737 2275 1844 2317 magis
1866 2287 2023 2307 amamus
2045 2273 2108 2309 lios

1123 2317 1347 2353 scholasticos
1363 2334 1478 2355 mores
1504 2323 1698 2364 institutos,
1722 2331 1760 2357 ut
1783 2325 1908 2358 studiis
1925 2326 2032 2369 prosit
2050 2339 2108 2359 or-

1122 2372 1186 2410 do,
1220 2378 1259 2404 ut
1287 2372 1422 2405 discant
1448 2373 1683 2407 adolescentes
1713 2375 1879 2408 ordinum
1905 2376 2108 2409 discrimina

1123 2422 1327 2464 intelligere.
1383 2421 1503 2468 ltaque
1522 2436 1591 2457 non
1618 2437 1816 2458 recusamus
1833 2439 2032 2472 quanquam
2052 2439 2106 2460 se-

1121 2479 1316 2513 nescentcs,
1349 2473 1386 2505 iu
1417 2471 1506 2507 lianc
1535 2487 1672 2508 scenam
1699 2477 1858 2520 prodire,
1892 2485 1925 2511 et
1948 2485 2106 2511 amanter

1121 2523 1269 2566 petimus
1293 2535 1309 2555 a
1334 2525 1643 2567 prudentioribus,
1676 2534 1715 2561 ut
1739 2534 1770 2560 et
1795 2528 1860 2571 ipsi
1884 2529 2022 2561 faveant
2049 2526 2103 2561 his

1119 2574 1340 2617 spectaculis,
1368 2583 1510 2619 propter
1527 2577 1718 2611 iuventutis
1732 2578 1931 2614 utilitatem.
1982 2579 2103 2622 Neque

1119 2625 1210 2657 enim
1239 2631 1374 2657 tantum
1397 2627 1438 2659 ad
1464 2624 1558 2660 hunc
1579 2635 1736 2669 coetum,
1772 2629 1832 2674 qui
1860 2630 1893 2662 in
1922 2627 1987 2661 hoc
2005 2626 2101 2661 thea—

1118 2682 1209 2709 trum
1230 2676 1418 2715 confluxit,
1445 2679 1503 2711 sed
1528 2680 1571 2712 ad
1595 2686 1732 2713 nostros
1755 2680 1883 2713 liberos
1911 2687 1942 2712 et
1967 2680 2007 2711 ad
2039 2691 2101 2723 po·
