2338 2958
189 135 263 174 815

197 331 390 361 exercetur:
417 326 534 353 tamen
555 312 661 347 simul
683 308 739 344 bis
755 305 1013 341 calamitatibus
1030 314 1187 338 eommo-

199 375 319 411 nefieri
346 374 458 405 bonas
478 371 631 404 mentes,
663 367 702 396 ut
724 359 834 393 sciant
861 367 971 402 genus
992 353 1190 389 humanum

201 439 274 462 non
292 425 333 457 ad
352 420 444 455 hanc
460 423 597 452 tantum
614 414 860 447 aerumnosam
875 408 984 441 vitam
1008 405 1192 440 conditum

203 489 293 516 esse,
322 473 380 507 sed
408 470 515 504 alium
541 472 670 500 restare
696 468 856 507 portum,
882 459 921 491 in
937 469 1007 503 quo
1030 455 1194 490 homines

202 528 278 562 Deo
295 524 365 559 cari
381 519 614 566 acquiescant.
655 514 885 558 Nequaquam
899 509 994 542 enim
1011 512 1196 563 consenta-

204 589 309 612 neum
327 581 379 608 est
391 601 399 615 ‚
424 570 516 605 hanc
531 574 694 601 naturam
711 563 887 597 conditam
903 561 946 594 ad
964 558 1030 593 Dei
1046 557 1198 614 agnitio-

207 640 286 663 nem
316 638 354 659 ac
382 620 672 658 celebrationem,
700 615 742 648 ad
765 620 923 647 aeternas
939 617 1076 643 tantum
1094 618 1200 663 mise-

207 681 276 713 rias
301 675 415 715 nasci,
442 674 477 706 in
499 671 628 716 quibus
649 666 825 699 celebrare
842 661 956 695 Deum
979 672 1052 693 non
1079 664 1200 704 possit.

209 730 305 764 Haec
330 723 418 760 mibi
448 720 612 765 cogitatio
643 727 743 759 saepe
774 713 876 747 leniit
902 711 1079 749 dolorem,
1113 719 1202 764 quae

211 781 353 826 quidem
371 777 474 809 etiam
491 771 600 813 magis
617 773 733 802 movet
753 766 911 803 animos,
937 774 1018 795 cum
1039 772 1078 794 ex
1103 771 1203 817 omni

212 829 421 875 antiquitate
446 821 622 858 Ecclesiae
644 816 834 861 repetimus
856 813 1015 856 exempla
1045 811 1206 845 miserta-

212 895 302 922 rnm,
322 890 406 925 quas
420 875 466 920 pii
480 873 652 908 tulerunt:
672 879 823 914 quorum
839 863 1073 920 consideratio
1088 868 1206 895 osten-

214 934 267 967 dit
291 938 487 973 utrunque,
516 929 548 956 et
565 921 630 956 Dei
656 918 803 953 consilio
828 927 893 949 nos
909 926 1079 953 exerceri,
1105 919 1139 946 et
1154 923 1208 945 se-

216 990 376 1017 cuturam
394 989 465 1012 esse
488 972 752 1010 liberationem,
779 968 809 1002 si
827 974 945 1001 tamen
962 964 1162 1000 doctrinam
1176 969 1209 995 et

217 1031 477 1068 invocationem
497 1037 569 1060 non
589 1021 832 1057 abiecerimus.

319 1133 487 1170 Dulciora
504 1129 648 1163 fortasse
663 1124 778 1160 studia
802 1128 884 1156 sunt
904 1121 941 1154 in
963 1120 1068 1153 rebus
1085 1127 1211 1152 secun-

220 1189 292 1228 dis,
320 1186 376 1219 sed
397 1181 499 1216 multi
517 1187 600 1213 tunc
618 1176 851 1210 blandiuntur
867 1172 936 1206 sibi
952 1170 1030 1215 ipsi,
1057 1176 1090 1202 et
1106 1179 1212 1225 quae-

222 1245 305 1273 runt
322 1233 514 1270 ambitione
530 1235 587 1263 aut
602 1222 824 1275 ([ιλοιέικίᾳ,
855 1221 1041 1267 opiniones
1059 1218 1213 1252 inutiles.

221 1291 327 1324 Hanc
357 1283 592 1319 curiositatem
624 1287 812 1311 aerumnae
841 1278 1086 1317 compescunt,
1125 1279 1215 1314 quae

221 1352 286 1374 nos
310 1338 351 1371 ad
379 1332 572 1369 necessaria.
593 1328 731 1364 timoris
755 1333 788 1360 et
809 1325 891 1358 fidei
916 1322 1079 1357 exercitia
1102 1320 1216 1354 dedu-

223 1397 326 1429 cunt,
352 1394 390 1420 ut
411 1396 506 1419 nunc
528 1382 616 1416 seria
639 1377 827 1413 certamina
845 1387 964 1409 rerum
982 1372 1215 1428 maximarum

224 1439 492 1486 explicationem
531 1431 730 1478 requirunt.
801 1426 969 1473 Synodus
1003 1423 1216 1457 Tridentma

224 1489 440 1534 corruptelas
457 1485 625 1532 quasdam
643 1479 754 1515 edidit
770 1479 813 1512 de
829 1478 902 1521 lege
918 1475 1002 1516 Dei,
1027 1481 1061 1509 et
1076 1474 1119 1507 de
1135 1484 1218 1517 pro-

225 1540 474 1578 missionibus,
501 1546 589 1580 quae
607 1534 678 1567 duo
703 1530 816 1575 capita
839 1534 922 1563 sunt
942 1526 1123 1561 doctrinae
1140 1535 1218 1557 coe-

229 1594 324 1628 lestis
349 1588 546 1635 praecipua.
599 1584 727 1626 Legem
754 1581 964 1619 obscurant,
987 1588 1068 1610 cum
1089 1580 1219 1618 negant

229 1643 479 1679 dubitationes,
494 1647 582 1682 quae
599 1640 680 1668 sunt
698 1632 734 1664 in
751 1629 956 1664 bominibus
973 1628 1016 1661 de
1031 1625 1119 1666 Deo,
1136 1626 1219 1682 item

229 1695 372 1729 vitiosas
388 1688 621 1733 cupiditatum
643 1684 801 1716 flammas
818 1680 909 1713 mala
927 1690 1000 1712 esse
1026 1682 1220 1721 pugnantia

229 1758 308 1780 cum
328 1745 400 1786 lege
418 1739 494 1773 Dei.
548 1737 671 1770 Postea
690 1731 959 1778 promissionem
978 1729 1114 1768 delent,
1141 1737 1220 1760 cnm

231 1797 353 1830 iubent
371 1791 533 1825 dubitare
552 1799 596 1820 an
618 1786 653 1818 in
672 1783 817 1827 gratiam
837 1780 1066 1825 recipiamur,
1093 1788 1161 1822 qua
1185 1776 1222 1809 in

231 1844 450 1881 dubitatione
476 1840 506 1874 si
528 1838 780 1882 relinquuntur
797 1831 923 1872 animi,
950 1842 1015 1863 nec
1032 1830 1075 1862 ‹le
1095 1828 1223 1862 timore

232 1905 322 1932 recte
353 1897 524 1928 docentur
554 1886 736 1923 homines,
770 1895 834 1917 nec
861 1880 1056 1916 consolatio
1088 1877 1224 1924 pavidis

233 1946 466 1995 proponitur,
493 1950 525 1976 et
542 1938 768 1974 excutiuntur
781 1933 958 1968 invocatio
977 1939 1010 1966 et
1028 1941 1118 1976 speS,
1145 1941 1224 1963 cum

234 2007 368 2033 mentes
394 2007 467 2029 non
489 1992 619 2026 audent
647 1989 682 2021 in
708 1986 783 2020 Deo
809 1985 1039 2030 acquiescere.
1097 1978 1143 2014 Et
1173 1991 1225 2013 se-

234 2057 388 2096 quentur
404 2046 472 2079 alia
488 2045 625 2077 decreta
639 2037 858 2072 absurdiora.
911 2034 1013 2068 Nune
1031 2031 1138 2076 igitur
1153 2042 1224 2063 non

236 2103 413 2143 litigamus
437 2107 515 2129 cum
542 2088 749 2126 adversariis
765 2088 809 2120 de
825 2086 941 2131 parvis
958 2085 1083 2124 rebus,
1109 2082 1167 2116 sed
1185 2082 1227 2114 de

236 2147 449 2195 gravissimis
466 2143 642 2183 materiis,
666 2151 754 2186 quae
772 2138 815 2172 ad
834 2135 1052 2182 agnitionem
1075 2139 1107 2167 et
1125 2133 1228 2166 invo-

238 2203 409 2236 cationem
427 2197 489 2232 D··i
509 2194 696 2241 pertinent,
723 2190 766 2223 de
784 2188 912 2234 quibus
929 2199 992 2221 suo
1012 2186 1088 2219 loco
1107 2184 1228 2218 dicen-

239 2256 322 2286 dum
344 2251 419 2284 erit.
464 2246 536 2280 lam
555 2257 636 2278 vero
654 2243 731 2276 ideo
748 2246 885 2274 tantum
900 2236 965 2271 boc
982 2245 1229 2273 commemoro„

239 2313 276 2337 ut
300 2316 376 2336 rum
402 2298 466 2333 bae
491 2296 650 2330 miseriae
667 2292 855 2337 praebeant
875 2289 1094 2322 occasionem
1114 2286 1157 2319 de
1175 2297 1229 2318 re-

242 2357 306 2388 bus
329 2349 529 2386 :necessariis
554 2343 765 2382 disserendi,
792 2340 909 2375 sciatis
927 2338 1084 2373 discendi
1111 2348 1228 2370 curam

241 2419 312 2439 non
339 2401 581 2436 remittendam
614 2408 699 2429 esse.
762 2392 837 2427 lmo
862 2403 966 2436 quam
997 2394 1157 2423 tenerent
1182 2387 1228 2431 pii

241 2453 517 2491 consolationem
546 2450 580 2481 in
609 2445 662 2480 bis
688 2445 770 2490 ipsis
795 2441 1070 2478 calamitatibus,
1098 2439 1124 2472 si
1148 2435 1229 2471 baec

242 2505 416 2540 dubitatio
439 2499 676 2533 confirmanda
703 2496 813 2529 esset?

243 2561 328 2594 tius,
356 2568 398 2587 an
419 2553 490 2586 l)··o
509 2552 636 2594 placeat
656 2546 846 2583 consessio,
875 2556 945 2589 quo
962 2543 1079 2575 auimo
1096 2539 1231 2583 suppli·

242 2612 335 2643 cium
353 2605 460 2639 adibit
474 2603 488 2621 7
515 2602 607 2646 qnod
626 2599 692 2632 erit
709 2598 818 2631 robur
836 2596 870 2628 in
888 2594 999 2637 rogo?
1030 2592 1121 2625 Cum
1141 2590 1231 2624 Deus

242 2671 272 2693 et
301 2655 548 2702 promissiones
577 2649 777 2686 tradiderit.
810 2654 840 2681 et
869 2644 1097 2679 iureiurando
1130 2641 1232 2696 nobis

242 2709 499 2744 ‹inuitatum-m
525 2703 673 2735 exiam-re
693 2701 790 2737 velit,
817 2706 852 2732 ut
875 2709 954 2731 tuin
981 2694 1111 2740 inquit:
1143 2691 1232 2724 ”ivo

576 121 733 160 DECL.
772 115 854 166 “DE
888 112 1128 153 s'rtimts
1162 111 1272 155 LIT.
1304 111 1424 151 NON
1455 109 1844 153 DESERENDIS.

295 220 425 256 Veniat
455 214 524 250 hoe
550 220 690 258 quoque
723 206 762 241 in
788 210 964 245 mentem,
999 201 1064 237 etsi
1095 200 1184 235 aliae
1238 213 1322 246 ego,
1348 199 1433 234 nolo
1448 205 1600 233 mortem
1617 198 1828 244 peccatoriS,
1853 200 1914 235 sed
1935 205 1976 235 ut
1994 205 2238 240 convertatur,
2268 198 2285 242 Ξ·

195 285 319 311 causae
339 277 422 306 sunt
443 265 616 312 potiores,
647 270 755 305 quare
774 254 930 291 Ecclesia
954 260 1025 288 tam
1050 252 1187 287 duriter
1239 260 1272 287 et
1292 252 1404 286 vivat:
1435 251 1564 284 surdae
1590 256 1725 284 mentes
1753 255 1858 294 atque
1883 263 1985 286 aures
2011 257 2114 291 sunt,
2148 262 2239 297 quae

866 2493 902 2527 Si
921 2491 1057 2525 dubitet
1075 2489 1231 2523 Lauren·
1256 2498 1258 2510 ³

2160 113 2236 150 816
2276 101 2293 153 '†'

1242 315 1306 337 nec
1337 301 1628 348 promissionem,
1659 311 1725 333 nec
1751 300 1998 337 iusiurandum
2027 302 2151 336 audire
2175 313 2240 335 vo-
2275 335 2277 337 .

1243 356 1341 394 lunt,
1376 353 1435 387 sed
1463 353 1590 386 docent
1617 351 1840 385 retinendam
1869 364 1941 386 esse
1967 353 2241 391 dubitationem,
2275 344 2291 376 Γ·

1245 405 1392 451 perinde
1407 410 1446 438 ut
1463 401 1582 436 haeret
1600 401 1638 434 in
1648 399 1824 443 Etbnicis,
1852 402 1983 446 ignaris
1999 404 2141 438 divinae
2158 415 2241 448 pro·
2272 405 2279 417 ³

1247 455 1435 490 missionis.
1487 452 1587 496 Quid
1612 453 1756 486 interest
1785 453 1879 487 inter
1902 452 2096 487 Ecclesiam
2117 453 2184 488 Dei
2209 461 2242 488 et

1247 506 1439 546 Ethnicos‚
1483 504 1596 537 deleta
1624 503 1884 547 promissione?
1926 516 2014 549 qnae
2048 505 2271 539 consolatio·

1250 559 1350 592 firma
1377 557 1412 589 in
1438 567 1574 589 summo
1599 554 1722 587 dolore
1743 556 1923 589 mentibus
1949 555 2098 600 proponi
2121 561 2245 600 potest,

1252 610 1279 643 si
1308 609 1454 641 tolletur
1482 618 1522 639 ex
1551 612 1738 649 conspectu
1767 606 1888 639 divina
1918 605 2128 651 promissio?
2175 606 2245 640 Sed

1253 659 1378 694 omitto
1405 669 1499 691 nunc
1523 656 1820 700 disputationem,
1847 669 1951 702 quam
1971 657 2115 702 quidem
2137 657 2248 700 attigi,

1254 718 1295 744 ut
1317 721 1412 743 nunc
1430 709 1530 741 valde
1555 719 1643 751 opus
1668 719 1739 740 esse
1761 708 1887 741 studiis
1913 709 2095 741 literarum
2116 707 2248 741 intelli-

1255 761 1362 805 gatis,
1389 767 1422 793 et
1439 771 1482 792 ne
1500 759 1671 792 obruatur
1687 760 1848 792 doctrina
1865 757 2041 792 Ecclesiae
2058 759 2199 803 propria
2216 765 2250 792 et

1256 811 1468 850 necessaria,
1495 815 1530 842 et
1547 820 1589 841 ne
1606 820 1668 842 vos
1685 809 1751 853 ipsi
1769 809 2045 843 consolationem
2062 810 2251 843 salutarem

1257 862 1439 897 amittatis.
1490 859 1580 893 Nam
1598 859 1633 892 in
1653 857 1719 892 hoc
1736 868 1840 905 portu
1865 867 2001 895 tantum
2025 861 2252 905 acquiescunt

1259 914 1338 959 piae
1369 918 1520 951 mentes,
1558 911 1654 956 qnod
1677 911 1853 945 intuentes
1882 911 2150 955 promissionem
2174 911 2253 951 fide,

1260 970 1420 999 statuunt
1444 974 1480 996 se
1511 961 1621 1006 recipi
1649 968 1682 994 et
1706 963 1863 995 exaudiri
1893 975 1910 995 a
1933 961 2028 1003 Deo,
2059 969 2092 996 et
2121 969 2252 996 certam

1262 1027 1359 1060 spem
1392 1012 1523 1048 babent
1558 1012 1680 1045 auxilii
1709 1013 1838 1053 dix-ini,
1872 1021 1912 1047 ut
1939 1025 2003 1046 vox
2032 1013 2090 1046 illa
2120 1013 2252 1059 inquit:

1263 1067 1336 1110 Qui
1353 1065 1537 1100 confidunt
1554 1063 1590 1096 in
1606 1075 1705 1105 eum,
1733 1076 1806 1097 non
1822 1064 2096 1100 confundentur.

1352 1164 1406 1201 Eo
1422 1176 1536 1202 autem
1553 1167 1655 1201 vobis
1671 1172 1703 1200 et
1722 1165 1931 1200 iucundiora
1949 1173 1980 1200 et
1998 1165 2154 1199 faciliora
2172 1163 2256 1199 haec

1264 1219 1379 1253 studia
1396 1230 1468 1252 esse
1483 1225 1660 1264 poterunt,
1689 1217 1772 1262 quia
1786 1215 1852 1250 Dei
1871 1216 2059 1257 beneficio,
2084 1224 2177 1251 recte
2193 1228 2256 1250 vo-

1265 1270 1320 1304 bis
1335 1269 1468 1303 semina
1491 1269 1620 1303 artium
1639 1268 1741 1302 initio
1761 1267 1888 1301 tradita
1907 1274 2008 1307 sunt,
2033 1274 2066 1301 et
2081 1265 2258 1301 Ecclesiae
2281 1309 2287 1311 Α

1266 1321 1464 1355 doctrinam
1480 1318 1646 1354 hausistis
1663 1331 1703 1353 ex
1722 1318 1881 1363 limpidis
1898 1318 2074 1352 sontibus:
2103 1329 2167 1351 nec
2189 1317 2260 1350 ini-

1267 1372 1316 1406 tio
1333 1371 1523 1405 instillatae
1544 1377 1627 1405 sunt
1650 1370 1750 1404 vobis
1774 1369 1914 1414 ineptae
1936 1369 2142 1413 opiniones,
2170 1379 2260 1414 quae

1268 1429 1386 1468 postea
1405 1422 1598 1456 offundunt
1614 1421 1798 1465 caliginem
1817 1420 2015 1461 mentibus,
2040 1431 2129 1465 quae
2146 1420 2261 1465 impe-

1269 1474 1323 1508 dit
1346 1479 1441 1507 recta
1468 1473 1609 1508 iudicia.
1661 1471 1862 1506 Plurimum
1888 1471 1982 1504 enim
2006 1471 2132 1510 refert,
2166 1470 2263 1517 quali

1270 1524 1431 1559 doctrina
1447 1523 1624 1570 principio
1641 1523 1744 1557 rudia
1759 1529 1900 1568 pectora
1917 1522 2135 1558 imbuantur.

1373 1625 1440 1659 IIis
1463 1625 1570 1668 igitur
1592 1623 1809 1667 argumentis
1833 1623 2049 1664 confirmati,
2075 1634 2119 1657 ne
2141 1622 2264 1658 sinatis

1272 1677 1373 1710 vobis
1391 1676 1503 1710 excuti
1520 1676 1700 1710 doctrinae
1718 1675 1847 1708 studia.
1883 1673 2041 1717 Cogitate
2058 1675 2263 1709 mandatum

1272 1727 1338 1763 Dei
1358 1739 1447 1766 esse,
1470 1733 1509 1760 ut
1526 1726 1716 1760 discamus:
1743 1733 1776 1759 et
1794 1725 1868 1759 Deo
1892 1737 1996 1759 curae
2013 1725 2105 1765 sore,
2132 1737 2177 1759 ne
2199 1737 2264 1759 no-

1272 1779 1336 1812 stri
1352 1778 1488 1811 labores
1507 1777 1577 1810 sint
1596 1776 1706 1815 irriti,
1733 1776 1823 1809 sicut
1839 1774 1970 1809 Paulus
1987 1775 2118 1821 inquit:
2147 1775 2266 1810 Labor

1275 1836 1387 1863 vester
1404 1840 1477 1861 non
1492 1828 1558 1862 erit
1576 1827 1692 1860 inanis
1715 1826 1752 1860 in
1767 1826 1934 1862 Domino.
1987 1824 2034 1860 Et
2053 1838 2124 1872 quo
2147 1827 2267 1861 minus

1275 1879 1467 1925 tranquilla
1486 1886 1535 1912 est
1552 1879 1634 1917 vita,
1659 1889 1701 1911 eo
1717 1877 1826 1921 magis
1843 1888 1932 1922 opus
1948 1889 2020 1911 esse
2038 1877 2268 1912 meditatione

1276 1931 1474 1972 doctrinae,
1497 1936 1530 1963 et
1545 1930 1587 1962 ad
1610 1928 1829 1962 excitandam
1855 1928 2134 1969 invocationem,
2166 1936 2200 1963 et
2224 1930 2268 1963 ad

1278 1982 1477 2016 leniendam
1509 1979 1746 2020 moesticiam,
1788 1987 1820 2013 et
1855 1991 1898 2013 ne
1932 1979 2103 2013 obruatur
2132 1980 2269 2016 veritas,

1278 2032 1439 2077 Denique
1462 2029 1546 2065 baec
1570 2031 1642 2075 ipsa
1668 2031 1839 2064 modestia
1861 2042 1986 2074 magna
2004 2030 2115 2064 virtus
2133 2038 2205 2071 est,
2231 2032 2268 2065 in

1279 2082 1333 2117 bis
1357 2082 1512 2116 motibus
1536 2082 1687 2116 retinere
1711 2079 1802 2115 banc
1825 2081 1935 2115 animi
1964 2081 2271 2127 tranquillitatem,

1280 2148 1322 2168 ne
1341 2133 1596 2177 indignatione,
1623 2138 1682 2166 aut
1699 2131 1941 2177 desperatione
1959 2133 2073 2166 studia
2091 2133 2271 2168 ‹locu-inae

1279 2185 1440 2225 abiicias‚
1466 2191 1525 2219 aut
1543 2185 1669 2218 frustra
1693 2183 1935 2221 tumultueris‚
1963 2184 2022 2217 sed
2043 2183 2133 2217 votis
2157 2191 2214 2218 tua
2239 2191 2272 2219 et

1282 2236 1420 2282 publica
1439 2236 1527 2269 mala
1553 2236 1666 2269 levare
1685 2235 1841 2273 studeas,
1868 2241 1897 2267 et
1927 2233 2068 2268 interim
2091 2235 2272 2270 doctrinae

1281 2287 1584 2321 conservationem
1614 2293 1674 2320 tuo
1700 2286 1775 2319 loco
1801 2286 1955 2319 modeste
1979 2286 2134 2320 adiuves.
2195 2285 2273 2321 Hoc

1283 2339 1395 2383 ipsum
1422 2345 1471 2371 est
1498 2338 1611 2371 levare
1635 2336 1750 2381 aliqua
1774 2349 1813 2370 ex
1839 2344 1933 2381 parte
1948 2348 2152 2371 communes
2168 2337 2274 2371 mise-

1284 2391 1371 2425 rias.
1399 2400 1485 2434 quas
1510 2395 1548 2422 ut
1571 2387 1665 2421 Deus
1686 2395 1848 2421 aeternus
1874 2395 1971 2432 pater
1996 2386 2140 2421 Domini
2162 2389 2273 2423 nostri

1286 2441 1358 2474 lesu
1372 2438 1524 2480 Christi,
1552 2439 1715 2472 conditor
1729 2438 1864 2481 generis
1885 2435 2029 2472 liumani
2048 2446 2079 2472 et
2099 2437 2274 2474 Ecclesiae

1285 2504 1364 2525 snae
1382 2491 1534 2534 mitiget,
1562 2498 1633 2524 toto
1651 2502 1730 2523 eum
1753 2498 1890 2534 pectore
1906 2502 1980 2523 oro.
2032 2487 2126 2525 Dixi.
