2338 2958
136 116 185 153 55
621 110 779 148 DECL.
812 108 888 145 DE
921 105 1200 144 ENCOMIO
1235 104 1675 151 ELOQUENTIAE.
2124 103 2174 141 56

142 201 245 237 terris
264 199 323 234 bic
353 199 406 234 sol
432 198 546 232 vidit?
595 196 774 230 Hactenus
802 194 1006 233 docuimus,
1041 204 1130 239 quae

144 258 244 296 cogat
269 250 455 284 necessitas
483 256 610 282 certam
634 246 778 280 dicendi
807 246 983 280 rationem
1008 244 1129 278 sectari

146 316 184 337 ac
201 303 305 343 tueri,
321 313 408 347 quae
423 301 450 333 si
469 311 570 344 quem
586 309 708 342 parum
725 303 855 337 movet,
873 297 904 330 ei
921 307 1004 328 vero
1019 295 1132 327 multo

147 354 272 388 iustius
295 351 382 385 asini
409 349 581 383 auriculas
605 348 668 382 Dii
689 348 912 388 addiderint,
937 357 1043 391 quam
1059 343 1126 377 Mi-

148 406 222 437 dae.
276 402 418 436 Accedit
440 398 509 433 huc
533 411 608 433 non
635 399 914 433 contemnendus
935 395 1132 430 studiorum

150 453 370 499 eloquentiae
390 452 533 490 fructus,
559 451 653 495 quod
671 462 789 483 earum
805 449 933 482 artium
952 458 1028 487 usu,
1055 445 1135 490 qui-

147 506 214 538 hus
243 501 438 547 eloquentia
464 502 682 541 continetur,
714 499 927 538 excitantur,
963 496 1134 530 erudiun-

148 562 274 599 turque
288 552 444 595 ingenia,
469 558 508 584 ut
527 563 579 584 res
597 549 770 584 humanas
785 560 907 582 ornnes
927 547 1135 592 prudentius

148 604 355 649 dispiciant,
382 613 494 647 neque
516 602 660 646 propius
685 601 810 634 umbra
835 611 960 643 corpus
980 599 1136 631 adsecta—

148 663 221 695 tur,
249 665 353 699 quam
370 652 605 697 eloquentiam
624 652 810 684 comitatur
830 649 1030 693 prudentia.
1083 646 1137 680 De

147 706 252 739 rebus
286 702 451 738 humanis
479 700 593 736 adhuc
624 703 769 746 loquor,
802 702 844 733 de
872 700 977 733 sacris
1005 705 1135 743 postea.

149 756 327 788 Vide-bant
352 755 444 788 inter
465 765 500 786 se
524 753 673 785 maiores
694 751 805 784 nostri
830 749 914 784 haec
931 751 1019 783 duo:
1047 749 1137 782 bene.

148 806 288 840 dicendi
311 804 511 844 scientiam,
539 810 571 836 et
595 803 703 835 animi
732 802 901 835 iudicium
927 807 1052 833 natura
1078 811 1137 832 co-

148 855 307 890 haerere:
343 867 450 900 quare
473 861 505 887 et
529 866 600 886 non
630 854 739 898 inepti
765 853 908 898 quidam
940 851 1137 884 orationem

148 920 220 941 esse
253 907 435 943 dixerunt,
478 904 683 948 explicatam
713 903 822 936 animi
857 903 1039 936 rationem.
1092 899 1139 933 Et

147 958 323 992 Homerus
337 956 442 991 Poeta
460 955 582 988 iisdem
603 954 839 999 eloquentiam
858 965 896 986 ac
914 952 1136 996 prudentiam

148 1008 284 1043 tribuit.
335 1006 440 1040 Mino
459 1006 527 1038 iam
544 1006 642 1046 alios,
673 1004 799 1050 Ulyssi,
826 1004 925 1037 cuius
942 1003 1136 1036 oratione-n

148 1058 318 1105 hybern'is
342 1057 485 1090 nivibus
505 1062 702 1100 comparat,
729 1062 909 1100 utrunque
933 1066 1005 1086 uno
1028 1053 1138 1085 versi-

149 1111 228 1144 culo
245 1108 430 1148 adscribit,
458 1119 536 1140 cum
554 1107 686 1151 inquit:

191 1167 238 1198 σοὶ
262 1165 289 1197 ‹l‘
312 1164 353 1196 ἔνι
373 1165 429 1204 μὲν
451 1163 558 1205 μορφὴ
583 1163 695 1201 ἐπέων,
720 1161 762 1194 ἴνι
783 1162 816 1193 δὲ
840 1162 947 1203 φρένες
970 1161 1092 1193 ἐσθλαὶ.

149 1219 220 1253 Nec
236 1226 392 1263 tempero
409 1215 509 1258 mibi,
529 1229 598 1262 quo
616 1216 734 1249 minus
752 1227 946 1249 recenseam
964 1221 997 1248 et
1013 1213 1140 1248 Latine

148 1272 192 1303 ab
210 1269 348 1303 erudito
365 1269 516 1314 quodam
536 1279 752 1311 expressum:

251 1331 352 1361 Mente
370 1333 470 1371 vales,
497 1333 597 1359 iuncta
613 1337 654 1359 est
672 1329 808 1358 facundis
824 1330 916 1367 gratia
933 1328 1030 1357 dictis.

149 1386 352 1422 Odivinam
367 1385 592 1425 sententiam,
620 1384 802 1428 multoque
815 1383 1026 1425 digniorem,
1053 1392 1140 1425 quae

151 1438 367 1472 iuvenilibus
397 1436 598 1480 pectorIbus
631 1434 765 1467 solicite
805 1433 997 1470 inseratur,
1036 1443 1140 1476 quam

151 1487 311 1533 delphica
330 1487 465 1532 aliquot
486 1486 581 1519 scita.
625 1484 720 1527 Quid
739 1483 831 1516 enim
850 1484 1029 1527 spectabat
1044 1481 1139 1514 aliud

151 1540 305 1584 optimus
329 1549 451 1578 senex,
485 1547 590 1581 quam
616 1535 663 1568 sic
690 1535 782 1567 inter
809 1545 844 1566 se
869 1533 1046 1577 copulatas
1070 1543 1141 1564 esse

150 1589 375 1635 prudentiam
399 1600 437 1621 ac
459 1586 716 1631 eloquentiam,
754 1591 793 1618 ut
818 1584 940 1616 divelli
963 1583 1059 1616 nulla
1085 1593 1142 1615 ra-

151 1642 246 1675 tione
265 1641 410 1684 possint.
437 1636 554 1682 Atque
570 1636 703 1670 utinam
719 1635 786 1668 sibi
802 1646 923 1667 omnes
936 1634 1142 1667 adulescen-

152 1699 202 1726 tes
219 1690 312 1724 hunc
332 1689 542 1722 versiculum
561 1686 780 1731 propositum
805 1691 944 1730 putent,
971 1695 1140 1729 quorsum

152 1749 320 1787 tanquam
339 1741 380 1773 ad
399 1751 540 1782 scopum
562 1737 681 1770 omnia
698 1736 812 1770 studia
829 1748 901 1776 sua,
921 1735 1142 1779 rationesque

152 1794 318 1835 dirigant,
346 1790 567 1833 sentiantque
585 1789 651 1821 sibi
670 1800 811 1820 omnem
828 1798 984 1830 operam,
1011 1797 1142 1823 curam,

152 1843 373 1881 industriam,
390 1840 647 1883 cogitationem,
668 1846 819 1872 mentem
831 1837 983 1881 denique
999 1847 1141 1869 omnem

153 1896 189 1928 in
213 1892 266 1927 liis
296 1893 429 1925 artibus
463 1890 627 1935 parandis
659 1890 831 1929 figendam
867 1900 954 1921 esse:
992 1898 1142 1932 quarum

154 1945 327 1980 Homerus
354 1941 447 1975 haud
475 1941 580 1973 dubie
600 1941 646 1973 ol)
671 1953 748 1973 cam
765 1950 903 1972 causam
927 1938 1143 1971 mentionem

154 1996 230 2029 fecit
244 2023 250 2035 ,
276 1995 370 2039 quod
388 1992 499 2025 videri
519 1991 677 2023 omnium
697 2003 812 2023 rerum
830 1987 1078 2028 humanarum,
1105 1994 1143 2021 ut

156 2055 255 2084 snut,
299 2053 329 2078 et
364 2041 618 2088 pulcherrimas
646 2049 678 2075 et
708 2040 856 2073 maxime
885 2040 987 2072 utiles
1019 2039 1143 2072 voluit.

156 2098 250 2139 Quid
282 2097 315 2127 in
339 2094 487 2128 consilio
509 2094 613 2126 fuisse
638 2091 785 2125 censetis
805 2091 981 2124 veteribus
996 2089 1146 2129 Latinis,
1170 2102 1172 2113 ·

156 2160 217 2182 cur
235 2146 371 2179 dicendi
391 2152 479 2177 artes
497 2142 750 2177 humanitatem
771 2141 1007 2185 adpellarint?
1050 2139 1146 2173 ludi-

157 2200 280 2232 cabant
307 2197 356 2229 illi
390 2195 557 2227 nimirum
584 2193 708 2227 barum
734 2192 1000 2237 disciplinarum
1027 2191 1145 2225 studio

158 2262 228 2282 non
266 2249 417 2288 linguam
448 2253 582 2279 tantuin
611 2244 776 2289 expoliri,
815 2244 873 2277 sed
903 2251 935 2276 et
964 2243 1146 2282 feritatem,

159 2299 424 2342 liarlnrieinque
461 2296 680 2336 ingeniorum
717 2294 856 2336 corrigi.
925 2292 1012 2326 Nam
1048 2293 1145 2326 cultu

161 2350 306 2395 period·-
335 2362 370 2380 ac
401 2347 557 2391 plerique
591 2347 790 2391 sylsestrein
823 2345 978 2378 indolem
1003 2351 1153 2384 exuunt,'

160 2405 402 2434 mansuescunt
426 2398 583 2440 ingenia,
609 2397 890 2442 cirurauturque.

264 2475 358 2508 Duae
383 2479 463 2505 suut
488 2479 601 2504 antem
628 2483 768 2508 causae„
803 2483 866 2504 rur
891 2478 980 2504 recte
1006 2471 1144 2503 dicendi
1171 2460 1174 2524 ὲ

162 2528 276 2561 studio
295 2525 400 2557 animi
428 2523 594 2555 iudicium
622 2529 774 2554 acuatur.
831 2522 932 2555 l’rior
957 2529 1024 2560 est,
1051 2523 1144 2567 quod

162 2579 220 2624 qui
241 2578 281 2610 iis
298 2577 430 2608 artibus
453 2586 592 2616 operam
611 2575 714 2611 dant,
742 2574 783 2604 ad
809 2573 978 2605 eiusmodi
999 2573 1146 2615 seriptu-

164 2642 239 2662 rum
265 2626 419 2669 exempla
446 2637 479 2657 se
503 2631 723 2666 comparent,
759 2636 893 2655 necesse
925 2631 990 2662 est,
1025 2624 1083 2668 qui
1111 2623 1145 2655 in
1172 2621 1173 2627 ¹

164 2679 321 2712 maximis
357 2677 459 2710 relius
495 2675 656 2715 gerendis
695 2687 734 2707 ac
777 2676 966 2707 tractandis
1012 2674 1147 2712 versati,

1183 204 1354 226 summam
1371 191 1598 236 prudentiam
1613 202 1681 224 usu
1698 192 1874 226 consecuti
1890 198 1973 226 sunt
1984 219 1993 234 ‚
2019 202 2173 238 quorum

1184 243 1395 276 commercio
1432 242 1490 282 fit,
1529 247 1569 275 ut
1602 240 1769 275 nonnihil
1805 242 1927 276 iudicii
1963 240 2175 276 contrabant

1184 294 1349 334 lectores,
1377 299 1412 326 et
1436 299 1604 337 tanquam
1619 291 1680 336 qui
1702 292 1739 325 in
1758 293 1830 327 sole
1853 293 2053 333 ambulant,
2079 293 2176 326 colo-

1185 351 1320 379 rentur.
1369 343 1466 377 Solet
1482 342 1575 376 enim
1595 342 1812 377 iuvenilibus
1831 343 1982 387 ingeniis
2000 343 2178 387 exemplar

1185 394 1328 439 aliquod
1346 400 1437 427 recte
1455 392 1607 433 dicendi,
1632 393 1876 439 sentiendique
1892 393 2057 438 proponi,
2080 393 2176 426 unde

1187 452 1220 478 et
1236 445 1424 477 verborum
1443 444 1513 476 vim
1525 470 1534 483 ,
1561 450 1594 477 et
1613 443 1784 477 orationis
1801 451 2012 478 structuram
2024 469 2034 483 ‚
2061 449 2097 478 et
2117 455 2178 477 ex-

1189 495 1340 540 plicandi
1358 495 1485 537 figuras
1501 494 1647 529 discant.
1680 492 1769 526 Nam
1785 501 1818 528 et
1834 495 1973 528 dicendi
1991 493 2177 533 rationem,

1190 546 1333 590 perinde
1353 557 1391 578 ac
1409 552 1559 578 caeteras
1576 551 1667 578 artes
1685 544 1835 578 imitatio
1852 546 2005 580 adiuvat.
2054 543 2178 590 Neque

1188 597 1280 629 enim
1300 596 1492 629 verisimile
1509 601 1559 628 est
1575 595 1743 639 pingendi
1763 595 1829 628 arti
1846 601 1981 629 tanturn
1998 595 2041 629 ab
2054 594 2179 640 Apelle

1191 646 1400 687 venustatis,
1433 646 1634 691 gratiaeque
1664 646 1768 678 adiici
1800 645 1974 690 potuisse,
2013 645 2082 678 nisi
2110 645 2179 678 fin-

1189 698 1382 740 gendorum
1414 697 1709 730 lineamentorum
1746 697 1918 730 rationem
1949 696 2062 730 multo
2097 702 2179 730 ante

1190 748 1424 781 ostendissent
1440 748 1477 790 ii,
1506 748 1567 792 qni
1586 747 1738 791 primum
1763 743 2053 792 μονοχρώματα,
2077 746 2180 780 dein-

1191 801 1232 831 de
1249 794 1476 845 κατάγραφα
1498 799 1701 841 pinxerunt.
1741 797 1799 832 Sic
1823 805 1855 831 et
1873 809 1913 830 ex
1931 797 2073 842 optimis
2093 796 2181 830 scri-

1193 849 1350 893 ptoribus
1367 849 1596 893 concipienda
1614 855 1663 881 est
1682 855 1775 881 certa
1793 849 1964 894 quaedam
1983 854 2016 881 et
2037 846 2180 881 dicendi
2199 851 2202 854 ’

1192 907 1223 933 et
1241 899 1423 932 iudicandi
1441 899 1528 933 ratio
1552 896 1615 932 καὶ
1637 896 1737 939 ἰδέα,
1763 910 1867 944 quam
1894 899 2071 944 sequaris,
2093 909 2181 944 qua-

1192 962 1330 995 cunque
1347 951 1390 982 de
1406 961 1442 983 re
1459 949 1703 982 disserendum
1718 949 1836 984 fuerit.
1874 948 2029 982 Proinde
2047 949 2107 994 qui
2124 948 2181 982 di-

1191 1008 1300 1035 sertos
1315 1002 1502 1045 scriptores
1519 1000 1555 1032 in
1573 999 1735 1032 manibus
1752 996 1895 1040 habent,
1919 1011 2034 1033 secum
2051 1011 2182 1044 expen-

1192 1053 1294 1092 dant,
1320 1051 1404 1096 quid
1427 1051 1463 1083 in
1481 1051 1605 1096 quovis
1625 1050 1844 1094 potissimum
1862 1050 2002 1090 mirari,
2026 1050 2182 1090 laudare,

1195 1102 1396 1147 imitarique
1413 1102 1542 1136 deceat.
1595 1099 1705 1134 Primi
1724 1101 1884 1134 omnium
1910 1107 2009 1141 sunt,
2035 1101 2076 1134 ad
2095 1110 2184 1146 quos

1193 1153 1452 1196 cognoscendos
1468 1152 1638 1185 invitatur
1655 1151 1831 1195 iuventus,
1857 1150 1987 1185 Poe'tae
2005 1163 2041 1185 ac
2060 1149 2183 1184 Histo-

1193 1204 1272 1237 rici:
1307 1215 1395 1249 quos
1419 1203 1480 1248 qui
1505 1203 1694 1246 voluptatis
1717 1209 1850 1236 tantum
1882 1213 2001 1243 causa,
2035 1201 2183 1246 perinde

1193 1261 1297 1299 atque
1329 1254 1367 1287 in
1393 1253 1566 1287 conviviis
1602 1250 1848 1294 citharistrias,
1883 1259 2082 1291 accersunt,
2116 1263 2184 1285 nae

1195 1306 1245 1338 illi
1271 1316 1489 1338 summorum
1520 1301 1705 1336 bominum
1731 1303 2008 1337 aestimationem
2033 1302 2185 1346 graviter

1195 1356 1348 1390 laedunt.
1400 1354 1489 1388 Nam
1514 1361 1546 1387 et
1570 1355 1733 1397 prodesse
1758 1354 1809 1386 illi
1829 1354 1990 1392 voluere,
2016 1360 2050 1387 et
2073 1354 2185 1386 bonas

1196 1412 1327 1439 mentes
1351 1405 1482 1449 optima
1507 1404 1728 1448 potissimum
1750 1404 1934 1438 delectant.
1987 1401 2049 1437 Est
2069 1403 2116 1437 ita
2139 1403 2184 1437 ab

1196 1457 1265 1489 illis
1291 1462 1324 1488 et
1348 1455 1488 1488 dicendi
1520 1456 1632 1487 forma
1665 1455 1832 1498 petenda,
1864 1461 1896 1487 et
1923 1455 2183 1488 observandum

1195 1506 1278 1551 quid
1297 1507 1339 1539 de
1354 1505 1602 1538 communibus
1616 1505 1721 1537 rebus
1738 1506 1809 1538 sere
1827 1504 2071 1539 iudicaverint.
2099 1505 2185 1539 Sae-

1197 1568 1236 1601 pe
1260 1557 1375 1589 ridere
1397 1555 1491 1588 soleo
1517 1554 1735 1588 Graecorum
1762 1554 2084 1589 Grammaticorum
2106 1554 2186 1587 vul-

1195 1618 1274 1649 gns,
1305 1607 1365 1652 qui
1393 1607 1434 1639 ad
1454 1603 1715 1651 Pbysiologiam
1738 1612 1851 1639 totum
1873 1604 2020 1639 Homeri
2043 1617 2184 1639 carmen

1197 1658 1369 1699 referunt,
1402 1657 1561 1701 mireque
1583 1656 1648 1689 sibi
1671 1656 1826 1700 placent,
1854 1668 1931 1690 cum
1956 1669 2046 1690 nova
2072 1662 2182 1690 meta·

1197 1705 1374 1752 morphosi
1398 1707 1482 1740 belli
1504 1714 1691 1750 nugatores
1715 1719 1754 1740 ex
1776 1706 1854 1740 love
1879 1705 2037 1747 aethera,
2063 1719 2104 1740 ex
2126 1705 2182 1740 lu-

1199 1770 1288 1791 none.
1307 1769 1421 1791 aest-m
1442 1757 1591 1798 faciunt,
1619 1769 1707 1802 quae
1729 1769 1772 1789 ne
1799 1769 1858 1801 per
1883 1758 2008 1791 febrim
2029 1757 2184 1803 quidem,

1199 1821 1351 1854 unquam
1371 1808 1608 1841 somniaturus
1625 1815 1697 1841 erat
1719 1807 1905 1842 llomerus.
1958 1808 2104 1851 Quanto
2128 1819 2184 1841 sa-

1197 1861 1263 1893 tius
1280 1860 1392 1892 suerat
1407 1870 1444 1891 ea
1462 1858 1598 1891 ostendi
1610 1885 1618 1897 ,
1645 1871 1734 1903 quae
1760 1859 1818 1891 ille
1837 1858 2025 1892 lectoribus
2042 1858 2186 1903 proprie

1196 1909 1420 1943 admirationi
1440 1921 1510 1942 esse
1527 1909 1662 1942 voluit?
1690 1909 1938 1953 proprietatem
1954 1922 1992 1943 ac
2016 1909 2129 1943 lucem
2147 1909 2183 1942 in

1197 1961 1422 2005 explicando,
1444 1960 1608 1993 carminis
1623 1958 1859 2003 οἰκονομίαν,
1888 1972 1966 1993 cum
1984 1959 2078 1993 varia
2097 1971 2184 1993 cou-

1198 2013 1286 2050 silia,
1313 2011 1428 2044 varios
1444 2023 1542 2044 casus
1559 2010 1648 2043 miro
1663 2011 1788 2043 ordine
1806 2016 1969 2049 recenset,
1992 2022 2071 2043 cum
2087 2017 2184 2054 aptas

1198 2062 1395 2095 occasiones
1425 2062 1527 2094 novis
1549 2061 1733 2094 eventibus
1762 2062 2020 2100 accommodat,
2054 2067 2185 2107 quanta

1200 2114 1314 2146 decori
1333 2113 1495 2146 servandi
1512 2125 1606 2148 cura,
1634 2118 1763 2157 quanta
1780 2111 1821 2145 sit
1840 2111 1921 2145 item
1940 2112 2128 2145 verborum
2146 2123 2185 2146 ac

1201 2166 1388 2207 figurarum
1414 2163 1530 2208 copia,
1557 2163 1775 2208 varietasque
1800 2162 1842 2195 iis
1869 2162 1971 2201 locis,
1999 2162 2034 2195 in
2057 2163 2187 2208 quibus

1199 2215 1348 2249 detineri
1381 2215 1545 2248 lectorem
1572 2213 1718 2246 volebat.
1782 2212 1889 2246 Vides
1912 2226 2015 2258 quam
2039 2213 2186 2247 minime

1200 2266 1323 2309 frigida
1351 2265 1393 2298 sit
1415 2272 1475 2299 aut
1501 2265 1616 2297 ieiuna
1642 2263 1824 2297 seditionis
1840 2264 2048 2308 descriptio,
2077 2264 2113 2297 in
2131 2275 2185 2297 se-

1199 2318 1314 2349 cundo
1334 2315 1473 2351 Iliados.
1514 2315 1602 2349 Nam
1623 2322 1652 2347 et
1672 2323 1787 2348 motus
1803 2315 1876 2347 eius
1893 2315 2123 2353 occasionem,
2152 2321 2184 2349 et

1171 2381 1174 2427 ι
1201 2369 1312 2410 ipsum
1335 2368 1427 2408 vulgi
1454 2367 1627 2404 furorem,
1655 2366 1835 2399 seditiosas
1852 2367 2074 2411 quorundam
2100 2377 2185 2399 con-

1172 2435 1173 2446 *
1199 2420 1325 2455 cic-nes„
1353 2419 1412 2463 qui
1432 2417 1651 2450 multitudini
1671 2417 1842 2458 frigidam,
1868 2418 1961 2462 quod
1978 2417 2090 2455 aiunt,
2111 2417 2186 2450 sul*-

1200 2472 1412 2507 t‘ninlebaut,
1438 2476 1469 2502 et
1487 2465 1670 2501 Thersitae
1695 2479 1827 2506 mores,
1851 2479 2059 2513 morumque
2082 2478 2185 2510 argu-

1200 2528 1375 2558 mentum,
1403 2521 1570 2556 sormam,
1597 2519 1683 2551 duas
1707 2518 1788 2552 item
1819 2517 2038 2561 gravissimas
2063 2530 2184 2551 eorum

1200 2572 1396 2610 orationes,
1423 2570 1482 2615 qui
1509 2569 1748 2603 multitudinis
1772 2569 1907 2602 animos
1929 2569 2118 2606 sedabant,
2147 2569 2183 2602 in

1201 2623 1329 2667 quibus
1357 2620 1598 2654 veliementior
1621 2628 1666 2653 est
1690 2620 1851 2665 l'lyssea,
1878 2619 1991 2652 lenior
2010 2618 2185 2655 Nestorea,

1202 2672 1534 2717 tt‹»n··1)cus‚qnam
1552 2671 1743 2716 perspicue,
1759 2682 1862 2716 quam
1876 2670 2027 2715 graviter
2044 2677 2184 2705 tractat:

2315 271 2338 354 ΔΙ)
