2338 2958
129 117 204 153 629

692 111 858 150 DECL.
898 113 973 151 DE
1007 114 1346 154 DIGNITATE
1380 118 1603 158 LEGUM.

2091 131 2164 165 630

126 203 198 244 dia,
224 213 294 248 quo
312 200 425 235 maius
440 199 620 243 impendet
635 199 851 243 periculum,
877 201 995 246 utqui
1013 208 1117 234 erunt
1169 201 1264 237 Ilaec
1289 216 1330 237 eo
1351 205 1534 248 cogitanda
1560 214 1660 246 sunt,
1696 209 1776 254 quia
1805 218 1896 244 certe
1921 209 2075 247 bominis
2098 224 2156 257 est,

125 252 336 297 superstites,
364 250 616 295 possessionem
635 251 775 292 artium,
801 264 889 297 qnae
904 252 995 285 vitae
1011 251 1114 285 utiles
1167 254 1209 286 ad
1238 267 1323 299 quas
1348 263 1456 288 metas
1480 257 1548 290 vita
1574 259 1756 302 dirigenda
1776 261 1838 302 sit,
1865 269 1898 296 et
1923 267 2099 308 quomodo
2119 268 2153 300 in

124 310 217 344 sunt,
244 302 428 336 retineant.
463 299 613 334 Etiamsi
629 302 749 334 fatales
766 313 897 345 poenae
913 303 1114 347 oppriment

122 354 295 387 mundum
321 359 465 397 propter
489 351 681 396 Epicureos
705 353 860 393 furores,
886 354 1001 394 idola,
1030 353 1111 386 libi-

119 404 220 437 dines
244 411 278 437 et
300 404 369 437 alia
387 403 537 446 flagitia,
564 409 680 435 tamen
703 409 795 436 certo
818 404 946 437 scimus
968 415 1110 437 mansu-

120 466 195 488 ram
218 466 290 488 esse
307 453 500 488 Ecclesiam
517 452 600 494 Dei,
626 460 658 487 et
676 453 817 498 quidem
835 455 870 486 in
895 452 959 487 hac
983 454 1109 487 ultima

118 505 244 538 mundi
260 512 394 539 senecta
409 505 563 538 suturam
581 510 780 547 angustam,
809 511 841 537 et
859 505 1026 538 servitute
1043 517 1109 548 op-

117 567 270 600 pressam
282 581 292 594 ,
320 557 377 589 sed
393 567 594 588 mansuram
613 561 740 588 tamen.

218 605 353 640 Nervos
382 607 489 649 igitur
517 612 620 650 atque
641 610 847 637 ornamenta
875 611 994 638 noster
1017 605 1105 638 ordo

115 656 281 699 retineat,
309 669 376 702 qua
395 658 432 690 in
450 669 486 689 re
502 653 567 689 hac
581 655 684 688 etiam
703 655 943 688 consolatione
958 667 1019 689 vos
1036 656 1105 688 eri-

115 707 206 751 gite,
234 709 329 753 quod
348 708 411 742 etsi
436 708 504 741 late
529 712 703 749 grassatur
726 705 840 738 rabies
855 705 1024 745 Turcica,
1042 713 1104 761 vta-

114 770 196 791 men
223 759 383 804 quintam
401 753 646 791 Monarchiani
671 768 743 788 non
769 756 968 789 constituet.
1021 756 1102 790 lNon

113 821 236 843 omnes
253 810 290 842 in
305 808 447 852 Europa
472 813 590 850 gentes
614 804 698 840 haec
719 807 896 839 barbaries
917 807 1102 851 opprimet,

112 860 173 893 sed
197 858 289 893 nihil
313 860 356 893 de
379 858 539 902 imperiis
562 857 696 898 dicam,
723 857 796 891 Deo
817 858 933 899 potius
951 857 1101 892 Germa-

111 910 208 943 niam
229 917 384 944 nostram
406 909 635 948 commendo,
670 908 725 940 cui
751 908 788 940 in
819 905 882 941 bac
906 909 1100 943 calamitate

108 960 178 993 iam
194 958 285 1005 proh
301 960 405 993 dolor
421 959 527 993 nimis
549 971 629 991 vere
651 959 813 1001 congruit
828 958 1013 993 Almaniae
1035 972 1100 993 no-

108 1023 202 1047 men.
254 1010 344 1044 Nam
361 1010 513 1044 Almana
529 1008 676 1043 Ebraeis
696 1010 799 1042 vidua
813 1016 875 1044 est.

209 1060 343 1095 Verum
372 1073 496 1094 revoco
531 1073 604 1100 me,
641 1063 684 1093 de
712 1058 866 1094 Ecclesia
895 1061 1098 1104 cogitemus,

107 1109 199 1145 hanc
232 1112 338 1145 etiam
364 1112 464 1157 siqua
499 1111 565 1144 erit
597 1111 841 1154 imperitorum
870 1112 1099 1155 perturbatio,

106 1174 307 1196 mansuram
326 1173 397 1196 esse
419 1162 579 1196 sciamus,
631 1160 725 1194 Huic
746 1161 873 1195 serviat
891 1170 1008 1196 nostra
1030 1162 1099 1195 mi-

103 1213 193 1252 litia,
216 1220 359 1258 propter
375 1210 466 1246 hanc
481 1213 693 1245 retineamus
709 1212 890 1245 doctrinae
907 1214 1099 1257 possessio-

103 1276 199 1305 nem,
225 1272 261 1298 ut
281 1265 440 1297 fecerunt
456 1264 492 1296 in
509 1263 613 1295 exilio
631 1260 822 1296 Chaldaico
839 1261 978 1304 Daniel,
1001 1263 1098 1307 Hag-

104 1326 221 1358 gaeus,
249 1312 448 1354 Zacharias,
474 1321 506 1346 et
525 1313 629 1346 multi
644 1313 775 1346 similes
791 1313 858 1346 viri
877 1315 982 1347 docti.
1018 1313 1094 1349 Etsi

103 1371 197 1398 certa
220 1366 318 1398 sedes
336 1364 512 1398 Ecclesiae
537 1375 609 1396 nou
634 1370 684 1396 est
708 1364 746 1396 in
769 1363 944 1408 imperiis,
980 1371 1096 1398 tamen

103 1412 171 1449 hoc
187 1416 392 1460 promittere
409 1415 477 1459 piis
493 1413 718 1458 Principibus
739 1426 897 1457 possum,
927 1416 1096 1459 tantisper

102 1467 188 1500 dum
207 1467 245 1499 in
262 1464 327 1499 hac
344 1467 486 1511 cymba,
514 1464 549 1497 id
569 1471 630 1506 est,
656 1464 694 1497 in
713 1463 868 1499 Ecclesia
886 1473 1001 1507 erunt,
1027 1467 1095 1498 im-

101 1517 200 1561 peria
220 1529 340 1550 eorum
360 1527 524 1549 mansura
542 1527 625 1550 esse.
660 1514 728 1548 Sed
747 1515 807 1560 qui
825 1516 916 1549 hanc
933 1517 1092 1561 cymbam

102 1568 287 1609 excutient,
310 1567 371 1612 qui
388 1567 582 1600 vastitatem
597 1565 634 1598 in
650 1564 818 1598 Ecclesiis
835 1578 895 1599 sua
912 1567 1094 1609 negligen-

100 1607 148 1652 tia
166 1619 314 1658 sacient,
340 1624 379 1651 ut
395 1617 528 1650 faciunt
549 1616 728 1660 plerique,
755 1617 817 1661 qui
838 1617 954 1650 studia
971 1617 1092 1651 litera—

99 1681 179 1703 rum
198 1668 353 1711 extingui
378 1668 512 1707 sinent,
538 1665 576 1699 hi
599 1667 745 1700 audiant
764 1665 825 1699 bas
843 1667 972 1700 minas:
999 1666 1091 1702 Ecce

99 1719 194 1754 oculi
209 1718 278 1752 Dei
294 1730 400 1763 super
417 1730 564 1761 regnum
590 1729 754 1761 peccans,
780 1725 813 1750 et
835 1718 967 1752 delebit
989 1719 1090 1753 illud.

98 1770 212 1805 Addit
245 1776 361 1803 autem
397 1766 574 1812 Propheta
609 1769 757 1800 eandem
794 1769 1091 1810 consolationem,

98 1833 204 1866 quam
228 1821 331 1853 toties
355 1820 423 1852 iam
438 1819 614 1857 recensui,
642 1820 699 1851 sed
721 1817 824 1851 Iacob
850 1819 981 1863 inquit:
1008 1818 1089 1852 Non

98 1872 242 1911 delebo,
276 1870 339 1904 etsi
363 1877 401 1903 ut
423 1869 578 1902 triticum
601 1869 639 1900 in
660 1869 776 1901 cribro
799 1870 1015 1911 concutiam,
1050 1882 1088 1903 ac

97 1922 265 1968 purgabo.
319 1918 354 1953 O
380 1919 486 1953 miras
509 1918 760 1962 descriptiones
779 1925 811 1952 et
831 1919 1000 1963 imagines
1018 1919 1088 1954 Ec-

96 1973 239 2012 clesiae,
273 1971 476 2016 praesertim
506 1970 619 2002 nostri
648 1970 832 2013 temporis,
867 1983 955 2015 quae
991 1969 1086 2005 haud

96 2020 204 2058 dubie
221 2022 419 2067 propositae
436 2027 529 2060 sunt,
556 2021 598 2052 ad
617 2021 894 2064 praemonendus
909 2028 940 2055 et
957 2022 1084 2055 confir-

95 2075 244 2109 mandos
267 2074 362 2117 pios,
388 2073 426 2105 in
449 2069 504 2104 his
525 2071 608 2114 ipsis
634 2071 815 2114 periculis,
843 2084 930 2116 quae
953 2072 1021 2105 iam
1039 2074 1085 2107 ob

94 2126 216 2160 oculos
233 2130 429 2157 versantur.
470 2121 550 2155 Non
569 2128 619 2155 est
637 2122 802 2163 ignavum
821 2134 944 2165 agmen
961 2121 1085 2157 Eccle-

94 2177 162 2216 sia,
188 2176 248 2208 sed
271 2174 437 2216 intelligit
453 2173 518 2206 sibi
545 2173 581 2204 in
598 2170 663 2205 hac
681 2173 749 2206 vita
768 2184 952 2206 aerumnas
969 2175 1084 2208 omnis

94 2227 231 2271 generis
256 2225 452 2270 propositas
478 2235 566 2264 esse,
599 2230 631 2257 et
656 2230 771 2255 tamen
795 2224 935 2256 interim
952 2226 1083 2260 doctri·
1104 2273 1110 2280 Δ

94 2289 160 2311 nae
177 2276 431 2321 possessionem
450 2275 614 2307 tuendam
634 2286 722 2315 esse,
751 2287 813 2306 nec
837 2275 1082 2318 abiiciendam,

93 2335 236 2373 propter
251 2338 438 2369 regnorum
455 2325 597 2358 excidia.
863 2375 869 2382 ι
898 2376 906 2383 .
938 2377 946 2383 ·

183 2378 303 2420 Quare
320 2377 457 2409 animos
471 2383 602 2408 vestros
619 2376 819 2408 confirmate
835 2377 964 2410 divinis
981 2389 1081 2421 prae-

91 2429 368 2467 monitionibus,
396 2427 586 2459 incumbite
605 2427 640 2459 in
659 2427 773 2461 studia
791 2428 956 2460 salutaria
977 2429 1078 2468 vitae,

92 2489 126 2515 et
147 2480 310 2513 militiam
330 2476 418 2510 lianc
442 2489 514 2509 non
532 2477 646 2509 solum
669 2484 800 2519 gratam
825 2490 896 2510 esse
915 2478 988 2512 Deo
1010 2487 1078 2514 sta—

91 2532 196 2571 tuite,
223 2531 280 2563 sed
301 2530 402 2562 etiam
421 2529 463 2560 ab
481 2540 520 2559 eo
537 2528 707 2562 adiuvari.
761 2527 835 2561 Ilac
852 2541 910 2571 spe
929 2529 957 2563 si
980 2538 1071 2573 pete-

91 2583 136 2617 tis
149 2581 336 2618 auxilium,
363 2586 495 2612 certum
519 2585 585 2616 est,
611 2591 682 2610 non
701 2580 773 2611 sore
800 2580 918 2612 irritos
943 2581 1076 2615 labores

91 2640 242 2671 vestros,
283 2632 340 2663 sed
371 2630 539 2663 salutares
566 2630 667 2661 vobis
701 2637 733 2662 et
759 2630 853 2669 aliis,
894 2644 962 2675 quo
991 2633 1074 2677 qnid

89 2690 202 2729 potest
230 2680 367 2715 homini
401 2681 525 2713 melius
561 2687 619 2713 aut
649 2680 836 2721 gloriosius
865 2682 1074 2726 contingere.

1166 305 1272 337 tantis
1301 305 1466 339 fluctibus
1492 311 1662 350 regenda,
1697 312 1864 346 mediocri
1894 316 2043 359 quadam
2071 317 2152 349 dili-

1164 355 1279 396 gentia
1297 357 1506 400 prospicere.
1560 358 1653 393 Dixi.

1160 552 1227 586 No.
1254 551 1314 588 75.
1949 576 1997 597 an.
2030 568 2122 600 1543.

1933 609 2143 629 Μ

1386 654 1461 695 De
1491 655 1726 709 dignitate
1751 660 1923 713 legum.

1225 737 1255 764 In
1272 738 1420 766 Declamat.
1440 740 1472 766 T.
1491 740 1510 766 l.
1530 751 1555 774 p.
1569 742 1619 767 980
1635 752 1664 776 sq

1258 774 1328 807 apud
1345 775 1470 802 Richard.
1485 775 1518 801 T.
1529 776 1562 800 ll.
1577 785 1602 809 p.
1617 777 1676 802 413.
1714 777 1812 803 Eadem
1831 781 1919 806 oratio
1936 782 2036 815 legitur
2050 785 2146 811 iterum

1256 807 1284 833 in
1296 807 1438 836 TomolV.
1453 810 1602 837 Declamat.
1633 811 1692 838 Vid.
1706 812 1777 839 infra
1793 822 1836 838 an.
1857 816 1931 842 1556.
1951 817 2003 843 No.
2020 819 2078 845 150.

1670 752 1708 776 q.‚
1734 743 1761 768 in
1782 744 1900 773 Servest.
1915 746 1946 772 Τ.
1965 746 1983 773 Ι.
2005 757 2030 781 p.
2045 750 2102 778 241.
2123 756 2148 777 et

1228 888 1355 922 Oratio
1373 888 1420 922 de
1438 889 1624 936 diffinitam
1644 891 1778 938 legum.
1811 895 1861 928 M.
1873 896 1921 929 D.
1931 898 2069 932 XLIII.

1153 953 1336 994 Usitatum
1352 969 1401 996 est
1420 960 1486 996 boc
1501 964 1578 997 loco
1607 971 1639 998 et
1667 965 1703 997 in
1720 963 1775 1000 bis
1789 971 1993 1011 spectaculis
2009 972 2143 1018 aliquid

1152 1011 1195 1043 de
1213 1011 1328 1054 legum
1345 1013 1513 1056 dignitate
1529 1015 1657 1056 dicere,
1683 1017 1725 1049 ad
1745 1030 1895 1062 quarum
1912 1025 2142 1056 reverentiam

1151 1068 1242 1094 certe
1261 1063 1403 1096 excitari
1426 1062 1588 1098 homines
1609 1067 1759 1100 maxime
1775 1071 1927 1112 prodest.
1979 1071 2055 1106 Etsi
2081 1086 2143 1107 au-

1151 1118 1219 1145 tem
1239 1119 1272 1146 et
1289 1125 1351 1156 ego
1368 1115 1410 1147 de
1430 1116 1551 1148 eodem
1577 1126 1784 1159 argumento
1803 1120 1919 1155 dicere
1942 1124 2062 1167 cupio,
2091 1132 2142 1158 ta-

1150 1175 1231 1196 men
1257 1176 1326 1209 quo
1351 1166 1488 1209 saepius
1511 1168 1555 1200 de
1580 1168 1758 1212 imperiis,
1793 1171 1835 1203 de
1852 1172 1944 1206 vitae
1966 1176 2140 1217 guberna-

1150 1213 1260 1255 tione,
1289 1216 1332 1247 de
1350 1216 1485 1258 legibus
1502 1224 1534 1250 et
1554 1218 1711 1258 iudiciis,
1740 1233 1829 1265 quae
1847 1231 1928 1257 sunt
1951 1226 2050 1258 nervi
2077 1238 2140 1269 gu-

1149 1264 1384 1306 bernationis,
1412 1268 1679 1312 tranquillitatis
1707 1278 1740 1304 et
1761 1271 1987 1316 disciplinae,
2015 1278 2140 1319 cogito,

1148 1326 1188 1347 eo
1215 1314 1304 1348 mihi
1326 1317 1505 1351 difficilius
1529 1326 1578 1353 est
1599 1320 1726 1363 eligere
1744 1334 1782 1355 ex
1801 1330 1894 1357 tanta
1912 1326 2005 1359 mole
2020 1339 2137 1361 rerum

1147 1367 1241 1410 quod
1260 1367 1385 1400 dicam.
1440 1368 1598 1402 Primum
1617 1372 1710 1403 enim
1729 1385 1833 1417 quam
1852 1375 1994 1410 difficile
2017 1385 2067 1412 est
2083 1391 2138 1412 re—

1146 1418 1317 1460 spondere
1335 1417 1528 1463 Cyclopum
1548 1427 1580 1454 et
1599 1420 1856 1457 Centaurorum
1876 1427 2048 1470 opinioni,
2076 1431 2137 1474 qni

1146 1467 1182 1499 in
1203 1474 1296 1501 tanta
1314 1470 1520 1503 confusione
1538 1484 1654 1505 rerum
1673 1470 1920 1517 humanarum,
1940 1475 2006 1512 hoc
2025 1486 2134 1513 toturn

1145 1519 1237 1561 quod
1270 1531 1433 1553 vocamus
1466 1521 1596 1564 legem,
1637 1530 1669 1557 et
1700 1525 1878 1567 politicam
1907 1529 2135 1572 sapientiam,

1144 1568 1267 1602 dicunt
1284 1569 1389 1602 inane
1414 1583 1545 1604 nomen
1569 1585 1658 1614 esse,
1685 1575 1720 1606 vi
1745 1583 1777 1608 et
1795 1578 1902 1610 armis
1920 1581 1995 1623 rapi
2023 1581 2133 1626 impe-

1143 1619 1215 1660 ria,
1242 1627 1274 1653 et
1298 1621 1371 1663 regi
1395 1622 1552 1656 arbitriis
1578 1631 1760 1667 potentum
1786 1628 1954 1672 tantisper
1974 1632 2058 1663 dum
2083 1640 2134 1666 tc-

1142 1677 1282 1705 nentur,
1335 1670 1425 1704 Nam
1451 1680 1490 1706 ut
1512 1680 1627 1707 vetera
1654 1677 1809 1720 exempla
1839 1680 2018 1722 omittam,
2045 1684 2130 1727 quid

1142 1719 1291 1754 Turcica
1317 1722 1496 1756 barbaries
1518 1725 1608 1757 ullas
1633 1726 1722 1768 leges
1747 1729 1869 1761 curat?
1903 1730 2133 1775 progreditur

1139 1772 1234 1814 quod
1270 1779 1383 1815 potest
1417 1781 1449 1807 et
1476 1775 1510 1806 vi
1539 1777 1714 1819 oppressis
1742 1778 1890 1822 imperat
1917 1794 2005 1826 quae
2033 1784 2129 1819 libet.

1139 1820 1233 1855 Ante
1255 1830 1394 1856 centum
1414 1821 1453 1870 ἦε)
1477 1837 1589 1858 annos
1605 1825 1934 1873 Constantinopolis
1954 1833 2130 1868 florentis-

1138 1871 1224 1905 sima
1251 1871 1369 1906 schola
1395 1876 1461 1908 suit
1490 1884 1689 1910 nostrarum
1716 1879 1849 1922 legum:
1885 1894 1978 1915 nunc
2004 1887 2126 1927 procul

1139 1923 1236 1964 pulsa
1254 1921 1317 1957 hac
1336 1925 1508 1966 doctrina,
1530 1928 1647 1960 omnia
1665 1930 1771 1962 unius
1789 1933 1926 1976 tyranni
1945 1944 2044 1975 nutu,
2067 1944 2124 1970 aut

1136 1973 1278 2007 barbari
1300 1975 1449 2009 alicuius
1471 1978 1569 2010 ducis
1599 1987 1779 2021 reguntur.
1840 1983 1897 2015 Sic
1922 1996 1999 2017 cum
2029 1987 2127 2020 orbis

1136 2030 1308 2058 terrarum
1333 2027 1585 2062 dilaceraretur
1610 2031 1653 2061 ab
1679 2030 1870 2065 Alexandri
1907 2036 2126 2078 satellitibus,

1135 2087 1224 2119 quae
1242 2076 1290 2109 ibi
1308 2077 1422 2120 legum
1440 2091 1516 2117 vox,
1538 2092 1626 2124 quae
1643 2082 1801 2115 doctrina
1819 2084 1959 2127 politica
1975 2099 2122 2132 usquam

1134 2126 1365 2161 audiebatur?
1416 2128 1504 2162 Cum
1528 2131 1635 2173 igitur
1650 2133 1757 2175 magis
1775 2135 1871 2167 rabie
1887 2142 2121 2180 tyrannorum

1133 2183 1166 2209 et
1183 2178 1339 2212 arbitriis
1361 2186 1542 2222 potentum
1567 2183 1684 2215 omnia
1709 2191 1895 2225 gerantur,
1923 2189 2002 2231 qnis
2027 2190 2122 2222 locus

1132 2233 1183 2260 est
1201 2229 1392 2272 sapientiae
1421 2239 1453 2265 et
1480 2239 1618 2265 nostrae
1641 2234 1802 2276 politicae
1817 2237 1906 2269 arti?
1938 2237 2008 2271 Nnc
2028 2241 2119 2272 enim

1133 2278 1218 2311 illud
1249 2280 1513 2323 imaginandum
1540 2289 1610 2323 est,
1642 2292 1796 2318 nostram
1829 2294 1937 2320 artem
1969 2290 2118 2322 similem

1131 2341 1201 2361 esse
1226 2331 1390 2371 militari,
1419 2344 1507 2377 quae
1530 2346 1624 2367 nunc
1649 2333 1826 2375 hostibus,
1861 2350 1955 2371 nunc
1985 2341 2119 2373 civibus

1130 2381 1256 2419 servit,
1284 2388 1317 2414 ct
1332 2383 1499 2427 utrinque
1516 2381 1578 2429 *4)
1602 2385 1739 2418 iniustis
1758 2388 2009 2429 cupiditatibus
2035 2406 2117 2435 opt·-

1130 2444 1202 2464 ram
1221 2432 1320 2467 locat.
1364 2432 1442 2465 Alia
1462 2446 1514 2466 res
1531 2445 1579 2467 est
1600 2433 1682 2468 baec
1699 2438 1838 2480 politica
1857 2451 1928 2480 arS,
1956 2453 2014 2474 seu
2034 2443 2116 2473 {nris

1129 2483 1300 2521 doctrina,
1316 2496 1488 2528 nusquam
1510 2485 1623 2518 locum
1644 2484 1760 2525 babet,
1785 2489 1851 2522 nisi
1872 2491 1906 2522 in
1927 2494 2114 2536 tranquilla

1128 2533 1282 2573 civitate,
1309 2535 1393 2567 etin
1413 2547 1453 2567 eo
1472 2536 1636 2578 consilio,
1664 2540 1756 2583 quod
1776 2541 1816 2573 ad
1838 2554 1994 2575 normam
2017 2544 2113 2575 inzti-

1162 2655 1191 2683 2‘2)
1211 2654 1308 2680 ‘sextus
1326 2655 1352 2681 in
1369 2655 1448 2681 Tom.
1464 2655 1509 2680 IV.
1526 2657 1619 2682 babet:
1639 2665 1704 2684 ome
1717 2665 1826 2684 tentum
1844 2666 1870 2685 el
1884 2666 1947 2687 tres.

1161 2698 1204 2730 '*)
1225 2697 1322 2723 'sextus
1337 2700 1363 2724 in
1378 2700 1461 2724 Tom.
1477 2700 1520 2724 lV.
1538 2700 1631 2727 babet:
1651 2704 1804 2735 utrubique.

1435 2736 1519 2770 40*
