2338 2958
107 84 179 119 177

108 183 178 218 que
197 171 313 212 iubet,
341 176 374 204 et
397 181 481 203 arcu
504 176 667 214 accepto,
695 171 855 214 sagittam
872 172 910 205 in
931 183 1011 205 eum
1029 171 1096 205 eia-

780 83 940 122 DECL.
973 83 1046 120 DE
1079 83 1440 123 EBRIETATE.

2071 98 2142 135 178

1152 184 1310 218 quaeque
1335 174 1432 207 natio
1465 174 1615 210 maxime
1641 176 1823 212 barbarica
1853 187 1887 214 et
1916 183 1959 215 ab
1982 181 2140 219 humano

107 223 264 263 culatur,
291 221 556 266 collapsumque
574 233 612 254 ex
629 221 777 256 vulnere
802 223 908 256 secari
930 230 963 257 et
990 222 1099 256 ictum
1151 223 1242 257 vitae
1265 224 1361 257 cultu
1386 226 1499 258 aliena
1525 234 1591 266 est,
1620 229 1676 262 ita·
1699 231 1742 263 ad
1767 228 1983 266 heluandum
2005 247 2043 268 ac
2060 249 2140 280 per-

106 272 232 317 inspici
250 272 359 308 iubet.
408 270 570 317 Cumque
585 273 723 307 arundo
738 272 774 307 in
793 273 868 318 ipso
885 275 988 308 corde
999 273 1098 318 pueri

1150 275 1345 317 potandum
1359 276 1598 319 profusissima
1617 287 1686 320 est,
1715 281 1885 327 quasique
1901 284 2040 318 foedere
2051 299 2140 332 quo-

105 324 171 357 fixa
196 324 461 364 ostenderetur,
497 321 728 358 cachinnans:
768 324 876 358 Vides
898 337 1012 364 nunc,
1042 324 1099 356 in-
1149 325 1227 357 dam
1254 325 1347 359 inter
1382 338 1417 358 se
1443 327 1580 361 iunctae
1610 337 1692 364 sunt
1726 332 1905 367 barbaries
1930 342 1962 368 et
1987 339 2140 381 crapula,

103 374 180 421 quit
216 374 327 418 patri,
361 374 464 408 etiam
496 375 633 408 ebrium
665 387 739 417 me,
774 382 890 409 tamen
922 375 1097 419 egregium

103 437 176 458 esse
194 425 373 458 iaculandi
390 425 569 459 artificem.
621 425 812 470 Prexaspes
829 428 1015 460 advertens
1032 424 1096 459 ho-

101 476 235 509 minem
258 488 379 509 revera
404 488 572 509 vesanum
595 489 634 510 ac
658 477 831 511 furiosum
857 489 947 515 esse,
982 477 1096 510 conti-

101 527 180 561 nuit
204 539 293 567 sese,
330 527 488 560 dolorem
512 527 748 563 dissimulans,
813 526 989 561 Postridie
1012 540 1095 560 vero

99 579 173 611 eins
189 579 261 611 diei
279 585 313 612 et
329 578 515 611 duodecim
531 577 714 622 Principes
732 577 934 619 Persarum,
961 579 1008 611 ob
1020 591 1093 611 rem

100 627 207 662 nihili
233 641 272 662 ac
303 629 437 663 nullius
467 629 635 662 momenti
657 641 815 668 causam,
851 629 1094 662 crudelissimo

99 680 273 724 supplicio
295 680 430 718 affecit,
454 679 492 712 in
509 686 612 723 caput
632 680 730 713 vivos
748 680 949 720 defodiens,
977 692 1015 713 ac
1033 692 1095 724 per
1118 698 1119 706 κ

99 732 250 764 eundem
288 730 513 764 temulentiae
548 731 704 763 furorem
740 731 808 764 alia
843 732 952 765 multa
989 731 1091 764 etiam

99 782 194 815 dictu
230 782 376 815 infanda
418 787 451 814 et
496 779 682 814 horribilia
722 782 847 816 auditu
889 782 1094 825 designavit,

97 834 210 866 donec
226 832 321 866 Deus
337 844 416 866 eum
435 833 580 876 proprio
597 832 714 876 gladio
733 833 842 866 ictum
859 834 930 867 vita
950 833 1092 877 expulit.

10 858 12 868 ,

10 886 11 891 ’
52 903 56 907 ·
98 882 204 916 Tales
235 881 414 923 homines,
450 883 522 916 imo
554 895 636 916 vero
667 890 737 917 tam
763 884 934 917 immanes
964 883 1091 917 bestias

96 935 200 968 nobis
223 934 335 978 gignit
358 933 506 967 ebrietas
520 961 528 972 ,
557 946 706 979 quarum
723 935 830 968 vitam
850 942 883 969 et
907 937 994 968 facta
1013 947 1091 967 cum

97 993 174 1029 post
200 992 252 1019 tot
281 997 392 1018 annos
419 985 586 1027 legimus,
631 982 828 1020 horremus.
893 985 951 1019 Sic
984 985 1092 1027 igitur

97 1037 274 1076 statuatis,
307 1035 575 1075 Adolescentes‚
609 1033 751 1079 crapula
774 1036 914 1069 nullum
933 1033 1092 1069 horribi—

97 1087 184 1126 lius,
219 1087 358 1120 nullum
384 1086 526 1126 tetrius,
555 1092 615 1119 aut
648 1087 832 1120 nocentius
855 1087 1006 1127 malum,
1039 1087 1091 1119 ira

95 1137 256 1171 Deorum
281 1143 404 1169 natum
433 1143 493 1170 aut
517 1148 535 1169 e
561 1136 735 1170 furiarum
760 1138 902 1171 sedibus
928 1138 1091 1178 excitum,

95 1187 132 1220 in
159 1185 255 1221 hunc
278 1188 451 1221 mundum
472 1199 511 1220 ac
536 1187 665 1229 lucem,
698 1189 741 1221 ad
760 1189 955 1222 multorum
973 1186 1090 1221 homi-

96 1250 181 1271 num
211 1238 355 1272 exitium
381 1238 579 1271 immissum
604 1249 687 1273 esse.
745 1237 841 1272 Haec
870 1240 964 1272 enim
995 1246 1089 1272 atro-

94 1289 188 1322 ciore
213 1289 344 1322 furoris
368 1300 509 1332 genere,
545 1301 650 1334 quam
674 1289 768 1322 ullae
792 1290 956 1335 erinnyes
973 1287 1088 1323 homi-

94 1351 156 1372 nes
181 1340 348 1373 concitat:
384 1337 470 1372 haec
497 1341 621 1372 domos
644 1347 758 1373 vastas
778 1341 896 1374 reddit
919 1347 951 1373 et
967 1341 1087 1381 urbes;

94 1388 179 1424 haec
204 1390 254 1424 rei
278 1391 433 1434 privatae
458 1396 489 1422 et
514 1390 676 1433 publicae
695 1391 892 1424 communis
915 1391 1030 1423 clades
1050 1402 1087 1423 ac

92 1441 195 1475 ruina
215 1448 282 1481 est,
311 1438 395 1474 haec
413 1441 568 1473 infandis
586 1440 798 1474 libidinibus
812 1439 966 1474 humana
984 1450 1087 1485 atque

91 1492 213 1525 divina
238 1492 312 1525 iura
343 1491 488 1535 polluit;
533 1489 618 1524 haec
651 1491 816 1524 caedibus
849 1498 881 1524 et
917 1492 1087 1534 sanguiue

90 1541 309 1577 horrendum
334 1543 371 1575 in
395 1543 541 1574 modum
559 1542 679 1575 miscet
697 1553 735 1575 ac
755 1542 937 1586 perturbat
956 1542 1086 1574 omnia.

89 1592 271 1628 Exclamet
288 1591 344 1627 hic
360 1593 503 1637 aliquis:

384 1646 437 1677 Dii
456 1649 546 1675 talem
560 1649 643 1675 terris
661 1649 784 1676 avertite
798 1647 929 1686 pestem!

91 1695 273 1740 Sapientes
307 1696 448 1740 quidem
473 1693 672 1737 Principes,
721 1695 909 1739 legumque
944 1693 1084 1734 latores,

91 1747 128 1779 in
161 1747 328 1779 omnibus
362 1747 450 1779 bene
486 1745 684 1779 constitutis
722 1743 932 1790 Rebuspub.
962 1745 1084 1787 singu-

92 1797 158 1830 lari
184 1809 265 1830 cura
297 1809 334 1830 ac
367 1796 551 1839 diligentia
584 1796 785 1829 ebrietatem
811 1793 1084 1840 prohibuerunt,

93 1860 156 1881 nec
181 1848 299 1879 minus
331 1847 488 1880 civitates
521 1853 641 1879 contra
673 1847 794 1879 luxum
829 1858 867 1879 ac
893 1846 1083 1889 crapulam,

90 1910 194 1945 quam
221 1904 341 1930 contra
365 1897 479 1931 ullum
498 1897 605 1930 alium
624 1897 912 1930 nocentissimum
936 1894 1082 1937 hostem,

90 1949 302 1983 muniendas
323 1955 550 1982 censuerunt:
587 1947 828 1988 intelligebant
847 1947 940 1980 enim
960 1947 997 1980 in
1016 1948 1081 1981 ista

89 2000 271 2034 barbarica
307 2005 338 2032 et
374 1999 517 2031 immani
554 1999 644 2039 viia,
687 1999 821 2031 nullam
856 1998 1079 2043 disciplinam

89 2051 266 2096 publicam
283 2062 398 2095 neque
417 2050 587 2093 privatam
606 2061 706 2093 posse
724 2050 934 2084 conservari.

191 2101 292 2135 Tulit
312 2101 465 2134 Pittacus
483 2100 719 2145 Mitylenaeus
741 2100 850 2141 legem
863 2127 872 2141 ,
898 2107 936 2133 ut
955 2100 984 2133 si
1001 2101 1079 2145 quis

89 2166 150 2198 per
190 2152 431 2186 temulentiam
478 2152 617 2184 sceleris
657 2151 790 2196 aliquid
833 2151 1078 2193 commisisset,

88 2204 197 2249 duplo
210 2204 369 2247 graviore
386 2215 497 2247 poena
515 2203 741 2246 plecteretur,
765 2202 859 2247 quod
876 2214 977 2236 causa
994 2202 1078 2246 ipsa,

86 2268 174 2301 quae
190 2267 270 2288 eum
288 2256 330 2287 ad
347 2256 562 2298 peccandum
579 2253 794 2298 impulisset,
818 2254 958 2296 gravius
973 2254 1076 2287 etiam

87 2313 264 2351 peccatum
291 2312 388 2339 esset.
450 2303 521 2338 Alii
549 2305 626 2337 aliis
648 2304 771 2348 poenis
797 2311 900 2349 atque
923 2304 1076 2348 ignomi-

86 2358 156 2391 niis
173 2357 211 2390 in
229 2357 386 2389 ebriosos
404 2356 740 2389 animadverterunt.
794 2353 841 2388 Et
858 2355 886 2387 si
903 2367 970 2399 qua
991 2367 1075 2399 gens

86 2416 210 2443 natura
229 2407 443 2440 moderatior
459 2403 719 2452 humaniorque
733 2406 817 2446 fuit,
833 2418 869 2439 ea
882 2418 942 2439 sua
952 2413 1076 2450 sponte

84 2460 286 2492 foeditatem
314 2457 492 2491 ebrietatis
515 2469 634 2498 exosa,
668 2457 858 2501 frugalitati
878 2469 916 2490 ac
940 2458 1075 2491 sobrie—

86 2510 148 2543 tati
172 2510 308 2544 dedidit
331 2521 418 2550 sese,
444 2520 507 2541 nec
526 2508 661 2551 legibus
681 2519 770 2553 opus
792 2508 856 2541 suit
876 2505 1075 2552 prohibere,

86 2562 178 2605 qnod
198 2561 337 2604 publica
354 2560 447 2593 inter
462 2557 624 2592 homines
640 2559 849 2592 verecundia
867 2559 1073 2594 sustulisset.

185 2610 254 2645 Sed
269 2617 391 2655 regnat
407 2609 474 2644 hoc
493 2610 616 2643 vitium
635 2610 727 2643 inter
742 2610 906 2643 barbaras
922 2622 960 2643 ac
984 2611 1074 2643 seras

83 2663 161 2696 illas
186 2669 304 2705 gentes
329 2662 533 2706 praecipue,
576 2667 607 2693 et
638 2672 779 2694 cernere
809 2669 879 2701 est,
914 2663 1007 2706 quod
1035 2668 1072 2695 ut

131 2717 307 2747 thtxru.
328 2715 428 2745 Oriza.
459 2715 539 2744 Voc.
558 2713 620 2747 XI.

1149 373 1314 419 pulchra,
1353 374 1544 417 mehercle,
1588 381 1750 423 societas,
1787 391 1820 417 et
1853 384 1999 429 dignum
2036 386 2139 422 habet

1148 427 1273 471 patella
1290 428 1506 470 operculum.

1249 477 1335 510 Fera
1362 478 1464 511 etiam
1489 481 1660 524 quaedam
1687 482 1721 514 in
1749 483 1818 517 illis
1843 485 2138 530 Septentrionali-

1146 527 1211 559 bus
1233 540 1270 560 ac
1296 527 1499 562 Sarmaticis
1524 531 1595 564 oris
1621 532 1774 566 inveniri
1801 536 1949 579 dicitur,
1990 540 2135 574 immani

1145 579 1352 612 voracitate:
1389 579 1490 622 Quae
1509 593 1586 614 cum
1620 583 1655 615 in
1678 584 1830 629 aliquam
1858 591 2019 630 praedam
2047 591 2137 625 inci-

1145 629 1216 668 dit,
1260 642 1300 662 eo
1332 642 1442 675 usque
1470 631 1548 664 cibo
1581 633 1768 668 immodice
1804 637 1939 679 ingesto
1968 641 2137 677 distendit

1145 687 1321 719 ventrem,
1356 688 1394 714 ut
1420 694 1543 726 parum
1569 684 1677 725 absit,
1710 686 1797 730 quin
1819 697 1944 732 crepet.
1997 690 2137 727 Deinde

1144 731 1236 764 inter
1267 739 1414 774 angusto
1448 734 1564 776 spacio
1594 735 1763 770 distantes
1797 739 1939 773 arbores
1964 745 2136 777 transiens

1144 782 1297 815 violenta
1313 783 1444 815 ibidem
1463 786 1720 829 compressione
1737 790 1884 822 crudum
1901 791 2000 825 illum
2018 795 2134 828 cibum

1143 832 1271 865 iterum
1297 846 1358 876 per
1381 846 1487 867 annm
1515 837 1696 879 exprimit,
1734 839 1851 884 itaque
1872 853 1944 874 sese
1961 854 2136 885 exonerat,

1143 884 1237 928 quod
1255 883 1321 916 nisi
1337 885 1480 925 faceret,
1508 887 1704 930 periculum
1724 890 1813 923 vitae
1832 899 1916 926 erat.
1970 892 2033 929 Est
2052 894 2135 930 haec

1143 935 1289 967 omnino
1306 935 1505 969 foedissima
1526 938 1656 972 ventris
1673 939 1845 982 ingluvies
1868 940 1974 977 huius
1996 946 2137 980 bestiae.

1142 984 1210 1017 Sed
1239 997 1276 1017 ea
1303 983 1396 1018 haud
1423 987 1530 1020 dubie
1556 988 1670 1033 imago
1693 993 1861 1035 quaedam
1885 1001 1935 1027 est
1961 996 2136 1040 intempe—

1142 1035 1276 1069 rantiae
1293 1048 1484 1070 aemorum
1503 1051 1620 1072 earnm
1640 1042 1816 1083 gentium,
1842 1045 1885 1077 de
1901 1058 2047 1089 quarum
2068 1049 2136 1081 im-

1141 1086 1306 1119 manibus
1331 1088 1503 1122 conviviis
1527 1087 1732 1131 horribilia,
1768 1095 1825 1126 sed
1852 1102 1968 1129 tamen
2001 1110 2018 1130 a
2053 1111 2136 1132 vero

1142 1149 1215 1169 non
1233 1135 1458 1172 abhorrentia
1478 1148 1683 1175 narrantur:
1720 1142 1817 1178 Raro
1832 1148 1977 1190 transigi
1995 1161 2136 1193 svmpo-

1140 1188 1232 1220 sium
1263 1189 1338 1221 sine
1368 1190 1488 1224 multis
1521 1193 1703 1234 caedibus,
1739 1195 1767 1227 si
1798 1197 1876 1240 quis
1908 1187 2135 1243 propinatum

1140 1239 1276 1271 dolium
1293 1237 1436 1274 haurire
1452 1249 1576 1282 cesset,
1606 1244 1658 1276 illi
1675 1257 1691 1277 a
1711 1247 1871 1288 proximo
1884 1261 2024 1295 quoque
2040 1264 2135 1285 com—

1140 1296 1263 1333 potore
1281 1291 1444 1334 protinus
1469 1305 1589 1326 necem
1608 1294 1813 1337 imminere;
1847 1299 1874 1331 si
1901 1312 2004 1344 quem
2024 1302 2134 1336 inter-

1140 1340 1306 1381 fecerint,
1349 1354 1422 1374 non
1460 1350 1641 1386 propterea
1679 1348 1881 1381 convivium
1917 1351 2133 1393 dissolvitur,

1139 1391 1196 1422 sed
1219 1392 1406 1433 provoluto
1431 1393 1466 1425 in
1487 1395 1640 1427 medium
1665 1402 1789 1430 trunco
1813 1401 1988 1443 corporiS‚
2017 1410 2049 1437 et
2065 1404 2132 1437 im-

1139 1441 1261 1483 positis
1276 1441 1411 1486 aliquot
1434 1445 1606 1483 nummis‚
1636 1445 1682 1490 (is
1699 1449 1791 1491 apud
1810 1461 1866 1483 eos
1885 1464 1960 1485 mos
1982 1454 2048 1499 est)
2071 1452 2133 1489 he—

1138 1491 1228 1523 luari
1247 1499 1407 1534 pergunt.
1451 1493 1567 1526 Malos
1585 1495 1688 1528 etiam
1705 1499 1826 1539 genios
1841 1501 1933 1535 inter
1947 1515 2024 1544 eOS,
2052 1519 2130 1539 cum

1137 1542 1271 1583 agitant
1289 1543 1468 1583 convivia,
1495 1546 1678 1589 propalam
1699 1549 1966 1586 obambulantes
1977 1558 2132 1600 conspici

1138 1592 1280 1632 dicunt,
1314 1593 1446 1626 maiore
1474 1607 1578 1639 quam
1607 1594 1752 1631 humani
1785 1603 1943 1645 corporis
1968 1605 2131 1649 imagine,

1139 1655 1225 1687 quos
1250 1643 1303 1675 illi
1325 1641 1417 1677 nihil
1443 1643 1686 1689 exhorrentes,
1710 1661 1773 1693 pro
1790 1653 1891 1686 sociis
1915 1667 1953 1688 ac
1972 1658 2131 1692 convivis

1137 1694 1290 1727 salutare
1307 1695 1435 1735 solent,
1463 1703 1494 1729 et
1513 1705 1672 1742 coeptum
1701 1702 1903 1737 convivium
1923 1717 1985 1749 per
2000 1709 2130 1743 multos

1138 1757 1177 1776 ex
1201 1745 1326 1778 ordine
1351 1746 1424 1779 dies
1448 1754 1637 1793 noctesque
1668 1763 1740 1785 nno
1763 1759 1884 1787 tenore
1907 1758 2128 1794 continuare.

1137 1793 1231 1828 Ilaec
1256 1796 1283 1828 si
1305 1796 1384 1840 quis
1408 1799 1499 1840 apud
1533 1810 1636 1833 sanos
1670 1809 1702 1835 et
1740 1805 1877 1838 sobrios
1906 1803 2068 1843 homines
2096 1819 2129 1845 et

1137 1846 1281 1879 istarum
1306 1844 1552 1882 heluationum
1578 1851 1719 1894 ignaros
1739 1855 1883 1894 reserat,
1910 1858 2064 1893 fabulam
2083 1864 2127 1895 ad

1135 1897 1286 1930 aliorum
1306 1905 1473 1931 terrorem
1493 1901 1673 1935 confictam
1693 1916 1834 1939 narrare
1851 1907 2028 1943 videatur:
2052 1924 2125 1945 non

1136 1948 1228 1980 enim
1250 1949 1351 1981 facile
1375 1950 1470 1982 credi
1490 1958 1624 1995 potest,
1652 1960 1784 1988 tantam
1809 1958 1981 1992 feritatem
2006 1969 2038 1995 et
2058 1963 2125 1996 im-

1135 1999 1337 2032 manitatem
1372 2001 1494 2034 cadere
1526 2002 1562 2035 in
1595 2001 1786 2039 humanam
1818 2016 1991 2046 naturam.
2052 2013 2122 2047 Sed

1134 2050 1194 2093 qui
1220 2050 1404 2090 viderunt,
1439 2064 1477 2085 ac
1498 2053 1628 2087 talibus
1656 2057 1828 2091 conviviis
1853 2061 1991 2104 saepius
2012 2063 2123 2097 inter-

1133 2101 1276 2135 fuerunt
1294 2101 1381 2145 ipsi,
1410 2099 1445 2135 hi
1464 2110 1495 2136 et
1515 2101 1598 2137 haec
1615 2118 1694 2139 vera
1716 2119 1806 2149 esse,
1833 2118 1865 2144 et
1889 2108 1944 2144 his
1967 2110 2123 2149 horribi-

1133 2151 1218 2185 liora
1238 2153 1341 2185 etiam
1358 2153 1433 2185 fieri
1452 2154 1637 2188 affirmant.

1229 2201 1351 2236 Redeo
1380 2204 1487 2247 igitur
1514 2217 1573 2246 eo,
1617 2208 1712 2241 unde
1739 2210 1891 2254 digressa
1920 2222 1970 2248 est
1996 2217 2120 2255 oratio,

1131 2265 1256 2297 nempe
1284 2254 1385 2288 istam
1418 2255 1574 2296 foedam,
1620 2257 1808 2294 immanem
1837 2271 1941 2309 atque
1976 2263 2119 2302 homine

1131 2304 1311 2347 indignam
1337 2306 1467 2339 ventris
1493 2307 1708 2351 proluviem,
1740 2314 1831 2355 apud
1850 2315 2015 2350 barbaras
2040 2318 2118 2352 illas

1130 2362 1267 2395 gentes,
1302 2362 1334 2389 et
1359 2368 1444 2400 quas
1467 2364 1584 2390 utrum
1611 2358 1705 2393 inter
1727 2359 1888 2398 homines
1920 2378 1964 2399 an
1997 2369 2117 2403 beluas

1129 2417 1309 2445 numeres,
1332 2407 1493 2441 dubitare
1508 2409 1636 2452 possis,
1660 2413 1844 2458 praecipue
1861 2418 2033 2461 conspici,
2053 2417 2117 2453 ho-

1129 2457 1240 2489 mines
1266 2458 1464 2491 moderatos
1493 2466 1525 2493 et
1556 2461 1599 2493 ad
1624 2461 1778 2507 aliquam
1797 2463 1985 2501 humanam
2012 2470 2116 2503 disci-

1128 2508 1260 2551 plinam
1279 2509 1496 2543 adsuefactos
1510 2521 1648 2556 semper
1663 2521 1787 2549 natura
1812 2515 2051 2561 exhorruisse,
2077 2533 2115 2553 ac

1127 2559 1314 2592 detestatos
1329 2571 1412 2593 esse.

1230 2609 1345 2643 Tanto
1363 2610 1471 2654 magis
1490 2611 1597 2654 igitur
1613 2620 1644 2647 et
1661 2627 1743 2657 nos,
1765 2614 2030 2662 Adulescentes,
2052 2624 2113 2667 qui

1126 2673 1202 2693 cum
1215 2659 1346 2703 Musis,
1368 2658 1514 2701 honest,
1537 2675 1614 2697 cum
1632 2662 1849 2702 humanitate
1866 2673 2111 2707 commercium

1420 2713 1464 2747 12
