2338 2958
89 105 160 141 129

528 98 687 136 DECL.
728 98 802 136 DE
838 96 1108 135 MISERIIS
1142 97 1665 137 PAEDAGOGORUM.

2045 103 2117 138 130

84 191 228 237 quidem
244 189 457 233 expendunt,
483 187 612 232 quibus
626 194 803 231 acceptum
818 186 907 219 ferre
923 185 1073 219 debeant
1095 186 1099 223 l
1123 193 1155 219 et
1179 187 1338 220 adferent
1362 187 1537 231 egregium
1561 187 1834 221 instrumentum
1853 188 1903 221 rei
1929 187 2109 224 familiaris

81 241 119 275 id
136 247 447 286 quantumcunque
471 245 521 272 est
539 239 632 283 quod
651 238 860 271 didicerunt.
915 236 986 270 Nec
1008 248 1070 279 ego

82 292 214 328 interea
249 289 357 323 recito
393 299 497 334 quam
526 289 631 322 variis
667 287 889 322 contumeliis
917 299 981 321 nos
1008 288 1070 319 ad-

80 341 211 381 ficiant,
237 347 275 374 ut
292 340 508 385 suspendant
525 352 621 382 naso,
648 339 788 384 posticis
806 338 925 371 sannis
941 344 1070 382 petant,
1093 361 1094 368 1

79 391 108 425 si
129 391 215 437 quid
241 402 458 425 moneamus,
515 390 636 425 Videte
662 400 788 435 quaeso
814 401 918 434 quam
943 389 1068 422 misera

79 442 236 475 conditio
255 448 374 475 nostra
389 441 444 475 sit.
499 440 540 475 In
556 454 630 475 eam
646 447 793 474 aetatem
819 439 985 473 beneficia
1002 451 1068 472 no-

78 499 150 526 stra
165 493 393 533 collocantur,
417 504 506 537 quae
522 493 681 526 nondum
696 491 874 524 benefacta
892 490 1066 533 intelligit,

79 549 216 578 tantum
233 543 342 585 abest,
368 550 407 576 ut
424 550 547 577 mutuo
565 554 684 576 amore
701 554 765 574 nos
783 541 979 585 complecti,
1006 548 1065 574 ant

77 593 223 638 gratiam
252 591 380 627 habere
403 606 465 637 pro
489 593 618 627 nostris
635 592 758 626 officiis
776 599 893 637 queat:
921 591 970 624 sic
987 603 1066 635 per—

77 651 163 678 eunt
186 645 290 678 nobis
312 644 478 677 beneficia
499 651 615 677 nostra
632 644 856 688 magisquam
872 642 954 675 ullis
970 654 1064 675 mor-

77 695 215 730 talibus.
270 694 358 728 Nam
383 695 486 728 etiam
505 707 584 728 cum
607 706 752 728 senuere
771 693 954 737 discipuli,
982 693 1063 737 quia

75 745 237 779 beneficii
256 745 441 786 memoria,
469 757 540 778 uon
558 745 645 779 solet
663 756 735 778 esse
752 745 933 785 diuturna,
959 755 1062 776 nemo

77 796 146 829 iam
164 803 427 840 praeceptorum
446 797 627 836 meminit,
651 796 796 841 quidam
815 795 918 829 etiam
936 795 1062 827 malam

75 847 222 891 gratiam
241 848 412 887 reddunt,
438 853 478 880 ut
494 846 588 880 Nero
605 847 696 880 fecit.
735 846 856 891 Neque
873 857 1061 889 puerorum

76 905 237 942 parentes
252 897 362 942 pluris
378 908 442 930 nos
463 897 595 931 faciunt
612 910 716 942 quam
737 897 804 942 ipsi
818 897 928 940 pueri.
981 895 1062 929 Non

76 949 277 992 expendunt
302 948 494 992 depositam
517 960 535 981 a
553 960 588 982 se
611 949 802 982 liberorum
826 960 943 981 curam
961 947 1063 980 nobis

75 998 292 1043 imposuisse.
343 998 433 1033 Tota
451 999 543 1032 enim
562 999 704 1042 regendi
723 999 942 1043 docendique
963 999 1058 1042 pueri

74 1049 256 1094 provincia
284 1049 386 1083 nobis
414 1050 539 1083 tradita
564 1057 614 1083 est
634 1050 737 1093 plena
764 1049 1063 1082 sollicitudinibus

75 1107 107 1133 et
126 1101 375 1144 periculorum.
429 1100 498 1144 lpsi
520 1101 615 1134 dorni
636 1112 717 1134 suae
734 1112 852 1133 secure
879 1112 980 1133 suum
1001 1111 1062 1132 ne-

73 1151 212 1194 gocium
243 1157 364 1194 agunt.
423 1149 468 1184 Et
491 1152 559 1184 iam
585 1163 663 1184 cum
697 1151 932 1184 mercedulam
956 1151 1061 1183 ‹lede-

72 1201 166 1242 rint‚
201 1209 240 1235 ut
265 1201 477 1246 exprobrant
502 1202 605 1235 nobis
633 1213 733 1235 suum
756 1201 989 1234 beneficium?
1023 1200 1063 1235 Si

73 1251 159 1297 quid
195 1259 285 1285 recte
318 1252 400 1285 fecit
434 1252 547 1293 filius,
584 1250 676 1286 nihil
709 1253 824 1285 laudis
850 1251 1063 1284 adscribitur

72 1303 300 1347 praeceptori.
361 1302 399 1337 Si
428 1303 512 1348 quid
540 1304 714 1347 peccavit,
756 1309 936 1336 accusatur
965 1314 1062 1346 prae-

73 1359 202 1397 ceptor.
265 1353 442 1396 Diogenes
477 1366 555 1386 curn
592 1354 822 1387 adolescentis
856 1359 989 1395 gestum
1025 1353 1060 1384 in

74 1404 210 1437 edendo
239 1401 517 1447 reprehensurus
551 1411 656 1445 esset,
690 1404 890 1447 paedagogo
920 1403 1064 1447 impegit

74 1452 273 1498 colaphum.
300 1453 358 1487 Sic
377 1453 446 1494 isti,
465 1454 633 1499 quicquid
652 1461 795 1499 peccant
813 1453 927 1491 liberi,
948 1461 1062 1486 trans-

73 1505 193 1538 ferunt
209 1504 346 1548 culpam
365 1503 402 1536 in
423 1511 672 1548 praeceptores.
720 1504 818 1537 Talis
833 1504 941 1547 gratia
960 1503 1062 1535 nobis

73 1555 220 1590 summis
242 1555 424 1588 laboribus
446 1561 478 1587 et
500 1555 593 1588 curis
615 1555 786 1589 redditur.
837 1555 875 1587 Si
895 1554 973 1598 quis
993 1550 1062 1586 huc

73 1606 229 1640 conserat
251 1617 314 1650 pro
337 1605 468 1638 nostris
490 1605 610 1638 omnia
624 1606 715 1639 vitae
736 1616 879 1648 genera,
908 1604 1062 1637 inveniet

71 1657 110 1690 in
138 1657 237 1690 nullo
261 1662 398 1691 tantum
423 1656 661 1689 calamitatum
678 1662 848 1701 quantum
876 1655 912 1687 in
931 1662 1062 1693 nostro,

72 1708 246 1752 planeque
262 1707 435 1740 affirmare
450 1707 576 1748 ausim,
601 1718 665 1740 nos
681 1707 841 1740 omnium
859 1705 1060 1739 mortalium

71 1759 176 1802 longe
194 1758 472 1791 aerumnosiores
489 1769 579 1798 esse,
604 1758 761 1802 quicum
786 1768 941 1789 summos
964 1756 1064 1789 labo-
1085 1780 1087 1800 ,Α

72 1820 127 1842 res
141 1809 328 1850 obeamus,
354 1809 391 1841 in
408 1821 543 1842 summa
562 1815 677 1842 tamen
697 1808 815 1851 inopia
836 1807 943 1841 vitam
963 1818 1062 1849 aegre

73 1860 309 1899 traducimus,
335 1866 367 1892 et
386 1859 526 1892 interim
544 1859 644 1892 nullo
664 1871 736 1891 non
755 1858 986 1891 contumeliae
1004 1869 1062 1900 ge-

73 1921 157 1943 nere
171 1909 354 1942 adficimur
370 1921 388 1941 a
403 1909 597 1953 discipulis,
624 1910 668 1942 ab
686 1909 827 1941 illorum
849 1909 1061 1952 parentibus,

74 1959 227 2005 denique
255 1959 299 1992 ab
328 1957 400 2000 his,
443 1961 484 1992 de
513 1960 642 2005 quibus
674 1960 849 2003 praeclare
877 1971 1060 1992 meremur.

73 2009 196 2056 Neque
219 2010 403 2055 quisquam
433 2010 562 2054 opinor
585 2016 739 2043 vestrum
771 2017 821 2044 est
850 2017 920 2043 tam
948 2011 1060 2043 ferreo

73 2068 230 2106 pectore,
266 2061 327 2106 qui
345 2057 386 2107 *)
415 2061 445 2093 si
476 2058 560 2094 haec
593 2061 804 2101 consideret,
837 2058 1062 2094 vehementer

74 2112 312 2145 misericordia
331 2112 441 2145 nostri
460 2118 732 2145 commoveatur.
785 2111 982 2155 Supersunt
998 2124 1059 2145 au-

74 2169 143 2196 tem
159 2163 271 2196 multo
287 2162 387 2206 plura
412 2162 524 2203 mala,
550 2163 610 2195 sed
637 2174 700 2205 ego
723 2162 876 2195 defessus
897 2173 971 2196 sum
997 2160 1061 2195 hac

75 2213 418 2254 commemoratione,
440 2220 472 2247 et
490 2220 626 2257 tempus
641 2219 733 2246 vetat
749 2213 973 2256 prolixiorem
991 2224 1062 2246 esse

75 2264 283 2298 orationem.
340 2263 460 2309 ltaque
480 2271 519 2297 ut
546 2264 683 2304 finiam,
717 2270 800 2297 sunt
824 2261 912 2296 mihi
936 2264 972 2296 in
995 2261 1061 2296 hoc

75 2321 228 2348 extremo
245 2320 323 2347 actu
340 2315 503 2358 discipuli
520 2315 631 2348 nostri
650 2314 998 2355 commonefaciendi‚
1024 2321 1058 2347 nt

75 2365 244 2411 quoniam
269 2365 458 2399 audierunt
483 2377 543 2399 sua
566 2365 648 2398 vitia
676 2365 850 2405 accusari,
876 2365 1062 2408 ignaviam,

75 2423 315 2460 contemptum
333 2415 525 2457 literarum,
551 2428 704 2449 amorem
722 2416 942 2460 voluptatum
959 2423 1063 2460 atque

75 2467 166 2508 ocii,
193 2467 504 2510 ingratitudinem,
536 2467 707 2500 admoniti
725 2478 742 2499 a
762 2467 864 2500 nobis
879 2468 964 2500 dent
979 2479 1063 2510 ope—

75 2529 150 2551 ram
167 2525 204 2552 ut
219 2517 304 2551 haec
319 2518 517 2555 emendent,
538 2517 585 2550 ita
603 2525 635 2551 et
650 2518 753 2551 nobis
768 2517 949 2550 minuetur
964 2518 1064 2550 labor

76 2575 205 2610 noster,
224 2575 256 2602 et
271 2568 337 2613 ipsi
357 2569 501 2602 domum
518 2580 653 2602 summa
672 2581 749 2603 cum
768 2569 871 2602 laude
888 2568 1064 2607 redibunt,

111 2672 139 2707 ³)
161 2674 220 2707 qus]
239 2673 326 2708 pontus
346 2676 422 2707 quin.

76 2723 254 2755 Mans-ru.
274 2722 375 2753 Orrn.
405 2723 486 2753 Vm..
506 2722 569 2755 Xl.

1121 239 1400 279 conservandae,
1437 239 1614 282 dignitatis
1648 239 1902 283 comparandae
1938 247 1969 273 et
2002 238 2107 284 Reip.

1119 289 1301 331 gerendae.
1355 287 1445 321 Nam
1461 301 1539 322 cum
1554 290 1654 323 vacui
1675 291 1818 323 domum
1837 291 1996 330 redeunt,
2020 291 2105 335 quid

1119 339 1266 372 accidit?
1293 339 1374 384 quia
1399 337 1490 371 nihil
1516 341 1734 381 didicerunt,
1761 340 1894 373 nullius
1918 353 2001 374 usus
2025 348 2105 375 sunt

1120 390 1156 422 in
1182 389 1270 434 Rep.
1287 390 1453 434 domique
1481 403 1559 423 cuin
1587 402 1721 424 summa
1748 391 1942 434 ignominia
1965 392 2102 427 vivunt.

1117 439 1254 473 Deinde
1269 442 1349 486 quia
1365 441 1401 472 in
1417 441 1493 474 ocio
1511 441 1618 473 multa
1636 442 1718 474 vitia
1735 449 1946 482 contraxere,
1964 454 2001 475 ea
2019 439 2103 489 liae-

1117 498 1194 525 rent
1221 492 1368 535 inillis,
1406 498 1546 536 potant,
1580 499 1716 533 amant,
1748 493 2024 533 latrocinantur,
2065 499 2103 526 ut

1116 542 1296 586 publicum
1329 543 1450 576 odium
1480 542 1578 576 urbis
1602 542 1695 576 fiant.
1757 542 1881 576 Exitus
1905 550 2019 577 autem
2048 541 2102 577 his

1115 594 1274 627 moribus
1300 595 1508 637 respondet,
1536 593 1597 626 alii
1620 593 1712 626 inter
1736 594 1859 637 pocula
1884 595 2103 636 occiduntur,

1114 644 1174 676 alii
1193 656 1271 677 suas
1288 645 1446 678 fortunas
1464 644 1500 677 in
1521 644 1593 677 alea
1610 645 1779 688 perdunt,
1806 644 1894 677 alios
1918 646 2102 689 perdidere

1113 707 1258 730 amores.
1297 695 1436 729 Possem
1456 695 1592 729 infinita
1610 695 1767 739 exempla
1783 695 1938 735 recitare,
1964 696 1990 727 si
2008 696 2101 729 sine-

1113 752 1164 779 ret
1182 753 1330 790 tempus·
1383 746 1440 780 Sic
1458 746 1551 779 enim
1568 744 1663 779 Deus
1687 758 1834 790 poenam
1855 746 1961 779 sumit
1976 747 2017 778 de
2035 744 2101 788 his,

1113 796 1173 842 qni
1198 797 1350 841 primum
1378 795 1452 831 Deo
1481 804 1602 831 autore
1630 795 1780 830 adhibiti
1811 798 1852 829 ad
1884 797 2101 838 discendum,

1112 860 1185 880 non
1205 848 1337 881 faciunt
1355 860 1457 881 suum
1481 848 1645 882 officium.
1700 848 1790 881 Nam
1817 849 1908 892 quod
1940 855 2100 891 parentes

1112 898 1260 939 iussere,
1295 899 1330 931 id
1358 897 1453 932 Deus
1478 905 1644 944 tanquam
1669 910 1729 931 sua
1756 899 1846 931 iussa
1873 899 1949 931 fieri
1975 898 2099 933 voluit.

1111 948 1249 982 Deinde
1284 950 1411 982 malam
1438 950 1583 993 gratiam
1617 949 1841 982 benemeritis
1866 949 2102 993 praeceptori-

1111 1000 1174 1033 bus
1194 1001 1359 1034 reddunt.
1412 999 1494 1034 Noli
1514 1001 1605 1033 enim
1623 1008 1744 1044 putare
1762 1001 1872 1033 ullum
1889 1012 1960 1032 esse
1977 1000 2098 1038 scelus,

1111 1052 1205 1095 quod
1228 1051 1375 1095 perinde
1399 1052 1553 1085 offendat
1574 1052 1711 1092 Deum,
1736 1059 1839 1096 atque
1864 1051 2097 1093 iugratitud03

1111 1103 1158 1135 sic
1175 1103 1268 1135 enim
1281 1103 1448 1146 scriptum
1464 1109 1531 1136 est:
1557 1101 1647 1135 Fore
1662 1109 1700 1136 ut
1723 1114 1794 1135 non
1812 1103 1951 1135 recedat
1966 1101 2099 1134 malum

1110 1165 1127 1186 a
1145 1154 1251 1186 domo
1268 1153 1407 1196 ingrati.
1461 1152 1642 1195 Quantum
1668 1159 1783 1186 autem
1801 1152 2012 1186 Ductoribus
2036 1153 2098 1185 de-

1111 1204 1244 1245 beatur,
1272 1211 1345 1237 tum
1364 1205 1447 1237 inde
1465 1204 1655 1237 existimari
1673 1211 1793 1247 potest,
1821 1204 1916 1248 qnod
1934 1204 1968 1235 in
1987 1203 2098 1236 vicem

1112 1262 1294 1298 parentum
1318 1257 1526 1295 succedunt,
1550 1262 1582 1288 et
1599 1255 1740 1287 illorum
1759 1254 1902 1287 affectus
1919 1265 1996 1297 erga
2014 1265 2100 1297 pue-

1111 1318 1167 1338 ros
1189 1306 1359 1346 iuduunt,
1393 1314 1466 1339 tum
1497 1306 1601 1338 etiam
1619 1305 1750 1339 Paulus
1771 1311 1987 1344 commonet,
2017 1317 2096 1337 cum

1111 1356 1175 1389 ait:
1202 1355 1346 1399 Duplici
1371 1354 1507 1389 honore
1530 1356 1654 1397 dignos
1680 1367 1751 1388 esse
1777 1354 1958 1390 Doctores,
2011 1354 2099 1387 Pro-

1111 1406 1193 1438 inde
1217 1406 1245 1438 si
1268 1407 1394 1449 cupitis
1419 1413 1458 1439 ut
1482 1407 1639 1440 sortunet
1665 1406 1763 1438 vobis
1781 1405 1876 1439 Deus
1893 1405 2098 1439 universum

1110 1457 1201 1489 vitae
1217 1464 1348 1489 vestrae
1367 1469 1525 1497 cursum,
1554 1458 1633 1489 date
1651 1468 1791 1500 operam
1804 1483 1812 1497 ‚
1835 1463 1872 1489 ut
1889 1456 2042 1489 vicissim
2062 1467 2100 1488 ea

1111 1507 1310 1550 praestetis,
1337 1519 1424 1551 quae
1452 1507 1510 1539 ille
1538 1519 1556 1539 a
1582 1507 1684 1539 vobis
1711 1507 1833 1549 exigit,
1868 1513 1907 1540 ut
1941 1506 2100 1550 gnaviter

1109 1557 1242 1590 obeatis
1259 1557 1474 1601 provinciam
1492 1557 1592 1590 vobis
1610 1570 1627 1589 a
1645 1557 1850 1601 parentibus
1870 1558 2101 1595 commissam,

1111 1615 1142 1641 et
1166 1615 1204 1641 ut
1222 1615 1464 1651 praeceptores
1482 1615 1614 1641 vestros
1631 1614 1789 1640 amanter
1807 1607 2101 1652 complectamini,

1111 1667 1142 1692 et
1160 1659 1321 1701 religiose
1338 1659 1477 1699 colatis,
1511 1666 1549 1692 ut
1566 1665 1598 1691 et
1619 1666 1736 1692 nostra
1754 1659 1869 1692 studia
1887 1665 1919 1692 et
1939 1666 2099 1692 nostrum

1110 1722 1264 1742 amorem
1292 1721 1371 1752 erga
1397 1721 1460 1742 vos
1486 1710 1660 1752 augeatis,
1688 1716 1720 1742 et
1744 1709 1835 1742 mala
1855 1717 1972 1743 nostra
1989 1715 2102 1743 vestra

1110 1760 1359 1794 commoditate
1381 1760 1558 1804 mitigetis.
1611 1759 1705 1794 Dixi.

1125 1946 1187 1979 No.
1206 1946 1263 1979 16.
1929 1960 1976 1979 an.
2006 1949 2099 1981 1527.

1925 1993 2094 2008 Μ

1390 2040 1465 2082 De
1495 2045 1634 2095 capta
1663 2039 1827 2081 Roma.

1180 2119 1300 2147 prodiit:
1327 2120 1451 2154 „Oratio
1467 2120 1497 2147 C.
1517 2120 1656 2154 Crucigeri
1676 2119 1763 2146 babila
1778 2120 1804 2145 in
1820 2120 1993 2153 promotione
2009 2118 2101 2153 Magi-

1212 2159 1339 2179 suorum.
1377 2155 1535 2188 Deploratio
1555 2161 1646 2188 captae
1664 2154 1774 2181 Rornae.
1810 2155 1980 2180 Declamztio
2002 2154 2035 2178 de
2054 2164 2098 2179 ve-

1212 2190 1285 2214 stitu.
1312 2189 1473 2215 Encomium
1489 2189 1663 2214 formicarum
1681 2188 1810 2222 scriptum
1826 2190 1858 2214 ab
1870 2189 1980 2213 Erasmo
1992 2188 2099 2213 h'bnero

1214 2232 1276 2248 cuin
1299 2225 1376 2258 epist.
1400 2225 1464 2249 Phil.
1484 2224 1544 2248 Met.
1564 2223 1596 2247 ad
1613 2224 1679 2249 sim.
1697 2222 1853 2255 Grynaeum
1876 2223 1907 2247 de
1925 2223 2100 2248 astronomia.

1217 2256 1303 2284 Viieb.
1318 2259 1386 2292 apud
1405 2257 1442 2284 lu.
1462 2259 1538 2291 Clug.
1555 2257 1629 2283 1531.
1645 2258 1670 2283 8.
1685 2257 1739 2291 pl.¹’
1762 2271 1787 2275 —
1827 2257 1930 2283 [let-,usa
1944 2256 2013 2289 apud
2028 2256 2099 2283 Crat.

1216 2291 1285 2319 Mul,
1301 2293 1380 2326 p,501
1398 2302 1473 2327 sqq.,
1498 2291 1524 2316 in
1542 2291 1691 2317 Declamat.
1711 2292 1743 2317 T.
1756 2292 1774 2319 l.
1789 2301 1814 2325 p.
1824 2292 1896 2323 684„
1924 2292 1949 2316 in
1966 2290 2006 2315 ed.
2022 2291 2100 2317 serv.

1213 2321 1280 2352 'l'.'l.
1306 2337 1330 2360 p.
1344 2327 1420 2359 599.‚
1445 2328 1516 2358 apud
1536 2326 1662 2352 Richard.
1684 2326 1716 2352 T.
1732 2325 1750 2352 l.
1775 2336 1798 2359 p.
1812 2326 1871 2351 682.
1894 2339 1928 2343 —
1964 2324 2050 2350 Roma
2066 2325 2099 2350 ab

1215 2361 1331 2386 exercitu
1348 2361 1438 2385 Caroli
1455 2360 1630 2394 imperatoris
1645 2366 1724 2395 capta
1741 2366 1765 2386 et
1780 2360 1882 2393 direpta
1897 2364 1934 2384 est
1951 2359 1977 2384 d.
1992 2359 2016 2383 6.
2035 2359 2097 2384 Maii

1214 2395 1347 2420 an.1527.
1388 2395 1499 2420 Videtur
1521 2395 1596 2420 lenae
1617 2395 1730 2420 recitata
1750 2403 1823 2423 esse,
1842 2403 1896 2428 quo
1918 2403 1977 2428 pars
1995 2393 2098 2418 Acade-

1211 2430 1278 2454 miae
1295 2428 1405 2457 Witeb‚
1418 2435 1563 2456 secesserat
1579 2433 1691 2463 propter
1707 2434 1817 2465 pestem.

1085 2524 1088 2534 .
1112 2501 1239 2534 Oratio
1265 2497 1463 2534 cuiusdam.
1488 2497 1649 2533 studiosi
1674 2497 1720 2532 de
1748 2501 1861 2542 capta
1886 2501 1923 2531 et
1947 2495 2098 2542 direpta

1354 2549 1443 2584 urbe
1457 2552 1595 2590 Roma,
1623 2559 1720 2584 anno
1741 2547 1850 2586 1527.

1086 2593 1088 2601 ι

1086 2643 1088 2646 >
1114 2614 1194 2653 Etsi
1215 2619 1451 2662 intelligebam
1469 2630 1527 2652 eos
1544 2617 1605 2663 qui
1622 2614 1689 2650 hoc
1706 2618 1782 2650 loco
1801 2627 1864 2660 pro
1882 2626 1978 2648 more
1996 2611 2098 2647 scho-

1087 2690 1090 2712 i
1114 2671 1166 2703 lae
1184 2671 1278 2703 fictas
1293 2670 1428 2704 fabulas
1443 2676 1568 2714 agunt,
1595 2668 1707 2702 multo
1730 2667 1848 2701 minus
1865 2665 1980 2699 oneris
1997 2664 2101 2698 susti-

1440 2720 1463 2754 9
