2338 2958
109 129 185 168 625
689 128 720 164 D
730 128 760 163 E
770 129 798 164 C
808 129 846 164 L.

108 266 358 301 mutationum.

208 315 382 350 Usitatum
398 321 448 348 est
461 326 602 359 peccare
617 316 869 359 gubernatores
883 316 1033 359 ignavia,
1061 321 1094 348 et

105 365 208 401 multi
223 364 397 409 sapientes
415 372 449 399 et
467 378 564 400 acres
581 373 723 411 peccant
739 362 1092 414 πολυπραγμοσύνῃ.

105 416 215 460 Saepe
232 415 341 459 igitur
357 423 478 450 monet
495 413 590 451 hunc
606 418 768 451 morbum
792 419 987 451 cavendum
1004 428 1092 450 esse:

105 474 138 501 et
156 467 238 511 quia
254 478 294 500 ex
310 467 504 501 ambitione
528 468 658 507 oritur,
687 468 923 501 eruditissime
947 467 1093 512 opponit

103 517 316 552 contrariam
339 518 587 559 ambitionem,
623 519 721 552 iubet
746 531 809 552 nos
833 517 922 551 hanc
945 518 1091 561 gloriam

103 574 283 612 expetere,
309 568 492 610 videlicet,
526 569 681 603 studium
700 569 865 602 manendi
886 569 978 602 intra
998 574 1092 612 septa

103 625 138 653 et
153 626 264 652 metas
286 619 398 653 nostri
416 620 590 660 muneris,
617 631 677 652 seu
702 626 740 652 ut
759 620 905 659 dicitur,
934 626 971 652 ut
995 630 1092 652 suam

104 669 253 715 quisque
270 669 432 713 Spartam
449 677 558 706 ornet.

206 720 275 754 Sed
297 721 481 765 popularia
509 720 649 763 ingenia
673 721 782 764 magis
805 721 993 765 gloriosam
1021 731 1092 753 esse

104 771 240 804 ducunt
256 769 632 818 πολυπραγμοσύνην,
660 772 788 815 passim
808 784 842 805 se
865 773 1092 815 ingerentem,

104 821 236 855 multos
251 822 486 859 lacessentem,
506 822 697 867 tranquilla
716 822 862 856 consilia
879 823 1093 862 turbantem,

104 872 257 917 denique
280 871 417 915 negotia
440 872 599 917 undique
620 870 871 914 attrahentem,
897 880 937 907 ut
952 872 1092 907 Caecias

104 923 216 956 nubes
233 923 276 956 ad
291 933 364 955 sese
380 920 555 956 attrahere
570 923 709 958 dicitur.

206 971 310 1006 Tales
332 973 440 1006 fuisse
464 974 596 1008 multos
618 975 655 1007 in
679 972 836 1008 historiis
861 974 1028 1016 legimus,
1052 979 1093 1006 ut

101 1021 289 1063 Cleonem,
325 1035 428 1068 quem
452 1024 618 1058 dicebant
643 1025 794 1059 alterum
825 1025 948 1069 pedem
973 1024 1011 1056 in
1035 1036 1091 1057 ca-

102 1074 195 1115 stris,
222 1074 371 1107 alterum
391 1075 428 1107 in
448 1075 544 1108 curia
560 1073 701 1111 habere.
742 1076 859 1119 Quam
878 1075 980 1108 multi
997 1086 1092 1108 nunc

103 1131 203 1165 sunt,
229 1124 291 1169 qui
313 1125 461 1158 alterum
479 1126 602 1170 pedem
620 1126 657 1159 in
675 1127 788 1167 curia,
815 1126 963 1159 alterum
982 1126 1018 1158 in
1034 1136 1090 1158 ara

102 1175 295 1215 collocant,
322 1172 389 1209 hoc
411 1182 481 1217 est,
510 1177 571 1222 qui
589 1177 660 1211 suis
676 1184 810 1211 tantum
829 1176 986 1209 consiliis
1002 1175 1092 1210 Res-

102 1226 185 1271 pub.
212 1226 303 1269 regi,
339 1232 372 1259 et
397 1239 541 1270 prorsus
571 1229 615 1260 ad
649 1240 709 1261 sua
740 1228 870 1261 iudicia
895 1227 1092 1260 doctrinam

102 1277 326 1320 attemperari
347 1277 383 1309 in
403 1278 544 1322 templis
560 1279 698 1312 volunt.
751 1277 862 1321 Saepe
880 1276 946 1311 hoc
961 1277 1092 1310 malum

102 1325 280 1361 Ecclesiae
298 1328 428 1363 nocuit.
482 1327 550 1362 Sed
573 1329 698 1362 omitto
715 1329 870 1373 exempla
891 1335 1093 1372 praecepto-

105 1389 194 1411 rum.
245 1376 335 1410 Nam
358 1378 468 1411 lector
490 1390 562 1412 non
586 1379 684 1412 rudis
709 1381 801 1413 vitae
825 1380 1040 1418 communis,
1065 1378 1094 1410 si

104 1428 277 1472 expendet
311 1427 478 1462 Paulinas
520 1430 796 1468 admonitiones,
839 1430 1093 1462 animadvertet

105 1490 184 1512 eum
212 1479 320 1512 multa
355 1479 569 1523 significare,
618 1493 706 1526 quae
736 1481 884 1524 sapienti
919 1487 952 1514 et
981 1479 1092 1523 sagaci

103 1529 331 1572 gubernatori
350 1530 565 1573 providenda
583 1539 674 1566 sunt.

206 1579 278 1612 lam
298 1587 331 1614 et
348 1578 415 1614 hoc
430 1581 588 1615 observet
606 1581 790 1623 iuventus,
817 1581 965 1615 Paulum
983 1580 1094 1614 literis

106 1637 139 1664 et
162 1631 320 1664 doctrina
346 1631 520 1665 excultum
547 1632 670 1672 fuisse,
693 1633 786 1678 quod
814 1632 947 1665 lumina
968 1632 1094 1664 verbo-

105 1693 184 1715 rum
219 1687 252 1714 et
290 1681 379 1714 ordo
414 1693 532 1715 rerum
560 1682 597 1715 in
625 1683 863 1726 disputatione
891 1683 1094 1716 ostendunt.

106 1730 227 1766 Utitur
261 1731 356 1764 enim
391 1733 513 1766 multis
546 1733 745 1777 insignibus
771 1735 904 1774 verbis,
943 1744 1093 1778 quornm

105 1783 263 1827 pondera
280 1783 355 1815 sine
371 1782 509 1816 liberali
525 1784 724 1817 eruditione
740 1797 812 1817 non
837 1784 1095 1826 intelliguntur.

106 1830 206 1865 Nihil
222 1833 337 1876 potuit
349 1833 464 1866 dicere
479 1834 624 1872 tristius,
652 1832 744 1867 nihil
761 1835 913 1868 atrocius
928 1835 970 1866 ad
987 1833 1096 1875 signi-

107 1883 279 1916 ficandam
297 1883 518 1917 acerbitatem
542 1885 633 1922 odii,
662 1897 731 1929 quo
755 1886 878 1918 ardent
894 1883 1095 1929 hypocritae

109 1934 275 1966 adversus
297 1931 550 1977 Evangelinm‚
583 1947 687 1979 quam
714 1948 792 1968 cum
817 1935 881 1975 ait,
909 1934 1097 1979 Apostolos

109 1984 177 2017 dici
194 1982 426 2029 καθάρματα
441 1991 474 2018 et
488 1982 736 2031 περιψήματα.
786 1984 881 2019 Haec
899 1986 1003 2018 verba
1022 1985 1097 2018 sine

109 2034 310 2078 cognitione
331 2043 488 2069 veterum
506 2033 730 2070 historiarum
755 2036 904 2079 intelligi
925 2048 998 2069 non
1020 2047 1098 2080 pos-

110 2093 201 2120 sunt.

196 2136 307 2180 Saepe
324 2136 436 2170 utitur
452 2138 558 2171 verbo
578 2134 837 2182 σιχιιρἰβόζειν,
865 2149 942 2171 cum
960 2138 1002 2170 de.
1021 2149 1097 2169 inu-

112 2195 170 2221 tua
205 2187 394 2220 dilectione
424 2189 663 2223 concionatur.
724 2188 792 2222 Sed
830 2187 994 2231 historiae
1029 2188 1098 2220 vim

112 2237 209 2270 verbi
227 2238 415 2273 declarant.
456 2238 473 2269 Χ
488 2239 559 2273 idet
576 2238 704 2273 Paulus
721 2239 849 2272 multos
867 2240 909 2271 dc
928 2239 1099 2271 industria

113 2286 182 2321 hoc
218 2299 334 2330 agere,
373 2296 410 2322 ut
445 2288 643 2323 distrahant
672 2290 870 2323 voluntates
906 2287 1101 2323 hominnm.

114 2337 239 2372 Monet
261 2338 367 2381 igitur
389 2346 427 2373 ut
456 2341 600 2373 consilia
627 2341 662 2373 in
688 2341 886 2374 actionibus
911 2340 1102 2382 dirigamus

113 2390 157 2422 ad
173 2389 423 2422 consociandas
440 2391 656 2431 voluntates,
684 2398 715 2424 et
739 2392 790 2424 sox
801 2393 925 2424 endam
946 2398 1101 2423 mutuam

114 2440 419 2481 benevolentiam,
447 2443 540 2486 quod
565 2442 639 2475 fieri
663 2454 734 2475 non
761 2449 891 2486 potest,
922 2442 990 2474 nisi
1014 2454 1102 2486 qua-

115 2491 194 2523 dam
220 2491 479 2532 moderatione,
507 2499 540 2526 et
556 2489 785 2537 Philosophia
809 2504 969 2536 regamus
993 2493 1103 2536 impe-

115 2547 173 2575 tus
188 2541 399 2576 animorum.
452 2541 500 2576 lta
522 2550 647 2576 vocant
663 2540 942 2587 σι’,ιιβιβάστικα
958 2543 1102 2576 consilia

118 2588 295 2632 historiae,
318 2605 406 2637 quae
425 2594 467 2626 ad
485 2591 578 2627 hunc
597 2594 712 2633 finem,
737 2607 840 2639 quem
858 2594 948 2634 dixi,
975 2594 1103 2627 directa

118 2649 218 2675 sunt:
245 2639 336 2677 hanc
353 2644 585 2688 diligentiam,
613 2651 651 2678 ut
668 2646 771 2678 nobis
791 2646 1022 2682 commendet,
1050 2645 1104 2677 in-

119 2692 208 2736 signi
227 2694 334 2726 verbo
353 2692 602 2728 historicorum
622 2707 705 2729 usus
721 2703 782 2730 est.

171 2745 345 2777 Maura.
369 2747 472 2779 Ortn.
490 2747 570 2780 Voi..
588 2747 650 2779 xl:

896 127 968 163 DE
1002 126 1194 162 PAL'LO
1230 126 1558 164 APOSTOLO.

109 218 155 251 de
172 215 290 249 nervis
310 213 396 247 boni
418 220 543 256 status,
569 221 603 248 et
621 215 664 248 de
689 215 847 249 fontibus
865 215 1093 248 maximarum
1119 222 1124 274 Ι

2066 132 2138 166 626

1250 214 1351 247 Iubet
1374 215 1532 248 doctores
1558 222 1648 248 recte
1670 227 1784 248 secare
1800 215 2016 249 doctrinam:
2046 216 2136 248 bella

1149 262 1351 308 metaphora
1375 272 1424 298 est
1452 277 1468 297 a
1495 266 1670 298 sacrificiis
1692 273 1851 310 sumpta,
1881 266 1916 298 in
1936 266 2062 311 quibus
2080 279 2135 299 ars

1149 321 1221 348 erat
1248 315 1369 358 partiri
1395 316 1570 356 membra,
1602 329 1753 360 quorum
1782 317 1848 350 alia
1879 317 2137 355 cremabantur,

1148 365 1213 396 alia
1235 373 1333 399 erant
1351 366 1518 398 attributa
1542 368 1792 403 sacerdotibus.
1845 365 1892 402 Et
1913 365 1997 400 haec
2023 367 2135 410 imago

1148 416 1257 448 multa
1278 416 1459 459 significat.

1249 474 1388 507 Possem
1414 474 1565 518 plurima
1584 477 1737 519 exempla
1763 478 1926 518 recitare,
1954 478 1982 510 si
2000 488 2136 520 tempus

1148 531 1346 569 pateretur,
1380 537 1469 569 quae
1491 526 1700 566 ostendunt,
1733 526 1842 559 Paulo
1875 540 1937 561 nec
1966 528 2136 561 eruditio-

1146 588 1238 615 nem,
1266 588 1329 608 nec
1346 576 1562 618 diligentiam
1580 577 1739 609 defuisse.
1780 575 1827 610 Et
1847 579 1889 611 ad
1910 579 2135 621 intelligenda

1147 627 1221 660 eius
1250 627 1354 659 verba
1379 626 1577 659 eruditione
1597 638 1683 670 opus
1702 639 1785 661 esse.
1848 628 1953 670 Quod
1977 641 2016 662 eo
2043 630 2135 667 dico,

1146 684 1184 711 ut
1209 684 1241 711 et
1263 677 1378 722 ipsum
1403 677 1519 720 legant
1544 675 1742 711 scholastici
1767 680 1952 719 attentius,
1975 687 2007 713 et
2025 686 2061 712 ut
2078 691 2135 712 re-

1147 728 1234 762 ctius
1260 730 1517 773 adsequantur,
1553 728 1749 772 adiungant
1776 729 1974 763 liberalium
2005 730 2132 763 artium

1147 779 1357 813 doctrinam.

1247 837 1333 871 Dixi
1350 837 1393 870 de
1415 848 1541 880 genere
1561 838 1759 877 doctrinae,
1787 839 1882 883 quod
1905 837 2035 871 Paulus
2060 851 2134 871 ma-

1145 888 1236 921 xime
1262 889 1468 927 illustravit,
1495 900 1533 921 ac
1555 889 1597 921 de
1621 889 1700 921 aliis
1719 889 1930 933 quibusdam
1954 890 2134 923 doctrinae

1147 939 1240 974 locis.
1290 938 1378 972 Nam
1396 939 1432 971 in
1451 937 1621 982 Apostolo
1639 939 1825 983 praecipue
1841 939 2134 974 considerandum

1146 997 1195 1023 est
1213 1001 1322 1033 genus
1339 989 1530 1022 doctrinae.
1582 988 1762 1023 Adderam
1779 991 1883 1023 etiam
1902 992 2074 1035 quaedam
2092 992 2134 1023 de

1146 1040 1220 1074 eius
1248 1041 1454 1074 virtutihus:
1495 1040 1551 1073 sed
1590 1038 1715 1073 harum
1744 1047 1914 1085 quantum
1943 1043 2047 1074 decus
2080 1041 2135 1081 sit,

1147 1103 1219 1124 non
1236 1092 1281 1124 ita
1299 1092 1409 1124 multo
1426 1098 1503 1134 post
1520 1091 1733 1131 videbimus,
1760 1104 1839 1124 cum
1857 1091 1930 1125 eius
1949 1099 2135 1125 consuetu-

1147 1142 1229 1175 dine
1245 1142 1420 1182 fruemur,
1448 1154 1526 1174 cnm
1546 1153 1599 1174 res
1617 1142 1691 1175 eius
1712 1149 1822 1184 gestas
1839 1154 1856 1175 a
1874 1139 2015 1176 Christo
2035 1155 2136 1186 prac-

1147 1193 1256 1226 dicari
1274 1193 1476 1232 audiemus,
1505 1199 1537 1225 et
1553 1193 1662 1226 multa
1681 1193 1756 1225 eius
1774 1194 1952 1226 auditores
1969 1194 2135 1227 sciscitari

1149 1243 1350 1287 poterimus,
1404 1242 1508 1275 Nulla
1540 1244 1633 1275 enim
1667 1243 1778 1277 oratio
1811 1256 1874 1288 par
1897 1245 2133 1287 magnitudini

1147 1292 1271 1327 harum
1289 1294 1457 1327 virtutum
1476 1293 1661 1337 excogitari
1681 1300 1804 1338 potest.

1249 1351 1316 1385 Sed
1354 1358 1470 1384 tamen
1506 1353 1660 1396 exempla
1699 1365 1770 1385 non
1799 1353 2004 1396 negligenda
2039 1361 2132 1388 sunt.

1146 1400 1222 1436 Etsi
1240 1403 1368 1445 gradus
1389 1402 1557 1436 virtutum
1578 1415 1649 1435 uon
1676 1402 1871 1444 imitamur,
1899 1411 2015 1437 tamen
2034 1404 2135 1437 initia

1147 1453 1347 1486 communia
1364 1464 1435 1485 esse
1453 1454 1611 1486 omnium
1628 1454 1765 1487 debent
1798 1453 2035 1488 Confirmetur
2050 1454 2136 1488 fides

1148 1511 1285 1544 nostra,
1319 1515 1396 1536 cum
1421 1504 1487 1543 ait,
1522 1515 1556 1536 se
1582 1511 1794 1547 grassantem
1827 1503 2021 1546 hostiliter,
2056 1506 2134 1539 ideo

1148 1561 1308 1587 vocatum
1338 1565 1428 1591 esse,
1473 1562 1511 1587 nt
1540 1556 1714 1587 discamus
1738 1554 1850 1588 Deum
1880 1568 1960 1589 vere
1995 1564 2136 1600 propter

1147 1602 1328 1638 Christum
1353 1605 1455 1637 nobis
1477 1605 1671 1647 ignoscere,
1702 1606 1805 1637 modo
1831 1613 1868 1639 ut
1894 1608 2137 1647 confugiamus

1148 1656 1189 1688 ad
1209 1655 1334 1699 ipsum.
1389 1653 1619 1699 Expectemus
1637 1656 1808 1688 auxilium
1829 1663 1860 1689 et
1883 1658 2136 1697 defensionem,

1148 1718 1226 1739 cum
1246 1706 1282 1737 in
1301 1706 1422 1738 eodem
1442 1718 1587 1739 munere.
1607 1719 1795 1745 versemur,
1826 1707 1861 1739 in
1881 1720 1950 1753 quo
1968 1708 2040 1752 ipse
2058 1721 2136 1741 ver-

1148 1757 1301 1790 sabatur.

1251 1814 1430 1848 Postremo
1456 1827 1518 1859 pro
1545 1822 1662 1848 nostra
1684 1816 1924 1850 mediocritate
1946 1829 2138 1857 caveamus,

1151 1877 1192 1898 nc
1210 1865 1312 1898 malis
1327 1866 1486 1899 moribus
1504 1866 1716 1899 excutiamus
1735 1867 1894 1900 coelestia
1914 1869 2003 1901 bona
2016 1894 2024 1906 ,
2051 1881 2138 1902 neve

1151 1916 1272 1949 dolore
1296 1916 1488 1949 afficiamus
1511 1916 1682 1961 Spiritum
1709 1925 1878 1951 sanctum.
1944 1918 1987 1952 [t
2016 1919 2138 1963 pictor,

1153 1973 1189 1999 nt
1218 1964 1426 1999 architectus
1453 1964 1581 1999 habent
1608 1967 1738 2007 ideam,
1766 1975 1796 2001 et
1817 1970 1970 2013 exempla
1991 1982 2135 2012 operum

1152 2029 1313 2057 snorum,
1341 2017 1376 2049 in
1399 2029 1487 2062 quae
1509 2030 1645 2061 semper
1668 2018 1866 2052 intuentur:
1903 2021 1947 2053 ita
1976 2018 2058 2053 llaec
2085 2022 2137 2053 vi-

1154 2068 1256 2101 vendi
1275 2079 1330 2100 ars
1349 2068 1511 2111 postulat,
1529 2075 1563 2101 ut
1583 2069 1719 2113 aliquos
1736 2070 1895 2103 laudatos
1914 2071 2006 2104 viros
2023 2079 2138 2105 niente

1155 2119 1370 2157 intueamur,
1403 2131 1491 2163 qnos
1523 2119 1640 2163 aliquo
1670 2121 1774 2151 modo
1804 2122 1900 2165 sequi
1937 2129 1969 2155 et
2006 2122 2136 2155 imitari

1153 2171 1364 2203 studeamus.
1417 2169 1464 2203 [ἰ
1488 2169 1609 2202 Cicero
1634 2170 1793 2203 Lwtium
1820 2172 1885 2203 sibi
1912 2174 2139 2216 proponebat,

1154 2220 1212 2253 alii
1237 2220 1340 2252 alios:
1370 2220 1415 2253 ita
1440 2232 1503 2253 nos
1528 2221 1563 2252 in
1587 2218 1740 2253 Ecclesia
1759 2221 1927 2263 Paulum,
1958 2222 2137 2256 leremiam

1155 2278 1186 2303 et
1220 2271 1350 2303 similes
1387 2271 1597 2304 intueamur.
1660 2270 1798 2304 llorum
1836 2274 2002 2317 exemplis
2037 2275 2138 2307 iidem

1155 2322 1420 2361 confirmemus,
1446 2322 1635 2354 excitemus
1657 2322 1933 2367 invocationem,
1961 2325 2141 2358 imitemur

1156 2385 1275 2405 eorum
1308 2372 1551 2411 tolerantiam,
1590 2373 1765 2405 lenitatem
1797 2380 1826 2405 et
1856 2374 2074 2417 diligentiam
2105 2377 2138 2408 in

1156 2425 1251 2455 omni
1269 2422 1392 2455 officio.

1259 2480 1436 2514 Hactenus
1452 2480 1493 2511 (le
1516 2478 1643 2517 Paulo,
1672 2488 1842 2525 quantum
1867 2489 1898 2515 et
1926 2483 2054 2525 ingenii
2077 2483 2141 2515 mei

1158 2531 1309 2566 tennitas
1351 2538 1381 2564 et
1421 2531 1587 2573 temporis
1630 2532 1788 2574 angustia
1832 2534 2018 2573 concessit,

1130 2599 1133 2607 ·
1159 2583 1310 2627 Reliqua
1329 2591 1377 2615 est
1395 2593 1473 2626 pars
1491 2581 1670 2615 institutae
1689 2583 1858 2617 orationis
1875 2585 1985 2617 tertia.

2063 2533 2143 2566 dixi.

1260 2641 1342 2674 Piae
1371 2640 1498 2673 mentis
1526 2647 1572 2673 est
1610 2652 1709 2683 saepe
1739 2642 1956 2685 multumque
1985 2642 2145 2683 cogitare,

1131 2705 1134 2740 Ι
1162 2692 1339 2739 quomodo
1366 2690 1519 2724 Ecclesia
1547 2691 1686 2723 condita
1712 2692 1772 2731 sit,
1809 2704 1911 2736 qncm
1937 2690 2059 2725 habeat
2082 2694 2147 2725 du-

1670 2740 1718 2774 40
