2338 2958
146 137 222 174 945

147 234 222 256 non
241 222 326 256 solis
343 220 480 255 claritas
495 221 606 256 vincit
627 220 719 256 hanc
737 222 934 263 flammam,
961 234 1051 267 quae
1074 234 1140 255 no-

146 273 306 307 minatur
327 273 471 317 spiritus
489 279 562 306 tum
586 267 720 314 vitalis,
746 279 821 307 tum
843 273 1023 313 animalis,
1051 270 1141 305 hanc

146 335 220 357 rem
238 323 496 357 nobilissimam
518 332 550 357 et
568 325 684 357 sedem
700 323 765 357 Dei
784 324 821 356 in
835 325 939 357 nobis
951 351 959 365 ,
987 330 1020 357 et
1039 335 1138 367 prae-

145 373 442 409 stantissimarum
469 374 646 408 actionum
671 374 879 408 effectricem
901 385 1140 418 agnoscamus,

147 430 181 458 et
196 431 369 470 quantum
388 436 585 469 possumus,
612 432 731 459 nostra
748 425 930 469 diligentia
947 426 1137 458 foveamus.

249 509 433 543 Turbatur
462 516 577 543 autem
611 509 871 554 multipliciter,
906 509 998 542 mala
1025 509 1137 542 victus

146 561 305 601 ratione,
333 560 621 604 intemperantia,
647 561 821 594 incendiis
838 560 1042 597 libidinum,
1072 560 1136 591 im-

145 611 338 645 moderatis
353 612 505 644 aestibus
524 611 743 651 adfectuum,
770 611 859 651 irae,
886 610 970 648 odii,
998 611 1137 650 amoris,

145 662 332 700 dolorum,
375 662 505 695 adflatu
532 662 704 695 malorum
730 663 953 695 daemonum.
1026 660 1137 694 Ardet

144 711 283 747 Blarius
300 712 491 756 cupiditate
509 712 701 753 vindictae,
729 718 761 745 et
777 712 859 745 odio
871 712 989 757 Syllae
1005 724 1042 745 ac
1060 724 1136 744 cae-

144 770 302 797 terorum
325 762 544 806 Principum.
601 761 679 796 Hoc
702 769 798 796 aestu
822 763 1047 797 turbidorum
1075 765 1135 795 ad-

143 814 318 854 fectuum,
345 813 479 847 incensi
503 813 648 856 spiritus
672 813 858 857 impellunt
884 825 982 852 eum,
1011 820 1049 846 ut
1073 825 1135 845 nec

145 864 184 897 in
202 864 408 908 cogitando,
435 876 498 897 nec
517 864 554 896 in
570 865 704 907 agendo
722 871 834 897 servet
856 865 1036 904 ordinem,
1065 864 1135 897 ruit

143 915 303 949 furenter
320 922 352 948 et
368 914 554 948 saeviciam
571 915 694 958 explet.
728 913 774 948 Et
793 913 882 947 hanc
904 915 1011 959 ipsam
1031 915 1135 958 spiri-

142 972 244 999 tuum
262 965 505 998 confnsionem
524 972 557 999 et
582 966 714 999 rabiem
738 966 870 999 diaboli
895 966 1005 1009 magis
1031 965 1133 998 etiam

141 1023 182 1050 ut
207 1017 301 1049 venti
329 1016 472 1059 agitant.
538 1015 589 1049 Ita
614 1017 751 1049 furores
778 1018 846 1049 orti
871 1023 903 1049 et
929 1016 1021 1049 aucti
1046 1023 1134 1049 totas

142 1073 262 1110 gentes
286 1068 448 1110 perdunt.
501 1066 598 1100 Haec
618 1067 773 1110 pericula
794 1067 1022 1109 intelligenda
1042 1073 1134 1105 sunt,

143 1124 182 1151 ut
212 1117 249 1150 in
277 1118 390 1158 victu,
417 1124 451 1150 et
477 1117 515 1150 in
538 1118 704 1150 omnibus
726 1117 880 1150 motibus
904 1114 1134 1150 adhibeamus

141 1179 282 1208 curam,
309 1168 595 1210 meditationem,
623 1167 880 1207 contationem,
913 1174 945 1200 et
972 1168 1134 1200 modera-

141 1218 275 1252 tionem
294 1218 474 1253 maiorem.
529 1217 605 1251 Imo
627 1218 732 1252 etiam
756 1218 932 1251 invocatio
951 1217 1015 1250 Dei
1039 1230 1134 1250 acce-

141 1270 218 1310 dat,
244 1275 284 1302 ut
299 1266 390 1302 hanc
408 1271 506 1302 suam
525 1269 642 1302 sedem
661 1268 698 1301 in
715 1269 818 1301 nobis
835 1269 1007 1312 gubernet
1023 1269 1108 1313 ipse.

244 1350 402 1385 Multum
423 1352 528 1385 etiam
543 1352 685 1396 prodest
709 1353 752 1385 ad
778 1352 990 1385 valetudinis
1014 1365 1132 1386 curam

142 1409 176 1437 et
197 1402 240 1436 ad
267 1413 383 1435 mores
407 1403 595 1445 regendos,
627 1403 759 1446 agnitio
782 1403 983 1446 fragilitatis
1004 1403 1041 1435 in
1066 1401 1133 1436 hoc

141 1452 300 1487 aedificio
331 1450 478 1486 humani
509 1453 675 1496 corporis.
734 1451 933 1487 Oculorum
958 1453 1133 1488 subtilitas

142 1504 179 1538 in
196 1510 384 1548 conspectu
402 1511 471 1544 est,
495 1503 543 1537 ita
561 1504 599 1536 in
619 1511 693 1538 toto
718 1516 864 1548 corpore
887 1505 998 1549 sparsi
1022 1505 1133 1545 nervi,

141 1567 272 1595 venae,
312 1554 421 1588 fibrae
450 1554 657 1588 tenuissima
688 1562 719 1589 et
750 1555 957 1588 mollissima
984 1568 1130 1599 corpora

141 1612 241 1645 sunt,
286 1617 374 1650 quae
405 1604 522 1639 tamen
552 1612 634 1639 sunt
667 1606 899 1639 instrumenta
934 1612 966 1639 et
995 1607 1132 1639 canales

140 1655 409 1701 praecipuarum
436 1656 634 1696 actionum,
666 1663 699 1690 et
726 1656 816 1689 laedi
843 1656 945 1689 facile
975 1664 1131 1701 possunt.

139 1705 258 1750 Quam
274 1706 374 1739 facile
393 1706 497 1739 etiam
515 1704 700 1740 harmonia
724 1707 933 1752 qualitatum
960 1707 998 1739 in
1023 1720 1131 1740 mem-

139 1757 214 1791 bris
238 1757 376 1790 turbari
398 1764 521 1800 potest.
585 1756 692 1791 Calor
724 1758 914 1790 ventriculi
947 1755 1132 1791 hebetatur

139 1807 209 1840 levi
244 1807 447 1847 occasione,
491 1807 620 1840 deinde
652 1807 810 1852 sequitur
845 1808 954 1851 epatis
986 1808 1131 1850 langue-

139 1857 264 1897 factio,
291 1857 502 1897 obstructio,
528 1857 748 1902 putrefactio.
802 1857 853 1890 Ac
869 1858 972 1891 multi
988 1859 1130 1902 quidem

141 1906 270 1942 horum
288 1908 529 1940 membrorum
547 1908 618 1939 vim
635 1907 842 1950 extinguunt
862 1908 1129 1951 intemperantia

141 1965 174 1992 et
203 1958 477 1991 incontinentia.
530 1959 571 1990 In
598 1957 718 1990 multis
743 1959 847 1990 corda
874 1965 1045 1991 necantur
1068 1959 1130 1998 ira,

141 2009 233 2043 odiis
249 2017 282 2043 et
296 2009 484 2042 moesticia.
535 2008 606 2041 Nec
631 2020 690 2041 arx
717 2009 848 2041 cerebri
868 2021 1008 2042 manere
1033 2010 1130 2042 inco—

141 2059 248 2094 lumis
281 2065 417 2103 potest,
453 2071 532 2092 cum
559 2059 712 2099 ventris,
750 2059 878 2103 epatis,
921 2067 977 2093 aut
1016 2061 1130 2094 cordis

141 2111 233 2144 vires
252 2110 519 2153 extinguuntur.
572 2108 647 2142 Etsi
673 2116 788 2142 autem
806 2110 974 2153 fragilitas
992 2118 1129 2145 nostro-

141 2173 220 2195 rum
239 2172 446 2204 corporum,
474 2161 576 2194 etiam
595 2160 669 2193 sine
687 2160 847 2193 doctrina
866 2173 905 2193 ex
923 2161 1130 2195 tristissimis

141 2211 308 2254 exemplis
335 2212 497 2254 cognosci
520 2218 652 2255 potest,
698 2218 813 2244 tamen
837 2211 946 2256 aliqui
971 2213 1129 2246 doctriua

140 2261 368 2307 praemoniti,
394 2262 512 2295 minus
525 2261 701 2296 temerarii
718 2269 810 2296 sunt.
844 2259 1013 2297 Ostendit
1027 2264 1129 2298 etiam

139 2312 299 2347 doctrina
318 2312 470 2356 partium
491 2313 582 2346 inter
596 2324 668 2346 sese
687 2312 960 2356 copulationem.

243 2393 333 2429 Cum
356 2395 462 2438 igitur
488 2395 610 2439 ingens
633 2396 677 2429 sit
702 2396 836 2430 utilitas
859 2408 959 2430 nosse
985 2394 1129 2431 humani

141 2447 300 2490 corporis
325 2446 544 2486 aedificium,
577 2447 736 2480 doctrina
767 2447 964 2481 anatomica
999 2460 1131 2493 nequa-

141 2509 246 2543 quam
267 2497 475 2541 negligenda
495 2503 555 2532 est.
607 2494 672 2531 Est
690 2498 839 2532 omnino
860 2498 965 2542 digna
988 2510 1042 2532 res
1066 2497 1132 2533 ho-

141 2547 256 2588 mine,
297 2548 451 2591 aspicere
482 2559 600 2580 rerum
637 2555 819 2588 naturam,
858 2561 922 2582 nec
953 2551 1130 2594 aspernari

141 2598 458 2633 considerationem
495 2596 601 2631 huius
634 2599 786 2631 mirandi
827 2599 956 2643 opificii
993 2602 1131 2640 mundi,

141 2649 237 2694 quod
262 2649 340 2683 ideo
368 2657 461 2683 tanta
487 2656 560 2682 arte
585 2649 767 2683 conditum
794 2657 862 2690 est,
897 2658 935 2685 ut
963 2658 1129 2697 tanquam

139 2697 316 2735 theatrum
344 2701 549 2744 aspiciatur,
583 2711 716 2744 nosque
739 2702 782 2734 de
799 2699 893 2741 Deo,
929 2708 962 2735 et
986 2703 1030 2736 de
1056 2703 1130 2736 eius

198 2752 372 2783 itinn-ru,
394 2753 494 2783 Ocea,
514 2753 592 2781 Vm.
612 2751 671 2782 xl.

707 134 865 172 DECL.
901 134 975 172 DE
1009 134 1321 172 DOCTRINA
1355 135 1619 175 ANATOM.

2109 141 2184 178 946

1198 223 1376 257 voluntate
1397 222 1697 257 commonefaciat.
1749 220 1817 257 Sed
1841 229 1959 256 tamen
1979 224 2128 259 maxime
2147 226 2186 259 in

1197 274 1298 306 nobis
1325 273 1408 318 ipsis
1431 279 1464 307 et
1490 274 1606 313 decet,
1649 279 1682 307 et
1705 274 1848 317 prodest
1871 273 2024 317 partium
2050 276 2186 317 seriem,

1194 324 1339 367 figuras,
1367 324 1720 366 coagmentationem,
1746 324 1838 357 vires
1864 331 1896 357 et
1922 324 2036 358 officia
2054 326 2185 362 videre.

1194 372 1389 407 Oraculum
1415 386 1487 407 esse
1512 375 1692 415 dixerunt,
1724 375 1849 422 γνῶθι
1874 373 2051 416 σεαυτὸν,
2089 378 2185 421 quod

1194 425 1257 457 etsi
1275 425 1382 457 multa
1410 431 1549 464 mouet,
1577 431 1692 457 tamen
1719 425 1823 459 etiam
1848 423 1917 459 huc
1941 428 2185 459 accommode-

1193 481 1262 515 tur,
1288 482 1325 508 ut
1343 475 1414 514 illa,
1441 487 1530 520 quae
1549 475 1583 506 in
1605 476 1807 519 nobisipsis
1824 476 2058 510 admiratione
2077 477 2183 520 digna

1191 533 1290 564 sunt,
1324 533 1357 559 et
1387 537 1475 569 quae
1499 532 1581 558 suut
1606 527 1719 559 sontes
1745 527 1976 569 plurimarum
2003 527 2182 561 actionum

1193 577 1229 609 iu
1250 576 1330 614 vita,
1357 576 1511 609 studiose
1528 576 1748 620 aspiciamus.
1784 575 1945 622 Cumque
1962 575 2122 612 homines
2138 580 2183 612 ad

1191 627 1397 671 sapientiam
1422 633 1454 659 et
1476 626 1650 660 iusticiam
1677 627 1809 660 conditi
1834 627 1924 668 sint,
1958 640 1996 660 ac
2023 640 2103 661 vera
2129 641 2184 662 sa-

1192 678 1322 722 pientia
1349 679 1412 720 sit,
1441 677 1574 721 agnitio
1599 676 1685 718 Dei,
1712 684 1745 711 et
1769 684 1914 711 naturae
1937 678 2184 720 consideratio,

1190 730 1371 762 fatendum
1408 736 1457 762 est
1490 735 1523 761 et
1554 728 1750 761 doctrinam
1788 729 2020 762 anatomicam
2054 741 2183 773 cogno—

1190 781 1352 813 scendam
1368 790 1458 819 esse,
1486 779 1521 811 in
1547 791 1613 824 qua
1639 791 1760 813 causae
1786 779 1977 813 multarum
2004 780 2181 814 actionum

1190 837 1222 864 et
1239 830 1476 864 mutationum
1494 830 1531 862 in
1550 830 1652 864 nobis
1672 830 1951 874 conspiciuntur.

1291 904 1393 938 Hanc
1412 911 1568 938 nostram
1592 903 1876 938 adhortationem
1903 902 2086 938 honestam
2111 918 2182 940 esse

1190 967 1292 988 nemo
1310 967 1436 998 negare
1453 962 1575 999 potest.
1629 955 1708 988 Non
1727 956 1978 997 vociferamur,
2004 963 2044 990 ut
2067 957 2182 990 inuti-

1190 1007 1237 1039 les
1259 1006 1532 1050 disputationes,
1559 1013 1618 1039 aut
1641 1007 1792 1049 argutias
1810 1006 1969 1047 discatis,
1995 1019 2084 1051 quae
2104 1019 2182 1040 cor-

1189 1065 1361 1100 rumpunt
1378 1056 1528 1097 iudicia,
1556 1063 1587 1090 et
1613 1063 1731 1100 postea
1758 1057 1850 1089 vitae
1871 1063 1903 1089 et
1930 1058 2091 1091 moribus
2114 1070 2180 1091 no-

1189 1114 1281 1141 cent.
1348 1107 1416 1140 Sed
1447 1107 1654 1140 deducimus
1686 1119 1748 1140 vos
1779 1108 1823 1140 ad
1860 1119 1934 1140 eam
1969 1108 2180 1147 doctrinam,

1188 1170 1276 1203 qnae
1297 1164 1330 1191 et
1346 1158 1531 1191 confirmat
1552 1158 1788 1191 assensionem
1813 1159 1856 1191 de
1877 1158 2120 1202 providentia,
2148 1166 2181 1193 et

1189 1220 1306 1241 curam
1336 1209 1522 1252 exuscitat‚
1557 1220 1601 1241 ne
1631 1209 1813 1241 turbemus
1840 1209 2002 1242 ordinem
2034 1216 2180 1243 naturae

1188 1259 1466 1294 convenientem.
1518 1257 1564 1292 Et
1581 1259 1660 1303 quia
1681 1259 1885 1303 dignitatem
1902 1266 1933 1292 et
1953 1259 2176 1302 fragilitatem

1188 1307 1344 1343 hominis
1370 1310 1545 1350 ostendit,
1572 1316 1713 1350 monet,
1749 1317 1787 1343 ut
1816 1310 1948 1343 maiore
1973 1311 2178 1351 reverentia,

1188 1368 1221 1394 et
1244 1367 1383 1394 nostrae
1408 1366 1441 1393 et
1465 1360 1601 1393 alienae
1627 1361 1718 1394 vitae
1743 1372 1940 1404 parcamus,
1968 1373 2006 1394 ac
2021 1373 2179 1395 amemus

1187 1419 1221 1445 et
1238 1412 1419 1445 foveamus
1436 1408 1503 1444 hoc
1526 1411 1703 1444 imbecille
1727 1422 1847 1455 genus.
1902 1411 1997 1452 lmo,
2025 1412 2106 1457 quia
2124 1412 2180 1444 vi-

1187 1463 1310 1495 demus
1328 1462 1375 1495 ita
1392 1473 1456 1495 nos
1475 1462 1636 1495 conditos
1653 1473 1744 1504 esse,
1770 1469 1809 1496 ut
1834 1462 1871 1494 in
1894 1460 1960 1496 hac
1984 1463 2055 1496 vita
2078 1475 2181 1507 prae-

1187 1524 1350 1557 paremus
1386 1524 1451 1545 nos
1484 1513 1527 1545 ad
1562 1519 1738 1546 aeternam
1767 1512 1833 1546 Dei
1869 1514 2180 1553 consuetudinem,

1187 1564 1398 1597 accendatur
1440 1563 1543 1596 etiam
1585 1564 1741 1597 studium
1780 1565 2042 1606 cognoscendae
2075 1576 2179 1597 verae

1187 1614 1367 1647 doctrinae
1401 1615 1444 1647 de
1471 1613 1556 1647 Deo.
1629 1614 1702 1647 Nec
1731 1615 1880 1648 dubium
1914 1622 1963 1648 est
1997 1627 2093 1655 eos„
2116 1615 2178 1660 qui

1186 1665 1326 1698 discunt
1351 1664 1567 1699 anatomicae
1585 1664 1766 1698 doctrinae
1790 1665 1910 1706 initia,
1938 1666 2052 1699 statim
2072 1666 2177 1699 intel-

1186 1717 1336 1748 lecturos
1361 1727 1451 1755 csse‚
1475 1713 1538 1748 hac
1565 1715 1638 1759 ipsa
1665 1716 1988 1761 quantulacumque
2015 1717 2176 1749 conside—

1185 1766 1322 1799 ratione
1341 1766 1453 1798 iuvari
1470 1778 1505 1799 se
1524 1766 1560 1798 in
1578 1767 1708 1800 tuenda
1726 1766 1946 1806 valetudine,
1971 1773 2003 1800 et
2022 1779 2177 1800 commo-

1186 1816 1306 1849 nefieri
1330 1817 1371 1848 de
1389 1816 1510 1849 multis
1527 1815 1735 1857 virtutibus,
1761 1823 1791 1849 et
1811 1817 1928 1850 doceri
1955 1818 1997 1850 de
2022 1818 2178 1861 partibus

1186 1865 1356 1907 hominis,
1392 1879 1540 1911 quarum
1569 1866 1723 1909 cognitio
1751 1873 1783 1900 et
1810 1867 1845 1899 in
1875 1867 1953 1900 aliis
1982 1868 2117 1902 artibus
2146 1876 2178 1903 et

1186 1918 1222 1950 iu
1241 1924 1312 1951 tota
1334 1917 1401 1950 vita
1420 1917 1613 1950 necessaria
1633 1924 1693 1950 est.

1287 1991 1364 2026 Oro
1391 2000 1506 2026 autem
1524 1991 1637 2026 Deum
1663 2000 1843 2026 aeternum
1869 2000 2003 2037 patrem
2027 1993 2173 2028 Domini

1185 2044 1295 2076 nostri
1322 2043 1399 2076 lesu
1423 2042 1574 2084 Christi,
1603 2044 1663 2088 qui
1696 2044 1771 2076 sine
1795 2043 1866 2076 ulla
1892 2044 2114 2078 dubitatione
2142 2052 2174 2078 et

1186 2095 1349 2127 conditor
1384 2101 1418 2128 et
1450 2101 1677 2128 conservator
1701 2101 1751 2127 est
1781 2094 1918 2137 generis
1942 2093 2107 2136 humani,
2143 2103 2175 2129 et

1185 2145 1327 2190 quidem
1355 2157 1418 2178 nos
1446 2146 1488 2178 ad
1518 2143 1608 2178 hanc
1634 2145 1743 2188 ipsam
1772 2144 1979 2189 sapientiam
2005 2147 2174 2183 condidit,

1185 2203 1223 2228 ut
1240 2193 1306 2228 hoc
1324 2193 1498 2229 theatrum
1519 2196 1644 2229 mundi
1666 2196 1892 2239 aspiciamus,
1919 2203 1951 2229 et
1970 2208 2174 2229 commone-

1185 2247 1264 2279 facti
1283 2246 1454 2289 vestigiis,
1481 2259 1570 2291 quae
1587 2253 1730 2279 naturae
1749 2246 1942 2289 impressit,
1970 2259 2047 2279 eum
2065 2259 2174 2289 agno-

1187 2309 1339 2337 scamus,
1366 2305 1404 2330 ut
1425 2297 1496 2341 ipse
1522 2296 1736 2329 tristissimas
1757 2308 1906 2340 poenas,
1932 2309 2021 2341 quae
2045 2310 2175 2341 vagan-

1186 2355 1243 2381 tur
1263 2359 1322 2391 per
1339 2360 1447 2391 genus
1469 2345 1683 2386 humanum,
1711 2347 1837 2387 leniat,
1864 2355 1895 2380 et
1919 2355 2031 2381 servet
2057 2349 2093 2381 in
2120 2346 2174 2381 his

1186 2398 1389 2441 regionibus
1408 2396 1620 2437 Ecclesiam,
1647 2398 1682 2430 in
1710 2409 1776 2442 qua
1802 2409 1882 2430 vere
1907 2398 2120 2437 celebretur,
2142 2406 2173 2431 et

1186 2462 1258 2481 non
1292 2449 1383 2482 sinat
1415 2449 1523 2481 deleri
1550 2449 1731 2482 doctrinae
1769 2447 1882 2481 studia
1921 2455 1953 2481 et
1991 2447 2170 2482 honestam

1185 2500 1419 2543 disciplinam.
1485 2498 1580 2532 Haec
1609 2506 1686 2532 vota
1716 2511 1852 2532 mecum
1886 2499 1987 2532 facite
2011 2511 2092 2532 vero
2115 2510 2173 2541 ge-

1185 2551 1274 2584 mitu
1286 2578 1294 2591 ,
1322 2563 1410 2596 quae
1429 2556 1467 2582 ut.
1483 2557 1644 2583 aeternus
1661 2557 1758 2593 pater
1773 2556 1918 2594 propter
1936 2549 2046 2581 filium
2060 2548 2173 2581 Iesum

1184 2599 1378 2641 Christum,
1398 2612 1573 2633 summum
1583 2600 1808 2634 Sacerdotem
1825 2606 1983 2633 nostrum
2001 2599 2175 2639 exaudiat,

1185 2659 1258 2686 toto
1276 2665 1354 2685 eum
1376 2659 1514 2697 pectore
1535 2663 1608 2686 oro.
1661 2650 1756 2685 Dixi.

1690 2751 1737 2785 60
