2338 2958
193 150 265 186 691

192 239 358 279 possunt,
384 239 501 266 tamen
522 225 628 271 aspici
653 223 740 260 haec
762 225 918 269 exempla
934 224 1030 259 Deus
1050 224 1176 265 voluit,

194 293 228 320 et
251 284 384 329 aliquid
409 279 614 322 significant.
665 276 737 309 Nec
762 276 853 309 tauri
877 276 983 309 dubia
1000 281 1050 308 est
1067 274 1176 317 signi-

194 335 326 373 ficatio,
360 337 458 364 eraut
481 328 574 361 enim
601 327 740 360 victima
766 326 867 360 tauri.
926 325 985 359 Sic
1010 325 1115 368 igitur
1137 336 1177 357 ex

195 383 335 418 Christo
356 380 498 414 victima
526 378 595 410 mel
621 383 654 410 et
670 388 768 420 apes,
794 377 829 409 id
849 382 918 416 est,
943 373 1177 417 Evangelium

196 442 228 466 et
254 431 405 465 Ecclesia
428 429 602 462 oriuntur.
663 425 776 471 Equi,
803 427 838 459 id
863 432 931 464 est,
959 425 1092 470 equites
1116 422 1178 457 he-

196 482 281 515 roici
315 482 563 522 degenerantes
587 478 736 521 gignunt
763 477 965 509 crabrones:
1001 475 1109 515 asini,
1142 475 1178 507 id

197 539 265 572 est,
292 530 438 574 plebeii,
465 528 645 561 scarabeos
671 527 874 566 seditiosos,
899 525 1060 558 inimicos
1078 525 1180 569 aqui-

197 582 257 621 lis,
284 582 318 613 id
337 586 405 618 est,
432 577 597 622 imperiis.
651 577 719 611 Sed
737 576 973 610 tristissimum
991 581 1060 615 est,
1085 575 1180 618 quod

197 634 240 663 de
257 629 399 663 homine
414 629 554 662 dicitur.
598 627 670 661 Cur
686 639 727 659 ex
744 625 1036 669 praestantissima
1056 631 1182 657 natura

198 686 374 724 serpentes
390 679 603 722 erumpunt?
638 675 854 710 Cohorresco
874 676 1039 709 referens,
1091 672 1181 707 Cum

199 731 292 763 enim
316 741 455 772 serpens
476 728 577 761 initio
601 728 696 759 virus
714 737 816 759 suum
842 723 979 758 homini
1000 725 1183 764 infuderit,

199 793 239 813 ex
273 792 312 813 eo
342 778 501 820 contagio
533 783 708 820 serpentes
743 782 861 819 postea
896 781 1104 807 nascuntur:
1145 786 1184 807 ac

199 830 429 873 significatum
464 834 512 860 est
524 816 550 866 ,Ο
573 825 754 859 hominem
782 826 819 857 in
845 832 957 857 morte
984 830 1182 857 manentem

200 879 369 924 serpentis
394 877 527 910 diaboli
551 876 700 909 similem
726 887 810 909 esse.
864 875 960 917 Quid
983 874 1117 907 tristius
1141 875 1184 906 de

200 929 366 962 humanis
387 927 536 961 miseriis
562 926 708 969 cogitari
734 931 865 968 potest,
895 937 1000 969 quam
1024 923 1184 957 homines

200 982 384 1012 damnatos
415 989 456 1010 eo
486 977 574 1017 labi,
607 983 646 1010 ut
668 975 892 1009 diabolorum
922 974 1052 1007 similes
1078 974 1186 1007 fiant?

200 1029 316 1062 Huius
332 1028 420 1062 tanti
437 1027 521 1059 mali
538 1027 746 1069 cogitatione
761 1032 988 1069 expavescant
1006 1024 1127 1065 animi,
1152 1031 1186 1057 et

201 1081 245 1112 ad
264 1079 375 1111 filium
392 1077 457 1110 Dei
475 1077 668 1110 Dominum
686 1082 845 1109 nostrum
862 1074 977 1108 Iesum
993 1072 1185 1112 Christum,

202 1131 470 1162 instauratorem
485 1127 640 1159 iusticiae
657 1133 689 1159 et
704 1126 794 1159 vitae
809 1125 1023 1167 confugiant,
1049 1131 1082 1157 et
1099 1125 1186 1157 libe-

202 1179 373 1213 rationem
391 1183 527 1221 petant,
551 1177 640 1209 sicut
656 1176 748 1208 filius
767 1175 883 1215 iubet,
908 1174 1087 1219 iuquiens:
1119 1174 1187 1206 Ve-

202 1230 274 1263 nite
292 1230 334 1261 ad
354 1239 408 1259 me
425 1237 544 1259 omnes
565 1225 626 1270 qui
652 1225 819 1257 laboratis
846 1231 879 1257 et
897 1224 1032 1256 onerati
1059 1224 1150 1257 estis.

303 1277 392 1311 Cum
408 1277 515 1319 igitur
531 1273 615 1308 haec
632 1275 788 1318 exempla
805 1281 949 1308 naturae
967 1274 1070 1307 sciret
1085 1273 1188 1307 Sam-

206 1341 287 1368 son,
319 1327 433 1361 simile
457 1325 732 1369 experimentum
757 1324 958 1369 proposuit,
990 1324 1067 1357 aliis
1088 1324 1188 1367 igno--

204 1387 289 1412 tum.
325 1377 521 1411 Audierant
536 1377 691 1415 fortasse,
719 1388 759 1409 ex
775 1375 883 1409 tauris
899 1387 979 1420 apes
996 1375 1102 1416 nasci,
1128 1375 1186 1408 sed

205 1431 246 1462 de
262 1429 424 1462 leonibus
442 1426 533 1460 nihil
550 1428 616 1461 tale
635 1433 850 1471 compertum
868 1423 1056 1461 habebant.

305 1479 441 1512 Novam
469 1478 576 1521 igitur
607 1478 847 1523 quaestionem
874 1477 1004 1517 adfert,
1036 1475 1188 1508 vicinam

205 1531 275 1563 illis
295 1530 431 1563 usitatis
451 1529 717 1572 experimentis,
744 1529 803 1561 sed
828 1534 943 1560 tamen
968 1526 1188 1560 inusitatam:

205 1581 290 1624 quid
316 1580 378 1617 sit,
415 1581 457 1612 de
481 1579 684 1612 comedente
711 1578 818 1611 exivit
840 1578 957 1616 cibus,
984 1583 1016 1609 et
1038 1577 1081 1608 de
1108 1575 1188 1608 forti

205 1642 338 1672 egressa
362 1636 413 1662 est
436 1628 609 1661 dulcedo?
643 1628 813 1671 posterior
839 1638 918 1670 pars
937 1626 1045 1659 tauris
1062 1637 1191 1658 conve—

206 1681 339 1713 niebat:
367 1679 425 1711 sed
443 1678 648 1711 obscuratur
665 1676 729 1710 boc
747 1677 942 1709 membrum
961 1675 1086 1718 priore,
1111 1687 1190 1707 nam

206 1731 298 1764 tauri
317 1742 387 1761 non
404 1735 486 1761 sunt
511 1724 754 1773 σαρκοφάγοι,
784 1739 856 1759 non
881 1726 1014 1759 laniant
1032 1725 1191 1757 animan-

208 1781 294 1813 tium
322 1790 479 1822 corpora.
538 1777 619 1810 Non
647 1778 752 1820 igitur
783 1783 914 1820 potest,
948 1775 1016 1808 nisi
1041 1776 1085 1808 ab
1117 1775 1191 1817 ipso

207 1830 396 1868 samsone,
427 1827 589 1872 explicari
624 1839 807 1860 arcanum:
846 1833 884 1859 ut
920 1825 1193 1869 significaretur,

206 1878 438 1922 Evangelinm
462 1890 534 1911 non
557 1877 625 1910 nisi
650 1878 693 1910 ab
728 1877 792 1910 isto
812 1874 953 1910 Christo
981 1875 1128 1918 proferri
1154 1886 1192 1907 ex

208 1930 287 1963 sinu
305 1929 434 1962 aeterni
455 1929 572 1972 patris,
600 1934 634 1961 et
649 1926 826 1960 Ecclesiae
842 1925 1007 1970 patefieri.
1046 1924 1193 1963 Deinde,

208 1987 247 2013 ut
270 1980 385 2023 puella
403 1979 526 2011 dilecta
549 1977 691 2011 caeteris
709 1989 874 2010 arcanum
894 1975 1017 2020 aperit,
1044 1975 1089 2008 ita
1111 1986 1194 2007 voce

209 2038 238 2063 et
262 2030 456 2062 ministerio
476 2027 650 2062 Ecclesiae
673 2028 740 2061 late
758 2028 932 2070 spargitur
949 2025 1194 2068 Evangelinm.

209 2079 256 2113 Et
272 2079 514 2113 venustissime
529 2078 758 2120 significatum
775 2084 835 2117 est,
854 2074 1045 2109 Ecclesiam
1062 2075 1193 2108 doctri-

210 2143 282 2163 cem
302 2130 511 2162 audiendam
530 2139 612 2168 esse,
639 2128 872 2161 ministerium
887 2125 1070 2168 Evangelii
1090 2137 1194 2157 vene-

214 2182 361 2213 randum
380 2192 461 2212 esse.
519 2178 600 2211 Ideo
617 2179 709 2210 enim
731 2178 845 2211 addit:
879 2177 916 2209 Si
943 2189 1011 2208 non
1037 2175 1194 2209 arassetis

211 2243 284 2263 mea
306 2230 425 2266 vitula,
454 2242 524 2261 non
547 2229 763 2261 invenissetis
780 2227 1042 2271 expositionem.
1076 2226 1193 2269 Signi-

213 2281 289 2313 ficat
324 2288 438 2312 autem
472 2280 526 2312 leo
560 2285 719 2311 mortuus
756 2286 902 2311 mortem
937 2283 1132 2320 superatam
1159 2277 1194 2308 in

214 2331 286 2373 ipso
303 2329 432 2363 Christi
449 2341 614 2372 corpore,
642 2329 706 2361 mel
726 2335 756 2361 et
773 2340 871 2371 apes,
899 2325 962 2360 lioc
982 2334 1048 2365 est,
1076 2325 1194 2360 Evan—

213 2381 340 2421 gelium
368 2388 398 2413 et
417 2378 569 2413 Ecclesia
593 2387 800 2412 nascuntur:
825 2386 944 2423 estque
964 2377 1193 2419 Evangelium

214 2431 330 2468 cilius,
363 2444 431 2474 quo
459 2430 592 2464 iusticia
617 2437 647 2463 ct
668 2430 737 2463 vita
762 2436 898 2462 aeterna
921 2429 954 2461 in
973 2427 1195 2461 credentibus

214 2481 421 2514 restituitur.

316 2530 413 2563 llanr
436 2530 619 2571 imaginem
638 2531 790 2563 breviter
806 2529 982 2568 recensui,
1010 2536 1044 2561 ut
1064 2540 1141 2561 cum
1158 2527 1193 2559 in

214 2579 268 2614 liis
292 2581 386 2613 seriis
415 2581 596 2624 praa-cipue
619 2582 823 2614 celebranda
847 2581 916 2613 sint
944 2579 1107 2612 boue-ficia
1133 2578 1194 2610 filii

212 2631 295 2670 Dei,
323 2644 415 2664 nnnc
440 2644 578 2675 quoque
604 2632 638 2663 in
665 2630 726 2663 lios
750 2643 935 2672 congressu
958 2629 1119 2671 cogitatio
1142 2641 1195 2661 re-

212 2694 288 2715 rum
307 2682 534 2716 maximarum
553 2683 807 2715 accenderetur.
862 2680 951 2714 Cum
970 2688 1083 2714 autem
1103 2678 1194 2712 filius

806 137 966 176 DECL.
996 137 1073 175 DE
1104 136 1288 175 DICTO
1323 134 1506 175 MOS-IS
1540 147 1623 175 Ere.

2139 138 2214 174 692

1225 223 1293 259 Dei
1313 223 1436 257 vicerit
1458 230 1586 258 tetrum
1605 235 1644 257 ac
1662 229 1870 257 venenatum
1892 230 2107 268 serpentem,
2133 235 2213 267 pec-

1228 275 1294 308 cati
1312 281 1345 308 et
1362 274 1485 307 mortis
1505 281 1681 314 autorem,
1707 279 1740 306 et
1756 273 1858 306 nobis
1878 275 1993 318 ipsum
2016 273 2214 307 invocanti-

1228 327 1295 359 bus
1311 336 1392 357 vere
1406 324 1491 358 velit
1505 324 1688 368 opitulari:
1715 335 1778 356 oro
1799 335 1897 364 eum,
1923 331 1961 358 ut
1979 331 2012 358 et
2033 324 2136 358 mella
2152 335 2212 357 sua

1230 372 1341 408 ethos
1358 381 1497 407 nostros
1512 374 1684 414 alveolos,
1711 372 1746 406 id
1766 379 1834 413 est,
1859 370 2011 407 scholam
2031 381 2155 415 servet,
2182 372 2231 408 et'

1230 426 1268 458 in
1285 423 1340 458 his
1353 424 1498 457 alveolis
1514 425 1632 468 apium
1651 423 1809 457 examina
1826 429 1859 456 et
1875 423 2011 456 labores
2027 431 2132 467 regat.
2168 423 2216 457 Et

1232 488 1251 509 a
1277 474 1406 509 nostris
1430 475 1575 508 alveolis
1599 474 1735 513 furnos,
1768 473 1804 506 id
1828 480 1898 516 est,
1934 471 2156 517 sophisticam
2183 479 2217 506 et

1232 525 1481 563 ambitionem,
1507 531 1541 558 et
1557 525 1674 564 fucos,
1700 523 1735 556 id
1751 530 1820 562 est,
1848 523 2010 565 ignavos,
2038 531 2070 557 et
2086 524 2217 558 doctri-

1233 588 1298 609 nae
1326 575 1540 619 corruptelas
1561 574 1723 618 depellat.
1784 573 1944 617 Denique
1969 579 2081 606 totum
2103 574 2218 607 melli-

1233 626 1350 659 ficium
1369 630 1549 665 nostrum,
1574 625 1611 657 id
1626 631 1693 664 est,
1718 621 1903 667 Evangelii
1929 630 1961 657 et
1982 623 2130 657 aliarum
2151 621 2218 657 ho-

1235 682 1412 709 nestarum
1430 676 1558 709 artium
1571 675 1689 709 studia
1707 680 1810 717 regat.
1862 672 1956 709 Dixi.

1249 856 1314 891 No.
1338 856 1399 892 84.
2052 869 2100 888 an.
2119 857 2210 888 1545.

2044 901 2214 916 m

1482 948 1556 989 De
1587 947 1707 989 dicto
1734 948 1878 989 Blosis
1902 953 1981 988 etc.

1308 1035 1338 1061 ln
1356 1035 1506 1061 Declamat.
1521 1035 1553 1059 T.
1570 1034 1616 1060 ΙΙΙ.
1638 1045 1662 1069 p.
1678 1035 1728 1061 579
1741 1044 1816 1068 sqq.,
1834 1033 1861 1059 in
1877 1033 1992 1059 Sei-vest.
2007 1034 2039 1059 T.
2055 1033 2101 1060 lll.
2125 1043 2150 1068 ρ.
2166 1033 2225 1060 549.

1340 1074 1365 1095 et
1379 1069 1592 1108 {ipu'd-Ricbard.
1604 1069 1644 1107 -T.
1660 1069 1704 1094 ΙΙΙ.
1720 1079 1745 1103 p.
1761 1070 1819 1094 115.
1858 1068 1943 1093 Etiam
1961 1068 1987 1093 in
2007 1068 2091 1093 libro:
2111 1068 2186 1093 Geor
2205 1066 2225 1093 ii

1342 1103 1477 1128 Pramus
1502 1102 1641 1128 Anhalnni
1667 1104 1812 1128 conciones
1837 1107 1861 1128 et
1886 1102 1984 1135 scripta
2012 1106 2064 1127 etc.
2101 1101 2196 1134 (xvne
2218 1119 2225 1127 .

1344 1136 1418 1162 1570.
1437 1114 1498 1169 lot.)
1517 1145 1542 1175 p.
1556 1136 1617 1175 396.
1654 1136 1785 1175 Est-enim·
1806 1136 1892 1175 oratio
1914 1135 2042 1162 swnodica
2063 1144 2142 1174 quam
2161 1137 2224 1160 Me·

1341 1170 1453 1196 lantbon
1475 1175 1585 1203 scripsit
1602 1171 1724 1204 Georgio
1742 1171 1862 1203 Principu
1880 1166 2006 1201 Animam,
2025 1178 2071 1203 qui
2092 1170 2164 1195 illam
2185 1173 2226 1201 (ut

1341 1205 1368 1230 in
1390 1204 1441 1229 sune
1465 1204 1575 1236 legitur)
1595 1205 1743 1238 „recitavit
1757 1203 1784 1229 in
1798 1203 1910 1237 Synodo
1924 1204 1990 1230 seria
2005 1203 2038 1229 ll.
2054 1209 2114 1236 post
2128 1203 2227 1229 'sn-init.

1341 1247 1385 1264 an.
1401 1238 1438 1264 D.
1448 1238 1486 1264 M.
1495 1237 1597 1263 XLV?

1242 1320 1369 1352 Oratio
1395 1315 1440 1350 de
1465 1315 1561 1350 dicto
1581 1318 1700 1361 Moysi
1723 1319 1812 1351 Gen..
1829 1315 1910 1352 35.=
1944 1315 2101 1350 Abiicite
2126 1317 2227 1350 Deos

1243 1370 1408 1411 alienos,
1436 1369 1498 1412 qui
1518 1369 1554 1401 in
1578 1367 1701 1401 «medio
1725 1370 1839 1402 vestri
1861 1371 1969 1410 sunt,
2003 1372 2038 1400 e!
2067 1366 2227 1401 munda-

1690 1429 1792 1452 mem.

1243 1487 1340 1528 Cum
1365 1491 1414 1524 ait
1428 1490 1588 1534 Psalmus
1612 1490 1655 1523 de
1675 1488 1829 1523 Domino
1851 1497 1970 1524 nostro
1991 1489 2069 1524 lesu
2086 1488 2229 1525 Christo

1243 1543 1314 1577 filio
1330 1540 1410 1574 Dei:
1437 1539 1623 1581 Ascendit,
1648 1541 1742 1573 dedit
1760 1542 1852 1574 dona
1870 1538 2094 1581 hominibus,
2121 1541 2230 1584 signi-

1243 1595 1338 1630 ficat,
1365 1598 1403 1624 ut
1418 1590 1548 1624 Paulus
1571 1591 1836 1634 interpretatur,
1872 1593 1954 1624 dare
1973 1603 2053 1625 eum
2072 1589 2232 1635 Prophe-

1244 1651 1314 1680 tas,
1354 1641 1558 1684 Apostolos,
1594 1639 1754 1673 Pastores
1781 1647 1813 1674 et
1837 1640 2016 1676 Doctores.
2072 1641 2230 1675 Primum

1246 1704 1326 1735 ergo
1343 1690 1469 1732 gratias
1487 1689 1561 1722 Deo
1585 1697 1725 1722 aeterno
1742 1689 1853 1731 Patri,
1881 1698 1911 1724 et
1931 1690 2088 1724 Domino
2109 1699 2230 1726 nostro

1246 1743 1323 1776 lesu
1342 1738 1484 1774 Christo
1512 1752 1593 1782 ago,
1628 1746 1659 1772 et
1681 1747 1719 1773 ut
1740 1752 1802 1773 vos
1819 1741 1943 1783 agatis,
1977 1753 2059 1784 oro,
2086 1743 2179 1786 quod
2198 1749 2232 1776 et

1245 1803 1346 1836 saepe
1369 1791 1451 1823 inde
1476 1801 1586 1834 nsque
1610 1791 1654 1822 al)
1673 1791 1775 1823 initio
1798 1793 1920 1823 mundi
1942 1798 1974 1824 et
1992 1803 2086 1824 nunc
2111 1803 2232 1826 recens

1247 1843 1414 1875 immensa
1450 1840 1608 1873 bonitate
1648 1840 1855 1874 instauravit
1894 1839 2085 1875 Ecclesiam
2123 1853 2234 1884 suam,

1245 1892 1359 1926 missis
1375 1890 1586 1924 salutaribus
1598 1889 1808 1923 Ductoribus
1820 1897 1854 1924 et
1871 1890 2088 1925 Pastoribus:
2115 1899 2232 1927 ettoto

1247 1950 1385 1987 pectore
1401 1953 1481 1980 oro,
1509 1948 1546 1973 ut
1570 1947 1755 1985 postquam
1771 1952 1827 1973 me
1850 1942 1892 1974 ad
1916 1941 2100 1975 ministerii
2125 1954 2233 1976 evan-

1247 1993 1347 2031 gelici
1376 1992 1574 2025 societatem
1601 1991 1756 2030 vocavit,
1789 2003 1843 2024 me
1867 1992 2056 2025 clementer
2080 2000 2174 2035 regat
2199 2000 2234 2027 et

1247 2043 1406 2082 adiuvet,
1433 2048 1471 2075 ut
1487 2041 1721 2074 ministerium
1740 2039 1827 2073 mihi
1850 2041 2048 2075 iniunctum
2067 2049 2099 2077 et
2115 2053 2232 2077 susce-

1249 2101 1344 2137 ptum
1361 2093 1405 2126 sit
1422 2091 1524 2125 foelix
1542 2098 1573 2125 et
1590 2091 1752 2127 salutare.

1349 2157 1479 2191 Paulus
1499 2157 1634 2202 inquit,
1668 2157 1911 2190 sufficientiam
1929 2164 2084 2191 nostram
2101 2171 2140 2192 ex
2157 2157 2232 2195 Deo

1247 2221 1334 2241 esse:
1368 2214 1487 2241 monet
1518 2205 1585 2241 boc
1614 2215 1772 2241 nostrum
1803 2207 2036 2242 ministerium
2064 2222 2135 2243 non
2166 2208 2233 2245 lm-

1249 2272 1349 2292 mana
1377 2258 1564 2302 sapientia,
1590 2270 1661 2290 non
1687 2258 1846 2302 quamvis
1869 2259 2048 2293 excellenti
2074 2261 2233 2304 ingenio-

1248 2322 1326 2342 rum
1342 2309 1432 2349 acie,
1475 2320 1545 2341 non
1571 2308 1678 2341 ullius
1700 2315 1877 2341 creaturae
1902 2309 2035 2343 viribus
2063 2311 2234 2347 foeliciter

1248 2359 1485 2393 administrari
1505 2370 1620 2402 posse,
1648 2359 1705 2391 sed
1728 2358 1771 2392 ita
1791 2371 1862 2392 esse
1879 2360 2042 2400 salutare,
2070 2373 2148 2394 cnm
2168 2375 2233 2396 no-

1249 2417 1337 2443 strae
1373 2416 1507 2443 mentes
1547 2415 1578 2442 et
1615 2409 1732 2451 lingna
1777 2416 1857 2442 sunt
1889 2421 2018 2452 organa
2051 2409 2134 2452 Dei,
2169 2425 2232 2458 per

1249 2473 1335 2504 quae
1353 2467 1450 2494 vocat
1467 2466 1499 2493 et
1516 2459 1669 2492 accendit
1690 2465 1826 2503 pectora
1844 2461 2057 2496 auditorum.

1351 2527 1454 2561 Nulla
1477 2526 1583 2567 igitur
1600 2526 1724 2559 fiducia
1749 2538 1843 2558 meae
1868 2527 2077 2563 industriae.
2102 2535 2160 2561 aut
2180 2529 2233 2561 vi-

1249 2578 1339 2611 rium
1356 2590 1513 2610 mearum
1526 2604 1534 2616 ,
1563 2577 1658 2609 uulla
1677 2577 1868 2609 ambitione
1885 2583 1941 2609 aut
1961 2577 2155 2620 captatione
2170 2580 2233 2613 de-

1250 2629 1356 2662 latum
1376 2626 1462 2661 mihi
1481 2625 1545 2661 lioc
1565 2627 1798 2660 ministerium
1820 2626 1971 2670 suscepi,
1997 2628 2055 2659 sed
2081 2628 2232 2673 simplici

1248 2680 1366 2713 animo
1395 2686 1423 2712 et
1453 2678 1510 2723 pio
1533 2678 1669 2718 studio,
1704 2677 1875 2710 vocationi
1898 2689 2029 2710 morem
2052 2679 2159 2722 gessi,
2193 2687 2231 2714 ut
