2338 2958
60 126 109 163 89
516 120 684 158 DECL.
718 120 793 157 DE
823 118 1030 157 PRAEF.
1065 119 1122 156 IN
1154 118 1403 156 OFFICIA
1438 118 1630 157 CICER.
2047 119 2095 154 90

60 219 201 259 paratos
224 217 327 255 atque
352 208 549 254 expeditos,
583 207 620 241 in
646 208 775 253 quibus
800 207 1049 252 procudendiS,

60 264 211 298 multum
234 261 389 305 profecto
409 259 590 294 Ciceronis
608 259 773 303 exemplis
789 259 1049 292 adiuvabimur.

62 314 162 358 Quae
185 312 278 345 enim
302 317 415 355 potest
439 311 482 343 de
504 311 586 344 dolo
608 310 718 351 malo,
745 310 857 353 deque
874 309 1049 354 aequitate

59 364 204 399 uberior
232 362 415 406 graviorve
446 361 636 406 disputatio
664 359 874 403 excogitari?
925 358 976 393 Ea
1007 361 1050 393 de

60 427 98 449 re
119 415 156 447 in
174 414 276 447 tertio
294 410 514 447 officiorum.

163 463 364 497 Plurimum
401 463 505 496 etiam
544 463 585 495 ad
625 462 816 495 dicendum
846 462 1049 495 conducunt

61 514 364 555 narratiunculae,
392 526 479 558 quae
501 519 581 547 sunt
604 513 640 545 in
665 510 730 546 hoc
748 524 851 556 opere
869 519 901 545 et
918 512 1049 545 multae

61 573 95 601 et
119 566 246 600 variae,
322 564 513 608 Quondam
538 564 576 596 in
602 560 792 597 Rhetorica
818 574 1049 609 progymnas—

60 624 154 651 mata
173 622 273 650 erant
290 611 509 663 ὃιηγμάηα,
539 614 587 647 sic
604 614 697 646 enim
711 621 895 654 vocarunt,
923 614 960 646 in
976 626 1045 658 quo

60 679 197 712 genere,
224 667 284 712 qui
300 678 335 700 se
349 667 470 699 volent
483 676 653 705 exercere,
679 676 842 708 magnam
857 663 914 698 hic
933 676 1049 697 exem-

59 719 201 764 plorum
226 717 362 762 copiam
382 716 576 751 invenient.
626 713 673 749 Et
690 728 770 749 cum
786 713 880 748 nihil
896 716 940 749 sit
956 715 1047 748 diffi-

60 769 162 804 cilius
185 780 287 813 quam
311 768 493 801 commode
518 777 679 807 narrare,
706 778 779 800 non
800 773 850 800 est
867 767 933 799 alia
951 778 1047 799 exer-

60 820 180 855 citatio
194 818 407 853 fructuosior
422 829 526 863 quam
542 815 637 850 haec.
691 816 833 860 Quanta
848 816 963 851 Deum
982 817 1048 849 im-

59 870 244 905 mortalem
270 869 460 912 elegantia,
492 875 644 913 quantus
667 868 765 911 lepos
789 875 838 901 est
864 868 900 901 in
925 879 1047 901 narra-

60 922 158 955 tione
183 926 358 964 gestorum
382 919 483 953 Arati
505 919 663 964 Sicyonii
689 919 726 952 in
750 920 903 953 secundo
930 919 1049 951 libro?

61 971 143 1006 Non
167 971 340 1004 minorem
365 971 505 1004 laudem
529 977 683 1003 meretur
699 970 810 1016 Gygis
828 969 919 1015 Lydi
936 967 1048 1003 histo-

60 1022 114 1057 ria
128 1034 226 1055 versa
241 1034 281 1055 ex
290 1020 438 1055 Platone
454 1021 492 1054 in
507 1021 599 1053 libro
614 1021 727 1054 tertio.
774 1019 916 1054 Similes
931 1027 1047 1054 autem

60 1073 192 1107 multae
215 1079 297 1106 sunt
313 1072 350 1105 in
367 1069 435 1105 hoc
451 1071 760 1111 commentariolo,
786 1083 872 1116 quas
888 1071 955 1104 sibi
973 1077 1049 1104 stu-

60 1124 154 1162 diosi
184 1133 306 1157 ornnes
334 1123 378 1156 ad
409 1122 622 1155 imitandum
653 1128 863 1166 proponant.
925 1119 1047 1167 anue

59 1173 261 1207 exercitatio
283 1184 357 1206 non
380 1179 516 1206 tantum
534 1173 675 1216 augebit
690 1173 879 1207 verborum
896 1173 1047 1217 supelle-

60 1224 197 1265 ctilem,
232 1223 289 1256 sed
317 1235 406 1269 quae
432 1221 522 1256 mihi
544 1223 581 1256 in
607 1223 757 1257 dicendo
782 1236 872 1268 pene
896 1224 1047 1257 maxima

59 1275 173 1308 virtus
193 1274 354 1316 videtur,
379 1275 468 1308 bene
485 1274 698 1318 disponendi
713 1275 904 1310 scientiam.
957 1273 1048 1308 Nam

59 1325 196 1359 indocti
226 1337 299 1358 non
327 1332 464 1359 tantum
497 1325 716 1358 adulterinae
749 1332 910 1359 monetae
932 1325 1048 1358 verbis

61 1376 259 1410 orationem
289 1376 496 1415 obscurant,
527 1376 585 1407 sed
619 1376 665 1408 ita
693 1376 797 1408 etiam
823 1376 1049 1408 confundunt

60 1439 99 1461 ac
116 1427 263 1459 miscent
279 1426 410 1464 omnia,
437 1431 476 1459 ut
489 1425 639 1469 intelligi
654 1423 746 1458 nihil
762 1426 882 1470 possit.
936 1423 1049 1459 Scho—

59 1478 107 1511 lia
132 1476 262 1510 alicubi
283 1476 490 1510 brevissima
515 1476 782 1520 adscripsimus,
807 1487 896 1521 quae
913 1476 1048 1508 indica-

59 1535 139 1563 rent
168 1527 289 1560 lectori
317 1527 488 1560 orationis
516 1526 678 1559 ordinem
711 1533 745 1560 et
768 1526 1048 1570 dispositionem,

60 1590 166 1625 quam
190 1577 252 1623 qui
270 1575 588 1622 deprehenderint,
614 1577 715 1610 facile
735 1577 945 1610 sententiam
962 1576 1048 1609 scri-

60 1630 112 1675 pti
135 1630 390 1674 adsequentur:
415 1640 498 1661 nam
514 1628 557 1660 de
573 1627 720 1661 consilio
738 1628 870 1661 autoris
887 1639 1048 1672 pronun-

61 1681 152 1714 ciare
174 1686 234 1713 aut
254 1679 409 1712 iudicare
434 1690 538 1712 nemo
561 1685 692 1723 potest,
718 1678 787 1711 nisi
811 1679 899 1711 serie
916 1678 1048 1712 oratio-

61 1732 118 1765 nis
142 1730 396 1764 animadversa.
454 1728 526 1763 Ubi
551 1729 760 1762 sententiam
785 1729 966 1772 collegeris
991 1726 1049 1761 hic

62 1781 323 1815 immorandum
349 1780 415 1814 erit
439 1781 476 1812 in
501 1780 650 1823 singulis
674 1780 840 1813 membris
865 1779 1048 1820 orationis,

62 1832 326 1875 videndumque
347 1843 416 1876 quo
433 1842 558 1874 genere
574 1831 780 1871 verborum,
805 1831 933 1875 quibus
950 1828 1048 1863 sche-

62 1881 165 1915 matis
181 1881 350 1914 orationis
366 1892 449 1914 usus
466 1881 510 1914 sit
520 1880 654 1914 Cicero.
706 1879 840 1926 Estque
855 1893 934 1914 cum
953 1881 1049 1913 illius

63 1932 223 1966 oratione
246 1932 451 1965 certandum
474 1938 506 1965 et
523 1932 651 1965 nostris
669 1932 785 1964 verbis
803 1932 1048 1976 exponendum

62 1989 327 2026 argumentum,
360 1983 407 2016 ita
440 1982 514 2020 fiet,
549 1988 588 2015 ut
614 1989 646 2016 et
671 1982 878 2016 sententiam
904 1983 1049 2027 propius

62 2033 252 2078 adspicias,
277 2038 311 2065 et
331 2032 459 2066 clarius
482 2034 672 2076 adpareant
694 2033 827 2066 lumina
845 2032 1049 2067 Ciceronia-

62 2096 128 2118 nae
159 2083 348 2122 orationis‚
385 2083 446 2116 ubi
479 2095 558 2116 cum
584 2090 642 2116 tua
668 2080 903 2130 παραᾳράσει
925 2091 1049 2117 contu-

62 2135 155 2169 leris.
206 2133 341 2168 Interea
359 2141 392 2168 et
408 2134 515 2167 verba
531 2140 564 2167 et
578 2135 770 2168 sententiae
786 2135 919 2168 autoris
935 2135 1050 2169 obiter

62 2185 198 2219 firmius
227 2182 477 2220 adhaerescent
509 2185 640 2218 animo.
721 2184 790 2219 Sed
820 2186 988 2219 faciamus
1012 2185 1049 2218 in

63 2236 208 2270 exordio
231 2235 440 2279 periculum.
496 2234 602 2269 Initio
627 2236 793 2280 proponit
813 2247 847 2270 se
865 2237 908 2270 de
925 2234 1048 2270 Philo-

63 2284 187 2332 sophia
219 2286 414 2320 dicturum:
463 2286 595 2320 Verum
625 2293 676 2320 est
704 2287 823 2320 addita
854 2288 1050 2332 occupatio,

62 2349 125 2372 cur
143 2337 178 2370 in
196 2343 290 2371 tanta
306 2337 405 2381 copia
423 2336 640 2371 Graecorum
659 2338 870 2382 scriptorum
890 2338 962 2382 ipse
979 2338 1049 2372 La-

63 2388 137 2423 tine
156 2387 305 2428 scribat,
333 2387 456 2421 iisdem
475 2389 517 2422 de
535 2389 658 2429 rebus,
682 2400 767 2434 quas
784 2388 911 2423 Graeci
928 2389 1049 2434 copio-

62 2439 197 2473 sissime
226 2438 580 2484 splendidissimeque
609 2446 856 2475 tractaverunt,
919 2439 966 2474 Et
996 2441 1048 2473 sa-

64 2496 116 2524 cta
137 2489 374 2534 praeceptoris
395 2489 547 2527 mentio,
575 2497 608 2524 et
628 2491 743 2531 urbis,
768 2498 800 2525 et
819 2497 857 2524 ut
874 2491 911 2523 in
929 2491 1048 2525 distri-

64 2540 228 2580 butione,
263 2551 324 2574 sua
349 2540 476 2586 cuique
498 2540 652 2574 subiecta
676 2542 776 2577 ratio.
829 2540 962 2587 Estque
987 2554 1048 2576 πε-

64 2587 234 2635 ριοδικῶς
261 2603 340 2624 cum
376 2591 606 2635 occupatione
635 2597 817 2626 coniuncta
843 2593 1048 2637 propositio.

64 2641 276 2686 Quanquam
299 2649 415 2676 extent
438 2643 481 2675 de
506 2642 665 2676 moribus
687 2644 938 2688 sapientissime
963 2645 1048 2678 scri-

63 2698 123 2736 pta
145 2692 255 2726 multa
278 2705 296 2726 a
320 2692 481 2735 Graecis,
508 2699 542 2727 et
564 2705 642 2728 cum
663 2692 851 2740 Cratippus
875 2695 1047 2739 doctrina,

1103 213 1178 240 turn
1195 203 1357 240 Athenae
1379 206 1453 250 ipse
1474 207 1643 251 exemplis
1664 212 1696 240 te
1715 206 1848 239 erudiri
1866 211 2014 251 queant,
2040 211 2093 239 ta-

1101 269 1184 290 men
1207 257 1290 302 quia
1314 268 1411 289 meus
1433 269 1508 291 mos
1532 265 1582 291 est
1599 257 1726 290 Latina
1750 269 1829 290 cum
1848 255 1992 290 Graecis
2008 267 2092 289 con-

1102 308 1264 352 iungere,
1288 307 1448 340 volebam
1466 307 1591 342 Latine
1605 309 1648 341 ad
1666 315 1698 341 te
1715 305 1965 351 Philosophica
1983 318 2090 352 quae-

1102 359 1182 391 dam
1208 358 1371 392 scribere.
1433 355 1490 390 Ad
1517 360 1667 391 eundem
1692 359 1838 392 modum
1863 359 1901 391 in
1924 358 2091 391 omnibus

1103 407 1713 453 partibusorationisCiceronianae,
1741 409 1934 444 sententiae
1951 419 2090 442 earum-

1103 472 1169 506 que
1186 461 1317 503 figurae
1335 460 1560 493 excutiendae
1577 466 1668 493 sunt.

1923 668 1970 687 an.
1987 656 2078 686 1525.

1339 761 1413 802 De
1443 761 1683 802 Fre'derico
1709 760 1855 803 Elect.

1169 859 1289 885 Prodiit:
1315 857 1435 888 „Oratio
1450 859 1521 883 dicta
1536 858 1562 883 in
1577 858 1670 883 sunere
1684 858 1816 883 Friderici
1832 858 1890 884 Sax.
1910 859 1981 884 Duc.
2015 856 2090 881 Ora-

1204 895 1241 919 tio
1259 895 1290 919 de
1306 894 1418 927 legibus.
1455 893 1551 918 Oratio
1567 893 1598 917 de
1612 893 1746 926 gradibus.
1774 892 1889 919 praesa«.
1904 893 1931 918 in
1946 891 2090 917 Aeschinis

1204 934 1229 953 et
1248 928 1438 954 Demosthenis
1461 927 1606 952 orationes.
1645 927 1740 951 Oratio
1757 927 1854 952 Critiae
1877 932 1970 953 contra
1984 925 2089 951 Thera-

1204 972 1310 987 menem
1326 972 1354 986 ex
1365 963 1555 994 Xenophonte.
1593 961 1660 986 Phil.
1670 960 1737 986 Mel.
1754 966 1874 987 auctore.
1904 961 2004 995 Ragau.
2019 960 2089 993 apud

1206 997 1244 1022 lo.
1256 997 1345 1022 secer.
1357 997 1430 1022 1525.
1442 997 1484 1023 8.‘’
1494 1010 1525 1015 -—
1546 996 1649 1021 Recusa
1665 996 1734 1029 apud
1745 996 1855 1021 Craton.
1864 995 1932 1028 Myt.
1947 1005 1970 1029 p⁴
1982 995 2031 1020 443
2040 1003 2090 1033 sq„

1204 1032 1230 1056 in
1248 1032 1324 1057 Dect.
1339 1030 1370 1055 T.
1388 1030 1419 1055 ll.
1438 1041 1462 1065 p.
1477 1031 1534 1056 584.
1548 1035 1573 1055 et
1590 1030 1617 1054 in
1634 1029 1752 1056 Sei-vest.
1771 1029 1802 1055 ll.
1823 1039 1846 1063 p.
1859 1029 1927 1061 518„
1953 1029 2022 1063 apud
2039 1027 2089 1052 Pu—

1204 1066 1295 1091 chard.
1307 1065 1341 1090 ll.
1354 1075 1378 1099 p.
1389 1066 1447 1091 663.
1484 1065 1611 1090 Mortuus
1626 1069 1665 1089 est
1679 1064 1831 1090 Fridericus
1843 1063 1914 1090 Dux.
1929 1063 1989 1089 San.
2004 1062 2089 1089 Eteet.

1201 1101 1226 1126 d.
1244 1101 1268 1126 5.
1281 1100 1347 1125 Maii
1363 1108 1408 1125 an.
1423 1099 1498 1126 1525.

1153 1191 1279 1224 Oratio
1304 1188 1408 1224 dicta
1428 1191 1468 1224 in
1488 1186 1628 1234 funere
1644 1186 1832 1223 Fride'rici
1847 1188 2040 1223 Saxoniae

1535 1240 1668 1274 Ducis.

1103 1321 1184 1369 Ego
1206 1327 1243 1359 in
1263 1324 1330 1359 hoc
1348 1325 1490 1369 publico
1506 1324 1604 1357 luctu
1620 1324 1914 1368 acerbissimoque
1929 1322 2089 1356 omnium

1101 1377 1223 1409 dolore
1235 1404 1243 1416 ‚
1271 1389 1350 1409 cum
1368 1382 1441 1408 erat
1455 1375 1511 1407 vel
1529 1375 1691 1407 interitus
1709 1373 1967 1417 Sapientissimi
1984 1372 2090 1406 Prin—

1102 1427 1188 1470 cipis
1210 1427 1469 1469 deplorandus,
1497 1425 1552 1457 vel
1577 1425 1708 1458 iactura
1726 1423 1878 1468 Reipub.
1902 1435 2007 1469 quam
2026 1423 2089 1457 illo

1101 1478 1227 1510 amisso
1247 1477 1390 1509 fecimus
1409 1475 1616 1515 maximam,
1645 1475 1826 1513 deflenda,
1854 1475 1911 1507 vel
1929 1474 2089 1508 oratione

1102 1528 1270 1560 levandae
1286 1533 1418 1559 mentes
1434 1537 1631 1570 procerum,
1658 1531 1717 1558 aut
1733 1525 1835 1558 etiam
1852 1525 2090 1569 popularium,

1103 1590 1174 1611 non
1189 1578 1295 1610 modo
1314 1589 1385 1610 non
1403 1577 1485 1609 satis
1501 1582 1717 1620 praesentem
1734 1576 1891 1609 animum
1908 1576 1952 1608 ad
1968 1575 2089 1608 dicen—

1102 1630 1185 1662 dum
1212 1629 1347 1661 adferre
1369 1639 1425 1660 me
1445 1627 1578 1667 sentio,
1605 1629 1663 1659 sed
1683 1623 1768 1659 haec
1784 1639 1850 1659 vox
1870 1626 1975 1659 etiam
1994 1626 2089 1659 testis

1102 1679 1208 1713 officii
1236 1679 1443 1723 pietatisque
1469 1684 1624 1718 nostrae,
1648 1689 1806 1710 moerore
1831 1674 2090 1722 lachrymisque

1103 1730 1304 1774 impeditur.
1343 1728 1479 1762 Etcum
1499 1729 1693 1773 praeclarae
1709 1728 1854 1761 virtutes
1868 1725 2089 1761 huiusPrin-

1102 1782 1188 1825 cipis
1212 1779 1306 1813 hunc
1330 1778 1522 1820 honorem,
1550 1792 1619 1824 quo
1643 1790 1779 1823 semper
1803 1778 1934 1823 optime
1956 1778 2089 1812 consti-

1104 1839 1196 1866 tutae
1219 1832 1376 1865 civitates
1400 1831 1546 1864 summis
1570 1830 1656 1863 viris
1678 1836 1926 1874 parentarunt,
1955 1829 1992 1861 in
2015 1829 2089 1873 pri-

1104 1883 1168 1916 mis
1191 1888 1412 1920 mereantur,
1443 1881 1596 1925 graviter
1619 1881 1777 1921 crucior,
1805 1881 1900 1925 quod
1922 1877 2089 1924 pulcher-

1104 1934 1190 1967 rima
1216 1934 1289 1967 eius
1312 1933 1455 1973 merita,
1482 1932 1687 1976 praesertim
1711 1931 1746 1964 in
1771 1931 1903 1964 recenti
1927 1931 2042 1972 luctu,
2070 1942 2089 1964 a

1103 1984 1204 2017 nobis
1229 1984 1348 2017 ornari
1370 1990 1561 2028 nequeunt.
1614 1982 1702 2016 Nam
1726 1995 1802 2015 cum
1820 1981 1973 2025 Reipub.
1991 1982 2089 2015 orbi—

1103 2043 1189 2076 tate,
1224 2047 1312 2080 quae
1338 2035 1374 2067 in
1399 2032 1466 2067 hoc
1492 2041 1606 2074 motu,
1634 2040 1665 2066 et
1690 2030 1744 2065 his
1768 2032 1923 2066 tenebris
1947 2032 2088 2076 sapien—

1102 2087 1184 2121 tiam
1208 2083 1314 2119 huius
1335 2083 1403 2118 hoc
1426 2091 1581 2128 tempore
1602 2092 1769 2128 tanquam
1792 2084 1911 2117 lumen
1929 2083 2088 2128 require-

1103 2139 1180 2178 bat,
1214 2134 1440 2170 vehementer
1469 2135 1673 2180 perturbor,
1704 2141 1780 2168 tum
1804 2142 1905 2178 auget
1929 2134 2087 2167 dolorem

1102 2188 1258 2232 privatus
1283 2187 1408 2221 luctus.
1467 2185 1609 2220 Etenim
1636 2197 1714 2218 cum
1740 2185 1859 2218 vivum
1885 2197 1957 2218 non
1981 2186 2088 2218 modo

1102 2245 1246 2283 propter
1267 2238 1433 2271 beneficia
1457 2249 1544 2282 quae
1563 2243 1679 2270 extant
1698 2248 1777 2280 erga
1795 2248 1851 2269 me
1867 2236 1910 2269 ab
1928 2235 1988 2269 illo
2005 2248 2089 2280 pro-

1101 2291 1189 2324 fecta
1215 2289 1419 2329 innumera,
1447 2287 1635 2328 coluerim,
1661 2288 1721 2320 sed
1745 2287 1847 2320 etiam
1866 2293 2010 2331 propter
2031 2287 2088 2319 in-

1101 2341 1235 2384 signem
1259 2340 1424 2373 virtutem
1449 2339 1552 2371 unice
1577 2337 1770 2371 admiratus
1793 2338 1858 2370 sim
1880 2344 1911 2371 et
1927 2338 2088 2377 amarim,

1102 2404 1174 2425 non
1191 2391 1306 2435 potuit
1324 2390 1409 2430 fieri,
1435 2389 1521 2435 quin
1538 2389 1623 2422 tanti
1641 2389 1708 2421 viri
1724 2388 1871 2422 interitu
1888 2388 1989 2421 valde
2001 2400 2088 2421 con-

1102 2450 1286 2476 sternarer.
1340 2441 1412 2474 Nos
1430 2441 1536 2484 igitur
1551 2447 1584 2474 et
1605 2439 1737 2483 ingenii
1753 2439 1891 2484 inopia,
1916 2445 1949 2472 et
1964 2439 2086 2472 dolore

1102 2492 1280 2537 impediti,
1305 2504 1378 2524 non
1404 2491 1622 2524 instituimus
1647 2490 1844 2523 encomium
1872 2490 2017 2523 laudum
2044 2489 2087 2522 il-

1101 2545 1184 2583 lius,
1222 2550 1356 2576 tantum
1387 2540 1451 2576 hac
1475 2542 1599 2574 misera
1625 2553 1724 2582 voce,
1760 2547 1794 2574 et
1818 2538 1872 2573 his
1898 2537 2086 2585 lachrymis

1101 2594 1349 2639 gratitudinem
1369 2593 1476 2626 animi
1494 2592 1603 2625 nostri
1623 2593 1855 2632 declaramus,
1881 2597 1919 2624 ut
1936 2590 2085 2633 intelligi

1101 2645 1209 2690 possit
1233 2645 1422 2678 iucundam
1448 2643 1551 2677 nobis
1570 2642 1663 2676 illius
1682 2643 1845 2677 virtutem
1860 2669 1868 2681 ‚
1895 2648 1987 2684 grata
2007 2640 2083 2673 osfi-

1100 2697 1151 2731 cia
1168 2696 1285 2730 fuisse.
