2338 2958
132 114 206 151 585

129 201 178 236 ris
194 199 321 233 noticia
337 196 513 230 mentibus
532 197 636 233 insita
653 206 714 233 est.
756 197 847 233 Tota
861 207 987 234 natura
1005 200 1115 239 docet,

129 262 201 286 esse
216 248 329 283 Deum
345 254 495 281 mentem
516 255 711 290 aeternam,
737 250 897 291 unicam,
924 250 1114 283 immensae

128 299 322 346 potentiae,
355 298 474 331 omnia
501 300 790 344 prospicientem,
824 300 970 341 iustam,
1006 301 1114 334 bene-

127 352 243 388 ficam,
271 360 390 382 rerum
411 349 570 382 omnium
588 351 836 388 conditricem,
863 358 896 384 et
919 358 957 385 ut
979 352 1113 394 gravis-

124 401 210 434 sime
225 399 314 432 dixit
330 398 447 432 Plato:
475 402 541 434 τοῦ
563 398 716 448 ἀγαθοῦ
730 399 877 447 φύσεως
893 399 1027 436 αἰτίαν.

225 449 297 482 Nec
319 448 514 494 Cyclopum
540 458 601 485 aut
627 450 884 496 Epicureorum
911 451 1110 485 immanitas

123 501 238 535 delere
261 497 352 532 hanc
378 507 522 533 naturae
549 513 667 535 vocem
696 508 824 546 potest,
852 502 987 535 etiamsi
1009 513 1110 545 agge-

122 551 184 585 stis
207 550 387 583 montibus
412 551 544 585 bellum
568 552 664 585 coelo
688 552 850 587 inferant.
903 551 971 585 Sed
991 552 1108 584 revin-

121 607 250 635 cuntur
264 612 345 634 suae
361 602 591 636 conscientiae
606 602 825 644 testimoniis,
842 608 876 635 et
891 602 1012 636 multis
1028 615 1108 647 per-

121 651 250 696 spicuis
267 652 492 693 argumentis.

223 700 303 744 Quo
320 702 427 745 magis
445 701 645 735 mirandum
661 707 712 734 est
728 698 897 743 ethnicos,
920 714 998 736 cum
1016 700 1106 736 hanc

119 752 157 784 in
178 752 305 785 animis
331 752 494 785 noticiam
518 752 801 794 circumferrent,
827 753 1021 786 deseruisse
1039 754 1106 787 du-

120 814 193 835 cem
218 809 396 843 naturam,
431 808 463 835 et
487 802 704 846 prodigiosas
727 802 864 836 fabulas
886 805 928 837 de
952 804 1039 845 diis,
1073 811 1106 838 et
1130 801 1133 836 Ξ

119 853 292 886 obscoena
309 863 347 884 ac
364 852 518 886 crudelia
541 852 707 886 sacrificia
725 854 952 897 excogitasse,
978 855 1105 888 deinde
1130 895 1131 905 η

119 910 152 936 et
179 903 217 935 in
244 902 490 935 communibus
517 903 695 944 moribus,
737 905 947 938 reclamante
974 905 1104 938 iudicio

116 959 282 992 naturae,
308 963 409 995 vagas
434 959 468 986 et
490 953 678 997 flagitiosas
698 953 864 988 libidines
885 956 1104 999 approbasse.

115 1002 184 1037 Sed
208 999 299 1035 hanc
316 1003 494 1047 querelam
515 1004 739 1046 omittamus,
766 1017 804 1038 ac
829 1006 872 1038 ad
896 1017 1020 1049 genera
1039 1007 1104 1039 do-

116 1053 310 1087 ctrinarum
326 1054 519 1088 redeamus.

215 1103 338 1136 Laudo
355 1101 592 1149 Phocyliden‚
617 1105 795 1138 adsentior
816 1106 906 1149 leges
923 1105 1103 1141 Romanas

114 1152 260 1188 honeste
283 1154 428 1198 scriptas
451 1166 534 1189 csse.
595 1154 712 1189 Probo
738 1156 908 1190 sinceram
935 1155 1101 1190 Philoso-

113 1203 233 1250 phiam
244 1231 253 1245 ,
279 1204 440 1238 videlicet
454 1205 650 1239 doctrinam
663 1232 672 1247 ‚
699 1218 788 1251 quae
804 1214 938 1241 constat
953 1209 1102 1241 demon-

113 1255 360 1293 strationibus,
387 1267 460 1288 non
483 1257 697 1300 corruptelas
714 1256 884 1290 admixtas
901 1258 943 1290 ab
960 1258 1101 1291 artifici-

114 1308 189 1340 bus.
242 1303 306 1338 Est
334 1305 428 1338 enim
461 1318 530 1339 una
556 1308 726 1351 quaedam
753 1319 834 1339 vera
860 1305 1101 1351 Philosophia,

114 1369 202 1402 quae
226 1366 304 1388 suas
326 1362 434 1388 metas
452 1353 575 1396 habet,
601 1354 686 1390 haec
709 1357 782 1400 ipsa
805 1358 986 1391 constituit
1010 1356 1100 1391 hanc

113 1405 342 1442 sententiam,
374 1417 445 1438 esse
469 1404 602 1445 Deum,
637 1418 699 1440 nec
731 1407 888 1440 ociosum
913 1419 1002 1449 esse,
1038 1410 1098 1441 sed

113 1468 235 1490 curare
251 1453 416 1494 humana,
445 1456 539 1501 quod
557 1463 675 1490 mouet
689 1468 792 1489 sanos
809 1457 881 1500 ipsa
899 1464 1009 1491 terrae
1023 1458 1098 1491 foe-

112 1507 292 1546 cunditas,
327 1513 360 1539 et
384 1506 426 1538 ad
452 1503 541 1539 hanc
564 1507 751 1540 utilitatem
778 1507 985 1541 distributae
1007 1508 1098 1541 vices

111 1564 323 1602 temporum.
375 1555 512 1589 Deinde
534 1567 612 1589 cum
637 1563 670 1590 et
694 1554 760 1590 hoc
787 1557 967 1591 constituit
989 1570 1006 1591 a
1023 1557 1097 1591 Deo

111 1615 227 1642 ortum
244 1618 315 1640 esse
332 1606 369 1638 in
388 1606 563 1639 mentibus
579 1606 709 1640 nostris
720 1606 907 1640 discrimen
926 1608 1096 1641 virtutum

110 1664 143 1691 et
160 1658 345 1697 vitiorum,
377 1656 533 1698 agnoscit
549 1654 623 1689 Deo
647 1657 781 1700 placere
800 1657 928 1700 iustos,
957 1665 1096 1691 econtra

109 1708 263 1752 pollutos
303 1706 486 1750 periuriis,
529 1707 734 1741 crudelitate
772 1715 832 1741 aut
873 1708 1096 1749 libidinibus,

109 1758 302 1802 displicere.
344 1756 504 1801 Cumque
521 1757 636 1791 videat
652 1757 688 1790 in
703 1755 768 1791 hac
784 1759 852 1791 vita
869 1770 941 1791 non
960 1770 1097 1801 semper

109 1808 230 1842 virtuti
258 1807 431 1850 praemia,
462 1812 495 1839 et
517 1807 706 1840 sceleribus
734 1819 862 1851 poenas
885 1809 1004 1848 reddi,
1039 1806 1096 1841 hic

109 1859 288 1903 queritur,
319 1857 438 1889 oculos
463 1863 683 1901 mentemque
701 1858 915 1890 densissimis
930 1859 1096 1898 tenebris,

109 1917 142 1943 et
160 1908 274 1942 subita
291 1913 391 1939 nocte
407 1906 577 1950 opprimi,
603 1914 635 1940 et
653 1907 782 1950 flagitat
801 1908 896 1940 aliud
915 1909 1095 1941 doctrinae

108 1970 235 2003 genus,
261 1958 296 1990 in
316 1969 384 2002 quo
404 1958 446 1989 de
465 1956 744 1998 immortalitate,
772 1959 884 2003 deque
900 1959 1019 1992 futuro
1040 1959 1094 1992 iu-

107 2009 200 2043 dicio
218 2015 309 2042 certa
328 2007 522 2040 tradantur.

201 2059 380 2092 Praeterea
399 2069 476 2089 cum
494 2064 655 2099 agnoscat
672 2068 781 2100 genus
798 2055 991 2090 humanum
1010 2069 1094 2091 con-

107 2111 220 2145 ditum
237 2121 308 2142 esse
325 2109 367 2140 ad
390 2108 626 2140 invocandum
646 2115 677 2141 et
700 2108 947 2141 celebrandum
968 2107 1094 2149 Deum,

107 2169 140 2194 et
155 2169 269 2194 tamen
288 2159 415 2192 iudicet
440 2170 510 2190 non
536 2159 694 2191 exaudiri
717 2157 824 2191 aDeo
850 2159 1033 2201 indignos,
1061 2166 1093 2192 et

107 2211 360 2244 contaminatos
385 2209 498 2246 vitiis,
534 2210 642 2251 magis
669 2209 770 2241 etiam
797 2209 934 2242 dubitat
962 2211 1004 2241 de
1031 2222 1092 2242 vo-

108 2263 241 2294 luntate
284 2258 367 2297 Dei,
412 2271 490 2292 cum
532 2256 772 2302 deprehendat
809 2259 844 2291 in
888 2259 1090 2291 uuiversum

107 2322 227 2344 omues
252 2310 396 2342 vitiosos
420 2320 500 2340 esse.
556 2309 653 2351 Quos
676 2310 782 2351 igitur
808 2310 947 2342 exaudit
973 2308 1092 2342 Deus?

106 2361 284 2406 quomodo
303 2360 460 2402 placatur
478 2359 551 2391 eius
569 2360 617 2392 ira
629 2361 644 2392 ζ)
677 2360 733 2392 An
759 2367 868 2392 totum
893 2371 1000 2401 genus
1024 2358 1092 2393 hu-

107 2423 249 2445 manum
273 2412 314 2443 ad
338 2416 517 2442 aeteruum
537 2411 677 2443 exitium
702 2411 879 2443 nascitur?
913 2409 1090 2443 Postremo

107 2464 200 2495 uude
225 2468 305 2494 sunt
329 2460 413 2492 haec
438 2460 474 2491 in
499 2457 650 2492 humano
667 2473 792 2502 genere
812 2460 926 2492 mala?
976 2460 1089 2503 Supra

107 2513 237 2546 dictum
269 2518 317 2544 est
350 2511 461 2543 Deum
495 2522 566 2542 esse
603 2519 752 2544 mentem
784 2519 980 2549 aeternam,
1023 2513 1090 2545 τοῦ

107 2561 258 2608 ἀγαθοῦ
276 2560 422 2607 φύσεως
441 2558 573 2594 αἰτίαν.
629 2560 730 2594 Unde
754 2562 860 2603 igitur
875 2561 988 2595 existit
1006 2558 1089 2595 haec

108 2625 179 2646 non
197 2613 281 2645 levis
298 2612 432 2644 sarcina
452 2611 644 2644 vitiorum?
679 2613 770 2644 unde
796 2619 863 2645 tam
888 2612 1007 2644 foedae
1027 2624 1088 2645 cu—

106 2663 267 2708 piditates
283 2669 513 2706 repugnantes
535 2661 666 2695 iudicio
689 2662 838 2696 mentis?
892 2661 991 2696 Unde
1009 2669 1087 2696 tan-
1108 2641 1115 2700 l

831 113 989 151 DECL.
1022 112 1096 148 DE
1130 112 1163 148 A
1178 112 1453 150 MBROSIO.

2078 123 2151 160 586

1169 204 1242 230 turu
1258 199 1493 234 calamitatum
1513 201 1549 235 in
1574 199 1638 237 hac
1654 204 1752 239 vita?
1802 206 1876 241 Cur
1898 220 1977 241 cum
1999 216 2151 243 caeterae

1167 259 1222 280 res
1239 250 1393 290 coelum,
1421 256 1529 293 terra,
1552 254 1702 297 plantae,
1728 257 1931 299 animantia,
1955 259 2026 292 suis
2043 272 2150 304 quae-

1166 310 1233 342 que
1259 299 1391 342 legibus
1422 301 1679 346 obtemperent:
1713 308 1808 341 solus
1836 306 1942 342 homo
1974 321 1992 342 a
2016 320 2051 342 se
2073 310 2148 354 ipso

1166 349 1329 390 dissidet,
1357 351 1452 383 solus
1477 363 1662 396 oppressus
1684 363 1734 390 est
1756 359 1861 392 tantis
1885 360 2080 400 aerumnis,
2109 368 2148 395 ut

1164 409 1219 430 eas
1252 400 1370 432 nullae
1405 399 1622 443 Tragoediae
1660 407 1741 439 satis
1779 410 1962 453 deplorare
2001 411 2147 453 possint.

1162 446 1284 482 Cernit
1306 447 1534 494 Philosophia
1560 450 1649 487 hauc
1680 456 1793 491 labem
1820 457 1967 493 humani
1995 461 2146 503 generis:

1161 499 1220 531 sed
1240 511 1301 532 nec
1319 501 1412 533 unde
1429 501 1490 541 sit,
1515 514 1579 536 nec
1596 516 1683 548 quae
1700 507 1771 541 sint
1788 511 1939 543 remedia
1957 511 2120 545 ostendit.

1263 549 1341 583 Una
1371 558 1420 584 est
1453 559 1570 586 autem
1599 552 1774 590 Ecclesiae
1803 560 1982 599 doctrina,
2018 562 2145 595 tradita

1161 599 1243 631 inde
1262 611 1371 644 usque
1395 601 1440 634 ab
1459 601 1579 644 initio,
1606 612 1638 639 et
1656 616 1842 651 propagata
1864 611 1966 643 certis
1985 612 2144 645 testimo-

1160 649 1248 690 niis,
1279 657 1312 683 et
1345 658 1437 685 certa
1461 653 1550 686 serie
1572 656 1730 689 omnium
1761 665 1957 704 temporum
1980 663 2145 695 mandata

1158 700 1269 733 literis
1294 712 1354 744 per
1371 700 1563 746 Prophetas
1585 712 1617 739 et
1634 704 1822 751 Apostolos
1835 736 1842 749 ,
1869 723 1956 755 quae
1975 718 2007 744 et
2025 723 2144 745 causas

1159 747 1286 783 horum
1314 751 1486 785 malorum
1516 755 1694 798 patefacit,
1722 765 1754 792 et
1783 767 1953 794 monstrat
1981 762 2144 803 remedia,

1158 801 1256 834 docet
1283 808 1375 834 certo
1399 804 1441 835 de
1466 804 1646 838 voluntate
1668 806 1733 840 Dei
1762 809 1930 853 placatam
1951 823 2022 844 esse
2042 812 2143 853 iram,

1157 863 1219 894 per
1235 851 1376 885 unicum
1394 853 1523 895 filium,
1551 868 1654 900 quem
1671 858 1763 891 misit
1788 860 1824 892 in
1850 867 1975 901 terras,
2000 869 2143 906 propter

1158 899 1251 934 hunc
1283 901 1488 936 Pontificem
1519 907 1676 939 exaudiri
1706 909 1926 951 invocantes,
1960 912 2074 945 iuvari
2108 919 2142 946 et

1156 953 1282 984 donari
1303 953 1532 987 inenarrabili
1549 956 1683 990 laeticia
1701 958 1737 990 in
1756 961 1824 993 vita
1842 969 2017 1005 perpetua.
2044 961 2140 996 Haec

1155 1014 1280 1035 arcana
1310 1003 1478 1046 sapientia
1510 1006 1611 1049 louge
1647 1009 1757 1051 posita
1790 1018 1883 1044 extra
1916 1020 2140 1056 conspectum

1156 1049 1329 1085 humanae
1353 1054 1499 1087 rationis
1521 1056 1749 1091 discernenda
1772 1067 1821 1094 est
1845 1073 1863 1094 a
1893 1062 2027 1105 legibus
2051 1063 2139 1095 civi-

1154 1103 1242 1135 lium
1258 1103 1453 1137 officiorum
1483 1111 1517 1138 et
1542 1118 1561 1139 a
1583 1105 1826 1152 Philosophia.
1872 1110 2025 1157 Ideoque
2041 1111 2138 1157 Apo-

1154 1153 1232 1186 stoli
1262 1165 1359 1186 suam
1391 1156 1588 1189 doctrinam
1612 1156 1845 1200 Evangelium
1879 1169 2064 1203 vocarunt,
2099 1170 2140 1197 ut

1153 1203 1309 1237 nominis
1339 1205 1474 1239 novitas
1505 1207 1548 1239 de
1578 1207 1781 1243 discrimine
1811 1212 1986 1246 auditores
2016 1214 2139 1246 admo-

1154 1261 1262 1290 neret.

1254 1304 1372 1347 Quare
1396 1319 1475 1340 cum
1500 1306 1728 1353 Philosophia
1754 1312 1903 1346 fateatur
1931 1325 2010 1347 suas
2041 1322 2138 1348 tene-

1152 1356 1242 1393 bras,
1268 1362 1302 1389 et
1318 1362 1434 1389 tamen
1451 1367 1612 1401 agnoscat
1630 1361 1745 1406 aliqua
1766 1370 1856 1396 certa
1874 1364 2032 1398 doctrina
2050 1377 2138 1410 opus

1152 1417 1242 1446 esse,
1274 1407 1316 1438 de
1335 1406 1597 1442 immortalitate
1616 1408 1820 1453 hominum,
1846 1414 1888 1446 de
1905 1412 1979 1447 Deo
1997 1416 2138 1458 placan-

1151 1457 1214 1493 do,
1257 1456 1300 1488 de
1328 1457 1548 1491 invocatione
1580 1460 1670 1501 Dei,
1710 1463 1753 1494 de
1783 1465 1974 1507 praesentia
2003 1464 2068 1498 Dei
2101 1466 2138 1499 in

1149 1506 1315 1538 omnibus
1346 1508 1541 1548 aerumnis,
1579 1510 1622 1542 de
1659 1511 1728 1545 vita
1763 1519 1919 1554 aeterna,
1952 1527 2014 1549 cur
2047 1513 2138 1549 hanc

1150 1552 1358 1599 Symmache
1378 1568 1451 1589 non
1475 1559 1710 1602 amplecteris,
1738 1574 1827 1606 quae
1849 1564 1921 1597 sola
1944 1577 1997 1598 res
2023 1573 2136 1600 tantas

1149 1606 1255 1638 tradit
1273 1612 1304 1638 et
1323 1607 1494 1649 patefacit.
1546 1608 1627 1642 Sola
1650 1612 1804 1646 ostendit
1826 1625 1944 1647 causas
1961 1612 2136 1649 humanae

1149 1655 1375 1690 infirmitatis,
1429 1655 1511 1690 Sola
1528 1658 1635 1701 igitur
1653 1661 1764 1703 prima
1785 1670 1845 1703 est,
1873 1671 1905 1698 et
1921 1666 2073 1709 profecta
2091 1668 2135 1700 ab

1149 1705 1209 1745 iis,
1247 1706 1308 1750 qui
1333 1714 1465 1740 norunt
1487 1705 1634 1741 humani
1659 1713 1795 1753 generis
1825 1713 1931 1748 initia·
1953 1723 1985 1749 et
2016 1729 2135 1750 causas

1149 1763 1409 1798 perspexerunt.
1463 1757 1545 1791 Sola
1563 1760 1722 1794 adfirmat
1741 1763 1846 1795 vitam
1864 1765 2032 1810 reliquam
2050 1780 2135 1808 esse,

1148 1812 1331 1849 postquam
1356 1803 1438 1839 hinc
1463 1807 1692 1842 discessimus.
1742 1811 1824 1845 Sola
1842 1814 1886 1847 de
1905 1816 2022 1849 futuro
2041 1818 2134 1850 iudi-

1147 1856 1201 1888 cio
1230 1855 1335 1889 totius
1365 1853 1510 1889 humani
1538 1860 1673 1902 generis
1702 1869 1795 1895 certo
1823 1865 2068 1908 concionatur,
2095 1881 2134 1901 ac

1147 1913 1258 1939 certos
1277 1913 1376 1939 testes
1393 1907 1562 1949 nominat,
1586 1910 1645 1954 qui
1663 1919 1871 1954 spectatores
1884 1916 2027 1950 suerunt
2042 1919 2133 1950 mul-

1146 1963 1279 1995 torum,
1317 1956 1377 2001 qui
1414 1959 1544 1991 mortui
1581 1960 1794 1998 revixerunt.
1857 1964 1938 1998 Sola
1973 1968 2134 2002 adfirmat

1147 2007 1232 2039 iram
1259 2005 1322 2038 Dei
1345 2006 1513 2050 placatam
1542 2021 1630 2050 esse,
1666 2018 1697 2044 et
1719 2013 1819 2047 docet
1838 2018 2015 2059 quomodo
2042 2018 2134 2052 Deus

1146 2057 1363 2090 invocandus
1380 2057 1433 2091 sit.
1487 2058 1568 2092 Sola
1590 2063 1752 2104 proponit
1775 2066 2050 2101 consolationem
2076 2071 2134 2102 fir-

1146 2120 1235 2139 mam
1255 2107 1290 2139 in
1307 2108 1502 2148 aerumnis,
1524 2117 1556 2142 et
1574 2123 1691 2143 causas
1707 2113 1850 2153 indicat,
1878 2128 1939 2148 cur
1954 2118 2049 2158 boni,
2074 2131 2135 2152 cur

1144 2155 1299 2190 Ecclesia
1319 2158 1519 2201 ingentibus
1535 2162 1711 2194 aerumnis
1727 2165 1958 2200 conilietetur.
1998 2168 2133 2202 Harum

1144 2219 1259 2240 rerum
1278 2208 1512 2251 cognitionem
1534 2212 1761 2246 necessariam
1780 2226 1851 2247 esse
1871 2218 2051 2250 fatendum
2071 2227 2131 2254 est.

1144 2258 1243 2300 Quae
1261 2265 1310 2291 est
1327 2259 1434 2302 igitur
1451 2261 1601 2294 amentia
1621 2261 1839 2307 Symmache,
1865 2267 2051 2309 explodere
2070 2271 2134 2303 do-

1144 2308 1291 2341 ctrinam
1316 2310 1358 2342 de
1383 2309 1487 2342 rebus
1514 2311 1618 2344 tantis
1649 2315 1896 2356 necessariam,
1934 2330 2012 2350 cum
2036 2321 2133 2354 nulla

1143 2370 1290 2403 usquam
1308 2359 1374 2392 alia
1399 2361 1544 2402 reperiri
1571 2362 1694 2404 possit,
1721 2375 1759 2396 ac
1777 2361 2005 2410 Philosophia
2032 2371 2134 2404 toties

1142 2409 1300 2453 deploret
1320 2406 1509 2443 humanam
1534 2411 1736 2454 caliginem,
1763 2420 1795 2447 et
1821 2416 1916 2449 aliud
1942 2430 2050 2461 genus
2069 2422 2133 2453 do-

1141 2460 1270 2494 ctrinae
1286 2460 1468 2496 desideret.

1241 2509 1398 2544 Fuerunt
1415 2511 1580 2545 omnibus
1596 2514 1733 2554 seculis,
1758 2523 1789 2549 et
1805 2524 1885 2550 sunt
1906 2517 1997 2552 inter
2014 2517 2128 2553 ethni-

1139 2573 1196 2594 cos
1213 2573 1272 2593 seu
1293 2561 1431 2604 ignaros
1448 2574 1550 2595 verae
1571 2564 1769 2607 religionis,
1798 2568 1899 2600 multi
1919 2569 2130 2603 excellentes

1140 2611 1304 2654 ingeniis,
1340 2611 1517 2652 doctrina,
1544 2613 1696 2656 iustitia,
1730 2616 1954 2656 sot-titudine,
1989 2627 2019 2651 et
2047 2620 2130 2653 aliis

1139 2662 1344 2703 virtutibus,
1379 2663 1497 2707 quales
1530 2664 1636 2698 fuisse
1664 2667 1858 2706 accepimus
1886 2667 2127 2709 Palamedem,
