2338 2958
50 1448 53 1451 .
77 1423 166 1450 artes
201 1417 250 1449 ibi
278 1417 499 1449 faelicissime
528 1419 767 1453 tradebantur.

83 126 155 162 441

83 213 182 247 ribus
202 209 382 254 disputans
405 209 448 242 de
475 209 668 244 eruditiore
689 208 936 256 Philosophia.
999 207 1077 244 Au-

85 264 198 297 dierat
231 267 347 294 autem
378 261 541 293 renovari
570 268 653 294 tunc
682 261 838 295 Graecae
867 269 901 296 et
930 262 1077 295 Latinae

83 314 221 355 linguae
246 310 360 344 studia
386 310 422 342 in
448 309 561 346 Italia.
619 311 708 345 Nam
735 320 810 356 post
838 319 978 357 captum
1005 311 1076 356 By-

83 361 256 402 zantium,
284 359 513 404 Graecipulsi
530 362 659 404 patria,
687 363 723 394 in
742 362 876 395 ltaliam
895 363 997 395 multi
1017 374 1077 393 ve-

82 417 234 452 nerunt,
261 411 321 456 qui
342 409 606 454 Philosophiam
631 419 663 446 et
686 413 923 457 eloquentiam
951 413 1000 445 ibi
1021 424 1075 445 re-

81 467 276 502 novarunt,
303 461 401 494 cuius
425 463 538 495 studia
565 469 642 506 post
661 463 852 506 collapsum
875 463 1076 507 imperium,

80 523 224 558 prorsus
241 511 278 544 in
296 511 393 545 ltalia
410 513 660 545 conticuerant.
714 512 942 555 intelligebat
959 519 1073 546 autem

79 563 154 596 sine
166 560 310 595 Graecis
322 563 431 595 literis
443 560 706 606 Philosophiam
726 563 861 607 percipi
879 575 950 595 non
963 575 1074 606 posse.

79 611 203 656 Coepit
218 612 325 655 igitur
344 613 511 657 impetum
529 613 771 657 proficiscendi
791 614 826 646 in
848 612 1007 651 ltaliam,
1036 620 1074 646 ut

80 669 114 696 et
129 663 341 696 disertorum
359 664 612 696 consuetudine
629 675 667 695 ac
683 675 742 695 exe
753 664 855 708 mplis
870 675 978 706 genus
995 676 1074 696 ora-

80 713 188 747 tionis
210 714 428 753 emendaret,
464 720 496 746 et
521 711 774 757 Philosophiae
802 715 922 747 fontes
943 726 1073 757 cogno-

82 770 201 797 sceret.
257 763 363 797 Venit
382 763 596 803 Ferrariam,
622 764 683 797 ubi
703 770 789 797 tunc
806 765 946 810 quidem
964 765 1073 807 magis

80 814 254 848 florebant
270 814 383 848 studia
398 811 646 857 Philosophiae
658 826 698 847 ac
712 815 949 859 eloquentiae,
968 827 1070 859 quam

80 864 118 897 in
141 865 283 897 caeteris
298 863 497 897 Academiis
516 863 655 897 Italicis,
700 864 788 898 Nam
807 865 976 899 Hercules
992 865 1071 898 Dux

79 914 260 948 Ferrariae
275 914 444 947 sentiebat
460 915 502 946 ad
522 914 607 947 boni
626 914 803 959 Principis
821 917 972 949 officium
991 928 1070 960 pcr-

76 965 188 997 tinere
213 976 332 998 curam
358 965 530 999 iuvandae
553 966 602 998 rei
632 966 823 1006 literariae‚
856 979 894 999 ac
919 967 1070 999 delecta-

76 1014 181 1048 batur
212 1014 285 1059 ipse
320 1016 538 1049 eruditorum
570 1016 717 1059 scriptis.
778 1015 866 1051 Erat
891 1016 1070 1050 Ferrariae

77 1062 289 1098 Theodorus
307 1064 420 1103 Ga7a,
454 1068 514 1110 qui
531 1067 730 1099 eruditione
754 1074 786 1100 et
803 1068 1000 1112 eloquentia
1018 1068 1069 1099 sa-

78 1115 142 1149 cile
159 1116 360 1149 antecelluit
378 1115 521 1148 Graecis
538 1117 703 1149 omnibus
729 1117 789 1162 qui
807 1124 891 1150 tunc
913 1118 949 1149 in
970 1117 1068 1150 ltalia

78 1172 188 1201 erant.
251 1165 306 1199 lbi
332 1165 513 1199 Guarinus
539 1166 672 1200 Graece
699 1174 730 1201 et
760 1168 880 1201 Latine
911 1168 1068 1208 docebat,

77 1217 133 1249 vir
150 1216 186 1248 in
205 1217 329 1260 primis
346 1216 506 1259 diligens.
547 1215 707 1251 Aderant
724 1224 753 1250 et
772 1217 914 1251 Strozae
930 1217 1068 1259 Poetae,

76 1279 154 1300 cum
173 1267 301 1311 quibus
317 1274 460 1310 apparet
481 1278 640 1309 magnam
667 1269 771 1301 fuisse
792 1268 1066 1301 familiaritatem

75 1314 280 1360 Rodolpbo.
340 1315 473 1350 Extant
506 1323 537 1349 et
562 1316 896 1351 Mathematicorum
929 1319 1067 1362 scripta,

76 1367 137 1411 qui
154 1368 243 1410 apud
256 1367 443 1399 Herculem
456 1368 728 1401 tunc'vixerunt.
769 1368 931 1413 Denique
946 1380 1067 1402 omnes

833 1419 927 1461 Quid
955 1425 1067 1462 potest

77 1473 193 1500 autem
214 1466 347 1499 homini
366 1468 567 1509 ingenioso,
603 1468 745 1502 incenso
769 1481 870 1502 verae
887 1470 1067 1502 doctrinae

77 1529 214 1556 amore,
250 1518 353 1550 avido
378 1518 555 1558 discendi,
590 1520 703 1563 qualis
739 1526 811 1552 erat
842 1517 1066 1563 Rodolphus,

77 1568 280 1611 contingere
302 1569 473 1612 optatius,
505 1580 608 1612 quam
628 1577 665 1603 ut
682 1570 718 1601 in
740 1569 799 1602 tali
817 1576 916 1602 coetu
934 1569 1065 1602 Docto-

75 1630 154 1651 rum
190 1619 310 1652 vivat'?
361 1617 428 1650 Hic
463 1619 576 1651 soluta
613 1620 771 1652 oratione
806 1620 959 1653 certabat
985 1631 1064 1652 cum

76 1667 257 1709 Guarino,
283 1680 384 1701 versu
401 1680 480 1700 cum
500 1667 651 1709 Strozis,
679 1670 721 1702 de
741 1666 971 1713 Philosophia
992 1670 1064 1702 dis-

76 1720 213 1752 serebat
238 1731 315 1751 cum
343 1716 533 1751 Theodoro
561 1718 677 1758 Gaza,
707 1727 741 1753 et
758 1721 902 1753 caeteris
918 1721 1064 1752 summis

74 1769 172 1803 viris,
250 1767 428 1802 Audiebat
469 1770 680 1812 professores
723 1770 885 1803 omnium
923 1771 1063 1805 artium.

73 1818 236 1864 Cumque
260 1819 391 1863 pariter
415 1820 586 1853 excoleret
601 1821 783 1863 ingenium
806 1820 986 1853 doctrinae
1003 1832 1064 1852 va—

75 1869 216 1910 rietate,
251 1876 283 1902 et
309 1870 344 1901 in
369 1870 567 1913 eloquentia
594 1871 803 1910 elaboraret,
837 1870 944 1903 totius
966 1870 1002 1902 in
1028 1881 1063 1903 se

75 1918 197 1953 Italiae
215 1932 274 1953 ora
291 1920 480 1964 oculosque
497 1921 679 1954 convertit.
724 1919 854 1962 Magna
868 1932 945 1953 cum
959 1921 1062 1953 laude

74 1970 280 2014 disputavit,
309 1969 485 2003 enarravit
509 1977 646 2003 autores
670 1971 852 2015 utriusque
869 1971 1007 2013 linguae
1025 1971 1061 2003 in

74 2021 134 2054 illa
157 2021 230 2064 ipsa
256 2019 465 2061 Academia,
498 2018 622 2055 habuit
648 2021 823 2053 orationes
840 2033 964 2063 magna
982 2034 1059 2054 cum

73 2071 328 2115 approbatione
345 2071 577 2105 eruditorum.
631 2071 741 2104 Porro
764 2083 888 2114 magna
904 2073 978 2105 laus
995 2072 1061 2105 fuit

73 2119 211 2155 homini
224 2120 424 2162 Germano,
451 2133 524 2154 non
540 2122 652 2155 solum
671 2122 869 2155 eruditione
887 2129 919 2155 et
936 2133 1060 2165 genere

74 2172 267 2210 sermonis,
308 2173 368 2205 sed
406 2173 510 2206 etiarn
538 2179 718 2206 venustate
749 2171 896 2205 actionis
924 2173 1061 2206 satissa-

75 2233 152 2255 cere
170 2220 308 2260 ltaliae,
334 2235 471 2256 morose
497 2235 535 2256 ac
558 2223 735 2256 fastidiose
752 2223 936 2258 iudicanti.
989 2223 1060 2257 Nec

75 2271 204 2316 opinor
218 2272 283 2305 ulli
299 2271 557 2306 Germanorum
575 2281 710 2317 praeter
733 2271 845 2314 hunc,
874 2272 979 2307 Italos
995 2274 1060 2307 tri-

75 2322 192 2356 buisse
210 2329 344 2355 tantum
356 2349 365 2363 ,
392 2330 431 2356 ut
455 2324 593 2365 publice
611 2325 793 2358 docentem
809 2336 887 2357 cum
905 2325 1060 2357 admira-

74 2372 171 2407 tione
187 2373 368 2413 audirent,
392 2385 431 2406 ac
446 2374 576 2417 pariter
589 2375 843 2414 eruditionem,
870 2386 978 2418 genus
988 2386 1059 2408 ser-

72 2423 190 2456 monis
217 2430 249 2456 et
275 2424 447 2457 actionem
472 2425 672 2468 probarent.
732 2425 850 2458 Audio
877 2426 977 2468 saepe
999 2438 1059 2458 ro-

75 2480 190 2517 gatum
217 2485 287 2507 esse
310 2472 496 2507 Erasmum
525 2475 562 2506 in
583 2474 701 2515 Italia,
728 2483 766 2510 ut
784 2475 959 2520 specimen
978 2487 1060 2509 suae

74 2524 283 2558 eruditionis
298 2536 337 2558 ac
353 2525 538 2558 facundiae
555 2526 692 2569 publica
711 2527 944 2570 praelectione
958 2538 1059 2570 prae-

73 2574 181 2608 beret.
238 2575 304 2609 Sed
331 2582 370 2608 ut
396 2572 460 2609 hac
488 2576 523 2608 in
548 2588 584 2609 re
609 2576 729 2610 amicis
754 2589 888 2610 morem
915 2584 1058 2619 gereret,

74 2623 200 2657 adduci
233 2637 412 2670 nunquam
442 2626 576 2669 potuit,
617 2633 774 2660 metuens
801 2639 844 2660 ne
881 2627 925 2660 ab
962 2626 1057 2661 Italis

72 2674 319 2717 pronunciatio
343 2673 496 2710 hominis
521 2675 690 2710 Germani
717 2678 946 2711 derideretur.
1005 2679 1056 2713 Ac

494 120 656 159 DECL.
698 123 771 159 DE
806 123 950 160 VITA
983 122 1294 161 RODOLPHI
1328 121 1686 163 AGRICOLAE.

2033 129 2106 167 442

1129 219 1231 252 saepe
1255 210 1469 253 praedicavit
1492 210 1673 256 Rodolphi
1697 219 1875 254 naturam,
1909 227 2010 260 quem
2037 217 2117 250 imi-

1128 260 1195 292 tari
1213 260 1369 292 Italicam
1385 268 1600 295 venustatem
1617 263 1691 296 sine
1704 264 1844 308 ineptiis
1860 267 2012 309 potuisse
2027 268 2116 301 fere-

1127 310 1198 342 bat.
1237 309 1369 342 Verum
1386 309 1543 344 Musicae
1563 320 1708 347 naturae
1723 316 1764 347 ad
1783 317 2114 358 pronunciationem

1127 366 1159 392 et
1184 360 1377 400 actionem,
1404 360 1554 404 aptiores
1579 370 1660 397 sunt
1682 366 1833 398 caeteris.
1887 365 2033 400 Constat
2050 379 2115 401 au-

1127 416 1194 442 tem
1212 408 1444 452 Rodolphum
1469 411 1516 443 ita
1543 414 1741 447 excelluisse
1770 416 1807 448 in
1825 415 1992 457 Musicis‚
2018 418 2114 451 mul-

1126 466 1176 492 tas
1194 466 1233 493 ut
1250 460 1442 493 cantilenas
1459 464 1710 505 composuerit:
1744 465 1814 498 imo
1830 473 1867 499 ut
1891 466 1987 500 Italis
2007 468 2112 502 fuerit

1125 510 1332 551 iucundior,
1368 517 1550 554 propterea
1578 515 1671 557 quod
1698 514 1873 548 interdum
1898 515 2039 553 cvthara
2056 518 2112 551 lu-

1124 561 1222 593 deret
1239 560 1276 592 in
1294 561 1468 594 conviviis
1484 563 1715 598 eruditorum.
1757 565 1897 607 Quanta
1914 554 2018 601 fuerit
2036 568 2111 601 eius

1124 611 1311 652 sedulitas,
1343 611 1426 644 inde
1449 612 1625 646 aestimari
1647 621 1778 657 potest,
1806 618 1899 660 quod
1917 618 2111 659 Quintilia-

1123 673 1210 694 nurn
1233 673 1294 694 sua
1317 673 1425 694 manu
1443 661 1617 706 integrum
1638 665 1832 708 descripsit.
1885 665 1961 710 Ipse
1977 669 2110 710 signifi-

1123 719 1175 745 cat
1194 723 1229 744 se
1244 711 1281 744 in
1300 710 1398 745 ltalia
1414 714 1609 746 naturalem
1628 712 1810 748 historiam
1826 715 1935 749 Plinii
1960 719 2110 761 diligen-

1122 769 1174 794 ter
1192 762 1334 805 legisse,
1364 762 1520 796 fortassis
1538 765 1720 799 occasione
1741 766 1931 808 invitatus‚
1958 769 2052 812 quod
2073 769 2109 801 in

1122 824 1161 845 eo
1182 812 1257 845 loco
1281 812 1419 846 facilius
1444 813 1622 859 inquirere
1642 816 1779 859 plantas
1801 817 1936 861 potuit,
1964 825 1998 852 et
2015 816 2110 852 haud

1121 863 1228 896 dubie
1250 863 1340 896 vidit
1363 861 1588 897 Aristotelem
1620 872 1653 899 et
1684 864 1988 911 Theophrastum,
2024 880 2110 902 con-

1121 925 1239 946 versos
1255 925 1271 946 a
1291 913 1403 954 Gaza,
1431 926 1518 959 quos
1533 927 1611 948 cum
1629 916 1773 959 legeret,
1807 917 1963 951 Plinium
1981 920 2109 953 adiun-

1120 965 1272 1007 gendum
1296 975 1369 997 esse
1394 964 1514 1006 duxit,
1546 972 1585 999 ut
1603 967 1697 999 unde
1714 965 1807 1000 Gaza
1825 967 1968 1002 Latinas
1987 970 2109 1014 adpel-

1120 1015 1268 1047 lationes
1297 1014 1517 1058 sumpsisset,
1559 1017 1771 1051 observaret.
1837 1017 1932 1052 Haec
1965 1020 2107 1053 collatio

1120 1065 1311 1108 plurimum
1330 1065 1359 1097 ei
1372 1065 1523 1108 profuit,
1540 1067 1581 1099 ad
1594 1069 1788 1110 augendam
1805 1075 1838 1102 et
1853 1080 1969 1102 rerum
1988 1070 2109 1114 cogni-

1119 1115 1250 1148 tionem
1280 1121 1314 1147 et
1337 1116 1524 1149 verborum
1548 1117 1696 1161 copiam.
1749 1118 1859 1152 Porro
1884 1132 1962 1153 cum
1987 1131 2022 1154 se
2053 1121 2108 1154 di-

1119 1165 1268 1208 ligenter
1302 1166 1503 1209 expoliisset
1543 1167 1635 1200 inter
1671 1169 1891 1203 doctissimos
1926 1167 2107 1212 homines,

1119 1216 1259 1249 tandem
1289 1215 1326 1247 in
1352 1216 1499 1259 patriam
1527 1218 1648 1259 rediit,
1689 1219 1751 1252 ubi
1786 1232 1859 1253 non
1889 1220 1950 1253 diu
1979 1218 2106 1255 haesit:

1118 1278 1199 1299 nam
1227 1266 1408 1310 aliquanto
1433 1274 1510 1310 post
1537 1269 1709 1309 reditum,
1743 1271 1927 1303 accersitus
1942 1277 1991 1304 est
2009 1270 2106 1317 Hey-

1118 1317 1316 1358 delbergam
1340 1328 1358 1348 a
1383 1316 1576 1360 Dalbnrgio
1598 1317 1773 1363 Episcopo
1796 1320 2041 1363 vangionum,
2073 1328 2106 1355 et

1117 1366 1348 1407 Pleningero,
1382 1378 1484 1410 quem
1512 1368 1584 1410 ipse
1610 1368 1764 1402 Plinium
1792 1371 1963 1405 nominat.
2014 1370 2104 1404 Cum

1118 1415 1173 1449 his
1195 1417 1289 1449 enim
1315 1416 1351 1448 in
1376 1415 1475 1449 ltalia
1500 1417 1691 1462 Rodolpho
1719 1420 1938 1454 familiaritas
1968 1433 2104 1455 summa

1117 1469 1247 1506 suerat,
1283 1467 1343 1510 qui
1379 1474 1496 1509 postea
1530 1470 1633 1502 ambo
1662 1479 1893 1513 pervenerant
1920 1472 1958 1504 in
1983 1472 2103 1506 aulam

1117 1517 1292 1560 Principis
1314 1515 1463 1549 Palatini
1490 1515 1670 1562 Philippi,
1706 1521 1764 1564 qui
1788 1529 1827 1555 ut
1850 1529 1922 1555 erat
1947 1523 2105 1566 splendi-

1117 1568 1200 1607 dus,
1236 1573 1268 1600 et
1296 1578 1367 1599 non
1393 1567 1491 1600 rudis
1522 1568 1703 1602 literarum
1739 1577 1770 1603 et
1794 1583 1917 1615 magna
1942 1573 2105 1606 comitate

1117 1617 1315 1661 praedituS,
1343 1617 1481 1651 volebat
1506 1619 1620 1651 aulam
1645 1617 1775 1653 habere
1799 1629 1958 1655 ornatam
1985 1623 2104 1656 litera-

1115 1669 1160 1701 tis
1189 1666 1404 1702 hominibus.
1468 1666 1683 1712 Dalhurgius
1710 1670 1949 1706 Cancellarius
1977 1673 2105 1706 deinde

1116 1719 1227 1751 factus
1252 1724 1302 1751 est
1318 1717 1543 1760 vangionum
1566 1719 1774 1764 Episcopus.
1828 1723 1862 1755 Is
1883 1721 2103 1768 Heydelber-

1116 1781 1192 1812 garn
1217 1768 1354 1801 vocavit
1382 1767 1632 1812 Rodolphum,
1665 1783 1725 1805 seu
1753 1779 1790 1805 ut
1817 1773 1890 1805 eius
1915 1781 2103 1807 consuetu-

1115 1819 1199 1851 dine
1216 1830 1252 1851 se
1269 1818 1342 1861 ipse
1357 1819 1399 1851 ad
1416 1826 1506 1851 recte
1519 1821 1743 1854 scribendum
1771 1823 2013 1861 assuefaceret,
2040 1835 2102 1857 seu

1115 1876 1155 1902 ut
1185 1869 1350 1902 iuventus
1387 1866 1529 1902 haberet
1560 1871 1641 1915 styli
1674 1872 1910 1907 formatorem.
1983 1872 2102 1907 Huius

1114 1919 1300 1961 Dalburgii
1328 1920 1560 1953 contubernio
1585 1932 1668 1954 usus
1691 1929 1741 1955 est
1769 1924 1883 1967 quoad
1906 1924 2002 1958 vixit.
2054 1922 2102 1958 Et

1115 1981 1317 2015 quanquam
1339 1969 1438 2003 licuit
1456 1981 1527 2003 esse
1544 1971 1681 2012 ocioso,
1709 1979 1824 2006 tamen
1841 1981 1984 2017 propter
2003 1974 2102 2008 utili-

1114 2027 1220 2054 tatem
1255 2020 1465 2060 iuventutis,
1513 2021 1549 2053 in
1584 2020 1772 2056 Academia
1809 2025 1947 2067 publice
1983 2025 2102 2058 docuit

1115 2070 1248 2104 Graece
1272 2077 1306 2104 et
1326 2069 1466 2104 Latine.
1520 2070 1590 2104 Nec
1607 2073 1705 2106 duxit
1728 2074 1794 2105 sibi
1813 2086 1934 2117 parum
1952 2072 2102 2107 honori—

1113 2123 1216 2154 ficum
1235 2132 1324 2159 esse,
1351 2133 1552 2166 quanquam
1568 2122 1700 2163 aulico,
1727 2121 1862 2157 scholas
1879 2122 2018 2157 habere.
2055 2124 2102 2158 [ft

1113 2170 1337 2205 scholasticas
1360 2183 1481 2215 operas
1499 2184 1594 2205 nunc
1609 2173 1711 2206 multi
1734 2174 1857 2207 leviter
1874 2175 1972 2208 tincti
1993 2175 2101 2208 literis

1113 2222 1316 2262 fastidiunt,
1343 2229 1380 2255 ut
1398 2229 1447 2255 est
1466 2219 1571 2255 huius
1588 2224 1837 2266 perversissimi
1856 2225 1961 2257 seculi
1978 2237 2101 2268 super-

1112 2273 1182 2306 bia.
1236 2271 1337 2305 Adiit
1355 2272 1477 2305 crebro
1495 2273 1749 2315 disputationes
1765 2275 1924 2307 omnium
1943 2275 2101 2319 discipli-

1112 2335 1251 2357 narum.
1312 2321 1351 2355 In
1371 2320 1600 2366 Philosophia
1627 2325 1835 2358 emendabat
1858 2326 1993 2369 ineptas
2019 2338 2102 2370 per-

1112 2375 1290 2407 suasiones
1312 2370 1461 2405 scholae.
1515 2373 1568 2406 lbi
1587 2374 1689 2406 etiam
1706 2375 1843 2418 scripsit
1859 2376 1967 2409 libros
1989 2376 2101 2409 diale-

1113 2426 1234 2463 cticos,
1261 2430 1298 2456 ut
1316 2430 1423 2455 artem
1441 2431 1662 2467 repurgaret‚
1690 2436 1835 2470 eamque
1852 2438 1870 2459 e
1890 2427 2043 2459 tenebris
2063 2427 2099 2460 in

1112 2477 1223 2509 lucem
1248 2480 1281 2507 et
1307 2474 1343 2505 in
1361 2474 1468 2506 aciem
1489 2475 1669 2513 educeret,
1698 2486 1799 2508 usum
1818 2476 1977 2509 videlicet
1996 2489 2099 2509 mon-

1112 2534 1235 2561 strans.
1289 2523 1396 2557 Senes
1422 2522 1685 2568 Heydelbergae
1716 2533 1862 2561 narrant
1885 2539 1998 2559 mores
2025 2528 2098 2560 eius

1111 2575 1276 2610 honestos
1299 2582 1331 2607 et
1355 2582 1466 2607 castos
1489 2575 1612 2616 fuisse,
1641 2583 1673 2609 et
1689 2587 1707 2609 a
1725 2576 1857 2617 livore,
1883 2577 2099 2609 malevolen-

1111 2629 1156 2661 tia
1191 2639 1228 2659 ac
1257 2625 1448 2670 petulantia
1486 2626 1730 2660 alienissimos.
1790 2627 1869 2659 Non
1895 2634 1944 2659 est
1973 2627 2097 2659 solitus

1109 2678 1247 2711 irritare
1271 2687 1446 2717 morosos,
1482 2675 1734 2721 intempestivis
1753 2674 2097 2719 reprehensionibuS.
