2338 2958
71 95 121 131 73

72 183 227 216 flammet
246 190 308 213 nos
325 185 461 219 natura,
489 185 522 212 et
539 179 768 214 adsuefecerit
785 180 1000 213 consuetudo
1018 181 1060 213 ad

72 233 257 267 amandam
282 230 537 274 colendamque
567 230 735 273 patriam,
770 238 801 264 et
827 231 953 273 ingrati
981 242 1058 273 erga

71 285 374 320 benemerentem,
401 287 435 314 et
454 280 490 312 in
506 287 646 324 penates
660 293 739 314 suos
758 281 854 324 impii
867 308 876 320 ,
903 288 935 314 et
952 281 1058 313 alieni

70 344 214 378 prorsus
245 332 288 364 ab
317 328 535 364 humanitate
567 339 666 372 sunt,
700 332 826 376 quibus
850 332 1058 365 domesticae

69 385 161 427 leges
179 383 333 416 sordent.
387 380 545 424 Capitale
569 389 617 415 est
642 382 885 424 Magistratum
909 383 1058 426 pulsare,

68 432 106 467 hi
123 446 200 467 curn
220 443 361 476 prorsus
377 444 416 465 ex
432 430 572 476 Repub.
586 432 822 475 Magistratus,
847 433 922 465 iura
937 433 1055 465 omnia

69 484 320 523 exterminent,
361 483 455 528 quod
496 495 568 515 non
606 483 816 526 supplicium
855 483 1058 516 merentur?

68 534 160 568 Nolo
193 532 249 567 bic
277 534 428 573 causari,
462 534 588 566 frustra
613 544 670 566 eos
702 534 787 573 niti,
819 541 956 577 recepta
982 546 1054 566 non

68 597 168 630 posse
201 585 272 617 sere
304 585 440 627 privato
476 584 680 628 cuiusquam
712 584 859 618 arbitrio
891 585 1054 619 convelli.

67 634 178 679 Finge
195 647 266 667 rem
286 636 480 667 succedere.
519 633 613 676 Quid
629 635 696 668 erit
712 635 909 668 civitatibus
928 636 1056 668 nostris

68 685 329 720 calamitosius?
357 684 464 727 QuaS,
483 682 595 717 Deum
614 684 860 724 immortalem,
889 686 973 719 haec
990 698 1056 719 no-

67 737 156 770 vitas
172 737 267 770 dabit
286 735 429 770 turbas?
461 733 550 767 Nam
568 741 604 768 ut
622 735 696 768 sine
714 737 926 770 valetudinis
945 737 1055 770 iactu-

68 800 106 821 ra
127 799 229 820 nemo
247 787 358 820 victus
381 785 552 818 rationem
571 792 698 826 mutat,
723 787 770 820 ita
794 799 856 820 nec
876 788 966 831 leges
982 788 1055 820 sine

66 839 207 882 publica
235 837 497 881 perturbatione
522 843 714 872 mutantur.
768 837 838 870 Nec
865 840 906 871 ad
932 839 1055 871 civita-

66 897 140 923 tum
160 889 294 927 ocium,
324 896 353 921 et
375 888 415 919 ad
437 887 661 919 concordiam
685 887 930 921 stabiliendam
951 889 1055 933 quid-

66 952 170 985 quam
190 939 333 983 perinde
350 937 524 978 conducit,
551 945 654 982 atque
674 945 829 972 veterum
845 939 960 982 legum
979 952 1055 972 mo-

64 1002 215 1035 rumque
240 988 476 1022 conservatio:
505 989 599 1033 quod
622 1000 700 1021 cum
728 990 869 1022 urbium
897 990 1054 1034 exempla

64 1041 192 1085 passim
222 1046 411 1080 testantur,
437 1045 510 1072 tum
538 1046 656 1072 monet
679 1051 805 1073 aureus
820 1041 947 1073 veteris
963 1040 1054 1075 Poe:-

65 1099 120 1125 tae
136 1090 342 1123 versiculus:

194 1143 330 1174 Moribus
348 1145 478 1183 antiquis
495 1155 540 1173 res
557 1150 612 1173 stat
629 1141 765 1174 Romana
783 1147 926 1186 virisque.

67 1191 214 1225 Valeant
240 1191 365 1234 igitur,
401 1191 461 1236 qui
493 1192 547 1224 vel
574 1193 661 1225 adeo
688 1193 847 1226 inciviles
878 1200 978 1234 sunt,
1015 1200 1052 1226 ut

64 1250 292 1286 attemperare
311 1255 346 1275 se
369 1243 616 1275 communibus
645 1244 804 1276 moribus
827 1245 962 1285 nolint,
997 1244 1053 1277 vel

63 1294 149 1327 adeo
167 1300 385 1336 arrogantes,
412 1299 451 1326 ut
469 1293 596 1326 rectius
615 1305 650 1326 se
666 1295 770 1327 rebus
794 1295 943 1338 publicis
967 1307 1052 1327 con-

64 1345 218 1378 sulturos
233 1345 425 1383 confidant,
454 1356 557 1387 quam
575 1344 735 1385 maiores,
762 1346 817 1377 vel
835 1347 921 1378 adeo
936 1345 1052 1385 ferrei,

63 1401 103 1428 ut
121 1395 240 1427 nullus
255 1406 371 1426 rerum
392 1393 581 1436 patriarum
599 1406 697 1427 amor
721 1401 849 1437 tangat.
903 1394 979 1428 Etsi
1004 1395 1050 1427 ita

63 1446 206 1478 videtur
225 1446 260 1477 in
278 1441 613 1490 ιἐᾳελοκοκκυγίαν
632 1445 880 1486 commigrent,
906 1445 1049 1478 Senatui

61 1495 265 1540 populoque
281 1495 484 1527 cuculorum
501 1495 716 1537 imperaturi.
760 1496 970 1540 Quanquam
989 1508 1052 1527 au-

63 1553 133 1580 tem
160 1544 243 1579 haec
265 1546 405 1578 abunde
429 1556 553 1586 magna
575 1545 663 1578 ratio
687 1546 781 1577 bono
801 1546 876 1578 viro
899 1546 960 1585 sit,
989 1557 1051 1578 cur

60 1603 259 1642 praesentes
290 1596 380 1639 leges
407 1595 653 1639 amplectatur,
685 1597 779 1640 quod
804 1607 868 1628 usu
893 1604 1050 1640 receptae

62 1649 145 1688 sint,
163 1654 195 1680 et
213 1648 249 1680 in
266 1659 380 1679 mores
396 1658 553 1690 peneque
570 1646 606 1678 in
623 1652 783 1679 naturam
800 1654 954 1680 nostram
973 1659 1048 1680 ver-

63 1699 181 1733 terint.
237 1697 393 1732 Stultum
421 1703 471 1730 est
495 1697 588 1729 enim
614 1709 692 1730 cum
718 1697 868 1741 publicis
892 1698 1050 1730 moribus

61 1749 241 1789 dimicare,
269 1755 385 1781 tamen
403 1747 616 1780 excutiamus
633 1759 703 1780 rem
723 1748 827 1791 paulo
845 1748 1050 1787 accuratius,

62 1807 191 1834 temere
216 1811 259 1831 ne
285 1811 329 1830 an
352 1798 511 1831 consulto
536 1799 686 1830 maiores
710 1798 821 1831 nostri
846 1811 885 1831 ex
911 1799 1050 1840 scriptis

61 1850 197 1892 legibus
215 1849 360 1881 iudicari
376 1859 428 1880 res
445 1848 642 1880 maluerint.
670 1847 750 1881 Non
766 1861 878 1891 nuper
896 1850 930 1881 in
948 1847 1050 1881 scho-

62 1901 105 1933 lis
123 1897 186 1933 bac
205 1901 247 1932 de
273 1911 308 1931 re
332 1899 561 1937 altercantur,
587 1907 704 1931 utrum
724 1899 830 1931 satius
846 1900 890 1932 sit
909 1912 947 1932 ex
963 1900 1049 1932 scri-

62 1958 122 1995 pto
147 1951 242 1989 iure,
277 1962 319 1981 an
347 1961 386 1981 ex
414 1948 681 1991 Magistratuum
707 1949 852 1982 arbitrio
879 1962 932 1983 res
954 1951 1047 1982 iudi—

62 2013 151 2036 care.

61 2058 194 2086 ratores
217 2051 409 2089 somniant,
437 2051 495 2082 sed
518 2051 610 2093 quod
638 2050 899 2093 prudentissimi
919 2053 1047 2096 quique

60 2103 271 2147 probarunt,
317 2101 375 2145 qui
412 2100 568 2143 Respub.
604 2107 788 2133 tenuerant
803 2127 812 2141 ,
852 2113 1046 2146 sequemur.

205 1999 335 2032 Verum
360 2011 423 2031 nos
442 2011 511 2031 non
530 2001 622 2043 quod
644 2000 749 2032 ociosi
770 2000 803 2031 in
823 1998 951 2033 sobolis
971 2001 1049 2033 lite-

806 92 963 131 DECL.
998 92 1072 128 DE
1105 92 1372 133 LEGIBUS.

1076 1457 1080 1514 1

1073 1989 1077 2017 t

59 2153 149 2187 Nam
173 2165 251 2185 cum
277 2150 449 2184 humanae
475 2152 679 2194 prudentiae
703 2152 818 2183 civilia
837 2153 946 2185 officia
965 2154 1047 2185 reli·
1072 2175 1074 2205 ὦ

1072 2215 1075 2219 '
1101 2204 1160 2248 qui
1191 2211 1264 2237 arte
1296 2212 1408 2247 regat,
1442 2206 1486 2238 ita
1516 2206 1724 2241 fluctuantes
1748 2208 1953 2255 Principum
1979 2214 2086 2246 animi

60 2204 117 2247 gio
142 2203 373 2243 commiserit,
400 2209 432 2235 et
459 2203 670 2245 prudentum
696 2203 860 2245 exemplis
888 2211 920 2237 rt
951 2217 1047 2236 com-

59 2254 160 2288 muni
187 2265 289 2286 sensu
316 2251 405 2285 hanc
436 2265 572 2285 causam
598 2253 794 2287 metiemur.

859 2255 958 2295 Quae
981 2255 1047 2288 suit
1072 2244 1073 2279 i

60 2313 175 2339 autem
194 2315 338 2348 usquam
356 2302 512 2346 Respub.
531 2304 718 2336 mediocris
739 2304 815 2336 sine
835 2305 937 2338 certis
961 2305 1045 2347 legi-
1072 2335 1073 2338 ,

59 2357 126 2390 bus
153 2354 367 2388 constituta?
408 2353 546 2398 Scripto
574 2354 650 2387 inre
682 2355 734 2387 usi
763 2362 846 2388 sunt
870 2354 1046 2400 Aegyptii,

57 2406 259 2446 Cretenses,
295 2402 547 2445 Athenienses,
580 2404 754 2445 Romani,
782 2407 907 2438 addam
940 2407 1043 2439 etiam

59 2456 216 2491 Iudaeos.
270 2454 315 2488 Et
342 2456 541 2500 Lycurgus,
571 2456 704 2489 tametsi
733 2457 847 2489 nullas
869 2457 1045 2499 scripserit

58 2508 167 2551 leges,
194 2513 302 2540 certas
326 2513 441 2540 tamen
460 2507 627 2550 quasdam
647 2507 821 2550 prodidit,
851 2520 921 2539 non
941 2509 1042 2540 tabu-

57 2558 112 2598 lis,
130 2559 188 2591 sed
206 2564 244 2591 ut
262 2557 365 2600 vulgo
384 2557 540 2589 notiores
558 2564 682 2594 essent,
707 2559 894 2590 memoriae
912 2559 1041 2591 civium

57 2608 314 2652 insculpendas.
349 2606 467 2649 Quare
485 2614 522 2640 ut
543 2605 631 2640 nibil
651 2608 691 2640 iis
707 2609 955 2651 patrocinetur,
981 2610 1041 2654 qui

2059 100 2105 135 74

1113 186 1164 213 tot
1183 181 1337 222 gentium
1356 181 1483 215 iudicia
1507 183 1608 217 facile
1631 191 1778 229 queant,
1806 186 1934 230 quibus
1955 199 2023 231 quo
2044 199 2104 220 ore

1113 232 1214 271 cedo,
1248 243 1316 275 qua
1344 231 1459 265 fronte
1482 235 1669 267 reclamare
1697 237 1894 270 audebitis?
1934 236 1980 271 Et
2007 236 2103 270 baud

1112 281 1181 313 scio
1198 293 1242 314 an
1261 280 1344 314 baec
1363 283 1538 316 veteribus
1556 285 1625 318 illis
1650 286 1939 329 legumlatoribus
1962 289 2102 321 consilii

1111 331 1212 364 ratio.
1265 332 1384 374 Quum
1403 333 1573 367 libertatis
1590 348 1628 368 ac
1652 338 1916 381 tranquillitatis
1942 339 2101 382 publicae

1111 394 1211 415 causa
1229 383 1389 415 conditae
1405 383 1475 417 sint
1492 384 1664 426 civitates,
1693 394 1724 420 et
1749 389 1934 423 constituta
1960 390 2101 430 iudicia,

1111 433 1200 465 utin
1220 440 1295 466 tuto
1314 433 1384 466 sint
1401 445 1482 466 suae
1501 435 1626 480 cuique
1644 449 1696 469 res
1714 445 1747 470 et
1764 439 1851 479 vita,
1879 447 1911 473 et
1929 441 1993 472 sub
2013 440 2100 473 iuris

1110 484 1318 524 autoritate,
1352 491 1519 529 tauquam
1543 487 1608 519 sub
1635 488 1757 521 umbra
1788 490 1928 523 lateant.
1989 490 2099 535 ldqiie

1110 534 1323 578 praesidium
1349 547 1421 567 nou
1452 536 1623 569 maiorum
1654 538 1842 580 industria,
1883 553 1955 573 non
1981 539 2098 574 bomi-

1110 597 1194 617 num
1219 585 1432 629 conspiratio
1453 588 1683 630 compararit,
1710 590 1768 622 sed
1784 588 1878 623 Deus
1895 593 2097 633 ostenderit,

1110 637 1356 678 praestandum
1376 644 1443 675 est,
1472 649 1514 670 ne
1538 638 1592 670 ius
1610 639 1654 671 sit
1675 639 1862 673 obscurum
1876 668 1884 681 ,
1913 643 2097 683 incertum,

1108 692 1168 718 ant
1183 687 1396 729 ambiguum.
1450 686 1550 729 Quae
1567 695 1615 721 est
1633 690 1726 721 enim
1747 690 1833 723 iuris
1850 692 1901 724 vis
1919 701 1977 726 aut
1996 701 2096 726 auto-

1108 736 1192 770 ritas
1217 737 1352 777 futura,
1383 738 1409 770 si
1436 739 1585 772 subinde
1604 739 1790 773 Vertumni
1816 742 1852 774 in
1880 755 2011 775 morem
2036 757 2097 777 va-

1109 787 1197 820 riet?
1228 787 1340 821 Nemo
1357 789 1485 821 formas
1501 802 1580 823 suas
1598 791 1773 835 vitamque
1791 794 1959 826 nonsatis
1977 795 2096 837 explo-

1108 837 1191 871 ratis
1222 846 1282 872 aut
1310 839 1426 872 inlidis
1455 841 1658 874 custodibus
1683 849 1757 875 tuto
1787 844 1956 876 committi
1988 852 2096 888 putat.

1108 888 1219 921 Porro
1243 890 1302 922 ubi
1332 889 1600 932 Magistratuum
1627 893 1773 925 arbitrio
1793 894 1867 927 sine
1885 895 1986 929 certis
2011 896 2097 938 legi-

1108 940 1173 971 bus
1196 952 1250 973 res
1280 940 1501 981 iudicantur,
1533 954 1611 974 cum
1638 943 1672 974 in
1700 944 1962 987 imperitorum,
1996 958 2096 990 saepe

1108 989 1209 1023 etiam
1227 991 1472 1034 improborum
1491 1000 1658 1036 potestate
1682 994 1735 1026 ius
1753 995 1815 1037 sit,
1839 996 1876 1029 stt
1893 1003 1931 1029 ut
1953 1009 2014 1040 per
2031 998 2097 1029 im-

1108 1041 1266 1084 peritiam
1291 1053 1391 1085 saepe
1414 1042 1641 1085 Magistratus
1666 1046 1766 1089 aequi
1786 1053 1817 1079 et
1840 1046 1952 1091 iniqui
1971 1048 2096 1080 discri-

1106 1103 1184 1124 men
1204 1104 1273 1125 nou
1295 1093 1493 1136 perspiciat.
1532 1094 1680 1136 Quoties
1697 1096 1781 1128 recti
1798 1098 1927 1140 species
1944 1098 2096 1141 decipit?

1108 1143 1244 1186 quoties
1278 1143 1408 1176 iudicio
1443 1145 1551 1186 gratia
1587 1153 1646 1178 ant
1682 1147 1929 1181 malevolentia
1964 1149 2096 1182 officit?

1106 1192 1227 1238 Neque
1256 1194 1348 1226 enim
1372 1195 1560 1227 obscurum
1587 1203 1657 1236 est,
1693 1210 1797 1242 quam
1823 1199 1890 1231 levi
1917 1207 2095 1232 momento

1105 1244 1148 1276 ab
1176 1244 1349 1288 aequitate
1379 1245 1609 1278 mediocrium
1639 1245 1824 1281 bominum
1852 1250 1961 1282 animi
1994 1263 2095 1294 saepe

1105 1293 1364 1328 abstrahantur.
1421 1295 1516 1338 Quid
1542 1298 1634 1341 quod
1661 1311 1698 1330 ea
1718 1299 1961 1342 imperitorum
1988 1301 2095 1344 perti—

1106 1345 1204 1377 nacia
1223 1353 1292 1384 est,
1321 1352 1358 1377 ut
1375 1347 1417 1378 ad
1435 1347 1644 1391 aequitatem
1665 1349 1755 1381 ssecti
1776 1362 1845 1382 non
1864 1352 2007 1394 possint,
2033 1351 2094 1384 ubi

1107 1407 1179 1426 non
1197 1402 1325 1437 cogunt
1342 1396 1442 1437 teges.
1490 1395 1585 1429 Cedo
1604 1399 1687 1442 quid
1707 1400 1875 1433 arbitrare
1893 1409 2095 1445 sumpturos

1104 1445 1171 1477 sibi
1196 1445 1411 1487 germanicos
1434 1447 1590 1488 regulos,
1627 1449 1694 1481 nisi
1726 1450 1815 1492 leges
1840 1450 2093 1495 prohiberent?

1105 1494 1195 1536 Qui,
1222 1495 1410 1539 siquando
1438 1497 1524 1529 iuris
1546 1499 1676 1541 species
1695 1501 1964 1543 suffragaretur,
1992 1504 2094 1537 citius

1103 1545 1220 1577 omnia
1246 1546 1433 1579 miscerent
1459 1560 1564 1590 quam
1592 1550 1633 1581 de
1664 1552 1852 1590 sententia,
1888 1554 1930 1585 de
1957 1566 2092 1596 posses—

1103 1596 1201 1628 sione
1218 1597 1433 1631 decederent.
1470 1596 1572 1631 Nunc
1593 1611 1670 1632 cum
1691 1601 1877 1635 reclament
1897 1603 2004 1646 leges,
2032 1607 2092 1638 de-

1105 1653 1211 1680 terret
1225 1658 1243 1679 a
1260 1647 1390 1690 flagitio
1409 1660 1665 1694 nonnunquam
1683 1652 1806 1694 pudor.
1844 1654 1983 1695 Quotus
1999 1656 2092 1688 enim

1103 1697 1250 1741 quisque
1268 1704 1335 1730 tam
1355 1711 1500 1731 corneae
1517 1700 1622 1733 fibrae
1638 1709 1699 1741 est,
1727 1709 1764 1735 nt
1782 1705 1957 1746 publicam
1978 1706 2092 1749 legum

1106 1759 1235 1788 vocem,
1253 1749 1463 1781 omnimode
1475 1761 1510 1782 se
1526 1750 1697 1783 iudicium
1713 1766 1853 1796 prorsus
1868 1758 2092 1790 contemnat?

1104 1796 1150 1831 At
1175 1799 1203 1830 si
1227 1799 1344 1831 nullae
1376 1800 1581 1844 obstrepant
1606 1803 1713 1845 lrgeS,
1749 1817 1826 1837 cum
1854 1806 1992 1839 licentia
2020 1809 2092 1840 sere

1103 1849 1292 1882 deteriores
1311 1851 1455 1891 reddat,
1484 1852 1601 1885 videas
1617 1862 1732 1896 aperta
1753 1857 1939 1900 tyrannide
1956 1870 2091 1899 grassa-

1102 1907 1217 1938 turos,
1248 1912 1319 1933 non
1343 1901 1444 1934 aliter
1470 1909 1572 1947 atque
1598 1904 1755 1937 solebant
1774 1905 1923 1939 Athenis
1945 1910 2087 1951 triginta

1102 1950 1165 1990 illi,
1193 1951 1347 1995 quicum
1368 1952 1516 1995 pessimo
1535 1955 1690 1997 exemplo
1710 1956 1838 1989 iudicia
1857 1959 2090 2001 sustulissent,

1101 2001 1247 2044 perinde
1273 2003 1369 2046 quasi
1405 2003 1580 2046 publicam
1614 2007 1849 2039 carnificinam
1882 2018 2090 2052 exercerent,

1101 2052 1273 2095 optimum
1291 2065 1452 2098 quenque
1471 2054 1686 2096 iuguldiant.
1725 2057 1843 2102 ltaque
1861 2063 2089 2104 quemadmm-

1100 2103 1183 2134 dum
1209 2103 1244 2134 in
1266 2104 1468 2146 periculosis
1493 2107 1755 2148 tempestatibus
1775 2122 1847 2141 non
1871 2111 1959 2144 solt-t
1977 2113 2090 2145 ventis

1101 2160 1231 2186 temere
1247 2155 1416 2188 committi
1435 2155 1542 2194 navis,
1571 2157 1627 2188 srd
1647 2158 1860 2199 gubernator
1880 2163 2088 2203 praeficitur,

1099 2261 1189 2287 certa
1207 2256 1280 2297 lege
1303 2256 1483 2296 frenandi,
1512 2259 1724 2303 regendique
1749 2269 1846 2300 sunt,
1873 2275 1914 2295 ne
1935 2265 2088 2306 privatae

1099 2305 1307 2348 cupiditates
1324 2319 1341 2338 a
1361 2307 1445 2347 iure,
1475 2307 1569 2341 velut
1585 2321 1601 2340 a
1620 2317 1722 2351 portu
1740 2311 1908 2346 reiiciant.
1946 2312 2087 2347 Etcum

1099 2355 1136 2387 in
1160 2358 1410 2398 cognoscendis
1432 2358 1542 2390 causis
1567 2370 1667 2402 saepe
1694 2374 1765 2393 non
1790 2364 1946 2405 pessimis
1973 2365 2086 2406 Magi-

1071 2404 1073 2412 ’
1097 2406 1263 2439 stratibus
1287 2407 1370 2439 iuris
1397 2408 1526 2451 species
1552 2409 1727 2453 imponat,
1754 2424 1852 2456 saepe
1872 2422 2086 2449 transversos

1097 2457 1209 2500 rapiat
1240 2458 1404 2498 ambitio,
1440 2471 1483 2491 ne
1508 2460 1765 2503 periclitaretur
1791 2464 1951 2506 libertas,
1984 2467 2086 2511 aequi

1070 2515 1071 2519 ’
1097 2515 1128 2540 et
1156 2508 1269 2552 iniqui
1300 2509 1468 2542 formulas
1503 2512 1691 2553 praescribi
1725 2516 1896 2557 oportuit,
1932 2529 2017 2560 quas
2049 2519 2084 2550 in

1069 2553 1070 2557 Ἰ
1097 2559 1283 2591 consilium
1307 2557 1516 2594 adhiberent
1540 2561 1592 2594 ius
1619 2563 1760 2596 dicturi.

1815 2565 1902 2598 Nam
1924 2568 1950 2599 si
1972 2567 2086 2608 Magi-

1096 2610 1217 2643 stratui
1238 2616 1436 2652 potestatem
1459 2612 1578 2644 seceris
1597 2613 1768 2658 quidquid
1791 2616 1875 2650 libet
1898 2619 2084 2656 statuendi,

57 2657 125 2693 hoc
147 2665 304 2703 tempore
330 2659 497 2703 scriptum
517 2659 570 2691 ius
592 2665 752 2700 tuentur,
780 2660 965 2693 defendere
984 2672 1042 2693 eos
1066 2665 1071 2707 ζ
1096 2659 1174 2693 vide
1193 2661 1228 2693 in
1248 2673 1350 2705 quam
1373 2674 1436 2695 nos
1459 2663 1661 2697 servitutem
1687 2667 1876 2699 coniicias?
1908 2667 1986 2700 lure
2006 2681 2087 2712 pos-
