2338 2958
4 2719 7 2774 ε

4 2778 7 2806 ἔ

3 2824 6 2905 ἰ

76 137 149 174 365

74 223 166 258 Nam
190 223 219 256 si
242 233 310 267 qua
332 227 383 255 est
404 221 442 254 in
461 221 617 256 editione
636 223 757 268 culpa,
785 223 979 257 amicorum
1001 228 1061 260 est,
1084 221 1089 263 Ι

77 274 205 319 quibus
227 279 344 306 tamen
368 284 408 305 eo
432 273 551 306 minus
570 274 782 318 repugnavi,
810 274 893 319 quia
910 273 1064 307 arbitror

76 334 196 358 omnes
213 322 250 355 in
274 320 340 355 hoc
362 334 487 366 genere
505 322 763 358 exhortationes
782 326 946 369 prodesse
965 325 1062 357 iuve-

75 374 199 413 nibus,
224 374 428 417 pracsertim
452 371 519 408 hoc
540 381 715 419 tempore,
743 388 820 409 cum
838 376 1063 419 languescant

74 422 160 458 haec
175 424 300 462 studia,
329 436 403 457 non
420 425 535 458 solum
551 426 716 460 fatalibus
734 426 856 466 causis,
879 427 938 459 sed
958 426 1061 459 etiam

74 473 260 509 hominum
286 475 435 518 ignavia.
485 474 531 509 Et
550 483 589 510 ut
607 475 783 510 Homerus
808 476 943 521 iuquit,
969 474 1061 520 ὕπερ

74 525 222 572 μοῖραν.
273 524 392 568 Quare
410 538 530 559 omnes
546 527 631 560 boni
648 527 733 568 viri,
760 527 981 572 maximeque
996 527 1061 565 illi,

75 577 135 622 qui
155 583 274 610 tenent
289 575 445 621 Respub.
463 584 495 611 et
513 578 573 622 qui
598 577 722 611 studiis
742 578 936 612 iuventutis
960 589 1061 622 prae-

73 633 183 668 stant,
210 627 359 660 excitare
381 628 509 661 debent
527 628 796 662 adolescentiam
820 629 864 661 ad
889 627 952 662 has
972 635 1061 661 artes

72 678 237 712 colendas
264 684 369 723 atque
397 679 583 719 amandas,
610 679 738 724 quibus
761 691 878 712 carere
902 678 1061 723 Respub.

71 729 172 762 nullo
189 729 295 762 modo
314 735 437 773 potest.
490 727 621 771 Quales
638 730 804 764 tenebrae
824 730 862 762 in
880 730 1060 773 religione,

72 780 186 825 qualis
215 780 395 813 barbaries
425 779 463 812 in
495 779 638 814 iudiciis
662 787 695 814 et
719 781 873 824 negociis
898 781 1061 814 civilibus

72 831 191 864 sutura
215 837 282 869 est,
310 831 437 863 amisso
456 830 637 864 literarum
656 832 911 875 elegantiorum
934 839 965 865 et
985 832 1058 865 elo-

73 881 237 927 quentiae
254 881 412 914 lumine?
443 879 560 915 Facile
575 882 683 925 igitur
705 883 821 927 patior
836 889 951 916 extare
968 880 1060 915 hanc

72 944 187 965 meam
203 931 484 976 qualemcunque
501 930 791 968 exhortationem.
838 933 929 968 Cum
945 940 1060 967 autem

71 982 200 1017 usitato
216 994 314 1015 more
333 989 521 1026 patronum
539 984 691 1029 aliquem
709 982 792 1018 huic
808 985 937 1028 scripto
956 995 1061 1029 quae-

71 1045 205 1074 rerem,
231 1033 363 1066 multae
380 1035 639 1069 concurrebant
662 1036 772 1069 iustae
787 1047 927 1076 causae,
954 1041 993 1068 ut
1009 1035 1060 1068 tui

72 1084 228 1118 nominis
256 1084 412 1128 auspicio
438 1085 595 1126 ederem,
629 1098 734 1131 quem
758 1086 828 1119 scio
855 1086 1005 1119 maxime
1029 1092 1061 1118 et

73 1135 199 1169 studiis
216 1141 250 1168 et
265 1135 429 1168 laudibus
447 1135 667 1181 eloquentiae
685 1137 813 1171 favere.
864 1135 942 1170 Etsi
966 1136 1059 1169 enim

71 1186 232 1220 abundas
260 1185 394 1228 ingenii
420 1192 453 1219 et
482 1187 646 1220 fortunae
676 1187 909 1228 ornamentis,
944 1194 1059 1220 tamen

72 1234 128 1271 his
154 1237 277 1279 ingens
301 1237 406 1269 decus
422 1237 521 1271 addit
544 1238 745 1283 eloquentia
769 1245 847 1279 tua,
875 1245 907 1271 et
926 1245 1059 1271 caetera

71 1287 266 1322 illustriora
294 1287 410 1322 efficit.
470 1287 559 1321 Nam
584 1301 664 1323 cum
689 1296 814 1323 natura
843 1295 876 1322 te
901 1290 944 1321 ad
971 1287 1061 1321 hanc

72 1345 183 1372 artem
200 1337 361 1371 omnium
376 1338 532 1381 reginam
550 1339 708 1380 finxerit,
732 1351 883 1384 cumque
901 1340 1062 1373 doctrina

73 1389 230 1423 excultus
245 1388 303 1429 sis,
329 1399 492 1431 magnam
510 1389 575 1422 tibi
592 1390 744 1431 laudem,
768 1401 929 1433 magnam
948 1390 1061 1422 admi-

73 1440 265 1480 rationem,
298 1439 439 1472 dicendi
468 1440 616 1474 facultas
647 1441 757 1485 parit,
790 1453 863 1473 non
885 1441 999 1473 solum
1024 1440 1061 1472 in

73 1490 186 1536 patria
210 1490 353 1533 lingua,
392 1491 451 1523 sed
479 1491 582 1524 etiam
605 1491 743 1526 Latina.
805 1489 928 1536 anue
960 1491 995 1523 in
1023 1502 1060 1523 re

73 1542 164 1575 illud
180 1542 219 1574 in
234 1541 356 1585 primis
372 1541 563 1584 gloriosum
581 1549 649 1583 est,
676 1543 770 1587 quod
786 1548 844 1575 tua
861 1541 1060 1586 eloquentia

73 1592 206 1638 patriae
222 1592 397 1636 praesidio
415 1599 475 1627 est.
529 1592 666 1626 Deinde
686 1591 776 1625 hanc
799 1599 954 1625 nostram
972 1590 1062 1625 Aca-

71 1643 222 1678 demiam
239 1642 425 1676 autoritate
445 1649 503 1676 tua
520 1645 611 1688 apud
632 1643 911 1677 Illustrissimum
930 1649 963 1676 et
983 1642 1061 1676 Cle-

71 1694 329 1728 mentissimum
354 1693 555 1738 Principem
585 1692 831 1728 Marchionem
863 1692 1059 1726 Electorem

71 1745 257 1791 praecipue
281 1744 372 1778 tueri
397 1744 504 1786 soles;
530 1757 586 1778 me
603 1757 744 1791 quoque
761 1745 929 1788 singulari
952 1744 1060 1777 comi-

71 1803 142 1831 tate
157 1796 314 1830 adiuvas.
357 1794 476 1838 Quare
493 1794 582 1829 hanc
597 1797 639 1829 ad
657 1803 689 1829 te
706 1795 903 1840 Epistolam
921 1795 1060 1839 publice

72 1846 213 1891 scripsi,
239 1846 394 1890 primum
411 1854 450 1880 ut
467 1858 589 1879 omnes
607 1847 845 1890 intelligerent
862 1853 894 1879 te
913 1858 929 1878 a
945 1845 1061 1886 nobis,

71 1905 105 1933 et
121 1903 265 1942 propter
276 1896 545 1930 admirationem
562 1903 703 1931 tuarum
722 1898 905 1937 virtutum,
929 1903 962 1930 et
978 1908 1060 1940 pro-

72 1956 151 1995 pter
166 1947 337 1991 egregiam
355 1959 434 1991 erga
450 1947 566 1981 literas
588 1948 822 1988 voluntatem,
849 1947 967 1990 diligi,
992 1947 1057 1980 coli

71 2007 106 2034 et
127 1998 324 2039 observari3
359 1999 506 2037 deinde,
540 2005 579 2032 ut
603 1996 688 2031 baec
710 1999 783 2042 ipsa
807 1998 920 2031 studia
939 2004 1059 2031 nostra

72 2051 138 2086 tibi
153 2050 447 2084 commendarem.
492 2048 613 2095 Itaque
630 2049 659 2082 si
678 2049 792 2082 officio
812 2061 889 2081 meo
906 2049 1059 2082 delecta-

70 2102 182 2143 beris,
205 2100 380 2143 praeclare
402 2113 458 2134 me
475 2098 542 2134 hoc
559 2112 687 2133 munus
704 2100 889 2133 collocasse
911 2099 1059 2133 arbitra-

70 2154 148 2188 bor.
197 2151 284 2186 Peto
307 2151 432 2195 igitur,
459 2158 497 2185 ut
522 2163 586 2195 pro
611 2158 670 2185 tua
688 2151 870 2184 excellenti
895 2148 1059 2183 humani-

71 2210 161 2244 tate,
195 2209 229 2236 et
253 2200 320 2235 hoc
342 2214 459 2235 meum
486 2203 640 2235 officium
666 2202 840 2246 specimen
873 2212 946 2234 esse
969 2201 1057 2244 grati

72 2266 150 2298 erga
168 2260 201 2287 te
216 2253 326 2286 animi
341 2259 481 2293 statuas,
509 2260 542 2286 et
556 2265 612 2286 me
626 2259 687 2286 tuo
703 2253 822 2285 favore
839 2259 942 2297 atque
957 2259 1058 2285 auto-

71 2306 192 2345 ritate,
224 2304 263 2336 in
288 2301 353 2336 hac
382 2304 523 2347 publica
552 2305 734 2337 functione
765 2303 942 2337 defendas.
995 2301 1059 2336 Est
1084 2275 1087 2368 5

72 2356 166 2390 enim
184 2355 434 2395 iustissimum,
460 2355 678 2399 eloquentiae
695 2354 808 2388 studia
826 2366 864 2387 ac
885 2354 1058 2397 professo·
1084 2369 1086 2373 ‚

72 2420 127 2442 res
143 2407 187 2441 ab
204 2406 245 2439 iis
269 2405 411 2438 defendi
427 2412 531 2450 atque
549 2407 686 2445 ornari,
715 2406 843 2450 quibus
859 2405 1057 2450 eloquentia
1084 2377 1087 2433 i

72 2469 244 2493 summam
259 2457 462 2499 dignitatem
480 2463 583 2500 atque
598 2457 817 2490 autoritatem
836 2455 871 2487 in
886 2454 1057 2498 Republi-

74 2522 112 2543 ca
131 2509 231 2554 parit.
283 2507 379 2542 Beue
397 2519 435 2540 ac
454 2507 625 2540 foeliciter
641 2507 731 2540 vale.
785 2506 1058 2540 Francofordiae

75 2562 118 2594 ad
135 2557 310 2600 Oderam,
337 2558 502 2593 Calendis
522 2557 694 2593 Novemb.
722 2557 829 2592 Anno
850 2555 956 2592 1538.
1084 2565 1085 2568 ’

1080 2694 1085 2745 l

427 134 588 171 DECL.
631 134 706 171 DE
740 134 1068 172 UTlLITATE
1103 132 1375 170 STUDIOR.
1411 133 1747 179 ELOQUENT.

2029 138 2103 174 366

1113 227 1205 268 Non
1233 235 1359 278 ignoro
1382 244 1554 281 quantum
1578 249 1668 271 onus
1691 238 1854 283 suscipiat
1880 239 1925 278 is,
1951 240 2013 284 qui
2031 241 2105 274 elo-

1114 286 1299 330 quentium
1314 287 1526 330 scriptorum
1542 289 1802 322 enarrationem
1820 290 1984 324 instituit.
2039 289 2104 325 Et-

1114 336 1208 369 enim
1237 349 1310 370 non
1344 337 1456 370 solum
1484 349 1592 380 genus
1619 341 1790 373 sermonis
1819 341 1851 374 ei
1879 348 2003 375 notum
2033 353 2104 375 esse

1115 393 1270 430 oportet,
1296 388 1356 420 sed
1382 389 1486 421 etiam
1512 391 1719 432 exponenda
1740 398 1822 425 sunt
1839 400 2002 426 autorum
2019 405 2105 426 con-

1115 438 1210 478 silia,
1236 438 1347 471 multa
1374 451 1413 471 ex
1439 436 1596 472 historiis
1612 441 1771 474 omnium
1789 450 1987 486 temporum
2004 455 2105 488 repe-

1115 489 1238 529 tenda,
1273 489 1425 533 denique
1450 496 1489 522 ut
1512 492 1750 524 accommodet
1772 494 1814 525 ad
1840 506 1961 535 usum,
1994 494 2106 528 inter-

1116 551 1193 582 pres
1209 551 1282 572 non
1300 540 1399 573 rudis
1418 551 1490 573 esse
1509 541 1612 573 debet
1628 540 1781 585 Reipub.
1834 543 1929 577 Haec
1946 557 2024 578 curn
2043 557 2105 589 per

1115 601 1186 622 sese
1204 591 1312 623 ardua
1327 590 1409 631 sint,
1425 589 1513 623 mihi
1530 591 1667 625 novitas
1684 592 1756 635 ipsa
1773 599 1806 626 et
1823 596 1959 637 negocii
1976 602 2008 629 et
2025 595 2104 637 loci,

1115 641 1226 674 multo
1242 641 1359 675 reddit
1376 653 1412 674 ea
1431 641 1644 675 difficiliora.
1696 642 1784 676 Nam
1808 652 1907 678 antea
1923 658 2105 691 nunquam

1116 691 1153 724 in
1180 692 1323 735 publico
1351 699 1451 726 coetu
1476 693 1599 733 docui,
1626 699 1658 726 et
1676 694 1750 727 fieri
1775 696 1916 740 nequit,
1944 697 2030 741 quin
2049 709 2104 730 re-

1115 754 1196 776 cens
1220 740 1346 786 hospes
1370 741 1475 776 huius
1490 741 1720 785 Academiae,
1743 746 1852 789 magis
1872 754 2026 780 metuam
2049 748 2105 781 iu-

1115 793 1205 826 dicia
1222 800 1345 826 vestra.
1396 792 1572 827 Omnium
1589 795 1683 828 oculi
1699 796 1737 828 in
1749 808 1861 830 novos
1876 795 2032 841 hospites
2049 798 2105 830 in-

1115 844 1204 877 tenti
1231 852 1333 885 sunt,
1367 845 1550 890 multoque
1585 845 1743 879 iudicant
1771 848 1814 881 de
1843 848 1891 881 eis
1921 849 2106 887 morosius,

1116 907 1219 940 quam
1240 895 1282 927 de
1306 896 1399 929 notis
1424 902 1457 929 et
1480 895 1726 931 familiaribus.
1781 897 1903 943 Itaque
1923 910 2048 942 magna
2068 900 2105 931 in

1115 945 1354 979 sollicitudine
1373 957 1445 979 esse
1462 947 1579 990 coepi,
1607 954 1792 992 postquam
1816 946 1901 983 haec
1923 950 2105 994 provincia

1114 994 1205 1028 mihi
1239 997 1284 1029 ab
1319 996 1561 1030 Illustrissimo
1589 996 1754 1041 Principe
1788 1006 1910 1033 nostro
1944 999 2107 1034 Electore.

1116 1048 1280 1080 mandata
1305 1054 1372 1087 est,
1404 1060 1537 1093 vosque
1559 1059 1770 1093 magnopere
1795 1062 1875 1089 01¹0,
1910 1063 1954 1083 uc
1978 1051 2105 1084 fiducia

1114 1098 1249 1140 ingenii
1273 1105 1333 1132 aut
1357 1099 1540 1132 doctrinae
1570 1099 1759 1142 singularis
1788 1112 1807 1133 a
1838 1113 1893 1134 me
1920 1102 2105 1145 expetitam

1115 1160 1186 1182 esse
1211 1149 1430 1183 existimetis:
1466 1151 1525 1182 sed
1550 1151 1704 1198 quodam
1731 1163 1850 1185 amore
1883 1153 2015 1196 patriae
2049 1150 2106 1186 hic

1114 1199 1336 1244 potissimum
1363 1200 1481 1233 vivere
1504 1201 1637 1241 malui,
1671 1207 1704 1234 et
1729 1202 1860 1247 siquid
1884 1203 2033 1246 contigit
2050 1203 2106 1235 in-

1114 1250 1208 1293 genii
1225 1257 1285 1283 aut
1311 1250 1522 1289 industriae,
1551 1252 1710 1284 conferre
1733 1253 1953 1296 potissimum
1975 1255 2017 1286 ad
2045 1266 2105 1298 pa-

1115 1302 1202 1334 triae
1219 1301 1418 1336 utilitatem.
1473 1300 1591 1343 Quare
1608 1314 1681 1335 non
1703 1304 1913 1346 arrogantia,
1941 1306 1998 1337 sed
2017 1318 2106 1349 quo-

1115 1353 1194 1384 dam
1214 1352 1392 1395 probabili
1409 1352 1568 1392 consilio,
1593 1364 1654 1385 seu
1670 1354 1787 1386 studio
1807 1355 1922 1398 potius
1941 1367 1958 1387 a
1977 1367 2031 1387 mc
2048 1368 2106 1388 ex-

1115 1402 1263 1446 petitum
1290 1414 1361 1435 esse
1386 1399 1481 1435 hunc
1506 1402 1621 1435 locum
1644 1405 1782 1447 putetis,
1831 1404 2010 1450 Vobisque
2035 1406 2106 1438 ini-

1115 1453 1163 1487 tio
1182 1453 1361 1496 polliceor,
1383 1450 1472 1485 mihi
1488 1465 1561 1486 nou
1580 1454 1778 1488 defuturam
1796 1467 1867 1488 csse
1883 1456 2103 1499 diligentiam

1116 1504 1153 1535 in
1170 1504 1245 1536 ullo
1271 1503 1405 1543 officio,
1434 1504 1530 1548 quod
1555 1516 1574 1536 a
1592 1506 1748 1538 modesto
1769 1512 1801 1539 et
1826 1508 2018 1552 tranquillo
2038 1506 2105 1540 ho—

1115 1554 1202 1597 spite
1228 1554 1361 1598 requiri
1384 1560 1508 1597 potest.
1558 1552 1770 1588 Academiae
1789 1558 2011 1591 autoritatem
2030 1570 2105 1591 ma-

1115 1604 1199 1637 ximi
1217 1604 1361 1643 faciam,
1387 1604 1625 1648 professorum
1649 1606 1951 1649 benevolentiam,
1978 1609 2105 1653 quibus

1115 1661 1237 1699 potero
1261 1655 1401 1694 officiis,
1429 1656 1572 1694 tuebor,
1601 1657 1776 1700 perficiam
1801 1658 1923 1699 etiam,
1951 1671 1994 1692 ne
2014 1660 2105 1692 cives

1115 1707 1153 1738 in
1176 1718 1230 1738 me
1256 1704 1512 1739 humanitatem
1530 1707 1741 1743 desiderent.
1795 1707 1895 1742 Hanc
1912 1722 2025 1743 meam
2043 1723 2104 1743 vo-

1115 1757 1286 1790 luntatem
1309 1757 1338 1789 si
1360 1757 1574 1800 probabitis,
1601 1769 1702 1801 spero
1719 1771 1780 1791 vos
1794 1760 1837 1792 de
1852 1761 1995 1803 ingenio
2012 1773 2105 1800 meo,

1115 1814 1146 1841 et
1163 1808 1206 1840 de
1234 1804 1288 1839 his
1313 1807 1429 1851 operis
1453 1805 1669 1841 scholasticis
1693 1810 1812 1842 minus
1830 1811 1952 1844 acerbe
1969 1812 2103 1844 iudica-

1115 1865 1211 1892 turos
1235 1869 1316 1890 esse.
1371 1859 1422 1891 Ac
1447 1871 1528 1891 vero
1554 1858 1590 1891 in
1615 1859 1738 1903 primis
1758 1861 1856 1894 decet
1872 1861 1966 1894 viros
1983 1863 2103 1895 doctos

1114 1910 1259 1949 candor,
1285 1909 1321 1941 in
1339 1906 1577 1952 provehendiS
1595 1917 1627 1943 et
1643 1910 1807 1945 iuvandis
1824 1913 2022 1957 tyronibus,
2042 1914 2102 1958 qui

1113 1958 1266 2003 Reipub.
1285 1971 1425 2003 operam
1442 1971 1570 1993 navare
1586 1962 1738 1996 student.
1791 1962 1910 2005 Quare
1936 1975 2037 2005 rogo,
2065 1971 2103 1997 ut

1114 2007 1168 2043 his
1192 2010 1355 2053 auspiciis
1379 2010 1465 2043 meis
1488 2011 1650 2052 faveatis,
1684 2010 1864 2058 mihique,
1898 2021 1936 2047 ut
1960 2014 2019 2047 ille
2042 2014 2102 2051 ait,

1114 2061 1292 2094 crescendi
1318 2061 1454 2104 copiam
1477 2062 1582 2095 detis:
1620 2063 1712 2107 quod
1736 2064 1763 2096 si
1790 2064 1941 2105 facietis,
1977 2065 2103 2098 melius

1113 2114 1156 2146 de
1174 2111 1324 2156 publicis
1341 2112 1466 2145 studiis
1484 2113 1611 2145 mereri
1628 2121 1763 2157 potero.

1214 2195 1302 2230 Cum
1322 2203 1437 2230 autem
1456 2194 1539 2230 haec
1555 2198 1741 2241 praelectio
1767 2198 1926 2232 instituta
1943 2199 1987 2232 sit
2003 2211 2102 2243 prat·—

1113 2249 1225 2292 cipue,
1249 2255 1288 2281 ut
1304 2248 1346 2280 ad
1365 2248 1586 2292 eloquentiae
1602 2260 1661 2281 seu
1678 2256 1769 2283 recte
1785 2249 2100 2283 dicendi-studium

1114 2301 1277 2332 iuventus
1299 2299 1479 2338 assuefiat,
1516 2299 1627 2331 dicam
1653 2300 1786 2344 aliquid
1814 2301 1857 2332 de
1880 2301 2102 2345 eloquentiae

1114 2350 1277 2383 laudibus
1299 2361 1337 2381 ac
1354 2349 1518 2383 utilitate.
1572 2348 1615 2383 Et
1633 2351 1798 2394 quoniam
1828 2352 2020 2385 iuventutis
2043 2364 2101 2384 ex-

1113 2401 1272 2434 citandae
1289 2411 1405 2440 causa,
1434 2397 1516 2432 haec
1537 2400 1649 2433 oratio
1669 2399 1834 2441 liabetur,
1862 2402 1973 2435 dicam
1992 2403 2034 2436 de
2059 2403 2100 2434 iis

1112 2452 1341 2490 utilitatibus,
1371 2462 1459 2493 quae
1477 2463 1571 2484 nuuc
1590 2451 1625 2483 in
1646 2449 1708 2485 hac
1728 2453 1838 2485 forma
1857 2451 2012 2497 Reipub.
2036 2454 2100 2485 bo-

1112 2504 1166 2536 nis
1184 2502 1332 2543 ingeniis
1348 2502 1537 2543 expetenda
1555 2508 1646 2536 sunt.
1682 2501 1818 2535 Eximia
1838 2505 2007 2548 quaedam
2028 2504 2099 2535 xir-

1111 2562 1167 2588 tus
1189 2560 1238 2586 est
1262 2552 1484 2596 eloquentia,
1513 2565 1600 2597 quae
1627 2560 1676 2587 est
1700 2554 1846 2587 facultas
1868 2554 2042 2597 sapienter
2067 2561 2099 2586 et

1111 2611 1233 2638 ornate
1257 2602 1415 2642 (licendi,
1450 2605 1492 2636 de
1515 2604 1703 2646 religione,
1731 2606 1773 2637 (le
1794 2604 2008 2649 Republica,
2037 2605 2095 2636 ‹le-

1111 2668 1178 2699 que
1214 2654 1291 2687 aliis
1327 2654 1479 2694 artibus,
1515 2666 1637 2697 regens
1671 2656 1834 2699 imperia,
1875 2666 2094 2687 summorum

1110 2706 1317 2750 Principum
1344 2704 1508 2745 consilia,
1534 2706 1733 2740 voluntates
1750 2706 1924 2739 inclinans
1943 2704 2092 2749 populo-
