2338 2958
172 143 244 179 415

170 229 363 264 accederet:
391 230 490 258 erant
505 221 599 255 enim
617 219 715 253 domi
734 225 829 253 ortae
848 218 942 252 inter
965 218 1057 252 cives
1076 230 1158 263 per-

171 280 322 314 niciosae
340 274 583 310 dissensiones.
636 269 709 303 Has
725 276 840 303 secuta
860 276 910 302 est
932 270 1046 303 clades
1063 269 1160 309 soris,

171 331 233 365 ubi
260 342 278 363 a
303 325 484 363 Lvsandro
517 321 599 354 victi
633 328 715 354 sunt
745 318 996 373 &thenienses3
1031 320 1159 353 deinde

172 388 269 425 capta
285 367 406 411 cix-'itas
417 401 426 415 ,
462 385 535 418 quo
548 383 642 405 anno
657 371 756 405 Plato
773 371 840 404 suit
859 378 961 404 natus
977 382 1090 404 annos
1105 370 1159 403 vi-

171 431 259 475 ginti
285 435 366 462 tres,
425 423 529 457 Tunc
550 422 662 467 patria
684 422 776 456 tristi
800 421 968 455 servitute
994 432 1159 466 oppressa

172 495 191 516 a
206 474 490 514 Lacedaemoniis
515 480 549 507 et
569 485 587 506 a
610 472 754 516 triginta
769 472 938 519 tyrannis,
965 471 1066 506 Plato
1081 483 1159 505 cum

172 531 315 564 haberet
334 525 514 570 ingenium
535 522 730 557 abhorrens
747 536 766 557 a
783 523 946 557 civilibus
966 522 1161 561 discordiis,

172 589 204 615 et
219 581 262 614 ab
281 578 406 617 armis,
433 583 465 610 et
480 574 660 608 doctrinae
680 585 816 611 amans„
842 575 1075 607 secedendum
1092 572 1160 606 sibi

172 643 244 665 esse
261 630 361 664 duxit
373 655 382 669 ‚
408 627 490 672 quia
517 637 629 670 neque
647 637 747 668 opem
767 625 903 657 adferre
919 624 1036 657 ruenti
1054 630 1087 656 et
1101 624 1162 656 de-

172 680 332 725 flagranti
365 678 496 722 patriae
522 682 672 720 poterat,
711 686 825 719 neque
849 675 886 707 in
918 681 987 707 tam
1016 673 1163 706 immani

173 732 315 767 saevitia
342 729 485 772 triginta
510 732 742 771 tyrannorum
767 732 800 758 et
827 725 976 758 assiduis
1001 723 1163 758 tumulti-

173 785 256 823 bus,
282 782 420 814 futurus
440 785 511 811 erat
528 777 562 809 in
585 783 672 809 tuto.
713 774 853 809 Dicitur
867 782 982 809 tamen
1006 782 1086 808 ante
1103 786 1164 818 pa—

173 835 260 867 triae
277 831 462 867 excidium,
491 834 523 860 et
540 833 620 860 ante
636 826 754 860 civiles
772 826 964 859 discordias
979 826 1164 858 militasse:

175 887 231 918 sed
265 883 346 927 quia
382 881 486 913 breve
517 877 728 923 tyrocinium
763 877 850 917 fuit,
891 888 1166 910 commemorare

174 933 266 968 nihil
285 942 372 976 opus
390 937 450 963 est.
481 927 521 961 ln
539 939 671 961 secessu
687 927 822 960 audivit
839 925 1024 960 Euclidem
1045 926 1166 969 Mega-

174 987 233 1023 ris,
262 994 340 1017 eum
358 981 502 1025 opinor,
529 979 628 1012 cuius
646 977 848 1011 Geometria
869 985 974 1012 extat.
1027 977 1166 1011 Deinde

175 1048 253 1070 cum
280 1046 320 1067 eo
342 1039 498 1074 tempore
521 1029 558 1061 in
575 1028 675 1063 ltalia
698 1029 839 1062 floreret
856 1028 1016 1062 doctrina
1036 1025 1166 1074 Pytha-

175 1095 380 1130 goreorum,
406 1088 439 1114 et
454 1092 580 1123 magna
597 1080 633 1112 in
651 1079 884 1113 admiratione
900 1086 987 1113 esset
1003 1076 1167 1112 Architas

176 1135 412 1174 Tarentinus,
446 1131 623 1172 navigavit
645 1130 681 1162 in
705 1128 862 1171 Italiam,
895 1130 956 1163 ubi
981 1127 1166 1163 Architam

176 1196 206 1221 et
234 1187 421 1219 Timaeum
445 1181 599 1224 audivit,
634 1181 677 1213 de
711 1187 856 1213 naturae
889 1180 999 1213 initiis
1029 1187 1061 1214 et
1089 1179 1166 1223 opi-

177 1239 274 1277 ficio,
303 1243 334 1268 et
362 1234 428 1267 alia
455 1233 625 1277 quaedam
647 1227 794 1275 Physica
817 1231 1051 1274 disputantes:
1079 1242 1168 1275 quae

177 1289 292 1334 qualia
309 1284 459 1323 suerint,
487 1294 525 1314 ex
543 1282 636 1314 libro
655 1292 757 1325 quem
777 1281 955 1325 inscripsit
971 1281 1168 1320 Timaeum,

177 1336 352 1373 aestimari
393 1339 522 1378 potest,
557 1339 640 1365 sunt
674 1331 768 1364 enim
803 1333 973 1376 quaedam
1003 1329 1168 1377 Pbysices

178 1389 298 1428 initia,
325 1387 367 1418 de
390 1391 471 1418 ortu
494 1382 639 1423 mundi,
666 1382 709 1415 de
733 1382 867 1425 duplici
893 1389 992 1416 motu
1016 1381 1169 1421 coelesti,

178 1441 238 1486 qui
263 1437 385 1476 efficit,
419 1442 457 1468 ut
482 1434 554 1478 ipse
584 1433 719 1478 inquit,
756 1433 894 1466 literam
916 1432 949 1466 X
975 1433 1020 1466 de
1043 1432 1169 1466 ordine

178 1491 424 1527 Planetarum,
459 1487 501 1518 de
525 1484 613 1517 serie
636 1484 912 1523 elementorum,
948 1484 991 1517 de
1015 1481 1169 1517 hominis

179 1539 416 1586 generatione,
444 1537 486 1569 de
503 1542 625 1568 natura
644 1532 846 1572 humorum,
866 1535 909 1567 de
929 1532 1074 1567 humani
1092 1546 1170 1566 cor—

180 1592 276 1637 poris
292 1587 476 1626 membris,
503 1587 545 1618 de
561 1585 690 1625 anima,
719 1585 760 1617 de
778 1583 853 1617 Deo
872 1585 995 1628 opifice
1013 1592 1170 1619 naturae.

180 1643 275 1676 llaec
298 1638 451 1672 breviter
473 1637 509 1668 in
529 1635 676 1668 Timaeo
701 1635 901 1679 complexus
927 1641 997 1675 est,
1022 1636 1082 1668 ubi
1107 1634 1169 1667 etsi

180 1699 259 1727 sunt
281 1690 450 1735 quaedam
474 1686 668 1728 aenigmata
693 1683 930 1726 arithmetica,
953 1692 1068 1718 tamen
1087 1685 1170 1718 reli-

182 1756 248 1789 qua
261 1739 406 1776 Plu-sica
426 1737 555 1770 iudicat
569 1736 727 1770 Galenus
740 1737 784 1770 ab
802 1735 1017 1780 Hippocrate
1033 1742 1169 1780 sumpta

181 1806 271 1830 esse,
301 1780 332 1824 e‘t
351 1788 416 1823 liae
432 1787 688 1831 disputationes
705 1788 797 1831 apud
816 1785 999 1820 Platonem
1024 1784 1170 1820 inchoa-

182 1852 235 1878 tae
253 1842 362 1883 magis
379 1846 459 1873 sunt
473 1850 578 1883 quam
597 1839 793 1871 absolutae:
823 1850 905 1871 nam
927 1849 990 1871 nec
1011 1845 1170 1871 motuum

183 1893 383 1929 coelestium
411 1890 499 1923 ratio
523 1889 732 1932 explicatur,
760 1900 823 1922 nec
839 1887 1027 1922 Anatomia
1045 1895 1094 1922 est
1116 1888 1171 1920 in-

183 1954 290 1989 tegra.
331 1942 398 1976 Sed
417 1941 515 1974 initia
533 1947 647 1973 tamen
665 1940 790 1980 laudo,
815 1947 848 1974 et
867 1937 932 1972 hoc
950 1951 1059 1982 genus
1075 1936 1171 1983 Phy-

183 1998 270 2031 sices
291 1994 377 2028 utile
407 2003 479 2025 esse
503 2002 645 2030 censeo,
684 1991 777 2035 quod
808 1987 998 2023 humorum
1029 1996 1172 2022 naturas

184 2056 215 2081 et
251 2045 406 2079 membra
441 2040 587 2075 humani
624 2041 779 2085 corporis
815 2041 992 2076 describit.
1053 2039 1173 2085 ltaque

185 2109 284 2140 saepe
309 2095 467 2128 Galenus
491 2092 688 2125 l'latonicas
707 2091 959 2135 descriptiones
982 2098 1174 2124 mutuatur.

187 2151 225 2182 ln
247 2147 342 2180 ltalia
369 2157 449 2176 vero
475 2143 645 2186 tantisper
669 2140 798 2182 haesit,
824 2144 934 2175 donec.
951 2142 1099 2186 patriam
1118 2153 1172 2174 re,-

187 2204 327 2242 cuperat
355 2194 617 2239 'l‘lirasyl›ulus,
652 2201 681 2226 et
701 2193 825 2226 (Ionon
850 2194 1025 2226 adflictam
1055 2203 1175 2226 rursus

187 2250 291 2282 erexit
306 2275 313 2286 ,
340 2257 503 2279 concussa
523 2245 675 2287 potentia
696 2244 1064 2277 Lacedaemoniorum.
1103 2242 1175 2277 lte-

189 2311 307 2331 wrsos
352 2297 456 2337 igitur
495 2295 612 2335 l’lato,
662 2295 784 2327 audire
824 2294 1003 2328 Socratem
1047 2295 1177 2338 coepit,

189 2358 326 2393 captus,
377 2356 410 2379 ut
450 2347 605 2383 xidetur,
647 2346 720 2378 eius
755 2346 976 2378 sermonibus
1013 2345 1176 2389 politicis.

191 2401 209 2432 Χ
227 2402 332 2432 i·1··r..t
353 2399 443 2430 enim
466 2399 625 2430 Socrates
649 2394 836 2430 horribiles
854 2396 1065 2430 mutationes
1086 2395 1176 2429 Aui-

190 2466 247 2484 cao·
274 2450 442 2487 enitatis,
475 2461 562 2492 quac
590 2445 767 2480 ltomiuem
793 2447 1012 2490 ingeniosum
1032 2454 1061 2480 1-1
1085 2446 1179 2488 cogi-

192 2511 319 2536 tantem
348 2502 388 2531 de
414 2497 596 2530 liorninnm
627 2499 803 2534 moribus,
839 2505 870 2531 et
893 2500 934 2530 de
959 2497 1179 2530 mirabilibus

192 2555 280 2585 xitae
296 2547 454 2586 casibus,
808 2548 902 2582 Vixit
922 2556 1035 2581 autem
1055 2549 1178 2581 Socra-

192 2613 240 2637 tes
260 2610 330 2646 post
363 2601 556 2633 restitutam
577 2601 706 2642 patriae
727 2600 942 2637 libertatem,
970 2613 1006 2632 ac
1024 2598 1181 2643 'stin-ns>-

482 2550 588 2581 inulta
608 2556 764 2582 utonem.

193 2655 266 2687 boli
292 2652 492 2689 xutoiiam,
524 2663 633 2681 annos
655 2651 791 2683 circiter
817 2650 979 2690 triginta.
1008 2663 1043 2682 ac
1062 2651 1105 2682 (le
1129 2652 1181 2681 [11-

193 2716 268 2740 tor..
291 2703 446 2737 l'latonis
465 2702 704 2741 magnitudine
723 2714 790 2733 nou
811 2703 956 2734 obscure
976 2701 1184 2734 vaticinatus

895 130 1055 168 DECL.
1086 131 1162 168 DE
1196 127 1487 167 PLATONE.

2123 131 2196 169 416

1209 223 1259 251 est
1276 215 1448 256 Socrates,
1473 214 1535 260 qui
1551 215 1616 249 ait:
1644 215 1689 250 Se
1706 216 1820 260 pridie
1831 229 1935 263 quam
1946 218 1988 251 ad
2007 218 2122 263 ipsum
2138 230 2198 253 ve-

1209 268 1317 301 nisset
1333 265 1451 307 Plato,
1477 267 1687 307 somniasse,
1713 277 1863 312 cygnum
1881 281 1915 302 se
1939 270 1976 302 in
1993 269 2125 312 gremio
2146 276 2199 304 te—

1209 330 1311 358 nere,
1338 317 1399 362 qui
1425 316 1554 350 deinde
1580 317 1723 350 evolans
1749 317 1786 349 in
1815 318 1944 360 altum,
1979 320 2200 354 dulcissimos

1209 375 1331 402 cantus
1358 367 1521 402 ediderit.
1572 366 1678 401 Hunc
1700 378 1852 413 cygnum
1877 369 1926 402 ait
1950 369 2095 404 Graecis
2118 369 2200 404 Pla-

1210 426 1330 453 tonem
1352 418 1511 451 futurum
1534 429 1618 451 esse.
1675 416 1765 452 Cum
1791 418 1900 461 igitur
1926 418 2104 454 Socratem
2133 421 2200 455 ali-

1211 469 1370 515 quandiu
1387 468 1560 507 audisset,
1587 480 1651 501 nec
1671 475 1856 503 contentus
1880 476 1968 502 esset
1991 470 2062 504 illis
2084 483 2201 517 popu-

1211 521 1345 554 laribus
1359 518 1658 563 disputationibus
1673 519 1716 552 de
1732 519 1801 553 vita
1819 526 1852 553 et
1871 520 2040 559 moribus,
2065 523 2122 554 sed
2137 523 2201 556 ad-

1212 571 1426 614 iungendam
1447 581 1518 603 esse
1538 577 1694 603 censeret
1713 569 1909 603 doctrinam
1932 571 1975 603 de
2001 583 2116 604 rerum
2138 584 2202 606 na-

1212 629 1310 660 tura,
1338 621 1461 665 petivit
1478 619 1698 665 Aegyptum,
1725 617 1917 665 habuitque
1939 621 2082 655 comites
2105 634 2204 666 pere-

1213 672 1421 715 grinationis
1437 669 1627 705 Eudoxum
1654 677 1687 704 et
1706 669 1851 705 Poetam
1868 669 2090 716 Euripidem.
2132 671 2202 706 Nec

1214 735 1296 755 vero
1322 722 1466 760 dubito,
1501 721 1588 766 quin
1613 721 1786 755 divinitus
1810 719 1894 755 haec
1923 722 2133 763 acciderint,
2165 729 2205 757 ut

1214 771 1280 806 hoc
1295 773 1402 805 modo
1420 772 1523 805 latius
1542 779 1793 816 propagaretur
1809 779 1906 806 vetus
1922 780 1954 806 et
1972 774 2107 808 erudita
2117 771 2204 807 Phi-

1215 820 1375 867 losophia
1391 823 1433 855 de
1450 822 1607 856 motibus
1623 822 1841 857 coelestibus.
1900 821 1977 856 Etsi
1996 824 2090 857 enim
2107 821 2207 858 Tha-

1215 875 1263 907 les
1280 880 1379 907 antea
1394 873 1602 916 particulam
1619 874 1796 918 quandam
1812 873 1886 906 eius
1901 874 2082 908 doctrinae
2093 873 2206 909 Grae-

1216 925 1263 958 cis
1285 923 1496 962 tradiderat,
1534 930 1652 957 tamen
1681 921 1766 956 haec
1790 935 1912 958 rursus
1945 925 2096 959 extincta
2121 931 2206 960 erat.

1216 975 1337 1018 Quare
1363 974 1495 1020 optime
1514 973 1632 1007 meriti
1657 980 1739 1007 sunt
1755 973 1855 1008 Plato
1881 982 1914 1009 et
1930 973 2118 1017 Eudoxus,
2145 976 2208 1022 qui

1217 1038 1294 1060 eam
1310 1037 1384 1059 non
1399 1026 1505 1058 modo
1523 1036 1563 1057 ex
1580 1022 1739 1070 Aegypto
1757 1025 1794 1057 in
1806 1023 1990 1059 Graeciam
2007 1039 2128 1060 rursus
2143 1028 2207 1060 ad-

1216 1082 1406 1116 vexerunt,
1433 1076 1493 1109 sed
1519 1075 1623 1109 etiam
1646 1082 1686 1109 ut
1709 1083 1960 1119 propagarent,
1986 1077 2208 1111 auditoribus

1216 1127 1450 1161 tradiderunt.
1505 1123 1675 1159 Eudoxus
1692 1138 1775 1158 vero
1790 1126 1934 1172 reliquit
1950 1127 2053 1161 etiam
2071 1128 2208 1162 tabulas

1217 1184 1378 1211 motuum
1405 1183 1438 1210 et
1464 1176 1549 1209 anni
1576 1176 1848 1212 ordinationem.
1891 1176 1943 1211 lta
1959 1178 2104 1212 excitata
2124 1176 2208 1212 haec

1217 1228 1397 1268 doctrina,
1430 1227 1493 1261 diu
1521 1225 1739 1260 Graecorum
1763 1227 1888 1260 studiis
1917 1236 2120 1262 conservata
2148 1236 2209 1269 est,

1219 1279 1317 1313 cuius
1337 1278 1544 1321 dignitatem
1560 1284 1665 1322 atque
1680 1277 1880 1318 utilitatem,
1905 1278 1947 1319 si,
1974 1286 2013 1313 ut
2031 1280 2209 1320 debemus,

1218 1329 1504 1372 magnifacimus,
1526 1326 1582 1361 his
1607 1328 1731 1372 primis
1756 1329 1939 1362 autoribus
1964 1331 2120 1374 profecto
2145 1328 2208 1364 ha-

1219 1381 1333 1414 benda
1361 1386 1414 1413 est
1440 1378 1561 1423 gratia.
1614 1378 1728 1422 Digna
1758 1386 1808 1413 est
1837 1379 1942 1413 etiam
1976 1380 2210 1415 admiratione

1219 1442 1341 1464 eorum
1357 1430 1485 1471 virtus,
1511 1429 1606 1475 quod
1622 1441 1695 1462 non
1713 1429 1966 1465 dubitaverunt
1980 1437 2050 1464 tam
2068 1431 2211 1476 longin-

1221 1493 1306 1528 quas
1330 1480 1629 1525 peregrinationes
1653 1491 1780 1524 magno
1810 1492 1889 1514 eum
1914 1481 2034 1515 labore
2057 1488 2092 1516 et
2117 1483 2211 1527 peri-

1221 1534 1299 1566 culo
1316 1532 1502 1575 suscipere,
1529 1531 1686 1565 veritatis
1701 1533 1920 1576 quaerendae
1937 1544 2049 1568 causa.
2093 1532 2210 1576 Quam

1221 1595 1316 1617 acres
1343 1583 1377 1619 in
1395 1582 1540 1615 illorum
1558 1581 1686 1615 animis
1709 1582 1867 1620 stimuli,
1895 1583 2010 1628 qualis
2031 1581 2212 1617 enthusia-

1221 1645 1316 1667 smus
1339 1633 1405 1666 suit
1429 1634 1470 1666 ad
1490 1633 1749 1675 investigandas
1773 1644 1825 1665 res
1847 1633 2047 1676 cognitione
2066 1634 2214 1678 dignas?

1222 1684 1295 1718 Nos
1319 1690 1439 1717 contra
1457 1684 1587 1726 pudeat
1607 1689 1745 1715 nostrae
1763 1683 1934 1725 ignaviae,
1962 1684 2022 1729 qui
2041 1685 2213 1719 divinitus

1223 1737 1388 1775 donatas,
1414 1741 1446 1767 et
1471 1745 1598 1776 magno
1621 1733 1739 1766 labore
1766 1740 1921 1778 repertas
1951 1742 2042 1769 artes
2065 1735 2214 1779 negligi-

1223 1797 1320 1825 mus,
1348 1792 1380 1818 et
1400 1785 1542 1817 interire
1560 1784 1721 1817 sinimus.
1773 1782 1978 1818 Excitemur
1994 1797 2076 1829 ergo
2093 1785 2214 1821 Plato-

1224 1837 1279 1869 nis
1297 1835 1470 1879 exemplo,
1492 1835 1658 1879 primum,
1680 1842 1718 1868 ut
1734 1842 1825 1868 artes
1842 1832 2006 1870 honestas
2025 1848 2104 1870 vere
2119 1849 2214 1870 ame-

1225 1899 1319 1927 mus,
1345 1893 1377 1919 et
1402 1885 1555 1930 pericula
1584 1886 1790 1930 laboresque
1813 1887 1855 1918 ad
1882 1898 1937 1919 eas
1959 1888 2214 1932 comparandas

1226 1938 1399 1981 suscipere
1423 1949 1495 1969 non
1519 1947 1732 1969 recusemus:
1768 1936 1897 1969 deinde
1920 1938 2107 1972 consilium
2134 1938 2215 1972 imi-

1226 1995 1351 2023 temur.
1407 1987 1672 2030 Adiungamus,
1707 1994 1745 2020 ut
1767 1987 1839 2031 ipse
1866 1988 1964 2028 fecit,
1998 1989 2041 2021 ad
2065 1989 2213 2023 morales

1226 2039 1497 2083 disputationes,
1525 2038 1620 2070 illam
1642 2049 1804 2071 arcanam
1820 2038 1862 2071 de
1886 2039 2041 2072 motibus
2057 2040 2215 2073 coelesti-

1228 2092 1292 2123 bus
1309 2090 1518 2124 doctrinam.
1572 2089 1624 2122 Ac
1639 2088 1757 2121 videre
1773 2090 1814 2121 ad
1832 2101 1935 2133 quem
1957 2089 2060 2122 finem
2081 2088 2141 2123 lias
2156 2102 2214 2124 ar-

1228 2149 1278 2174 tes
1311 2140 1534 2184 expetiverit..
1588 2138 1764 2173 Utilitates
1791 2140 1950 2183 publicas
1979 2140 2051 2184 ipse
2082 2141 2215 2185 cqtligit

1228 2192 1374 2225 alicubi:
1405 2190 1507 2234 Opus
1525 2201 1596 2223 esse
1616 2190 1650 2222 in
1670 2188 1735 2222 liae
1749 2189 1844 2223 civili
1865 2191 1934 2223 vita
1952 2197 2147 2236 temporum
2164 2204 2213 2226 se·

1228 2243 1278 2276 rie
1306 2250 1337 2275 et
1369 2242 1453 2274 3111ιί
1480 2241 1734 2284 descriptione,
1773 2242 1830 2274 sed
1859 2242 2042 2285 proprium
2067 2242 2214 2277 discenti

1230 2295 1332 2326 finem
1353 2291 1446 2326 bunc
1469 2291 1667 2329 constituit,
1694 2298 1728 2324 ut
1748 2291 1969 2334 investigatio
1991 2300 2134 2327 naturae
2151 2295 2217 2327 ‹lu-

1230 2353 1280 2378 cat
1309 2356 1372 2377 nos
1400 2349 1441 2376 att
1466 2342 1681 2386 agnitionem
1700 2341 1784 2379 Dei,
1813 2350 1842 2375 et
1869 2345 2028 2377 ostendat
2055 2341 2217 2378 humanis

1231 2396 1407 2428 mentibus
1434 2394 1584 2427 inditum
1609 2404 1680 2425 esse
1704 2393 1821 2426 lumen
1839 2395 2017 2439 quoddam
2035 2395 2218 2433 divinitus.

1231 2460 1299 2491 (μω
1319 2447 1386 2478 vita
1409 2452 1566 2487 regatur,
1601 2451 1637 2477 ut
1657 2443 1730 2476 Deo
1751 2445 1908 2486 obediat,
1945 2452 1976 2479 et
1999 2457 2120 2478 eorum
2139 2445 2214 2478 ani-

1233 2510 1327 2535 11-«15,
1369 2497 1428 2541 qui
1466 2494 1578 2529 Deum
1615 2502 1862 2537 agnoscentes,
1902 2497 1931 2529 ei
1965 2496 2219 2540 obtemperent,

1233 2557 1416 2592 postquam
1440 2559 1477 2579 ex
1502 2544 1564 2578 liac
1586 2546 1654 2578 xiia
1679 2547 1918 2585 discesserint,
1946 2546 1981 2578 in
2006 2546 2081 2579 luce
2106 2547 2219 2580 admi·

1235 2601 1340 2631 :nanta
1368 2606 1470 2642 atque
1500 2605 1659 2629 aeternae
1687 2598 1778 2640 apud
1811 2597 1920 2630 Deum
1954 2597 2105 2631 xicturos
2137 2609 2219 2631 esse·

1237 2649 1264 2681 ll
1282 2663 1327 2681 wc
1355 2658 1432 2682 sunt
1462 2647 1618 2681 Platonis
1646 2648 1748 2679 verba
1774 2648 1808 2679 in
1839 2646 2062 2691 lffpiuomide.
2117 2647 2221 2682 llaec.

1238 2701 1503 2737 Adolescentes,
1531 2711 1574 2731 au
1595 2710 1664 2731 non
1688 2698 1890 2741 gravissime
1910 2699 2100 2732 dicuntur>
2152 2698 2218 2731 Nec

2305 2618 2308 2676 Ι,
