2338 2958
8 1293 11 1304 t

0 1306 11 1341 il

87 124 167 161 477

89 209 186 242 ribus
205 204 417 244 obtinuerit,
445 205 539 237 unde
564 210 597 238 et
619 202 685 238 hoc
711 217 840 238 nomen
869 205 982 239 sortiti
1007 217 1072 249 pu-

89 265 207 293 tantur
229 254 415 295 Germani,
449 256 542 300 quod
569 261 694 288 natura
723 257 915 300 simplices,
947 255 1071 299 aperti,

86 306 265 344 candoris,
292 317 330 338 ac
348 305 520 338 libertatis
536 312 692 339 amantes
720 313 849 347 essent,
876 318 970 339 nunc
988 318 1069 339 vero

84 368 218 390 veneno
235 355 499 400 peregrinarum
516 367 554 389 ac
570 356 797 399 pessimarum
813 357 981 400 gentium,
1004 368 1070 389 no—

82 413 235 441 strorum
259 403 445 440 hominum
472 407 611 449 ingenia
638 407 861 447 inficiuntur,
898 414 930 440 et
955 406 1068 440 Deum

82 457 335 496 immortalem,
362 468 466 501 quam
493 457 596 499 longe
619 458 829 499 degenerant
852 469 870 490 a
896 457 1067 490 maiorum

81 507 233 541 virtute?
287 506 386 549 Quos
415 507 443 539 si
470 514 603 540 veteres
634 507 686 539 illi
711 506 914 540 Germanici
935 505 1068 547 heroes,

79 556 219 597 Caroli,
251 556 418 598 theorici,
447 555 628 597 Othones,
660 556 851 598 Fridei-ici,
884 564 987 602 atque
1012 555 1068 590 bic

80 608 165 652 ipse,
191 609 234 641 de
252 620 322 653 quo
339 608 444 641 nobis
459 608 496 640 in
516 606 707 650 praesentia
728 618 840 640 sermo
857 614 917 648 est,
943 606 1061 641 Chun-

79 659 204 699 radus,
232 659 278 692 ita
297 658 454 691 moribus
477 664 509 690 et
523 657 672 700 ingeniis
694 664 846 691 mutatos
866 664 1067 702 corruptos-

79 720 147 754 que
163 709 324 749 videant,
351 720 453 753 quain
473 719 530 740 eos
552 707 779 740 miseraturus
795 715 957 752 putemus
975 708 1068 742 Ger-

77 759 216 792 maniae
233 770 315 792 suae
331 765 477 798 statum,
504 769 608 802 quam
625 757 677 790 illi
697 758 795 790 omni
818 770 943 802 genere
960 771 1066 792 orna-

79 816 279 842 mentorum
305 809 386 841 belli
413 819 452 840 ac
483 808 577 851 pacis
601 808 797 841 decoratam
824 810 1067 854 munitamque

79 859 322 904 reliquerunt?
373 857 452 891 Non
489 859 555 890 tuti
590 858 734 892 fuerunt
768 859 852 892 olim
883 859 995 893 Turci
1022 860 1065 893 ab

78 921 203 943 eorum
225 909 330 941 armis
354 908 392 940 in
422 908 556 941 intimis
578 908 682 941 Asiae
707 921 746 942 ac
772 908 895 955 Syriae
919 910 1066 953 angulis,

77 970 166 1004 quos
188 970 283 992 nunc
307 959 346 991 in
372 959 545 992 vestibulo
573 957 785 992 Germaniae
815 960 913 992 omni
941 972 1065 1003 genere

76 1009 305 1044 immanitatis
328 1009 473 1052 impune
497 1010 643 1052 grassari
662 1010 837 1043 videmus:
866 1012 923 1043 sed
942 1011 1064 1043 desino
1088 1005 1091 1058 Ι

77 1071 350 1092 commemor·ire
365 1060 505 1102 publica
523 1060 614 1092 mali
630 1057 758 1093 horum
775 1067 984 1103 temporum.
1011 1059 1063 1093 De

76 1109 239 1142 laudibus
255 1107 439 1142 Chunradi
455 1108 564 1142 Suevi
579 1117 613 1142 et
629 1115 784 1142 veterum
804 1109 1063 1143 Germanorum

75 1157 161 1192 mihi
179 1160 338 1193 instituta
357 1166 407 1192 est
426 1159 560 1199 oratio,
587 1171 739 1203 quorum
756 1160 784 1199 si
800 1171 864 1192 iios
881 1160 1064 1202 integrita-

76 1217 146 1244 tem
163 1221 202 1243 ac
217 1210 382 1243 virtutem
408 1209 645 1249 imitaremur,
672 1222 735 1242 nec
761 1221 834 1242 eam
859 1211 1062 1254 peregrino-

75 1361 241 1394 omnibus
259 1360 296 1392 in
314 1361 418 1392 rebus
433 1371 584 1392 essemus
602 1357 769 1400 habituri,
797 1367 830 1394 et
843 1360 971 1404 Remp.
991 1373 1062 1393 non

75 1411 194 1444 minus
218 1410 401 1443 ssorenteni
418 1409 566 1453 posteris
589 1411 720 1443 nostris
743 1411 930 1451 tradituri,
957 1423 1062 1455 quam

73 1473 92 1494 a
110 1461 304 1493 maioribus
321 1461 525 1504 accepimus.

73 1511 240 1544 omnibus
263 1511 468 1545 mortalibus
492 1510 675 1551 dicuntur,
703 1523 722 1543 a
745 1518 870 1544 natura
885 1514 956 1544 vim
975 1512 1062 1545 insi-

73 1568 144 1595 tam
170 1568 290 1594 contra
317 1573 449 1594 venena
472 1557 618 1600 habere,
645 1561 691 1594 ita
707 1569 747 1595 ut
763 1561 908 1605 impune
930 1562 966 1594 in
986 1574 1060 1595 me-

73 1611 141 1644 diis
167 1612 387 1655 serpentibus
416 1618 449 1644 et
478 1611 705 1644 atrocissimis
730 1612 874 1644 venenis
904 1609 1061 1645 habitare

72 1662 225 1706 possint,
253 1673 327 1694 eam
352 1661 424 1694 vim
450 1661 487 1693 in
509 1661 679 1704 sanguine
701 1661 871 1702 retinent,
905 1673 944 1695 ac
968 1662 1062 1696 inter

71 1724 106 1746 se
121 1719 326 1756 propagant,
351 1723 414 1744 nec
429 1724 507 1744 cum
524 1711 602 1743 aliis
617 1709 821 1745 hominibus
838 1713 983 1746 miscent
1000 1719 1061 1746 aut

71 1763 350 1802 communicant,
379 1761 502 1795 sedulo
519 1768 636 1795 tamen
654 1763 839 1796 conferunt
854 1764 897 1796 ad
913 1764 1059 1796 salutem

69 1810 275 1852 hominum,
302 1818 342 1845 ut
360 1812 522 1845 Lucanus
540 1812 604 1845 ait:

147 1865 209 1896 Nec
228 1871 343 1894 tantum
360 1876 430 1904 geiis
447 1867 499 1894 illa
515 1876 566 1894 sua
582 1871 719 1894 contenta
734 1867 840 1902 salute,

148 1915 282 1946 Excubat
298 1916 485 1955 hospitibus,
512 1922 672 1956 contraque
689 1918 826 1944 nocentia
842 1921 973 1944 monstra

147 1966 265 2007 Psyllus
284 1967 365 1996 adest
381 1968 511 2005 populis.

69 2013 231 2060 Cumque
248 2026 335 2058 puer
349 2015 441 2058 apud
458 2014 537 2046 illos
561 2012 597 2045 in
622 2013 734 2046 lucem
759 2013 873 2045 editus
895 2019 961 2053 est,
988 2019 1058 2045 sta-

70 2066 134 2100 tim
151 2078 230 2099 cuin
252 2066 436 2125 abreptum
450 2077 467 2096 a
487 2071 597 2097 matre
615 2063 650 2096 in
669 2063 783 2096 medio
807 2063 968 2121 aspidum
986 2063 1058 2096 col-

72 2117 198 2150 locant.
240 2114 289 2149 lta
307 2113 378 2149 τὸ
366 2142 379 2163 Ι
380 2111 521 2159 vr'oiov
538 2114 676 2157 generis
692 2121 723 2147 et
741 2114 921 2157 sanguinis
939 2114 1058 2158 explo—

73 2173 208 2205 rantes,
239 2178 258 2199 a
281 2178 351 2211 quo
376 2177 508 2198 venena
532 2165 652 2208 fugere
675 2165 814 2204 vident,
849 2177 926 2197 eum
950 2176 1056 2207 agno-

73 2223 176 2251 scunt
190 2222 224 2250 et
241 2216 499 2260 amplectuntur
510 2227 574 2259 pro
590 2227 666 2249 suo.
700 2215 1008 2257 Quemadmodum
1025 2221 1059 2248 et

73 2267 210 2313 aquilae
233 2267 390 2299 marinae
409 2278 490 2300 suos
510 2267 623 2299 foetus
645 2273 767 2299 contra
788 2266 951 2299 adversos
974 2265 1058 2298 solis

72 2317 191 2352 radios
205 2317 326 2350 sistere
341 2316 525 2356 dicuntur,
551 2317 682 2362 quique
701 2328 762 2360 per
776 2316 869 2349 diem
886 2327 944 2349 eos
962 2323 1056 2349 recto

72 2369 198 2402 obtutu
219 2367 355 2407 serunt,
381 2379 445 2410 pro
470 2367 541 2400 suis
562 2367 682 2400 fovent
699 2379 737 2400 ac
761 2367 942 2407 nutriunt,
970 2373 1057 2412 quos

73 2431 156 2452 vero
178 2419 222 2452 ad
244 2418 364 2451 lumen
380 2417 464 2451 solis
488 2417 676 2451 connivere
696 2418 835 2456 vident,
864 2424 904 2450 ut
920 2418 1057 2451 adulte-

72 2469 170 2503 rinos
196 2475 229 2502 et
250 2465 378 2501 nothos
402 2467 439 2500 iii
465 2479 560 2500 mare
582 2468 763 2502 abiiciunt.
819 2467 868 2501 lta
886 2466 1055 2501 Germani

73 2526 230 2552 nostrum
266 2519 426 2552 iiativuin
459 2519 666 2558 candorem,
704 2526 866 2552 naturam
901 2525 1055 2562 apertam

72 2569 146 2602 veri
161 2570 314 2614 rectique
328 2581 366 2602 ac
385 2569 472 2601 lucis
488 2575 674 2608 amantem,
698 2569 793 2602 velut
810 2568 972 2611 sanguini
988 2580 1054 2601 no-

70 2627 142 2654 stro
159 2620 345 2665 generique
361 2619 450 2652 tueri
466 2631 505 2652 ac
516 2631 722 2651 conservare
732 2620 957 2660 debebamus,
981 2625 1015 2652 et
1025 2619 1053 2651 si

71 2682 175 2716 quein
198 2672 290 2705 inter
304 2681 368 2703 nos
386 2670 529 2713 ingenio
548 2676 656 2710 tecto,
683 2670 850 2711 obscuro,
877 2670 1054 2714 perplexo,

614 118 773 155 DECL.
810 119 882 155 DE
919 117 1251 155 EMENDATO
1283 119 1574 157 LATRONE.

2034 126 2105 160 478

1122 206 1306 249 ambagum
1330 218 1368 240 ac
1388 208 1613 242 tenebrarum
1638 211 1770 244 amanti
1796 222 1867 243 esse
1895 211 2104 251 videremus,

1122 267 1202 288 eum
1226 263 1264 290 ut
1288 258 1493 300 degenerem
1523 271 1561 292 ac
1590 257 1740 294 nothum
1772 261 1886 294 odisse
1914 268 2017 306 atque
2045 262 2106 294 de-

1121 307 1250 340 testari.

1223 356 1274 390 lta
1304 357 1341 389 in
1375 355 1442 390 hoc
1473 360 1631 402 exemplo
1666 362 1759 406 quod
1784 361 1962 399 recensui,
1999 361 2104 394 trium

1119 407 1476 450 praeclarissiinarum
1502 409 1670 442 virtutum
1697 412 1883 455 imaginem
1909 423 2104 455 expressam

1118 457 1295 497 videmus,
1331 470 1473 501 nempe,
1509 459 1662 502 pietati5‚
1695 462 1898 495 clementiae
1920 469 1952 495 et
1974 463 2105 495 cando-

1118 506 1177 543 ris.
1231 506 1370 550 Quibus
1387 520 1463 541 cum
1485 507 1542 542 hic
1563 512 1716 544 mundus
1732 509 1823 544 nihil
1842 510 2023 556 pulchrius
2045 519 2106 546 aut

1118 558 1350 601 praestantius
1390 556 1532 600 habeat,
1571 572 1632 593 nec
1663 559 1806 594 homine
1843 563 2000 605 dignius,
2041 574 2104 595 nos

1117 620 1257 653 quoque
1284 620 1340 641 eas
1365 610 1527 653 amplecti
1557 618 1589 644 et
1616 612 1730 644 colere
1753 613 1868 652 decet,
1899 613 2103 656 praesertim

1117 671 1196 692 cum
1222 671 1240 692 a
1260 660 1451 693 maioribus
1478 662 1607 694 nostris
1636 663 1812 696 veteribus
1830 661 2015 696 Germanis
2035 670 2104 696 tam

1117 716 1233 743 sancte
1251 710 1360 743 cultas
1381 711 1570 745 videamus.
1622 711 1716 748 Dixi.

1115 896 1181 929 No.
1205 896 1267 930 61,
1900 912 1948 933 an.
1982 903 2076 934 1540.

1886 946 2096 964 Μ

1327 996 1401 1035 De
1430 996 1671 1036 emendato
1699 998 1891 1038 latrone.

1183 1074 1441 1135 ApsuderaL73'1511.
1465 1085 1491 1109 p.
1506 1076 1541 1134 ὃὸ
1555 1085 1632 1135 {qqd3
1660 1077 1687 1102 iii
1701 1077 1943 1144 gefilpmpatqAEl.
1965 1079 2057 1139 p.vS'Z‚
2073 1079 2103 1138 tiiii

1216 1120 1265 1168 bgr.
1283 1119 1510 1178 οτξιίοιζεεὲἐιῗει.
1530 1119 1762 1179 'goirlllalnaepish
1783 1155 1809 1179 p.
1814 1122 1881 1173 ρ.958
1929 1126 1963 1131 —
2017 1123 2022 1137 ¹
2092 1123 2105 1139 e

448 1260 456 1266 ,
584 1260 592 1266 ,
673 1260 680 1266 ,
872 1261 879 1267 ,
1087 1232 1090 1265 g
1113 1227 1172 1259 De
1206 1228 1372 1270 exemplo
1408 1227 1600 1262 emendati
1633 1229 1793 1263 latronis
1830 1235 2104 1277 propuyizaiitis

75 1272 154 1294 rum
172 1272 308 1293 morum
327 1260 526 1292 colluvione
545 1271 682 1292 misceri
702 1272 951 1305 corrumpique
969 1269 1062 1304 pate—
1088 1271 1089 1278 ¹

75 1322 213 1350 remur,
234 1308 328 1343 haud
345 1310 450 1342 dubie
473 1321 667 1343 successum
685 1322 824 1355 quoque
847 1311 1063 1343 foeliciorem
1087 1327 1092 1380 '4

1110 1278 1268 1322 9loriam
1293 1277 1432 1312 Cleri-sti
1459 1280 1499 1312 in
1526 1290 1657 1322 cruce,
1684 1281 1918 1315 Declamatio
1939 1285 2103 1317 recitata·

1189 1339 1211 1361 a
1238 1328 1479 1363 Ioacliimo
1507 1331 1699 1373 ssIoller,
1737 1331 2024 1379 Ilamburyensi.

1087 1381 1089 1416 Ι
1113 1403 1248 1443 luultis
1270 1411 1312 1443 de
1335 1411 1446 1443 causis
1472 1423 1609 1455 semper
1632 1411 1669 1444 in
1692 1420 1877 1457 conspectu
1902 1414 2005 1448 nobis
2018 1427 2102 1449 crux

565 1459 674 1505 Psylli
692 1473 775 1503 gens
791 1461 923 1507 Libyca
938 1463 1004 1494 soli
1023 1474 1062 1494 ex
1087 1475 1090 1492 ι
1113 1458 1249 1494 Christi
1272 1473 1344 1493 esse
1367 1462 1480 1496 debet.

1523 1460 1735 1507 Quanquam
1753 1464 1846 1496 enim
1864 1462 1921 1498 hic
1938 1464 2103 1509 pulcher·

1114 1511 1224 1544 rimus
1243 1511 1357 1551 orbis,
1383 1511 1520 1544 dierum
1539 1524 1578 1545 ac
1596 1513 1751 1546 noctium
1770 1515 1984 1557 gratissimae
2001 1516 2103 1558 vices,

1114 1561 1199 1592 anni
1229 1561 1411 1602 circuitus,
1445 1561 1539 1595 Solis
1561 1569 1593 1595 et
1610 1570 1826 1598 caeterorum
1849 1567 2013 1610 syderum
2035 1567 2102 1599 ini—

1112 1611 1215 1643 randi
1245 1623 1384 1652 cursus,
1424 1619 1536 1645 terrae
1567 1614 1802 1654 foecunditas,
1850 1617 2003 1661 denique
2030 1624 2102 1651 tota

1112 1673 1228 1694 rernm
1249 1669 1372 1695 natura
1394 1663 1496 1695 nobis
1515 1664 1557 1695 ad
1575 1667 1828 1706 agnoscendam
1848 1664 1915 1699 Dei
1938 1668 2101 1701 volunta-

1112 1719 1181 1744 tem
1198 1724 1236 1744 ac
1251 1713 1481 1755 praesentiam
1501 1714 1677 1757 proposita
1695 1721 1762 1756 est,
1790 1722 1906 1749 tamen
1922 1718 2033 1751 multo
2051 1727 2100 1752 est

1112 1762 1283 1794 illustrius
1304 1763 1544 1796 testimouium
1570 1765 1721 1806 ingentis
1750 1773 1783 1798 et
1808 1778 1908 1800 verae
1935 1779 2014 1811 erga
2037 1781 2101 1802 iios

1111 1812 1377 1845 benevolentiae
1402 1812 1486 1851 Dei,
1520 1815 1731 1858 supplicium
1761 1816 1844 1854 filii,
1877 1819 1970 1861 quod
1998 1819 2099 1851 illum

1111 1862 1263 1905 perferre
1273 1870 1390 1895 nostra
1409 1875 1508 1896 causa
1524 1865 1647 1898 voluit.
1685 1864 1804 1910 ltaque
1819 1866 1862 1899 ab
1879 1864 1944 1899 hoc
1954 1868 2100 1912 pignore

1110 1912 1224 1945 divini
1254 1913 1383 1945 amoris
1415 1926 1597 1958 nunquam
1637 1916 1730 1948 oculi
1770 1917 1958 1950 deiicieiidi
1989 1927 2098 1953 erant.

1109 1961 1177 1995 Hic
1202 1963 1407 1996 discendum
1430 1976 1534 2009 quam
1553 1962 1735 1998 horribilis
1761 1967 1805 1999 sit
1821 1967 1870 1999 ira
1888 1967 1954 2001 Dei
1973 1971 2098 2003 adver-

1111 2024 1168 2045 sus
1186 2011 1371 2047 hominum
1389 2015 1535 2052 scelera,
1565 2027 1643 2048 cuiii
1661 2017 1757 2049 nulla
1777 2030 1851 2050 eam
1873 2019 2010 2053 victima
2031 2020 2098 2053 nisi

1109 2064 1173 2096 filii
1191 2076 1285 2097 mors
1303 2065 1436 2108 placare
1455 2066 1617 2109 potuerit.
1662 2065 1729 2100 Hic
1746 2074 1779 2100 et
1795 2069 1999 2110 magnitudo
2014 2083 2099 2103 con-

1111 2115 1295 2147 sideranda
1321 2121 1371 2148 est
1394 2116 1670 2156 misericordiae,
1697 2120 1790 2162 quod
1814 2119 1924 2151 filium
1953 2132 2015 2163 pro
2033 2134 2098 2153 no-

1109 2165 1163 2197 bis
1181 2165 1356 2208 piaculum
1375 2165 1448 2198 fieri
1466 2166 1593 2207 voluit,
1627 2179 1666 2200 ac
1690 2175 1833 2211 propter
1853 2166 1944 2202 hanc
1965 2178 2096 2204 tantam

1109 2212 1259 2248 hostiam
1288 2223 1415 2249 certam
1442 2217 1590 2249 salutem
1618 2218 1792 2261 promisit.
1856 2219 1952 2254 Haec
1986 2223 2097 2265 capita

1109 2273 1190 2298 suiit
1215 2266 1372 2299 coelestis
1397 2267 1604 2310 sapientiae,
1639 2280 1727 2312 quae
1759 2269 1808 2301 ibi
1843 2271 1944 2304 nobis
1968 2284 2098 2315 propo-

1108 2322 1258 2357 nuntur;
1300 2317 1428 2349 deinde
1460 2318 1629 2350 accedunt
1661 2319 1726 2351 alia
1758 2320 1877 2352 multa.
1937 2319 2097 2367 Cumque

1108 2379 1229 2399 omnes
1240 2364 1374 2400 Christi
1390 2374 1503 2410 gestus
1521 2368 1654 2412 aliquid
1671 2369 1882 2412 significent,
1910 2373 2095 2416 praecipue

1108 2417 1166 2449 ἱ11.ι
1185 2417 1325 2462 epitasis
1341 2418 1570 2450 certaminum
1589 2418 1715 2462 ipsius,
1741 2418 1933 2454 Ecclesiam
1951 2424 1993 2455 de
2004 2423 2096 2455 mul-

1107 2468 1151 2501 tis
1177 2468 1336 2501 maximis
1362 2468 1465 2500 rebus
1488 2469 1665 2504 admonet.
1724 2469 1805 2503 Non
1820 2479 1948 2505 temere
1968 2474 2095 2516 pendet

1107 2518 1200 2551 inter
1222 2521 1311 2552 duos
1335 2519 1508 2559 latrones,
1541 2531 1691 2564 quorum
1721 2521 1809 2554 alter
1823 2529 1873 2555 est
1894 2523 2095 2563 maledicus,

1105 2569 1193 2603 alter
1219 2581 1256 2602 cx
1280 2569 1416 2602 latrone
1440 2569 1477 2602 fit
1508 2578 1748 2614 propugnator
1776 2569 1920 2606 Christi.
1980 2573 2092 2606 Multa

1105 2620 1204 2653 docet
1228 2631 1292 2653 iios
1317 2632 1395 2652 cuin
1422 2620 1535 2662 ipsum
1560 2622 1815 2664 spectaculum,
1851 2629 1923 2656 tum
1946 2623 2094 2655 maxime

1103 2670 1256 2704 duorum
1291 2670 1491 2712 altercatio,
1526 2677 1559 2704 et
1580 2669 1712 2705 Christi
1743 2673 1840 2706 velut
1863 2669 2093 2715 agonothetae
