2338 2958
0 402 8 444 11,

105 120 156 157 97
609 116 768 156 DECL.
805 117 877 155 DE
913 112 1216 154 GRADIBUS
1251 114 1636 151 DISCENTIUM.
2084 120 2132 155 98

106 206 210 241 conio
229 217 360 238 ornans
375 203 501 238 Deum.
554 202 695 238 Etenim
714 217 792 238 cum
811 204 954 250 quidam
973 204 1096 236 admo-

106 263 207 291 neret
223 257 339 289 favere
354 255 468 290 Deum
485 255 643 296 afflictis,
672 257 744 299 ipse
760 255 906 289 subiecit
923 255 1015 288 clara
1034 267 1096 286 vo-

105 319 145 341 ce
169 314 273 351 atque
296 307 418 340 alacri:
453 305 491 339 Id
509 319 591 340 vero
614 304 700 339 mihi
719 312 918 339 constanter
940 307 982 338 de
1003 305 1095 348 opti—

105 369 164 391 mo
182 356 256 391 Deo
279 369 357 390 meo
381 357 563 401 promitto,
616 356 731 391 Multa
756 356 899 399 insuper
925 362 1094 400 precatus,

104 407 300 442 condonari
320 408 386 441 sibi
405 408 434 441 si
455 420 556 453 quem
576 408 745 441 laesisset:
772 407 906 440 mentio
924 406 1025 438 ctiam
1042 406 1092 438 sa-

104 464 158 492 cta
179 470 321 497 eorum,
348 458 477 504 quibus
502 459 688 492 videbatur
709 457 903 497 subiratus,
929 457 1093 490 111561111-

102 515 183 542 rent
216 509 414 552 depositum
444 509 565 542 odium
594 509 710 543 fuisse.
771 507 887 541 Multa
914 507 1093 540 constituit

103 559 147 592 de
170 558 310 603 Repub.
345 560 458 605 deque
487 560 635 604 privatis
660 559 783 597 rebus,
827 559 948 591 eodem
974 558 1093 600 vigore

103 609 232 648 animi,
267 622 338 655 quo
371 610 407 643 in
434 611 564 654 optima
590 609 791 642 valetudine
816 609 950 647 fuerat,
985 620 1093 653 quae-

103 661 186 694 dam
211 661 283 704 ipse
309 661 412 704 legit,
438 660 548 694 multa
569 660 732 700 dictavit,
759 660 874 692 verbis
900 665 932 692 et
949 666 1091 692 senten-

103 711 163 745 tiis
179 711 224 744 ita
242 711 438 749 collocatis,
465 717 504 744 ut
519 711 702 755 pristinam
722 711 849 743 mentis
865 709 1092 743 acrimoniam

102 773 317 805 agnosceres,
341 768 517 806 postremo
531 773 571 794 ex
582 761 752 794 sententia
766 760 966 794 constitutis
977 760 1093 793 omni—

102 812 186 852 bus,
212 812 391 845 lenissimo
413 823 538 855 genere
556 812 678 846 mortis
696 811 868 845 extinctus
888 818 955 851 est,
982 818 1019 844 ut
1038 823 1094 844 sa-

103 862 149 896 tis
182 863 383 906 adpareret,
419 869 453 896 et
479 862 611 895 morbis
636 863 794 905 corporis
819 864 911 894 vires
938 862 1000 895 diu
1024 862 1091 894 iam

102 913 229 946 fractas
253 912 377 953 fuisse,
405 919 439 946 et
461 913 620 946 animum
646 913 727 946 satis
746 913 1016 957 obsequentem,
1043 912 1093 945 fa-

104 963 276 1008 cilemque
299 965 342 997 ad
370 961 466 997 hunc
489 971 681 997 extremum
709 970 823 997 actum
847 964 987 996 fabulae
1012 974 1094 996 suae

103 1015 295 1047 accessisse.
347 1013 500 1057 Magnus
514 1014 657 1059 quidam
675 1013 728 1046 vir
742 1015 833 1046 inter
845 1012 998 1046 Graecos
1009 1013 1094 1046 scri—

103 1064 194 1109 psit,
222 1062 489 1109 Philosophiam
513 1064 637 1097 mortis
662 1064 992 1097 commentationem
1012 1076 1094 1104 esse,

102 1121 273 1159 putatque
305 1114 342 1146 in
373 1127 412 1147 eo
442 1126 613 1148 summam
637 1126 709 1147 esse
733 1115 960 1158 sapientiam,
997 1115 1023 1148 si
1050 1115 1091 1147 ad

102 1171 253 1198 mortem
279 1164 480 1198 obeundam
506 1166 595 1198 bene
619 1172 840 1209 comparatus
863 1165 1093 1199 assuefactus-

103 1227 172 1259 que
190 1214 306 1250 fuerit.
359 1214 428 1248 Sed
447 1227 526 1249 eum
543 1222 626 1260 puta
644 1223 736 1248 recte
756 1216 1004 1254 assuefactum,
1033 1216 1094 1261 qui

103 1265 148 1298 ad
165 1262 296 1298 Christi
319 1266 539 1310 exemplum,
564 1264 749 1309 Evangelii
773 1279 872 1300 causa
902 1267 1011 1300 multa
1038 1273 1094 1299 111-

102 1315 196 1350 lerit.
255 1314 324 1349 Hic
347 1329 429 1349 vero
454 1324 573 1350 noster
596 1329 704 1361 quam
729 1317 823 1350 varie
850 1325 1032 1362 quassatus
1056 1330 1094 1349 ac

102 1372 247 1399 vexatus
277 1373 326 1400 est
355 1379 468 1399 annos
498 1367 567 1400 iam
597 1367 732 1411 aliquot
762 1367 942 1411 religionis
969 1367 1096 1399 causa?

105 1414 206 1458 Quae
236 1416 361 1450 mortis
393 1423 425 1450 et
457 1417 554 1450 exitii
580 1415 791 1450 simulachra
817 1417 948 1451 interea
975 1417 1093 1450 animo

103 1467 285 1499 obversata
315 1467 422 1501 sunt‘?
456 1475 495 1500 ut
517 1479 652 1511 sperem
678 1468 812 1500 venisse
836 1469 877 1499 ad
906 1474 1092 1500 extremam

103 1513 195 1550 hanc
221 1528 373 1560 pugnam
401 1517 672 1561 paratissimum.
734 1516 839 1559 Quod
866 1529 944 1550 cum
971 1519 1016 1550 ita
1041 1518 1095 1556 sit,

103 1574 138 1601 et
161 1579 241 1601 cum
265 1567 324 1600 ille
341 1569 524 1601 commode
543 1565 634 1600 haue
649 1567 887 1601 calamitosam
906 1567 1014 1600 vitam
1033 1570 1095 1600 de-

102 1618 280 1663 posuerit,
306 1618 524 1661 gratulemur
540 1618 571 1651 ei
588 1617 704 1662 potius
720 1618 827 1652 talem
844 1618 934 1651 vitae
950 1619 1093 1656 exitum,

104 1668 142 1701 in
161 1681 230 1713 quo
247 1676 317 1703 tam
334 1669 445 1703 multa
461 1669 559 1712 signa
577 1675 712 1709 extant,
739 1676 778 1702 ut
794 1669 1093 1702 immortalitatem

105 1720 273 1762 adeptus,
308 1731 381 1752 non
411 1719 568 1753 amisisse
597 1719 729 1761 vitam,
762 1720 889 1754 merito
914 1720 1009 1753 credi
1033 1721 1094 1752 de-

106 1770 198 1804 beat.
251 1768 297 1803 Et
315 1782 394 1804 cum
412 1769 486 1814 ipse
502 1782 613 1815 aequo
631 1771 750 1804 animo
768 1771 961 1803 discesserit
979 1783 995 1803 e
1013 1771 1095 1810 vita,

103 1820 258 1853 seramus
280 1820 345 1864 ipsi
366 1820 471 1854 etiam
494 1821 667 1865 patienter
690 1821 905 1854 voluntatem
930 1820 1016 1861 Dei,
1042 1828 1094 1854 at-

106 1882 174 1914 que
192 1877 352 1913 optemus
367 1871 502 1913 potius,
526 1878 564 1903 111
580 1871 688 1904 simili
707 1871 830 1905 mortis
847 1883 989 1913 genere,
1015 1884 1094 1905 cum

106 1917 191 1953 hinc
214 1921 454 1961 evocabimur,
482 1921 726 1964 defungamur.
778 1921 952 1956 Foelicem
976 1922 1095 1955 existi-

104 1982 242 2005 memus
273 1970 495 2005 Fridericum
527 1971 650 2011 fuisse,
696 1972 733 2004 in
765 1972 864 2005 cuius
898 1973 966 2005 vita
998 1980 1093 2006 tanta

105 2021 214 2055 suerit
238 2022 468 2066 aequabilitas
491 2023 672 2063 fortunae,
707 2022 836 2067 quique
863 2023 959 2057 illam
985 2024 1093 2057 animi

105 2072 160 2106 sui
182 2072 362 2106 lenitatem
385 2073 735 2118 moderationemque
759 2074 801 2105 ad
825 2081 1016 2108 extremum
1036 2087 1088 2107 us-

106 2135 174 2168 que
204 2123 367 2167 spiritum
400 2124 596 2157 retinuerit.
658 2124 783 2157 Pacem
816 2125 944 2158 dedere
975 2126 1090 2169 superi

105 2185 168 2218 per
192 2186 334 2207 omnem
359 2174 487 2215 vitam,
514 2187 612 2208 mens
636 2175 781 2217 contigit
805 2187 892 2219 quae
918 2183 946 2208 et
974 2176 1008 2209 in
1036 2189 1092 2219 ge-

106 2225 214 2257 renda
230 2224 366 2269 Repub.
383 2225 464 2270 qnia
480 2231 552 2258 tuta
571 2237 707 2269 semper
724 2226 868 2258 consilia
884 2227 976 2260 bello
997 2240 1093 2270 prae-

105 2275 258 2315 ferebat,
294 2287 467 2320 nusquam
493 2288 510 2309 a
539 2277 678 2309 fortuna
705 2277 868 2310 destituta
897 2285 965 2318 est,
1000 2286 1029 2311 ct
1058 2279 1093 2310 in

107 2326 253 2370 privatis
288 2326 391 2358 rebus
422 2327 538 2371 siquid
570 2328 707 2360 adversi
738 2328 824 2367 suit,
858 2334 897 2361 nt
922 2336 1003 2362 511111
1028 2327 1095 2361 1111-

106 2389 229 2417 mana,
275 2377 515 2410 moderatione
553 2378 663 2410 animi
701 2378 965 2424 constantiaque
1004 2380 1096 2413 vicit.

106 2427 175 2462 Hic
191 2427 242 2460 illi
260 2428 347 2461 vitae
366 2439 486 2460 cursus
502 2428 567 2461 suit
584 2441 744 2469 securus,
767 2436 799 2462 et
815 2429 936 2470 foelix,
958 2431 1095 2475 qualem

109 2485 229 2522 optare
255 2478 320 2511 sibi
347 2478 406 2511 alii
433 2477 612 2523 Principes
633 2480 757 2513 merito
781 2481 941 2515 debeant.
1003 2480 1097 2523 Aga-

109 2540 186 2562 mus
212 2529 328 2574 itaque
352 2529 478 2572 gratias
494 2528 586 2570 Deo,
612 2530 671 2574 qui
694 2531 746 2563 illi
773 2538 874 2563 autor
892 2538 1006 2564 tantae
1025 2533 1096 2565 soc-

110 2579 250 2613 licitatis
275 2581 357 2620 suit,
392 2580 522 2625 quique
548 2581 750 2623 regionibus
768 2582 897 2614 nostris
916 2589 984 2615 tam
1004 2584 1094 2615 saln—

109 2636 232 2670 tarcm,
259 2638 398 2675 tamque
416 2632 573 2664 foelicem
592 2631 789 2676 Principem
808 2633 968 2666 donavit.
1016 2633 1096 2667 Non

111 2680 221 2713 debeo
238 2679 434 2724 prohibere,
459 2695 501 2715 ne
518 2682 689 2716 iacturam
704 2683 879 2727 publicam
894 2681 958 2717 hoc
970 2685 1095 2718 amisso

160 2734 336 2765 Munna.
365 2735 467 2768 Orza.
497 2729 578 2767 Yon.
610 2735 672 2767 xl.

1147 202 1272 235 factam
1297 201 1501 245 ‹leploretisz
1538 201 1669 235 Verum
1700 202 1827 236 interea
1853 206 1990 247 postulo
2015 204 2130 240 tamen

1147 253 1184 285 in
1202 249 1256 284 his
1273 252 1440 295 querelis,
1464 260 1501 285 ut
1519 253 1624 285 officii
1642 253 1745 286 etiam
1762 255 1865 287 vestri
1890 259 2132 299 recordemini,

1146 315 1184 336 ac
1199 303 1327 345 gratias
1353 303 1508 335 reseratis
1525 301 1599 336 Deo
1618 317 1678 346 pro
1699 305 1759 337 illo
1785 307 1925 339 cumulo
1945 308 2131 342 beneficio-

1145 365 1241 391 rum,
1269 353 1331 396 qui
1359 353 1420 386 tali
1445 352 1608 397 Principe
1634 355 1734 387 vobis
1752 356 1915 397 contigit,
1947 365 1979 392 et
1998 371 2131 392 memo-

1145 403 1233 437 riam
1259 404 1429 436 virtutum
1461 402 1635 447 Principis
1664 406 1790 439 animis
1820 408 1942 441 vestris
1973 409 2133 451 inligatis,

1145 453 1372 499 cogitetisque
1390 453 1473 498 quid
1493 454 1587 487 illius
1606 454 1709 488 etiam
1735 457 1896 491 manibus
1915 471 1977 502 pro
1995 472 2131 493 summo

1145 505 1265 537 labore
1282 512 1314 538 et
1335 504 1471 547 magnis
1486 505 1682 544 aerumnis,
1710 515 1820 540 vestra
1838 521 1938 543 causa
1954 511 2133 555 susceptis,

1145 555 1310 589 debeatis.

1246 605 1390 638 Debetis
1415 611 1529 638 autem
1548 602 1614 637 hoc
1635 605 1806 649 primum,
1834 615 1871 640 111
1889 609 2034 643 salutem
2056 612 2134 644 ani-

1144 668 1220 689 mae
1237 656 1333 688 illius
1350 656 1416 700 piis
1434 655 1595 699 precibus
1612 657 1690 689 Deo
1710 660 1978 699 commendetis,
2005 662 2133 695 deinde

1143 714 1181 741 ut
1191 707 1352 750 religiose
1370 706 1519 750 pareatis
1536 706 1677 749 optimis
1692 706 1935 752 Principibus,
1959 712 2018 755 qui
2030 709 2134 746 huius

1144 758 1254 791 vicem
1271 758 1444 797 subeunt,
1471 763 1505 790 et
1528 758 1688 800 publicae
1712 759 1833 791 salutis
1852 762 2135 806 tranquillitatis-

1144 821 1211 853 que
1227 809 1397 846 tuendae,
1421 808 1727 841 turbulentissimo
1744 816 1835 843 statu
1853 811 1958 844 totius
1973 811 2135 857 Europae

1144 859 1362 903 provinciam
1394 858 1599 901 suscipiunt.
1665 857 1767 892 Hanc
1798 873 1861 904 pro
1887 860 2136 905 pulcherrimis

1145 910 1279 943 meritis
1309 908 1480 942 Friderici
1511 921 1630 941 manes
1662 911 1807 952 gratiam
1844 913 1998 946 debitam
2033 927 2136 959 repo—

1144 967 1262 998 scunt,
1296 972 1401 1005 quam
1427 959 1494 991 uisi
1521 960 1614 1003 large
1643 961 1905 1004 praestiteritis,
1940 965 2135 1008 suscipietis

1144 1023 1218 1044 non
1244 1010 1437 1054 simplicem
1463 1010 1617 1054 culpam.
1676 1010 1756 1044 ‘Non
1781 1013 1873 1045 enim
1902 1014 2031 1057 ingrati
2057 1024 2135 1050 tan-

1145 1069 1220 1095 tum
1251 1062 1418 1094 adversus
1454 1061 1736 1095 benemerentem
1775 1061 1993 1098 Fridericum
2029 1068 2137 1107 eritis,

1145 1113 1203 1146 sed
1221 1112 1321 1156 impii
1338 1112 1440 1145 etiam
1458 1112 1493 1144 in
1511 1111 1624 1145 Deum
1642 1119 1675 1145 et
1697 1119 1854 1146 autorem
1875 1115 2136 1156 beneficiorum,

1145 1175 1234 1208 quae
1272 1163 1368 1196 illius
1398 1162 1545 1206 imperio
1576 1163 1756 1207 accepistis
1784 1171 1817 1197 et
1849 1167 2025 1210 auspicem
2051 1169 2134 1201 novi

1146 1213 1300 1257 imperii.
1351 1212 1423 1246 Nec
1441 1213 1506 1246 erit
1523 1212 1667 1257 impune
1685 1214 1937 1257 ingratitudine
1954 1216 2065 1251 Deum
2083 1220 2136 1251 of-

1144 1265 1300 1299 fendere.
1360 1263 1489 1297 Precor
1511 1270 1627 1296 autem
1655 1263 1789 1306 Deum,
1817 1273 1854 1299 ut
1872 1266 2042 1302 l-‘riderici
2061 1271 2138 1302 ani-

1146 1328 1236 1348 mam
1254 1327 1316 1359 pro
1333 1326 1392 1347 sua
1412 1314 1651 1348 misericordia
1663 1323 1776 1349 servet
1793 1329 1830 1349 ac
1851 1324 2006 1359 tueatur,
2034 1322 2137 1353 dein-

1145 1367 1208 1405 de,
1241 1372 1280 1397 ut
1306 1377 1437 1397 novum
1458 1362 1523 1397 hoc
1541 1365 1728 1405 imperinm
1755 1367 1870 1399 fratris
1895 1369 2068 1411 fortunet,
2103 1379 2134 1404 et

1146 1413 1202 1448 his
1225 1415 1362 1447 miseris
1387 1415 1605 1457 temporibus
1630 1413 1691 1448 has
1716 1417 1873 1458 regiones
1899 1427 2074 1463 protegat,
2101 1429 2135 1455 et

1147 1466 1248 1498 vobis
1270 1471 1422 1497 mentem
1450 1465 1525 1502 det,
1553 1466 1712 1507 publicae
1731 1469 1995 1513 tranquillitatis
2015 1484 2136 1505 amau-

1147 1522 1236 1555 tem,
1268 1521 1307 1547 ut
1331 1513 1513 1557 Principes
1535 1523 1687 1556 vestros,
1722 1520 2016 1560 quemadmodum
2044 1524 2135 1555 ‹livi-

1147 1567 1241 1598 nitus
1267 1571 1505 1609 praeceptum,
1535 1576 1671 1598 summa
1696 1566 1762 1599 fide
1786 1569 2024 1616 religioneque
2044 1575 2136 1607 cola-

1147 1617 1202 1652 tis.
1254 1615 1349 1649 Dixi.

1145 1821 1212 1857 No.
1231 1821 1288 1858 10.

1147 1871 1267 1882 Μ

1965 1843 2012 1863 an.
2033 1835 2122 1866 1525.

1958 1877 2127 1892 Μ

1317 1923 1391 1965 De
1424 1925 1648 1979 gradibus
1685 1927 1965 1971 discentium.

1216 2003 1322 2029 prodiit
1346 2013 1399 2029 una
1427 2014 1489 2030 cum
1516 2005 1692 2044 antecedente
1721 2008 1811 2040 (quam
1838 2008 1924 2040 vide);
1956 2020 2046 2037 recusa
2066 2015 2134 2047 apud

1250 2039 1325 2065 Crat.
1345 2039 1414 2071 Myl.
1434 2047 1460 2072 p.
1476 2040 1549 2071 483„
1572 2049 1597 2064 111
1619 2039 1767 2066 Declamat.
1789 2041 1819 2068 T.
1839 2042 1857 2067 l.
1877 2051 1901 2076 p.
1921 2045 1995 2078 480„
2016 2047 2042 2072 in
2059 2049 2135 2075 Serv.

1246 2072 1278 2099 T.
1296 2073 1315 2100 l.
1337 2083 1360 2107 p.
1377 2074 1452 2102 417.‚
1478 2074 1603 2100 Richard.
1625 2074 1657 2101 T.
1678 2075 1697 2099 l·
1719 2085 1744 2109 p.
1763 2075 1819 2102 130.

1197 2154 1255 2186 De
1278 2152 1456 2200 gradibus
1482 2153 1704 2188 discentium
1731 2158 1852 2191 oratio
1880 2157 1974 2194 Phil.
1999 2162 2085 2195 Mel.

1146 2222 1270 2262 Notus
1294 2236 1342 2261 est
1367 2227 1475 2261 Ennii
1501 2229 1692 2262 versiculus
1717 2231 1759 2263 (le
1786 2233 1959 2266 veteribus
1979 2238 2135 2271 moribus

1148 2279 1412 2312 conservandis:

1249 2332 1383 2362 Moribus
1399 2335 1529 2373 antiquis
1545 2344 1588 2362 res
1605 2341 1659 2363 stat
1676 2333 1811 2365 Romana
1833 2339 1971 2378 virisque.

1151 2381 1245 2414 ldcm
1264 2381 1417 2425 profecto
1435 2381 1470 2412 in
1491 2393 1526 2413 re
1547 2381 1698 2415 literaria
1725 2385 1931 2427 praestiterit
1949 2389 2079 2419 servari
2101 2388 2133 2420 in

1149 2432 1316 2465 faciendis
1337 2431 1503 2473 gradibus
1527 2431 1755 2474 discentium,
1784 2436 1843 2480 qni
1870 2449 1938 2469 non
1969 2439 2133 2471 mediocri

1151 2483 1337 2527 prudentia
1355 2495 1372 2514 a
1389 2482 1582 2515 maioribus
1607 2484 1775 2525 instituti,
1802 2499 1894 2519 nunc
1913 2500 2029 2521 errore
2049 2502 2134 2533 quo-

1149 2536 1228 2567 dam
1252 2531 1456 2573 hominnm,
1490 2533 1550 2579 qni
1578 2534 1742 2568 xidentnr
1770 2539 1984 2581 conspirasse
2010 2542 2050 2571 ad
2074 2542 2134 2570 ab-

1149 2585 1295 2617 olendos
1322 2584 1427 2616 semel
1452 2596 1572 2617 onmes
1606 2593 1737 2619 veteres
1762 2600 1893 2625 moros7
1933 2591 2134 2621 delendam-

1150 2648 1216 2680 que
1252 2635 1449 2668 universam
1489 2635 1625 2668 civilem
1663 2638 1905 2680 disciplinam,
1949 2641 2135 2683 antiquan-

1151 2694 1219 2721 tur.
1273 2685 1393 2731 Neque
1411 2697 1472 2729 ego
1493 2698 1585 2719 nunc
1604 2695 1801 2731 suggestum
1820 2691 2003 2722 conscendi
2025 2691 2136 2733 digla-

1502 2735 1523 2768 7
