2338 2958
100 130 175 165 673

98 224 169 257 est,
196 212 445 259 aequissimum
470 223 560 245 esse:
598 212 760 246 videlicet
786 213 829 246 de
851 211 914 245 illo
934 217 1008 246 toto
1033 222 1093 254 ge·-

97 278 198 307 nere,
222 266 265 298 de
282 276 352 309 quo
371 263 426 296 lex
445 263 613 308 loquitur.
669 262 715 298 Ut
733 263 787 296 lex
803 275 892 308 quae
915 263 1012 296 iubet
1034 262 1091 295 fu-

97 329 151 352 res
172 315 272 350 adfici
297 314 489 359 supplicio,
524 314 683 360 loquitur
709 315 752 348 de
776 322 988 357 grassatore,
1015 325 1087 345 non

95 370 138 402 de
154 367 252 410 lapso
272 365 476 399 infirmitate
493 366 632 405 aetatis,
658 373 717 399 aut
737 367 779 398 de
796 377 835 398 eo
854 378 957 410 quem
981 365 1088 397 fames

95 417 237 463 impulit
252 416 407 450 alienum
423 417 572 450 auferre.
617 414 711 459 Ergo
727 417 766 450 in
781 427 861 449 casu
879 415 975 459 legis,
1000 414 1088 448 scri-

94 476 192 514 ptum
210 468 427 513 sequendum
445 474 505 502 est.
559 466 727 501 Strictum
748 479 829 501 vero
844 467 898 500 ius
916 477 1011 499 nunc
1030 465 1085 498 in-

92 520 232 563 telligo,
260 519 290 552 si
312 519 472 552 acerbam
492 518 817 562 interpretationem
844 524 938 550 extra
968 528 1085 549 casum

92 571 179 614 legis
195 569 382 614 complecti
401 569 506 610 velis,
535 581 578 602 ne
596 569 833 602 discederetur
849 580 866 600 a
886 567 1020 608 verbis,
1047 573 1085 600 ut

93 622 148 655 lex
163 622 206 655 de
222 621 366 654 sabbato
385 618 549 664 prohibet
565 631 687 664 operas
702 619 857 660 serviles,
885 618 920 651 id
938 625 998 659 est,
1024 630 1085 651 oc-

93 672 299 718 cupationes
319 671 563 717 quotidianas,
598 682 687 715 quae
712 682 786 703 non
807 670 1006 703 concedunt
1025 681 1084 702 va·

93 735 172 757 care
195 723 376 757 doctrinae
400 722 539 755 coelesti
561 728 593 754 et
611 720 743 754 divinis
761 721 980 755 ceremoniis,
1043 719 1083 753 ln

92 772 159 808 hoc
177 786 304 818 genere
326 773 493 817 scriptum
510 771 758 805 universaliter
779 772 982 806 retineatur.
1036 771 1085 804 At

94 825 213 859 ludaei
232 824 483 858 calumniosam
503 823 758 866 expositionem
775 823 922 863 addunt,
948 835 991 856 ne
1010 822 1084 855 dis-

91 877 217 910 cedant
239 888 257 909 a
275 874 404 908 verbis.
457 873 589 908 Sedent
612 874 721 907 ociosi
746 881 836 908 totos
857 875 931 907 dies
954 874 991 906 in
1012 874 1084 906 suis

91 927 196 968 casis,
222 938 295 960 non
321 931 495 970 coquunt,
523 937 566 957 ne
593 937 712 958 mucos
738 925 880 970 quidem
905 937 924 958 a
945 921 1083 970 lychnis

90 979 283 1021 decerpunt
309 976 393 1021 ipsi,
426 976 485 1009 sed
507 973 639 1009 habent
666 978 858 1009 conductos
880 987 919 1008 ex
952 976 1083 1009 nostris

89 1026 307 1069 hominibus,
331 1027 392 1072 qui
411 1024 557 1073 lychnos
574 1029 777 1068 accendant,
803 1033 835 1060 et
850 1026 982 1059 similes
999 1038 1082 1070 ope-

89 1091 144 1113 ras
160 1079 301 1112 faciant.
332 1077 409 1111 Hoc
426 1078 533 1111 modo
549 1077 577 1111 si
593 1077 752 1111 strictum
765 1078 819 1111 ius
831 1078 874 1110 de
886 1077 1082 1110 calumnio-

88 1142 125 1164 sa
147 1129 436 1174 interpretatione
460 1128 686 1171 intelligitur,
714 1136 747 1162 et
769 1128 880 1161 facilis
901 1133 934 1161 et
951 1128 1083 1161 saluta-

88 1182 137 1215 ris
151 1187 201 1215 est
224 1180 422 1213 intellectus
446 1179 531 1222 legis
546 1178 695 1213 Placuit.
747 1178 980 1212 Commendat
997 1179 1082 1212 scri-

91 1240 188 1277 ptum
207 1239 240 1265 et
258 1238 377 1264 monet
399 1231 433 1264 id
453 1231 572 1263 dextre
596 1230 866 1273 intelligendum
888 1241 972 1264 esse.
1031 1229 1081 1263 lta

90 1290 193 1317 erunt
209 1283 328 1316 beatae
339 1280 472 1325 Respa.
490 1281 517 1313 si
536 1281 650 1324 legum
668 1281 743 1314 voci
759 1281 795 1313 in
814 1293 895 1313 vera
913 1288 945 1314 et
963 1281 1081 1314 nativa

89 1334 260 1368 sententia
283 1331 597 1376 obtemperabitur.
651 1330 723 1366 Nec
747 1331 983 1364 calumniosae
1007 1331 1081 1364 elu-

89 1385 205 1418 siones
223 1385 418 1426 fingentur,
445 1390 483 1416 ut
500 1380 653 1426 Iphiclus
678 1395 757 1416 cum
774 1379 926 1416 Rhodiis
950 1382 1082 1415 facien-

90 1436 184 1469 tibus
203 1434 420 1468 deditionem
447 1440 566 1477 pactus
587 1440 677 1472 erat,
705 1444 739 1465 se
758 1432 987 1467 dimissurum
1010 1444 1081 1466 esse

89 1497 148 1520 eos
174 1498 253 1519 cum
279 1484 430 1517 navibus
453 1490 628 1529 quotquot
654 1484 796 1519 vellent.
850 1483 973 1517 Postea
1001 1496 1079 1517 cum

89 1537 216 1581 egressi
243 1536 402 1573 civitate,
439 1535 635 1578 navigaturi
662 1542 793 1575 essent,
824 1534 925 1569 iussit
956 1546 1081 1575 remos,

89 1589 218 1629 malos,
245 1587 322 1620 vela
345 1599 362 1620 a
381 1587 530 1619 navibus
554 1586 704 1626 auferri,
730 1585 895 1630 inquiens
915 1597 951 1617 se
976 1597 1081 1618 naves

89 1638 307 1684 promisisse,
335 1649 408 1669 non
434 1642 569 1670 caetera
590 1637 836 1671 instrumenta.
897 1635 973 1668 Hae
1002 1647 1080 1668 ver-

87 1691 214 1723 borum
243 1679 457 1732 imposturae
484 1684 576 1720 nihil
602 1684 731 1720 habent
757 1687 970 1730 sapientiae,
1003 1687 1081 1732 quis

88 1740 182 1774 enim
197 1751 270 1773 non
288 1745 399 1783 potest
423 1738 642 1771 comminisci
660 1738 746 1772 tales
768 1738 1026 1776 cavillationes,
1052 1738 1079 1770 si

88 1791 219 1825 libeat?
246 1791 305 1824 sed
323 1789 502 1833 perfidiam
519 1796 551 1822 et
564 1789 790 1832 cupiditatem
804 1789 956 1821 nocendi
972 1788 1080 1831 signi-

88 1843 204 1876 ficant.
256 1839 328 1874 Nec
356 1851 436 1873 raro
460 1839 597 1873 luditur
624 1839 800 1872 similibus
822 1838 1019 1882 praestigiis
1044 1839 1079 1870 in

88 1892 285 1936 Rebuspub
326 1890 506 1931 maximis,
547 1891 607 1922 sed
640 1889 793 1933 exempla
825 1890 975 1922 recentia
1008 1902 1078 1922 non

89 1951 171 1978 sunt
196 1941 263 1976 hoc
290 1942 365 1975 loco
390 1941 715 1980 commemoranda,
752 1940 935 1982 cogitanda
963 1948 1078 1974 tamen

88 2001 183 2034 sunt,
209 2000 248 2027 ut
265 2005 329 2026 nos
344 1992 409 2037 ipsi
424 1993 467 2025 ad
480 2004 634 2025 amorem
652 1991 818 2032 veritatis,
846 1998 877 2025 ct
895 1993 936 2024 ad
958 1991 1078 2025 odium

89 2043 295 2090 sophistices
311 2043 553 2077 exuscitemuS.

190 2095 338 2130 Luserat
356 2095 478 2128 eodem
497 2094 602 2126 modo
618 2090 751 2126 Paches
766 2093 835 2125 dux
852 2090 1080 2126 Atheniensis

89 2159 168 2181 cum
188 2147 277 2180 duce
294 2145 477 2180 Arcadico.
530 2143 665 2178 Evocat
682 2156 761 2177 eum
781 2156 820 2176 ex
836 2144 966 2188 oppido
985 2146 1077 2189 quod

90 2198 300 2232 defendebat
317 2195 442 2235 Arcas,
470 2202 502 2229 ct
520 2196 707 2240 pollicetur
725 2207 760 2228 se
781 2196 818 2227 in
837 2195 1006 2239 oppidum
1023 2196 1078 2228 in-

89 2249 264 2282 columem
286 2248 516 2281 remissurum
541 2258 622 2280 esse.
674 2245 763 2279 Cum
783 2246 890 2289 igitur
915 2246 951 2279 in
969 2253 1078 2279 castra

91 2297 252 2333 Pachetis
269 2298 420 2332 venisset
437 2299 555 2339 Arcas,
582 2297 754 2331 retinetur
770 2297 922 2330 vinctus:
951 2304 983 2331 et
999 2298 1079 2342 quia

92 2350 243 2383 abducto
269 2349 356 2383 duce
383 2348 495 2382 facilis
518 2356 591 2382 erat
611 2349 730 2393 oppidi
759 2349 985 2392 expugnatio,
1014 2348 1080 2394 Pa-

92 2399 173 2435 ches
199 2401 303 2434 rebus
327 2400 492 2433 omnibus
513 2399 700 2442 diligenter
722 2399 951 2444 praeparatis,
979 2400 1080 2444 oppi-

91 2453 175 2486 dum
192 2458 372 2497 oppugnat
386 2457 420 2485 et
436 2449 539 2494 capit.
582 2449 704 2484 Postea
722 2449 895 2483 Arcadem
913 2451 1026 2484 redire
1042 2451 1079 2484 in

92 2503 261 2548 oppidum
279 2503 375 2535 iubet
392 2501 622 2540 incolumem,
652 2509 690 2535 ut
718 2501 936 2545 promiserat.
989 2501 1081 2535 Huic

92 2554 206 2587 fraudi
224 2565 350 2587 manus
367 2553 478 2586 scelus
497 2552 642 2585 addidit.
698 2552 737 2585 ln
759 2553 880 2586 urbem
904 2564 1080 2587 reversum

94 2613 211 2649 postea
230 2605 403 2639 interficit.
457 2602 534 2636 Hoc
552 2615 622 2635 non
643 2610 693 2636 est
708 2604 856 2637 consilio
877 2612 935 2637 aut
953 2604 1081 2638 virtute

93 2662 243 2693 certare,
272 2656 330 2688 sed
355 2654 513 2689 Sinoniis
534 2654 680 2689 artibus.
741 2654 809 2688 Sed
836 2655 951 2688 videte
975 2652 1082 2689 huius

94 2707 295 2750 impostoris
311 2706 452 2739 exitum.
505 2703 581 2739 Etsi
599 2717 653 2738 res
671 2717 813 2749 magnas
829 2713 860 2740 et
878 2706 981 2740 utiles
995 2707 1081 2740 civi-

145 2759 320 2790 }llrcxxru.
339 2759 444 2790 Ona.
462 2758 540 2789 Vol..
560 2757 619 2790 XI.

496 123 654 163 DECL.
699 124 772 161 DE
806 123 1064 161 STRICTO
1102 123 1244 162 IURE
1278 125 1354 162 ET
1386 125 1748 172 AEQUITATE.

2066 132 2140 167 674

1145 211 1205 245 tati
1223 224 1304 246 suae
1321 222 1489 256 gesserat:
1517 221 1635 249 tamen
1663 223 1778 259 postea
1797 224 1974 251 accusatus
1998 217 2033 250 in
2060 218 2133 262 ipsa

1144 263 1239 296 curia
1256 272 1287 297 et
1305 263 1447 304 iudicio,
1475 278 1537 299 suo
1555 267 1672 310 gladio
1692 279 1764 301 sese
1782 268 1963 302 transfixit.
2006 269 2132 313 Sequi-

1143 319 1202 346 tur
1225 315 1319 346 enim
1342 316 1524 359 perfidiam
1547 325 1579 351 et
1598 315 1659 351 has
1683 316 1951 364 sycophanticas
1969 319 2055 352 iuris
2071 321 2132 352 de-

1143 365 1382 407 pravationes,
1416 366 1538 400 diviua
1562 368 1736 411 vindicta,
1768 377 1859 404 certa
1892 377 1924 404 et
1956 377 2031 403 rata
2065 369 2130 403 Dei

1141 415 1378 450 ordinatione.
1441 416 1581 450 Possem
1605 419 1716 453 exitus
1741 421 1932 465 insignium
1959 422 2130 465 imposto-

1141 477 1219 499 rum
1237 463 1342 499 huius
1358 468 1479 499 aetatis
1497 469 1653 502 recitare.
1694 470 1762 504 Sed
1782 484 1860 505 cum
1878 480 1994 506 vetera
2014 484 2130 505 exem-

1141 517 1197 560 pla
1213 517 1353 558 auditis,
1381 530 1441 551 vos
1457 519 1523 562 ipsi
1542 519 1668 552 similia
1685 522 1844 564 cogitate,
1871 530 1903 556 et
1919 523 1984 557 Dei
2001 523 2130 556 volun-

1140 574 1244 601 tatem
1261 569 1456 612 agnoscite,
1484 570 1596 614 quiin
1624 568 1678 603 his
1701 574 1867 616 exemplis
1893 585 2022 618 poenas
2047 586 2129 618 pro·

1141 619 1240 663 ponit
1261 621 1570 654 contemnentibus
1597 622 1792 663 iusticiam,
1828 636 1962 669 nosque
1986 625 2029 658 ad
2059 626 2128 658 fre-

1140 671 1275 703 nandas
1294 683 1418 715 pravas
1434 672 1662 716 cupiditates,
1689 680 1722 707 et
1745 675 1929 707 colendam
1955 676 2128 708 iusticiam

1140 719 1313 757 hortatur.
1366 721 1475 756 Multi
1497 724 1603 756 decus
1626 724 1760 767 ingenii
1788 737 1859 758 esse
1885 733 2025 769 putant,
2052 727 2128 760 elu-

1139 774 1222 805 dere
1239 773 1353 816 legum
1371 785 1510 816 vocem,
1537 774 1722 809 offundere
1746 777 1947 820 praestigias
1965 778 2074 810 oculis
2090 790 2127 810 ac

1139 823 1317 857 mentibus
1333 821 1538 866 homiuum,
1565 826 1746 860 veritatem
1768 828 1920 860 tenebris
1934 828 2126 862 involvere.

1139 873 1205 907 Sed
1225 875 1327 918 longe
1344 883 1474 916 errant,
1500 877 1527 909 si
1545 877 1743 911 existimant
1760 890 1794 911 se
1811 891 1883 911 non
1899 880 2041 912 daturos
2056 890 2127 912 esse

1141 937 1268 968 poenas
1293 923 1399 960 huius
1422 927 1646 970 petulantiae.
1701 929 1831 962 Discite
1858 929 2029 963 iusticiam
2051 942 2127 963 mo-

1140 976 1223 1017 niti,
1253 983 1285 1010 et
1310 989 1381 1009 non
1405 971 1560 1011 temflere
1583 978 1694 1011 divos.
1747 978 1848 1013 Ilanc
1876 993 1994 1013 vocem
2021 981 2126 1014 etiam

1138 1025 1300 1061 Ethuicis
1317 1028 1530 1071 experientia
1543 1030 1721 1073 expressit,
1745 1031 1804 1074 qui
1818 1031 2127 1071 videruntdextra,

1139 1090 1218 1110 vera
1242 1085 1276 1111 et
1299 1080 1455 1112 modesta
1484 1080 1632 1113 consilia
1655 1081 1835 1114 verissima
1859 1093 1945 1114 esse:
1985 1090 2127 1115 econtra

1137 1141 1218 1162 vero
1245 1127 1311 1162 Dei
1339 1130 1487 1163 consilio
1523 1132 1662 1164 tandem
1695 1133 1770 1175 rapi
1798 1133 1841 1165 ad
1869 1133 2038 1177 supplicia
2070 1133 2126 1165 in-

1135 1180 1266 1223 signia,
1301 1192 1423 1214 omnes
1447 1182 1507 1226 qui
1535 1189 1594 1215 aut
1627 1182 1750 1216 fraude
1781 1190 1841 1217 aut
1866 1184 1900 1216 vi
1929 1184 2127 1228 petulanter

1137 1231 1212 1264 iura
1230 1231 1421 1266 violarunt.
1474 1232 1553 1265 Non
1571 1239 1734 1278 putemus
1751 1234 1914 1277 exiguum
1934 1246 2005 1268 esse
2024 1236 2128 1268 ‹lecus

1137 1282 1289 1325 ingenii,
1324 1282 1517 1326 simplicem
1542 1284 1722 1317 veritatem
1747 1285 1884 1326 videre,
1917 1293 1950 1319 et
1974 1298 2012 1318 ex
2036 1287 2127 1319 veris

1136 1333 1375 1365 fundamentis
1392 1340 1550 1367 extruere
1569 1335 1723 1369 veritatis
1741 1336 1991 1371 defensionem.
2030 1335 2127 1370 Haec

1136 1383 1246 1416 multo
1264 1384 1374 1417 maius
1389 1397 1547 1426 acumen,
1567 1386 1735 1419 maiorem
1752 1386 1989 1422 eruditionem
2006 1387 2127 1432 requi-

1136 1441 1235 1475 runt,
1267 1447 1372 1479 quam
1400 1436 1516 1469 inanis
1540 1438 1756 1471 coacervatio
1779 1436 2034 1482 sophismatum
2052 1450 2126 1471 non

1136 1483 1412 1521 cohaerentium.
1483 1486 1603 1521 Placet
1636 1486 1720 1522 haec
1741 1490 1926 1522 -calliditas
1958 1489 2127 1530 indoctis,

1137 1548 1287 1580 quorum
1320 1539 1427 1571 servit
1456 1539 1660 1581 cupiditati,
1698 1541 1755 1572 sed
1786 1553 1848 1573 nec
1871 1541 1961 1574 veris
1985 1540 2125 1574 iudiciis

1137 1587 1266 1630 placet,
1303 1599 1366 1620 nec
1393 1589 1536 1631 prodest
1564 1589 1732 1633 imperiis.
1796 1590 1994 1625 lnflarnmat
2028 1591 2125 1626 enim

1136 1637 1328 1670 discordias
1351 1650 1439 1683 quae
1465 1645 1547 1673 sunt
1565 1640 1722 1674 exitiales
1740 1641 1909 1685 imperiis.
1963 1641 2124 1675 Tandem

1137 1689 1244 1731 igitur
1259 1689 1370 1722 exitus
1388 1691 1542 1723 ostendit
1561 1703 1649 1736 quae
1669 1692 1712 1725 sit
1729 1704 1808 1725 vera
1829 1699 1860 1726 et
1885 1693 2046 1727 salutaris
2069 1705 2124 1726 sa—

1137 1740 1278 1782 pientia.
1332 1738 1468 1774 Romae
1487 1741 1541 1774 vir
1566 1754 1712 1785 magnus
1729 1743 1795 1777 suit
1814 1743 1968 1785 Marius,
1995 1746 2037 1777 (le
2054 1756 2125 1789 quo

1136 1790 1268 1823 dictum
1283 1797 1343 1831 est,
1366 1792 1514 1824 dubium
1531 1804 1613 1830 esse,
1637 1806 1681 1826 an
1697 1801 1849 1827 armatus
1862 1795 1939 1838 plus
1953 1795 2126 1839 profuerit

1138 1841 1286 1884 patriae,
1318 1854 1362 1873 an
1389 1854 1470 1875 vero
1496 1849 1632 1885 togatus
1658 1845 1735 1888 plus
1756 1846 1926 1878 nocuerit.
1982 1844 2014 1878 Is
2044 1858 2124 1879 curn

1136 1892 1269 1935 eripere
1295 1893 1513 1935 provinciam
1536 1894 1653 1939 Syllae
1678 1903 1884 1935 conaretur,
1916 1908 2020 1941 quam
2044 1896 2124 1941 qui-

1136 1944 1214 1975 dem
1241 1942 1336 1987 Sylla
1365 1944 1438 1987 lege
1468 1951 1501 1978 et
1525 1946 1651 1979 ordine
1681 1947 1840 1987 tenebat,
1874 1948 2033 1991 adiungit
2056 1947 2124 1981 sibi

1136 1991 1316 2026 hominem
1345 1994 1565 2039 eloquentem
1590 2009 1628 2029 ac
1655 1998 1810 2030 nobilem
1835 1998 2040 2042 Sulpitium.
2092 1997 2124 2032 ls

1137 2045 1302 2078 iniustam
1328 2044 1434 2078 Marii
1461 2059 1597 2080 causam
1622 2054 1690 2080 tam
1716 2049 1949 2091 plausibiliter
1972 2049 2058 2093 egit,
2085 2056 2124 2083 ut

1135 2108 1206 2128 non
1232 2096 1338 2129 modo
1362 2096 1507 2131 Senatui
1531 2098 1767 2132 formidabilis
1791 2107 1897 2140 esset,
1931 2102 1988 2133 sed
2018 2101 2122 2134 etiam

1137 2147 1248 2190 palam
1272 2147 1378 2181 lectos
1399 2155 1571 2182 trecentos
1589 2150 1721 2194 equites
1736 2162 1852 2185 secum
1870 2152 1905 2184 in
1924 2152 2038 2185 sorum
2057 2153 2123 2185 du-

1135 2204 1244 2238 ceret,
1278 2210 1365 2242 quos
1389 2197 1638 2233 Antisenatum
1663 2202 1820 2235 vocabat.
1879 2202 1979 2236 Hanc
2003 2214 2124 2235 amen-

1135 2249 1218 2281 tiam
1236 2255 1337 2293 atque
1355 2249 1611 2294 impudentiam
1631 2252 1742 2285 adfert
1758 2253 1872 2296 legum
1890 2260 2121 2297 contemptus.

1135 2300 1202 2332 Sed
1222 2297 1306 2332 haec
1320 2300 1506 2335 insolentia
1524 2314 1595 2334 non
1611 2302 1675 2335 fuit
1691 2304 1876 2337 diuturna:
1906 2316 1967 2337 nec
1985 2312 2121 2338 tantum

1136 2351 1199 2395 ipsi
1221 2351 1375 2394 Sulpitio
1400 2351 1467 2386 fuit
1492 2353 1616 2393 exitio,
1649 2354 1706 2386 sed
1735 2355 1839 2387 etiam
1863 2356 1973 2389 multa
1991 2356 2122 2388 civium

1136 2401 1245 2434 millia
1264 2402 1430 2446 perdidit.
1485 2402 1561 2447 lpse
1575 2404 1673 2437 furor
1690 2417 1750 2448 per
1770 2417 1843 2439 sese
1867 2418 1991 2449 magna
2011 2408 2123 2440 suerat

1136 2465 1265 2497 poena,
1302 2454 1395 2497 quod
1421 2461 1538 2497 spreto
1562 2466 1700 2488 summo
1727 2457 1874 2489 consilio
1898 2458 1994 2491 orbis
2014 2464 2122 2490 terra-

1135 2516 1233 2543 rum,
1264 2501 1509 2537 Antisenatum
1531 2517 1629 2538 suam
1653 2507 1838 2541 nominare
1861 2506 2039 2542 cohortem
2060 2520 2122 2540 au-

1136 2566 1192 2588 sus
1217 2561 1284 2595 est,
1309 2562 1341 2588 et
1370 2563 1483 2588 tamen
1512 2564 1629 2600 postca
1654 2558 1811 2592 infinitae
1833 2560 2046 2592 calamitates
2068 2559 2121 2590 in-

1135 2618 1239 2649 super
1261 2613 1396 2640 secutae
1422 2615 1514 2642 sunt.
1567 2606 1739 2642 Obtestor
1763 2610 1871 2653 igitur
1894 2622 1954 2643 vos
1979 2616 2122 2653 propter

1135 2656 1268 2697 Deum,
1298 2665 1335 2690 ut
1362 2659 1403 2690 ad
1432 2658 1546 2701 legum
1574 2660 1822 2698 reverentiam,
1864 2661 1906 2693 ad
1937 2660 2122 2692 amandam

1136 2708 1330 2753 simplicem
1350 2709 1550 2751 veritatem,
1579 2711 1670 2743 etad
1690 2707 1854 2744 honestas
1873 2723 1910 2743 ac
1930 2711 2125 2744 moderatas

1643 2760 1689 2794 43
