2338 2958
112 131 186 167 657

766 129 924 165 DECL.
963 128 1037 165 DE
1072 129 1467 168 ARISTOTELIS.

2045 141 2117 178 658

112 217 339 256 testimoniis,
382 215 455 248 vult
492 215 598 259 igitur
628 215 663 249 in
696 216 916 250 invocatione
948 216 1090 260 cogitari
1113 217 1119 236 ¹
1142 214 1415 251 architectatrice
1431 219 1606 252 conditam
1624 227 1727 265 atque
1744 222 1938 256 ordinatam
1966 237 2054 265 esse,
2087 235 2120 261 et

110 268 193 302 haec
211 280 270 300 sua
288 265 487 299 testimonia
515 273 547 300 et
577 278 673 300 suam
701 279 838 307 vocem,
875 267 950 300 vult
972 280 1006 300 se
1028 279 1089 310 pa·
1114 286 1115 291 =

109 319 269 353 tesactuni
284 317 435 349 discerni
463 329 481 349 a
504 317 758 350 commenticiis
777 317 982 350 numinibus
998 314 1089 350 Eth-

107 369 277 402 nicorum,
330 366 499 408 Quotidie
526 367 633 410 igitur
655 367 690 399 iu
711 367 933 400 invocatione
952 375 1088 411 tempo-

105 430 181 451 rum
197 417 302 450 series
327 416 512 460 cogitanda
538 425 606 458 est,
641 419 805 462 quaudo,
837 418 964 461 quihus
988 417 1087 451 testi-

103 467 232 500 moniis
247 467 447 512 promiserit
465 466 557 500 Deus
575 479 610 500 se
631 468 734 500 nobis
755 468 982 511 optilaturum
1004 479 1085 507 esse,

103 530 165 551 cur
184 530 246 550 uos
267 517 395 551 audiat.
450 518 619 559 Quotidie
641 518 732 550 inter
751 517 947 550 vocandum
969 524 1083 550 mente

101 568 139 600 in
156 569 278 601 collem
299 567 397 599 illum
417 567 644 600 insistendum
668 574 737 604 est,
773 567 926 600 vicinum
949 566 1082 600 leroso-

102 618 224 663 lymae,
252 618 287 650 iu
304 629 373 662 quo
393 618 483 650 silius
502 616 566 650 Dei
585 617 747 660 pependit
770 618 804 649 in
821 629 939 654 cruce,
967 624 999 650 et
1020 630 1080 660 pro

101 669 203 700 uobis
224 668 361 700 victima
376 668 504 704 factm,
532 667 680 710 placavit
699 667 801 699 nobis
818 667 950 699 aeterni
969 666 1080 700 Patris

101 718 199 754 iram.
252 717 304 751 De
329 715 393 751 hoc
416 716 583 750 sacrificio
610 717 793 759 cogitanti,
829 724 919 750 certe
945 724 1079 761 tempo-

101 780 178 801 rum
195 776 226 802 et
245 769 400 801 locorum
416 766 695 800 consideratione
719 778 806 810 opus
833 774 900 807 est,
933 775 965 800 et
991 780 1079 812 quo-

98 819 183 852 tidie
201 830 298 852 mens
314 818 405 851 inter
421 817 656 850 invocandum
682 817 936 862 quadringenta
962 818 1079 851 milia-

99 869 170 908 ria,
197 869 324 914 quihus
344 867 552 912 lerosolyma
570 874 668 900 vetus
685 866 750 900 Dei
767 867 954 901 Academia
973 869 1078 902 distat

97 920 139 951 ab
157 917 220 951 hac
238 925 354 951 nostra
371 917 616 957 Academiola,
650 929 749 961 saepe
773 925 964 961 percurrat.
1024 918 1076 952 Ac

95 969 131 1001 in
151 970 312 1001 universa
327 968 548 1001 enarratione
573 965 856 1012 propheticorum
881 975 913 1001 et
937 975 1076 1012 aposto-

96 1019 242 1051 licorum
271 1018 500 1061 scriptorum.
533 1018 644 1050 multo
681 1018 783 1051 latius
819 1025 907 1061 patet
941 1019 1076 1052 utilitas

93 1069 250 1102 omnium
277 1069 427 1112 partium
444 1065 711 1112 Philosophiae,
745 1080 847 1113 quam
876 1045 1100 1103 existimantl

92 1119 272 1153 ineruditi.

193 1185 406 1220 Meministis
438 1186 588 1219 insulsas
626 1191 658 1218 et
692 1185 816 1218 stoicas
851 1186 1073 1219 confusiones

91 1237 167 1271 fieri
193 1238 236 1269 ab
258 1236 505 1280 anabaptistis,
543 1236 603 1280 qui
628 1235 702 1269 siue
726 1236 928 1268 discrimine
951 1248 1073 1269 onmes

90 1288 245 1320 adfectus
262 1299 299 1319 ex
319 1285 461 1319 homine
475 1286 656 1319 tollebant.
708 1284 776 1318 Hic
793 1297 893 1318 error
908 1298 947 1319 ex
965 1286 1070 1319 insci-

90 1339 136 1371 tia
154 1335 313 1382 physices
331 1337 518 1375 oriebatur,
540 1347 644 1380 quam
663 1335 690 1367 si
706 1335 920 1375 didicissent,
946 1336 1072 1368 discri-

89 1400 169 1421 men
186 1387 353 1419 vidissent
371 1387 462 1419 inter
482 1387 592 1418 bonos
608 1386 781 1426 adfectus,
813 1386 873 1430 qui
899 1385 1071 1419 divinitus

90 1438 184 1471 insiti
200 1444 281 1471 suut
299 1435 453 1470 humano
468 1435 581 1475 cordi,
608 1448 647 1468 ac
666 1433 819 1482 στοργαὶ
836 1434 987 1481 φυσικαὶ
1006 1449 1069 1468 vo-

89 1495 230 1521 cantur:
260 1495 292 1521 et
320 1498 442 1530 pravos
464 1487 632 1529 impetus,
658 1496 719 1518 seu
746 1486 874 1519 iniusta
907 1486 1068 1519 incendia

89 1538 249 1582 pectoris.
308 1536 469 1581 Denique
492 1548 592 1579 saepe
614 1536 767 1579 postulat
791 1536 991 1573 necessitas,
1028 1548 1068 1568 ex

88 1586 240 1634 physicis
258 1587 394 1621 recitari
409 1586 544 1620 animae
563 1592 687 1630 partes.

188 1664 240 1698 De
263 1661 385 1697 ethicis
409 1661 503 1695 scitis
528 1661 594 1705 ipsi
617 1672 733 1694 veram
759 1658 897 1695 ethicen
931 1667 1066 1706 partem

87 1727 158 1748 esse
175 1715 260 1757 legis
275 1714 429 1747 divinae.
471 1711 632 1757 Cumque
647 1709 857 1755 Philosophi
877 1723 996 1745 causas
1014 1711 1065 1744 le—

85 1778 166 1810 gum
184 1765 219 1797 in
237 1771 359 1797 natura
380 1769 572 1808 quaerunt,
598 1762 682 1806 quid
701 1768 808 1805 agunt
823 1762 932 1801 aliud,
959 1773 1064 1806 quam

85 1823 123 1850 nt
147 1814 289 1858 vestigia
314 1813 380 1847 Dei
406 1812 572 1855 impressa
594 1809 769 1844 humanae
792 1818 937 1844 naturae
962 1823 1065 1843 mon-

85 1873 214 1905 strent,
242 1865 335 1909 quod
359 1864 400 1895 ad
427 1861 651 1904 disciplinam
681 1868 715 1894 et
740 1862 783 1894 ad
808 1861 1064 1894 confirmandas

84 1915 247 1950 honestas
261 1913 448 1959 opiniones
466 1912 501 1944 in
523 1911 649 1944 animis
666 1911 859 1955 plurimum
876 1911 1065 1944 conducit?

184 1990 355 2029 Primam,
394 1986 510 2031 inquit
535 1984 677 2026 Cicero,
719 1983 855 2019 homini
886 1999 963 2021 cuin
988 1986 1061 2021 Deo

82 2042 280 2076 societatem
298 2050 381 2072 esse.
435 2037 530 2078 Quid
551 2036 620 2068 dici
639 2043 752 2078 potest
766 2037 947 2077 eruditius,
972 2039 1058 2083 quid

82 2095 125 2126 de
142 2091 295 2126 hominis
312 2088 482 2131 dignitate
497 2086 736 2129 splendidius,
765 2087 847 2131 quid
872 2091 914 2120 ad
939 2089 1062 2132 deplo-

80 2144 225 2177 randam
243 2140 417 2174 miseriam
437 2135 624 2170 humanam
641 2138 959 2171 accommodatius?
992 2138 1060 2173 Sed

81 2206 144 2227 cur
175 2193 323 2236 primam
353 2188 550 2222 societatem
583 2187 697 2232 inquit
724 2185 858 2220 homini
884 2201 962 2221 cum
986 2189 1060 2223 Deo

82 2243 177 2277 esse?
210 2254 255 2276 an
274 2254 345 2274 non
362 2238 504 2283 propior
519 2244 569 2271 est
587 2235 691 2270 homo
711 2235 869 2270 homini?
912 2238 1061 2282 Sapien-

83 2302 134 2328 ter
144 2291 266 2327 Ciccro
286 2290 387 2330 vidit,
415 2289 511 2332 prius
530 2300 601 2321 esse
618 2300 738 2320 causae
757 2288 917 2322 eflectum
935 2290 1058 2322 adiun—

81 2345 234 2388 gendum
247 2369 256 2382 ‚
280 2352 384 2386 quam
401 2338 532 2371 similes
548 2338 690 2371 effectus
707 2339 798 2371 inter
821 2350 856 2371 se
878 2340 1060 2372 conseren-

81 2397 158 2429 dos:
188 2392 333 2437 propior
350 2397 399 2423 est
417 2389 508 2422 filius
524 2389 631 2432 patri,
657 2401 761 2433 quam
777 2389 888 2422 fratri.

182 2469 251 2504 Sed
282 2480 349 2514 qua
378 2467 415 2499 in
447 2477 486 2498 re
519 2464 704 2498 constituta
728 2472 778 2498 est
803 2465 947 2499 societas
971 2467 1060 2500 inter

81 2521 195 2556 Deum
212 2527 244 2554 et
262 2516 446 2553 homines?
472 2516 508 2548 in
524 2514 661 2547 duabus
676 2515 779 2548 rebus
791 2540 799 2554 ‚
828 2515 864 2547 iu
883 2517 1060 2559 agnitione

83 2572 214 2606 autoris
247 2582 308 2604 seu
342 2578 482 2607 causae,
528 2571 560 2598 et
594 2564 771 2607 agnitione
805 2565 1059 2603 similitudinis.

83 2621 252 2664 Agnoscit
267 2630 364 2653 mens
381 2615 533 2652 humana
553 2626 624 2647 non
640 2621 785 2655 temere,
810 2627 879 2648 non
899 2627 977 2649 casu
996 2630 1058 2650 na-
1083 2640 1085 2659 ³

82 2681 196 2708 turam
212 2682 328 2704 rerum
345 2674 456 2702 ortam
472 2678 556 2705 esse,
573 2672 632 2699 aut
647 2664 814 2706 occidere,
832 2667 890 2699 sed
907 2678 923 2699 a
944 2675 1056 2701 mente
1081 2661 1086 2714 Ι

131 2725 307 2756 Maura.
325 2722 426 2753 Onu.
454 2720 535 2750 Voi..
555 2717 616 2751 XI.

1138 269 1259 301 statuit
1279 280 1340 301 nos
1359 269 1533 301 conditori
1553 270 1734 311 subiectos,
1754 273 1988 307 obedientiam
2011 277 2039 308 ei
2057 279 2119 310 de-

1138 318 1229 351 bere.
1287 317 1332 352 Et
1351 315 1439 351 hanc
1457 319 1565 362 ipsam
1585 321 1692 363 legem
1713 323 1823 356 cernit
1843 324 1922 367 ipsis
1942 327 2117 360 mentibus

1136 379 1337 411 impressam
1356 379 1439 402 esse.

1217 433 1354 467 Deinde
1373 435 1483 468 multo
1500 435 1607 477 magis
1622 445 1780 471 movetur
1795 441 1973 481 agnitione
1990 444 2116 477 simili-

1134 483 1278 517 tudinis.
1321 484 1502 526 Quautum
1521 486 1625 518 decus
1639 494 1706 526 est,
1733 492 1824 532 quod
1846 503 1942 525 meus
1961 490 2114 528 humana

1133 534 1226 567 velut
1243 534 1361 567 tabula
1376 541 1425 567 est
1440 535 1573 578 depicta
1592 537 1633 568 ad
1659 538 1925 574 similitudinem
1949 543 2115 579 divinae?

1130 582 1177 617 Et
1193 584 1366 618 societatis
1384 584 1495 617 officia
1513 587 1691 629 adparent.
1751 586 1845 622 Deus
1863 593 1924 625 alit
1942 605 1979 625 ac
1997 603 2113 630 custo-

1130 634 1181 666 dit
1197 646 1305 676 genus
1323 633 1534 675 humanum,
1566 636 1690 670 retinet
1720 639 1858 680 politias
1880 643 1962 675 dum
1989 646 2110 680 colunt

1128 683 1321 724 iusticiam,
1354 686 1532 719 et'atrocia
1550 686 1675 719 scelera
1697 689 1815 730 punit,
1853 693 2021 733 periuria,
2056 704 2110 735 ty-

1128 735 1312 775 rannides,
1353 736 1555 777 latrocinia,
1593 737 1740 770 incestas
1775 739 1953 777 libidines.
2014 736 2109 780 Ila-ec

1127 796 1205 817 cuin
1223 786 1419 827 videamus,
1451 786 1596 820 societas
1619 787 1840 831 intelligitur.
1895 792 2108 840 Quanquam

1126 842 1240 868 autern
1260 836 1416 869 cernitur
1431 837 1590 877 societas,
1613 845 1644 871 et
1663 850 1785 872 causae
1802 841 1975 876 societatis
1992 857 2030 878 ac
2046 846 2108 880 be-

1125 885 1245 919 neficia
1271 892 1305 919 et
1329 898 1462 930 poenae
1485 895 1565 921 sunt
1586 887 1623 920 iu
1649 897 1856 933 conspectu,
1899 899 2013 928 tamen
2043 909 2106 930 nos

1125 936 1243 968 miseri
1259 947 1359 980 saepe
1377 937 1479 970 obliti
1499 935 1564 970 hoc
1585 938 1708 971 foedus
1736 939 1809 973 iura
1831 943 2004 977 societatis
2030 947 2106 980 vio-

1123 985 1252 1026 lamus,
1280 999 1369 1031 quae
1384 994 1503 1020 mutua
1521 987 1632 1020 officia
1649 999 1857 1032 sanxerunt,
1886 992 2025 1030 utDeus
2041 1010 2106 1030 no-

1123 1036 1175 1068 bis
1193 1036 1286 1070 bona
1302 1037 1451 1078 tribuat,
1479 1048 1542 1070 nos
1558 1037 1846 1082 obtemperemus.

1222 1110 1289 1145 Hic
1305 1109 1532 1156 Philosophia
1553 1113 1646 1146 velut
1666 1114 1813 1148 attonita
1838 1117 1986 1151 miratur
2009 1123 2103 1155 unde

1121 1167 1216 1194 tanta
1235 1162 1279 1195 sit
1299 1162 1518 1196 imbecillitas
1533 1163 1568 1195 in
1587 1170 1710 1196 natura
1727 1162 1929 1209 hominum,
1957 1176 1994 1203 ut
2013 1168 2102 1205 hanc

1120 1211 1317 1245 societatem
1360 1213 1461 1246 toties
1503 1220 1572 1246 tam
1605 1213 1706 1246 facile
1742 1215 1884 1259 impulsi
1921 1219 2103 1259 violemus.

1119 1260 1235 1294 Huius
1270 1262 1353 1295 mali
1387 1263 1502 1295 sontes
1530 1269 1699 1296 monstrat
1726 1263 1903 1300 Ecclesiae
1931 1270 2103 1314 doctrina,

1119 1318 1289 1345 monstrat
1308 1319 1340 1345 et
1356 1312 1603 1356 opitulatorem
1622 1313 1732 1346 filium
1749 1313 1833 1355 Dei,
1870 1319 1930 1362 qui
1956 1321 2101 1355 societa-

1117 1368 1185 1395 tem
1205 1369 1358 1395 nostram
1377 1374 1455 1395 cum
1472 1362 1546 1396 Deo
1566 1365 1771 1405 renovavit,
1797 1378 1930 1412 nosque
1945 1378 2098 1414 petentes

1117 1412 1203 1455 regit
1220 1420 1251 1446 et
1274 1412 1380 1447 flectit
1398 1414 1441 1445 ad
1458 1415 1626 1447 servanda
1644 1414 1817 1449 societatis
1834 1417 1921 1455 iura.

1218 1486 1290 1521 Nec
1317 1500 1399 1521 vero
1425 1488 1574 1522 dubium
1602 1495 1670 1530 est,
1715 1487 1918 1529 huiusmodi
1942 1496 2035 1531 locos
2059 1500 2096 1533 in

1123 1535 1369 1581 Philosophia,
1398 1539 1510 1582 qualis
1530 1536 1586 1572 hic
1608 1546 1657 1572 est
1676 1539 1856 1577 Ciceronis
1881 1559 1981 1589 quem
2010 1551 2099 1582 reci-

1114 1587 1204 1627 tavi,
1231 1588 1273 1620 ad
1294 1587 1515 1631 disciplinam
1535 1590 1707 1631 prodesse.
1763 1590 1846 1626 Vult
1868 1593 1962 1629 Deus
1990 1600 2097 1642 aspici

1114 1645 1296 1678 naturam,
1324 1637 1360 1669 in
1388 1650 1492 1682 quam
1513 1638 1687 1682 impressit
1710 1642 1851 1684 vestigia
1870 1649 2039 1689 quaedam
2058 1658 2095 1685 ut

1113 1695 1334 1730 agnoscatur:
1364 1688 1459 1720 dedit
1476 1695 1582 1728 artes,
1610 1702 1681 1723 nou
1708 1691 1820 1725 solum
1847 1702 1885 1728 ut
1913 1697 2001 1731 vitae
2025 1701 2095 1735 sint

1112 1738 1343 1777 adminicula,
1370 1738 1427 1770 sed
1449 1739 1558 1772 multo
1575 1741 1700 1783 magis,
1732 1750 1771 1776 ut
1794 1756 1856 1777 nos
1881 1748 2094 1785 admoneant

1112 1789 1155 1820 de
1172 1787 1306 1820 ordinis
1323 1784 1427 1821 huius
1445 1797 1582 1828 autore,
1609 1791 1669 1835 qui
1691 1791 1726 1823 in
1745 1796 1917 1837 numeris,
1940 1799 1976 1831 in
1995 1809 2093 1835 motu

1112 1837 1270 1876 coelesti,
1299 1838 1336 1871 in
1361 1838 1500 1882 figuris,
1536 1849 1568 1875 et
1586 1840 1623 1873 in
1640 1842 1702 1874 illo
1718 1850 1859 1878 aeterno
1877 1859 1914 1879 ac
1929 1849 2094 1884 immuta-

1112 1888 1175 1921 bili
1194 1896 1290 1933 septo
1312 1889 1347 1921 in
1365 1897 1479 1923 mente
1496 1888 1650 1925 hominis
1676 1894 1837 1933 condito,
1872 1897 2031 1934 xidelicet
2056 1902 2092 1935 iu

1111 1939 1313 1972 discrimine
1349 1937 1578 1974 honestorum
1612 1949 1644 1975 et
1680 1944 1833 1986 turpium
1860 1951 2093 1993 conspicitur:

1110 2002 1190 2022 vera
1206 1996 1256 2023 est
1272 1990 1364 2022 euim
1384 1990 1441 2023 illa
1460 1991 1658 2025 dulcissima
1674 1992 1831 2028 Platonis
1849 2010 1931 2039 mx,
1959 2008 2092 2043 gratam

1109 2039 1172 2073 Dei
1192 2041 1318 2072 famam
1335 2040 1370 2073 in
1386 2041 1519 2074 artibus
1536 2055 1688 2087 sparsam
1708 2056 1790 2081 esse.

1210 2114 1380 2149 Amemus
1417 2116 1523 2160 igitur
1550 2115 1837 2161 Philosophiam,
1877 2131 1908 2157 et
1943 2127 2091 2164 sciamus

1110 2177 1184 2198 eam
1202 2177 1328 2209 magno
1347 2174 1554 2200 ornamento
1583 2175 1687 2212 atque
1712 2170 1788 2203 usui
1817 2183 1888 2206 esse
1906 2173 2082 2213 Ecclesiae

1110 2217 1136 2248 si
1159 2217 1277 2249 dextre
1305 2224 1482 2253 tractetur.
1550 2215 1858 2255 perhorrescerent
1881 2226 1988 2259 animi
2014 2209 2092 2272 pio:

1111 2279 1205 2305 rum,
1233 2267 1260 2299 si
1278 2266 1369 2299 inter
1387 2267 1442 2310 pia
1470 2279 1564 2301 sacra
1589 2269 1837 2303 viderentaras
1864 2277 2026 2312 sordibus
2052 2293 2090 2315 ac

1111 2329 1219 2350 coeno
1236 2317 1472 2361 conspurcari.
1533 2318 1612 2351 Non
1638 2320 1754 2352 minus
1781 2329 1894 2355 autem
1922 2328 2004 2361 mali
2028 2338 2089 2370 est,

1110 2367 1304 2400 doctrinam
1324 2367 1504 2401 coelestem
1524 2369 1671 2401 obruere
1688 2370 1859 2409 barbarie,
1887 2376 1998 2411 deleta
2019 2380 2088 2413 tin-

1109 2429 1275 2460 guarum,
1303 2415 1528 2450 historiarum
1548 2426 1579 2452 et
1593 2419 1719 2452 artium
1740 2423 1955 2467 cognitione,
1983 2442 2086 2473 quam

1109 2479 1185 2500 aras
1204 2468 1297 2500 iuter
1318 2467 1389 2511 ipsa
1406 2479 1499 2500 sacra
1519 2468 1685 2512 polluere.
1729 2469 1894 2507 Colamus
1912 2488 1991 2520 ergo
2010 2480 2086 2514 lire-

1109 2529 1244 2558 rarum,
1278 2518 1476 2560 linguarum
1500 2525 1533 2552 et
1560 2517 1783 2553 honestarum
1809 2525 1935 2558 artium
1961 2531 2086 2570 studia,

1109 2576 1140 2601 et
1161 2565 1253 2601 hunc
1278 2568 1432 2600 laborem
1458 2576 1616 2603 nostrum
1639 2571 1680 2603 ad
1711 2571 1857 2613 gloriam
1876 2574 1940 2609 Dei
1961 2580 2086 2612 resera-

1109 2630 1203 2657 mus,
1232 2619 1323 2663 quod
1344 2618 1371 2650 si
1389 2618 1570 2659 faciemus,
1597 2618 1672 2654 Deo
1689 2633 1791 2655 curae
1813 2625 1876 2658 erit
1904 2639 1947 2661 ne
1973 2630 2086 2665 desint

1109 2669 1271 2712 praemia.
1323 2666 1417 2702 Dixi.

1411 2718 1459 2753 42
