2338 2958
72 140 150 175 429

72 223 248 259 Ecclesiae
278 231 377 266 opes,
419 227 536 254 tamen
568 220 617 253 eis
641 232 715 254 non
738 221 833 254 deest
858 218 1062 265 hospitium,

74 282 108 310 et
129 275 182 308 vel
207 283 324 313 canes,
355 272 390 304 id
414 278 480 311 est,
509 273 552 304 de
576 272 707 315 populo
731 271 860 316 aliqui,
886 283 944 304 eos
963 283 1059 303 com-

71 326 293 370 plectuntur,
324 322 512 362 adiuvant,
547 322 658 355 lenire
687 334 872 355 aerumnas
903 321 1060 365 cupiunt.

71 375 212 409 Habent
242 380 275 406 et
306 374 467 406 custodes
494 371 666 415 Angelos,
709 373 767 417 qni
797 373 996 405 viventibus
1029 378 1060 404 et

69 424 304 458 morientibus
330 425 468 458 adsunt.
522 423 616 456 Haec
635 423 809 456 affirmant
825 423 964 456 oracula
982 434 1059 455 coe-

69 475 187 516 lestia,
222 482 255 508 et
278 475 511 518 comprobant
536 475 601 517 ipsi
629 480 789 514 eventns;
825 480 938 506 servat
965 473 1058 505 enim

68 524 163 560 Deus
187 537 285 558 suam
308 524 519 565 Ecclesiam,
546 524 776 557 frementibus
801 524 871 556 illis
895 521 1058 568 hypocri-

69 576 126 617 tis,
153 576 214 621 qui
231 576 439 619 sanguinem
457 576 597 620 piorum
615 575 779 607 exorbere
796 574 953 618 cupiunt.
989 573 1057 607 Sed

69 639 142 660 non
176 633 313 660 tantum
347 627 483 659 institui
513 625 707 670 querelam,
750 625 953 668 praesertim
979 637 1056 657 cum

69 675 154 711 haec
172 678 318 710 vulnera
337 676 510 710 Ecclesiae
528 688 632 708 nemo
651 687 721 707 non
741 676 915 719 deploret:
945 687 1057 708 remc-

70 728 127 762 dia
160 729 358 773 quaerenda
387 734 478 761 sunt.
548 726 648 767 Quae
676 726 810 759 utinam
846 726 998 759 salubria
1026 732 1058 759 et

68 775 246 813 ἇνώδωά
264 785 458 811 monstrare
476 788 621 821 possem.

70 827 289 863 mosthenes:
323 826 598 872 Reprehenderc
629 828 778 871 quilibet
810 835 940 871 potest,
975 829 1058 860 darc

69 880 256 914 consilium
283 879 383 923 pauci
403 885 560 922 possunt.
614 876 702 910 Cum
724 885 838 911 autem
859 876 941 910 baec
956 876 1057 910 selio-

66 931 186 964 lastica
204 931 438 973 consuetudo,
466 936 504 962 ut
522 928 624 962 initio
642 929 733 968 dixi,
759 930 925 962 concedat
942 929 1058 969 nobis,

68 989 107 1016 ut
137 981 181 1014 de
203 979 378 1021 Ecclesia,
413 987 579 1025 tanquam
608 979 643 1011 in
670 979 834 1022 Synodo,
868 980 1057 1012 sententias
1082 986 1084 1018 ξ

66 1032 244 1072 dicamus,
272 1032 495 1071 monstrabo,
524 1037 562 1063 ut
580 1036 678 1062 vocat
696 1028 965 1070 Demosthenes,
994 1028 1058 1074 τὴν

67 1081 200 1126 εὐσεβῆ
225 1080 285 1115 καὶ
312 1079 461 1116 δικαίαν
482 1083 628 1127 ψῆᾳονε
657 1092 720 1112 nec
743 1081 770 1113 si
796 1081 831 1112 in
852 1080 996 1126 Synodo
1022 1082 1057 1112 in

69 1133 274 1174 suffragium
300 1133 456 1165 cundum
478 1132 561 1172 erit,
587 1130 688 1162 aliam
707 1132 914 1164 sententiam
932 1131 1057 1164 dicam.
1082 1162 1084 1176 ἲ,

67 1183 168 1216 Bona
192 1183 331 1226 ingenia
350 1181 538 1221 adhortor,
566 1187 604 1214 nt
623 1182 783 1214 deserant
800 1182 859 1214 illa
876 1182 984 1225 impia
1001 1194 1058 1214 so-

69 1234 214 1274 dalicia,
251 1234 383 1277 polluta
415 1232 596 1272 idolatria,
632 1232 719 1265 sicut
753 1233 919 1275 praecipit
950 1232 1056 1264 Deus:

67 1284 192 1327 Fugite
220 1285 430 1317 idolatriam.
485 1282 620 1316 Deinde
648 1280 712 1314 hoc
738 1283 849 1322 addo,
884 1281 997 1325 lli-ges
1025 1290 1058 1316 et

66 1335 249 1377 Principes
271 1336 396 1367 debere
420 1333 504 1367 hacc
526 1333 638 1365 officia
657 1332 752 1373 Deo,
779 1340 817 1366 ut
838 1333 963 1376 impios
983 1334 1057 1365 cul-

69 1393 124 1419 tus
146 1386 287 1424 tollant,
314 1386 355 1417 ad
382 1385 457 1427 pios
479 1395 580 1421 usus,
609 1384 651 1415 ad
676 1383 820 1415 alendos
846 1390 997 1426 pastores
1019 1396 1056 1416 ac

69 1434 311 1475 scholasticos,
361 1435 568 1468 transferant
602 1433 781 1466 facultates
807 1432 1056 1469 Ecclesiarurn.

67 1485 169 1519 Hanc
195 1486 402 1519 sententiam
431 1498 502 1518 non
528 1486 599 1528 ipsc
623 1496 718 1516 nunc
742 1485 850 1527 fingo,
885 1485 1056 1517 divinitus
1083 1525 1085 1531 A

1082 1534 1085 1542 ’
1109 1535 1221 1578 cipes,
1249 1535 1276 1566 si
1304 1535 1336 1566 id
1356 1534 1507 1566 officium
1527 1535 1722 1576 negligant,
1751 1548 1829 1567 nam
1849 1536 1939 1578 apud
1959 1533 2098 1567 Esaiam

68 1537 196 1571 tradita
221 1544 272 1570 est
297 1537 332 1568 in
357 1537 461 1569 sacris
489 1535 615 1573 literis,
643 1542 675 1567 et
701 1535 810 1568 multa
834 1532 939 1567 habet
958 1535 1057 1567 lucu-

71 1588 165 1621 lenta
189 1587 393 1630 Principum
420 1594 454 1620 et
476 1586 701 1631 Synodorum
729 1585 946 1624 testimonia,
970 1596 1057 1629 quac

69 1645 187 1672 vetant
211 1649 264 1670 res
288 1638 433 1670 donatas
450 1635 646 1674 Ecclesiae,
674 1636 716 1667 ab
733 1635 858 1668 ociosis
874 1642 905 1667 et
922 1635 1057 1677 ignavis

68 1689 249 1727 devorari,
277 1687 336 1732 qui
356 1700 428 1719 non
446 1694 528 1720 sunt
547 1686 624 1719 usui
642 1684 829 1720 Ecclesiae.
883 1684 986 1719 Extat
1004 1686 1057 1718 lex

68 1737 260 1773 Theodosii
285 1739 321 1770 in
345 1737 495 1777 Codice,
529 1749 617 1782 quae
641 1737 768 1769 diserte
796 1733 980 1780 prohibet,
1014 1749 1057 1768 ne
1082 1751 1084 1754 >

67 1791 232 1823 fruantur
251 1789 422 1821 reditibus
439 1786 495 1827 hi,
523 1787 583 1832 qui
601 1799 677 1820 cum
696 1787 816 1819 titulos
833 1787 1056 1819 functionum

69 1839 379 1874 ecclesiasticarum
418 1836 590 1877 babeant,
629 1837 782 1869 officium
810 1849 882 1869 non
912 1837 1057 1871 faciunt.

69 1890 217 1924 Tulerat
239 1890 349 1931 legem
366 1886 610 1927 Theodosius,
632 1894 672 1920 ut
694 1887 872 1920 facultates
896 1888 1057 1920 ecclesia-

69 1942 191 1979 sticae,
225 1951 312 1984 quas
336 1938 542 1973 Donatistae
574 1939 757 1976 tenebant,
787 1938 1059 1970 transferrentur

69 1992 114 2026 ad
137 1991 213 2036 pias
238 1989 423 2023 Ecclesias.
475 1989 616 2022 Novum
641 1987 837 2031 exemplum
861 1987 980 2021 odiose
1002 2001 1058 2021 ca—

69 2042 338 2076 lumniabantur
354 2039 577 2078 Donatistae,
605 2039 888 2071 vociferabantur
903 2039 1056 2071 alienum

71 2104 144 2127 esse
165 2105 184 2126 a
210 2093 356 2136 pietate,
382 2091 565 2124 facultates
589 2089 739 2122 aliorum
765 2096 946 2132 appetere,
976 2102 1058 2133 pro-

70 2150 149 2189 pter
168 2142 358 2176 certamina
381 2143 423 2174 de
447 2141 606 2175 doctrina
634 2139 767 2173 nemini
791 2139 972 2173 facultates
989 2141 1058 2172 eri-

71 2195 217 2239 piendas
241 2204 322 2227 esse.
381 2191 451 2226 Sed
477 2190 697 2235 Augustinus
721 2187 916 2223 Theodosii
940 2192 1058 2224 decre-

71 2252 146 2278 tum
171 2250 262 2276 recte
284 2243 456 2282 defendit,
484 2243 633 2275 affirmat
650 2242 728 2274 illas
746 2241 977 2285 possessiones
995 2243 1058 2275 do-

71 2301 170 2329 natas
199 2294 305 2326 fuisse
330 2292 495 2326 Ecclesiis
527 2293 611 2337 piis,
647 2299 679 2325 et
708 2292 750 2324 ad
780 2292 855 2335 piae
879 2292 1058 2325 doctrinae

72 2344 388 2380 conservationem.
441 2343 514 2376 Has
537 2356 616 2377 cum
641 2343 739 2386 impii
765 2355 802 2375 ac
826 2339 941 2375 hostes
958 2355 1059 2376 verae

71 2396 253 2431 doctrinae
273 2401 449 2431 tenerent,
476 2395 543 2427 fuit
563 2393 785 2438 Imperatoris
803 2393 971 2434 osticium,
994 2395 1060 2426 do-

75 2447 180 2480 minis
205 2446 409 2485 restituere,
440 2442 506 2478 hoc
531 2451 599 2485 est,
631 2456 732 2477 verae
751 2442 936 2477 Ecclesiae.
989 2444 1060 2478 Nec

73 2497 182 2541 magis
204 2497 284 2530 licet
307 2495 499 2529 idolatricis
523 2495 677 2538 collegiis
700 2492 804 2527 huius
830 2494 969 2535 aetatis,
1004 2507 1059 2528 res

74 2549 219 2581 donatas
249 2549 290 2580 ad
321 2547 507 2580 ministerii
540 2545 729 2587 evangelici
760 2546 1058 2578 conservationem

73 2605 210 2638 tenere,
238 2610 340 2642 quam
357 2596 445 2640 Regi
465 2596 665 2642 Babylonio
690 2595 788 2629 licuit
807 2596 842 2627 in
858 2596 1059 2629 convivium

74 2649 230 2693 proferre
246 2660 340 2682 sacra
358 2660 436 2681 vasa
456 2648 575 2691 templi
588 2646 926 2690 Hierosolymorum.
963 2646 1059 2689 Quid

74 2697 202 2733 horum
222 2699 257 2731 in
275 2699 514 2743 quaestionem
532 2698 649 2732 vocari
669 2697 806 2742 potest?
858 2696 895 2730 Si
915 2695 1061 2741 Episco-

663 133 822 172 DECL.
857 133 931 169 DE
967 131 1244 178 QUERELx
1281 130 1510 167 nazara.

673 776 740 809 Sed
760 789 838 809 vere
855 777 970 821 inquit
986 775 1057 809 De-
1082 792 1084 801 ι

2027 132 2102 171 430

1114 219 1148 263 pi
1173 226 1316 252 tuentur
1340 219 1466 262 impios
1485 220 1616 261 cultus,
1641 220 1669 252 si
1686 231 1802 253 veram
1822 219 2020 253 doctrinam
2038 233 2103 264 op-

1086 290 1088 299 ,
1113 270 1283 313 primunt,
1309 277 1346 302 ut
1366 270 1477 312 palam
1497 271 1646 311 faciunt,
1668 271 1753 304 salso
1773 271 1912 305 titulum
1929 278 2101 314 usurpant

1111 319 1301 355 Ecclesiae.
1355 318 1406 352 Ac
1423 319 1558 361 Regum
1583 322 1736 354 officiiun
1754 329 1822 362 est,
1849 321 2029 354 facultates
2047 333 2102 354 ec-

1111 371 1317 404 clesiasticas
1344 370 1529 403 transferre
1555 373 1597 403 ad
1620 373 1777 405 coelestis
1803 372 1983 405 doctrinae
2001 383 2102 416 prae-

1111 434 1234 459 cone-s,
1270 422 1312 453 ad
1339 432 1397 453 eos
1426 421 1485 465 qui
1507 421 1654 463 gloriam
1679 421 1743 455 Dei
1770 435 1849 456 vere
1872 435 1998 456 ornare
2027 429 2101 455 stu-

1112 474 1207 506 dent.
1262 472 1408 505 Utinam
1427 471 1609 515 Principes
1632 472 1885 515 intelligerent,
1914 471 2003 506 lianc
2027 485 2101 505 rem

1111 524 1153 555 ad
1177 523 1330 555 osticium
1355 534 1456 554 suum
1483 523 1678 569 pertinere,
1705 536 1854 568 quorum
1876 524 2100 567 praecipuum

1111 581 1160 607 est
1185 585 1331 613 munus,
1359 573 1564 615 religionem
1590 585 1735 614 ornare,
1770 575 1954 607 defendere
1980 572 2100 606 Eccle-

1110 625 1208 657 siam.
1263 624 1355 656 Haec
1371 630 1450 656 sunt
1469 636 1547 656 vere
1566 621 1723 664 heroica,
1749 631 1892 668 propter
1910 637 1995 669 qnae
2006 624 2100 657 Deus

1111 676 1263 718 impertit
1284 674 1482 707 societatem
1500 675 1654 707 nominis
1672 675 1844 708 sui'bonis
1864 674 2100 718 Principibus,

1111 734 1149 759 nt
1166 726 1229 759 ait:
1256 725 1333 767 Ego
1353 725 1423 757 dixi
1444 726 1506 757 Dii
1527 725 1619 766 estiS‚
1643 723 1709 758 hoc
1727 732 1786 766 est,
1813 737 1866 758 res
1886 725 2022 758 divinas
2041 737 2101 758 cn—

1109 777 1318 815 stodientcs,
1345 774 1598 818 Evangelium,
1625 777 1701 820 pios
1727 777 1840 810 cultus
1864 777 2102 816 defendentes,

1110 828 1256 871 gloriam
1276 826 1361 865 Dei,
1394 828 1559 860 adversus
1573 826 1764 860 Diabolum
1777 854 1785 868 ,
1811 827 1872 872 qui
1890 827 2018 870 spargit
2036 827 2101 858 im-

1111 879 1183 922 pias
1202 879 1408 922 opiniones,
1436 878 1497 923 qui
1516 878 1673 911 incendit
1692 885 1859 923 tyrannos
1875 879 1916 910 ad
1937 889 2101 910 exercen-

1111 930 1190 961 dam
1216 929 1408 962 saevitiam.
1470 928 1550 961 Nou
1576 935 1713 962 tantum
1740 929 1946 972 corporibus
1973 928 2101 961 nostris

1110 980 1218 1013 seruit
1241 979 1484 1021 MagistratuS,
1510 979 1569 1011 scd
1597 980 1707 1012 multo
1734 979 1842 1022 magis
1867 979 1997 1021 gloriae
2023 977 2100 1011 Dei.

1111 1031 1216 1072 Quod
1241 1031 1270 1062 si
1293 1036 1405 1062 essent
1425 1029 1573 1069 alicubi,
1598 1030 1659 1074 qui
1678 1030 1793 1074 palam
1811 1028 2001 1073 Epicureas
2021 1028 2099 1072 opi-

1110 1082 1234 1114 niones
1255 1081 1519 1124 profiterentur,
1553 1092 1596 1112 an
1623 1092 1695 1113 non
1720 1080 1966 1123 Magistratum
1993 1091 2100 1123 opor-

1111 1131 1177 1164 tuit
1213 1143 1348 1164 suinma
1386 1131 1567 1163 severitate
1608 1132 1644 1163 in
1679 1132 1764 1164 tales
1799 1130 2101 1163 animadvertere?

1109 1182 1190 1215 Non
1209 1189 1259 1214 est
1277 1183 1573 1214 contemnendum
1594 1189 1832 1226 praeceptum,
1856 1183 1949 1226 quod
1969 1181 2098 1224 inquit:

1109 1230 1341 1276 Blaspbemns
1372 1238 1483 1264 morte
1516 1232 1698 1267 moriatur.
1763 1231 1809 1266 Et
1841 1243 1975 1265 rursus:
2020 1231 2097 1263 Non

1110 1283 1295 1327 usurpabis
1314 1294 1443 1314 nomen
1462 1281 1527 1314 Dei
1545 1295 1642 1315 vane.
1697 1282 1831 1315 llarum
1851 1283 1965 1325 legum
1985 1288 2099 1314 custos

1083 1338 1085 1350 ²
1110 1346 1187 1366 cum
1216 1334 1259 1366 sit
1280 1333 1523 1375 Magistratus,
1556 1331 1647 1366 haud
1679 1334 1784 1366 dubie
1809 1334 1947 1366 abolere
1972 1332 2100 1375 impios

1110 1385 1223 1417 cultus
1248 1385 1368 1423 debet,
1395 1383 1577 1415 restituere
1604 1384 1696 1426 pios,
1727 1391 1759 1417 et
1784 1383 1955 1416 ministris
1978 1381 2099 1415 Evan-

1111 1435 1190 1475 gelii
1218 1434 1390 1478 stipendia
1418 1435 1517 1472 dare,
1552 1447 1640 1478 quae
1664 1434 1745 1477 ipsis
1774 1434 1810 1466 in
1834 1432 1989 1467 Ecclesia
2014 1445 2098 1465 con-

1110 1485 1228 1518 stituta
1253 1491 1346 1517 sunt.
1399 1483 1469 1516 Nec
1495 1490 1615 1527 putent
1641 1496 1675 1517 se
1695 1485 1816 1518 leviter
1832 1497 1972 1528 peccare
1993 1483 2099 1516 Prin-

1110 1593 1279 1618 vocantur
1299 1585 1489 1617 nutritores
1507 1583 1691 1617 Ecclesiae.
1743 1585 1789 1618 Et
1806 1585 1942 1628 Aggeus
1961 1598 1997 1617 ac
2020 1584 2099 1617 Ma—

1110 1633 1240 1668 lachias
1266 1647 1383 1667 severe
1410 1635 1596 1677 obiurgant
1626 1636 1795 1680 populum
1816 1648 1886 1669 non
1905 1637 2097 1668 solventem

1108 1686 1292 1730 pensiones
1310 1686 1444 1719 debitas
1462 1686 1610 1729 templo,
1637 1699 1673 1719 ac
1687 1686 1949 1720 Sacerdotibus:
1979 1693 2010 1719 et
2027 1686 2099 1717 mi—

1110 1745 1240 1770 nantur
1256 1737 1495 1775 sterilitatem,
1523 1749 1559 1768 ac
1577 1737 1720 1777 famem,
1746 1738 1813 1769 nisi
1831 1737 2010 1769 liberalius
2027 1737 2099 1768 sol-

1110 1793 1203 1819 vant.
1259 1786 1347 1819 Cum
1371 1787 1477 1829 igitur
1502 1787 1628 1819 iniuste
1655 1794 1793 1820 teneant
1817 1785 1899 1819 llaec
1924 1787 2097 1831 stipendia

1109 1836 1293 1880 Episcopi,
1337 1836 1507 1870 Canonici
1541 1845 1571 1871 ct
1601 1835 1788 1880 Blonaclii,
1833 1850 1909 1870 cuin
1945 1844 2099 1881 pastores

1111 1889 1185 1931 pios
1213 1896 1245 1921 et
1270 1885 1395 1920 horum
1421 1887 1585 1929 coniuges
1611 1895 1642 1920 et
1669 1888 1798 1921 liberos
1816 1889 1904 1920 same
1923 1889 2034 1931 perire
2052 1887 2099 1920 si-

1112 1945 1212 1979 nant,
1247 1951 1324 1972 cum
1354 1938 1563 1970 defraudent
1594 1936 1838 1979 scholasticos,
1873 1951 1949 1971 cun·
1984 1939 2098 1971 studia

1110 1990 1268 2028 deleant,
1297 1988 1390 2021 Deus
1408 1988 1577 2032 postulat,
1606 1995 1644 2021 ut
1661 1988 1842 2033 Principes
1860 2002 1960 2021 verae
1976 1988 2098 2021 Eccle-

1109 2040 1178 2073 siae
1203 2047 1235 2072 et
1258 2040 1452 2072 studiorum
1470 2051 1586 2071 curam
1605 2040 1816 2082 suscipiant,
1844 2047 1875 2073 et
1896 2040 1971 2072 illas
1989 2047 2098 2083 pestes

1109 2089 1284 2123 Ecclesiae
1304 2096 1508 2123 removeant
1525 2091 1568 2121 ab
1586 2090 1901 2124 administratione.
1954 2090 2097 2132 Prospi-

1111 2153 1185 2174 cerc
1208 2141 1335 2174 debent
1354 2140 1551 2184 Principes,
1580 2147 1611 2172 et
1637 2147 1674 2173 ut
1694 2141 1731 2172 in
1751 2141 1943 2184 praesentia
1959 2141 2099 2173 alantur

1111 2191 1196 2224 boni
1220 2198 1389 2232 pastores,
1416 2198 1449 2224 et
1474 2197 1511 2223 ut
1531 2191 1712 2233 posteritas
1731 2188 1855 2224 habeat
1874 2191 2029 2224 eruditos
2047 2191 2098 2222 vi-

1111 2254 1188 2282 ros,
1223 2242 1368 2274 idoneos
1399 2242 1439 2273 ad
1467 2240 1640 2274 Ecclesias
1672 2243 1851 2284 regendas.
1921 2241 2098 2274 Historiae

1111 2300 1242 2326 veteres
1259 2298 1551 2331 connneinorant,
1581 2291 1762 2324 mirificum
1781 2292 1884 2325 fuisse
1903 2292 2022 2325 luxum
2039 2290 2098 2325 Si-

1111 2344 1323 2381 baritarnm‚
1357 2343 1416 2387 qui
1440 2343 1580 2386 quidem
1606 2342 1650 2374 ita
1675 2350 1846 2381 creverat,
1880 2349 1919 2376 ut
1945 2343 2098 2386 praemia

1112 2395 1213 2427 etiam
1247 2393 1457 2436 turpitudini
1496 2398 1527 2425 et
1560 2393 1804 2425 inventoribus
1839 2405 2008 2426 novarum
2035 2406 2098 2425 vo-

1113 2445 1286 2489 luptatum
1306 2443 1493 2476 constituta
1517 2450 1640 2477 essent.
1693 2444 1761 2475 Sed
1786 2450 1918 2477 tantam
1942 2444 2098 2487 discipli-

1112 2508 1176 2528 nae
1197 2495 1454 2535 corruptionem
1474 2492 1568 2525 Deus
1586 2506 1657 2525 non
1675 2494 1736 2526 diu
1753 2495 1926 2527 toleravit.
1980 2494 2100 2539 ltaque

1113 2547 1255 2579 exitium
1279 2544 1430 2577 civitatis
1447 2543 1539 2575 varia
1560 2544 1716 2587 prodigia
1734 2545 2003 2578 denunciarunt.
2059 2544 2096 2576 ln

1113 2595 1167 2629 his
1196 2602 1369 2639 spectrum
1402 2595 1482 2628 fuit:
1521 2593 1611 2627 luno
1642 2595 1785 2628 veniens
1810 2596 1846 2628 in
1872 2596 1985 2628 sorum
2009 2595 2099 2627 clara

1115 2648 1209 2687 luce,
1237 2653 1269 2679 et
1292 2657 1436 2677 vomens
1460 2656 1621 2687 magnam
1646 2646 1780 2689 copiam
1807 2646 1888 2679 bilis
1908 2653 1939 2679 et
1959 2644 2099 2687 sangui-

1114 2698 1187 2735 nis,
1214 2710 1282 2742 quo
1307 2696 1468 2740 prodigio
1495 2696 1726 2738 significatum
1753 2703 1802 2729 est
1827 2697 1920 2736 fore,
1946 2702 1983 2728 ut
2003 2694 2099 2728 brevi
