2338 2958
137 139 210 174 989

799 142 958 183 DECL.
999 143 1074 181 DE
1107 145 1499 185 PRECATIONE.

2085 162 2162 197 990

135 232 196 259 aut
214 225 300 264 tuis,
324 232 384 259 aut
398 231 431 260 te
447 227 601 261 cumulat
616 227 778 262 uberiore
794 230 973 272 agnitione
990 231 1062 271 sui,
1090 239 1124 266 et
1176 232 1296 266 riculis
1325 241 1356 268 et
1388 236 1600 277 terroribus,
1635 246 1757 284 querat
1789 250 1808 273 a
1833 238 1908 274 Deo
1936 243 2105 277 auxilium
2131 252 2164 279 et

133 276 243 309 donat
265 275 348 316 tibi,
375 283 413 310 ut
428 284 552 321 quarto
569 276 709 311 Psalmo
733 280 921 323 significat,
947 281 1121 316 laeticiam
1175 290 1267 327 petat
1282 284 1538 321 liberationem.

133 325 335 359 interiorem
360 326 396 359 in
425 328 548 369 corde,
575 335 607 362 et
630 329 730 363 initia
749 330 839 365 vitae
856 338 1017 366 aeternae
1033 344 1120 366 con-

132 376 248 410 firmat
264 383 297 409 et
313 383 414 420 auget
429 377 466 410 in
483 384 529 412 te.

233 450 370 484 Scimus
402 452 495 485 enim
525 459 559 486 et
590 451 657 487 hoc
687 466 726 488 ex
747 456 906 490 doctrina
930 455 1119 497 Ecclesiae,

131 501 225 545 quod
245 501 380 535 tametsi
397 500 490 535 Dens
507 504 668 538 exaudiat
684 517 784 538 suum
803 507 984 550 populum,
1008 514 1041 541 et
1057 508 1117 552 qui

129 562 209 583 eum
235 551 270 584 in
295 552 516 586 invocatione
543 554 605 586 filii
629 553 694 588 Dei
721 556 813 590 colit.
874 556 1009 590 Tamen
1033 559 1116 592 velit

129 602 269 634 eosdem
288 603 438 635 exerceri
455 604 560 637 variis
582 605 844 640 adflictionibus
861 613 893 640 et
910 619 1012 640 cruce
1034 620 1118 652 pro-

128 657 207 694 pter
229 652 356 686 multas
377 665 514 695 causaS,
546 666 634 699 quae
657 668 753 690 nunc
773 657 912 691 recitari
935 669 1008 691 non
1034 670 1117 703 pos-

129 709 222 736 sunt.

227 777 276 813 Ut
298 779 406 822 igitur
428 778 532 811 simul
555 785 588 812 et
608 779 750 823 castiget
766 778 957 815 Ecclesiam
983 790 1017 817 et
1039 784 1114 828 pios

128 830 284 870 erudiat,
310 837 343 863 et
365 835 505 862 revocet
527 829 569 861 ad
596 830 867 873 poenitentiam,
894 833 976 866 item
994 840 1112 867 osten-

126 882 186 914 dat
201 880 400 914 testimonia
420 879 706 921 immortalitatis,
734 883 826 925 quod
851 890 926 926 post
952 881 1042 917 lianc
1060 884 1111 917 vi-

125 938 195 965 tam
212 930 280 964 alia
297 936 419 968 restet,
449 929 485 962 in
504 941 571 974 qua
591 942 670 963 vera
695 933 848 974 praemia
869 934 1005 977 pietatis
1027 947 1112 967 con-

124 992 331 1026 sequamur,
359 987 391 1013 et
417 987 558 1024 propter
575 980 706 1014 similes
724 994 844 1024 graves
860 995 996 1025 causas,
1023 997 1112 1029 quae

124 1043 225 1075 saepe
241 1030 444 1069 recitantur,
472 1037 506 1064 et
521 1031 686 1063 omnibus
703 1031 739 1064 in
756 1041 942 1077 conspectu
959 1046 1030 1067 esse
1049 1037 1110 1068 de-

123 1082 225 1120 bent,
258 1093 359 1125 saepe
382 1092 455 1113 non
480 1081 615 1113 confert
640 1078 744 1114 huius
766 1083 857 1116 vitae
884 1085 1056 1127 praesidia
1078 1093 1108 1117 et

123 1133 324 1172 commoda,
349 1132 409 1164 sed
425 1131 527 1174 longe
544 1131 736 1163 maioribus
754 1131 856 1164 bonis
880 1145 943 1166 nos
960 1141 1063 1167 ornat
1078 1141 1111 1167 et

123 1182 296 1220 cumulat,
323 1188 361 1215 ut
386 1180 526 1213 coelesti
550 1179 626 1212 luce
647 1178 853 1223 Evangelii,
890 1183 1041 1225 iustitia,
1076 1191 1109 1218 et

120 1239 224 1276 gustu
247 1232 339 1265 vitae
362 1237 532 1264 aeternae.
586 1228 712 1264 Pensat
738 1238 770 1264 et
788 1243 889 1276 saepe
912 1234 1110 1277 corporales

120 1282 278 1315 miserias
302 1280 602 1325 splendidioribus
624 1280 728 1314 bonis
754 1282 857 1315 etiam
880 1282 917 1315 iu
942 1281 1007 1317 hac
1026 1285 1107 1319 vita.

120 1331 169 1367 Ut
184 1344 257 1365 non
270 1331 397 1364 liberat
408 1328 594 1374 losephum
609 1342 627 1363 a
643 1331 798 1375 periculo
814 1333 972 1373 carceris,
989 1342 1107 1379 postea

119 1383 179 1416 ille
198 1382 271 1427 ipse
288 1393 404 1415 carcer
420 1381 562 1425 praebet
579 1381 610 1413 ei
626 1382 842 1415 occasionem
861 1391 895 1417 et
912 1385 1045 1418 aditum
1063 1387 1106 1419 ad

119 1435 259 1467 culmen
276 1432 384 1475 regni.
424 1430 471 1465 Et
487 1431 623 1464 tametsi
641 1433 838 1476 corporales
857 1436 1106 1478 promissiones

117 1485 271 1528 primum
288 1482 447 1516 omnium
464 1482 640 1526 pertinent
656 1484 698 1515 ad
717 1489 827 1517 totum
843 1496 969 1529 corpus
983 1484 1105 1519 Eccle-

117 1535 199 1572 siae,
222 1541 340 1567 tamen
357 1539 387 1565 et
405 1532 572 1565 membris
589 1544 688 1576 saepe
706 1533 764 1566 illa
782 1534 854 1578 ipsa
871 1536 1001 1569 dantur
1013 1536 1104 1569 divi·

116 1585 213 1618 nitus
230 1596 318 1629 quae
337 1590 470 1627 petunt.
521 1582 608 1616 Vult
627 1583 721 1615 enim
738 1582 833 1617 Deus
852 1585 898 1618 ali
923 1592 954 1619 et
973 1587 1104 1620 servari

115 1634 308 1669 Ecclesiam
326 1634 363 1666 in
379 1633 444 1666 hac
460 1633 547 1666 vita:
567 1633 642 1666 vult
660 1633 696 1666 in
715 1634 818 1667 nobis
833 1647 984 1669 crescere
998 1637 1102 1670 fidem

114 1685 284 1730 petitione
315 1696 434 1717 rernm
463 1683 716 1727 corporalium:
751 1685 826 1719 vult
856 1697 921 1719 nos
951 1694 1103 1721 statuere

113 1736 218 1769 etiam
238 1734 429 1779 praesentis
452 1734 543 1767 vitae
565 1736 767 1774 commoda,
797 1748 868 1768 non
887 1737 993 1770 obiici
1010 1749 1101 1776 casu,

114 1786 173 1819 sed
190 1796 226 1817 se
243 1787 348 1817 dante
364 1791 396 1817 et
414 1784 582 1817 offerente
599 1796 663 1818 nos
683 1785 752 1818 illis
768 1787 884 1828 potiri,
904 1787 992 1820 sicut
1003 1787 1102 1820 Psal-

113 1846 192 1868 mus
207 1834 340 1878 inquit,
366 1835 471 1866 dante
487 1840 521 1867 te
538 1844 650 1866 escam
667 1834 738 1868 illis
759 1836 943 1880 colligent,
969 1844 1002 1871 te
1018 1849 1101 1882 ape-

112 1886 225 1919 riente
243 1894 387 1916 manum
406 1881 651 1926 implebuntur
667 1891 731 1918 etc.

205 1957 314 1992 Nullo
334 1956 440 1999 igitur
455 1955 560 1987 modo
579 1961 697 1988 nostra
713 1961 793 1988 vota
807 1962 866 1989 aut
884 1968 1001 2000 preces
1016 1966 1099 1993 sunt

110 2009 230 2043 irritae
254 2014 312 2041 aut
334 2005 577 2049 infrugfferae,
605 2012 640 2039 et
665 2012 756 2038 recte
772 2006 918 2047 dicitur,
945 2007 982 2041 in
1009 2010 1098 2053 peti-

109 2061 205 2094 tione
231 2070 347 2092 rerum
372 2055 605 2100 corporalium
630 2055 821 2100 aliquando
845 2056 960 2091 Deum
992 2071 1097 2093 exau-

108 2111 184 2144 dire
201 2121 266 2143 nos
282 2119 353 2142 non
370 2108 413 2141 ad
434 2107 651 2140 voluntatem
667 2113 841 2147 nostram,
867 2109 926 2141 sed
945 2111 986 2142 ad
1001 2111 1096 2144 salu-

107 2167 188 2195 tem.
242 2158 342 2202 Quae
366 2170 444 2191 cum
473 2157 519 2191 ita
545 2157 632 2194 sint,
660 2157 744 2202 quid
763 2169 936 2191 cessamus
951 2168 1010 2194 aut
1027 2162 1096 2194 dn-

105 2211 260 2245 bitamus
281 2220 405 2251 magna
427 2220 506 2241 cum
530 2207 655 2240 fiducia
676 2207 801 2241 afferre
823 2209 866 2241 ad
890 2207 1003 2243 Deum
1030 2224 1094 2244 no-

105 2269 196 2296 stros
211 2261 351 2294 dolores
368 2266 400 2292 et
417 2258 584 2301 gemitus,
610 2265 647 2291 ut
665 2257 735 2291 illis
758 2260 938 2293 medeatur
955 2262 1094 2305 publice

104 2319 139 2346 et
157 2310 345 2356 privatim?
385 2308 453 2343 Sed
474 2309 578 2342 venio
595 2309 638 2341 ad
656 2308 791 2342 tertiam
809 2321 960 2351 causam,
987 2324 1091 2356 quam

103 2362 254 2402 institui,
279 2372 366 2406 quae
383 2360 437 2392 vel
454 2359 616 2404 inprimis
635 2367 771 2392 nostros
788 2360 936 2401 animos,
957 2363 1092 2396 etiamsi

102 2413 207 2446 ferrei
224 2417 358 2450 essent,
385 2411 429 2443 ad
455 2411 669 2454 precandum
688 2411 838 2444 debebat
853 2411 1012 2453 excitare,
1038 2414 1091 2446 vi-

101 2463 228 2497 delicet
255 2461 394 2495 infinita
421 2468 454 2494 et
478 2460 674 2494 tristissima
696 2461 848 2505 pericula
867 2469 900 2496 et
917 2463 1025 2505 mala,
1054 2464 1090 2498 in

101 2514 229 2559 quibus
244 2512 403 2558 quotidie
423 2523 610 2545 versamur.

200 2586 315 2630 Vulgo
332 2587 543 2620 celebratum
560 2586 692 2619 dictum
708 2593 773 2619 est:
799 2585 870 2629 Qui
889 2587 996 2622 nescit
1011 2601 1090 2623 ora-

98 2650 153 2678 re,
179 2638 282 2671 debet
305 2639 480 2681 navigare.
537 2636 660 2670 Monet
683 2644 800 2670 autem
823 2638 999 2671 neminem
1017 2646 1088 2673 tam

1275 351 1367 385 Sunt
1384 352 1490 396 igitur
1507 355 1659 397 pericula
1676 364 1793 391 nostra
1819 358 1958 401 publica
1977 366 2009 393 et
2026 360 2160 403 privata

1172 411 1272 444 saepe
1287 402 1468 445 cogitanda
1479 428 1488 442 ‚
1515 412 1665 450 suntque
1681 407 1841 450 publicae
1857 409 2069 443 calamitates
2086 423 2160 443 ma—

1172 451 1326 492 nifestae,
1354 464 1417 486 nec
1433 460 1482 487 est
1498 454 1694 499 quisquam,
1720 458 1778 501 qui
1795 465 1832 491 ut
1854 466 1985 502 partem
2004 460 2159 505 aliquam

1171 501 1307 535 confert
1323 503 1366 534 ad
1380 514 1498 536 causas
1514 505 1735 547 publicorum
1757 509 1948 550 malorum,
1975 510 2020 543 ita
2037 518 2158 554 postea

1171 563 1242 583 non
1261 558 1392 595 partem
1410 553 1562 598 aliquam
1581 555 1683 588 etiam
1705 559 1944 592 communium
1962 572 2156 603 poenarum

1169 609 1313 643 cogatur
1335 603 1519 640 sustinere.
1573 604 1742 639 Videmus
1770 607 1898 651 quibus
1927 609 1963 641 in
1994 611 2157 652 periculis

1168 652 1213 686 sit
1230 650 1404 691 Ecclesia,
1431 666 1504 687 non
1527 661 1662 689 tantum
1687 657 1731 689 ab
1748 659 1898 691 externis
1920 656 2096 701 hostibus,
2123 669 2156 695 et

1168 702 1228 746 qui
1251 703 1285 735 vi
1307 703 1506 747 opprimere
1530 718 1647 739 veram
1673 707 1868 741 doctrinam
1898 709 2068 752 cogitant,
2095 714 2155 744 sed

1167 753 1271 786 etiam
1302 754 1346 786 ab
1371 754 1537 796 internis,
1570 756 1631 801 qui
1665 757 1864 801 impediunt
1889 768 2155 805 praeceptorum

1167 803 1401 838 sanctissimos
1419 805 1555 839 labores
1573 813 1607 840 et
1625 808 1784 844 consilia.

1263 869 1336 903 Nec
1365 872 1595 907 consilescent
1623 874 1746 907 turbae
1776 876 1818 908 de
1849 876 2037 920 religione,
2074 891 2153 912 cuin

1164 917 1325 954 Christus
1341 921 1448 955 dicat:
1472 922 1551 956 Non
1573 924 1655 956 veni
1678 936 1796 967 pacem
1815 926 1971 968 mittere,
1997 929 2055 961 sed
2080 930 2154 971 gla-

1165 970 1273 1003 dium.
1326 971 1418 1005 Sunt
1448 979 1479 1006 et
1511 974 1643 1008 interni
1674 972 1807 1016 hostes,
1842 978 2031 1012 domestica
2057 980 2154 1020 vitia,

1165 1032 1254 1064 quae
1277 1021 1412 1055 etiamsi
1437 1032 1619 1058 accersunt
1640 1037 1769 1068 poenas
1797 1033 1830 1060 et
1857 1028 1967 1061 multa
1998 1029 2152 1072 pericula

1164 1068 1292 1104 scholis
1310 1078 1343 1105 et
1358 1071 1543 1115 Ecclesiis‚
1569 1081 1609 1109 ut
1628 1082 1710 1109 sunt
1731 1076 1851 1117 luxus,
1879 1078 2044 1120 ambitio,
2070 1091 2152 1113 ava-

1164 1119 1262 1158 ritia,
1299 1123 1483 1163 securitas,
1519 1126 1782 1168 contentiones,
1822 1128 1922 1169 odia,
1959 1136 1992 1163 et
2022 1129 2151 1163 similes

1164 1176 1284 1212 pestes.

1264 1227 1305 1261 In
1332 1228 1490 1273 imperiis
1510 1237 1605 1265 tanta
1631 1234 1791 1268 confusio
1808 1241 1857 1269 est
1875 1243 1908 1271 et
1926 1236 2151 1279 incertitudo,

1161 1284 1199 1311 ut
1222 1279 1283 1312 ubi
1299 1277 1455 1314 Ecclesia
1479 1282 1524 1315 sit
1548 1283 1651 1326 paulo
1670 1291 1747 1328 post
1772 1282 1936 1321 habitura
1954 1289 2070 1322 sedem
2089 1296 2149 1322 aut

1162 1326 1373 1374 hospitium,
1394 1342 1498 1364 nemo
1514 1332 1675 1367 divinare
1693 1342 1810 1379 queat.

1261 1396 1351 1440 Quis
1369 1399 1618 1442 paterfamilias
1635 1408 1705 1442 est,
1732 1403 1792 1447 qni
1810 1403 1838 1436 si
1856 1411 1933 1449 post
1948 1406 2066 1440 decem
2084 1420 2148 1441 an—

1160 1459 1223 1481 nos
1247 1448 1468 1483 revivisceret
1490 1450 1598 1491 sorte,
1625 1463 1697 1485 non
1720 1454 1935 1496 cogitaturus
1959 1457 2003 1491 sit
2023 1458 2059 1491 in
2078 1471 2147 1504 qua

1159 1504 1255 1542 parte
1271 1499 1367 1532 orbis
1383 1506 1553 1534 terrarum
1575 1509 1717 1546 quaerat
1732 1515 1813 1537 suos
1830 1505 1985 1540 liberos?

1257 1564 1467 1609 Pompeium
1490 1579 1568 1600 cum
1587 1568 1726 1602 duobus
1749 1569 1830 1603 filiis
1847 1579 1967 1606 narrat
1986 1570 2147 1615 historia,

1155 1616 1331 1659 sepultum
1349 1616 1455 1650 fuisse
1473 1617 1510 1649 in
1527 1617 1640 1652 tribus
1657 1620 1814 1662 partibus
1833 1622 1939 1656 totius
1955 1623 2051 1656 orbis
2073 1630 2146 1657 ter-

1157 1677 1284 1706 rarum,
1314 1665 1428 1707 Asiae,
1455 1664 1631 1712 Aphricae
1647 1667 1863 1714 etEuropae,
1890 1670 1980 1707 hanc
1998 1674 2143 1717 longin-

1155 1728 1259 1760 quam
1276 1717 1539 1750 distractionem
1563 1719 1716 1753 filiorum
1735 1727 1768 1754 et
1790 1723 1917 1765 patris,
1943 1724 2046 1758 etiam
2067 1731 2144 1769 post

1154 1773 1301 1800 mortem
1315 1793 1324 1807 ,
1350 1768 1442 1800 bella
1457 1768 1574 1802 civilia
1591 1769 1790 1806 effecerunt.

1254 1831 1323 1866 Sed
1338 1832 1529 1867 illustriora
1546 1842 1627 1869 sunt
1643 1837 1797 1879 exempla
1813 1835 1999 1874 Ecclesiae.
2040 1839 2144 1874 Iacob

1153 1879 1220 1913 iam
1237 1891 1340 1913 senex
1357 1883 1565 1916 transfertur
1585 1884 1619 1917 in
1638 1884 1856 1931 Aegyptum,
1884 1889 2003 1934 ibique
2018 1892 2140 1934 procul

1151 1943 1169 1963 a
1195 1931 1309 1975 patrio
1333 1932 1408 1965 solo
1441 1934 1601 1970 moritur.
1658 1934 1780 1969 Postea
1810 1939 1922 1982 qualis
1947 1941 2142 1985 dissipatio,

1151 1988 1280 2026 quanta
1312 1983 1503 2017 certamina
1534 1991 1641 2019 totam
1675 1988 1912 2030 posteritatem
1944 1991 2052 2036 ipsius
2082 2004 2140 2025 ex—

1150 2031 1314 2076 cipiunt?

1250 2089 1353 2123 Nunc
1369 2091 1413 2124 de
1429 2093 1557 2127 nostris
1573 2095 1704 2135 liberis,
1729 2097 1790 2130 ubi
1808 2099 1998 2141 poterimus
2015 2101 2136 2136 divina

1149 2151 1185 2172 re
1208 2152 1266 2173 eos
1289 2141 1363 2174 fore
1385 2141 1420 2174 in
1437 2142 1502 2176 hac
1526 2147 1790 2188 perturbatione
1806 2156 1838 2182 et
1857 2147 1910 2182 his
1928 2152 2138 2186 tumultibus

1148 2197 1226 2234 post
1243 2203 1370 2234 paucos
1390 2195 1527 2227 annos?

1246 2255 1335 2289 Nam
1358 2258 1422 2291 etsi
1447 2271 1541 2293 nunc
1559 2259 1624 2293 Dei
1646 2261 1814 2297 beneficio
1831 2272 1912 2299 sunt
1929 2267 2133 2309 qualiacun-

1146 2318 1213 2350 que
1230 2305 1446 2352 Halcyonia,
1472 2321 1561 2354 quae
1579 2317 1616 2344 ut
1631 2312 1797 2347 diuturna
1815 2315 1904 2354 sint,
1931 2314 2044 2350 Deum
2060 2331 2135 2354 oro.

1146 2354 1280 2389 Tamen
1315 2369 1452 2401 semper
1483 2358 1538 2393 hic
1563 2367 1616 2394 est
1636 2368 1744 2396 status
1773 2377 1891 2398 rerum
1914 2366 1950 2399 in
1975 2369 2133 2412 quolibet

1146 2406 1313 2451 imperio,
1337 2415 1375 2441 ut
1392 2420 1562 2453 usurpare
1578 2413 1690 2455 possis
1708 2420 1857 2448 veterem
1877 2428 2033 2451 versum:

1269 2467 1424 2499 Interdum
1441 2482 1500 2510 pax
1518 2479 1579 2509 est,
1607 2476 1687 2513 pacis
1701 2476 1806 2506 fiducia
1822 2489 1987 2519 nunquam.

1144 2522 1289 2557 Publica
1309 2526 1417 2569 igitur
1439 2527 1591 2569 pericula
1608 2541 1711 2574 supra
1735 2539 1839 2576 caput
1856 2541 1954 2573 sunt,
1981 2541 2012 2567 et
2035 2541 2130 2568 tanta

1143 2581 1192 2607 est
1209 2587 1330 2608 eorum
1349 2576 1576 2620 magnitudo,
1612 2587 1648 2614 ut
1665 2583 1821 2615 enarrari
1841 2596 1912 2616 non
1929 2585 2046 2628 possit.

1244 2640 1349 2683 Quod
1367 2642 1395 2674 si
1413 2643 1490 2687 quis
1508 2656 1578 2677 uon
1599 2653 1695 2689 putat
1719 2660 1782 2682 nec
1798 2649 1959 2692 intelligit
1975 2662 2012 2683 ea
2029 2652 2070 2684 ad
2096 2664 2132 2685 se

97 2689 210 2722 ferum
226 2699 299 2722 esse
316 2695 349 2722 et
365 2686 608 2734 prophanum,
635 2688 720 2733 quin
738 2689 947 2724 constitutus
970 2689 1007 2722 in
1026 2702 1089 2735 pe-
1141 2691 1318 2735 pertinere
1348 2694 1531 2737 privatim,
1565 2698 1624 2730 sed
1658 2698 1771 2732 aliena
1803 2710 1893 2741 esse,
1926 2700 1956 2733 is
1984 2701 2131 2745 perinde
