2338 2958
69 119 142 156 145

66 205 174 240 modo
191 205 367 238 bonorum
386 201 545 235 virorum
570 201 718 246 iudicia,
744 203 804 235 sed
825 213 948 235 omnes
967 201 1058 245 leges

68 260 306 291 contemnant.
346 250 394 286 Et
410 252 440 285 is
457 251 519 297 qui
538 264 634 286 nunc
648 253 790 287 videtur
806 253 945 294 ludere,
973 253 1057 285 dum

67 304 132 341 has
156 304 306 350 ineptias
333 303 370 336 in
386 303 514 336 vestitu
535 310 646 344 amat,
672 304 778 348 paulo
795 309 874 347 post
893 303 1059 336 omnibus

66 357 220 400 legibus,
244 354 413 388 omnibus
430 352 697 397 Magistratibus
714 354 858 388 audebit
873 355 1059 398 oppedere.

66 407 219 441 Tantam
244 405 384 439 ruinam
410 404 482 438 edit
514 417 586 446 res,
617 417 706 450 quae
734 405 877 450 quidem
911 405 948 437 in
980 417 1059 448 spe—

66 458 154 492 ciem
170 468 278 502 parva
298 455 411 489 videri
433 462 561 499 potest:
590 467 711 489 verum
736 456 934 499 exemplum
960 455 1059 488 latis-

66 509 153 542 sime
168 514 272 553 patet.
312 506 400 540 Nam
420 518 498 539 cum
518 507 623 539 semel
639 507 754 549 legum
772 506 936 550 repagula
954 506 1058 539 effre-

66 559 203 603 gerint,
250 555 364 591 nihilo
399 556 563 601 deinceps
602 557 774 590 firmiores
802 568 924 589 omnes
956 557 1058 600 leges,

66 622 172 655 quam
196 620 404 642 aranearum
426 608 512 641 telas
540 619 612 640 esse
637 608 899 642 existimabunt.
952 606 999 641 Et
1019 614 1058 640 ut

66 661 162 695 scitis
186 657 279 706 ἀρχὴ
303 658 417 704 ἣμισυ
441 655 587 696 παντὸς.
658 657 763 701 Quod
789 671 991 703 quanquam
1020 658 1055 690 iu

64 711 211 756 privatis
229 711 387 744 moribus
407 709 526 742 videre
544 720 745 753 possumus,
771 716 888 743 tamen
910 710 946 742 in
970 709 1057 742 civi-

64 769 177 796 tatum
202 761 431 794 inclinatione
454 760 581 793 clarius
605 760 755 804 perspici
781 767 902 804 potest.
956 760 1056 803 Quae

64 813 161 847 enim
185 813 306 846 civitas
327 823 401 844 non
430 810 479 843 ita
503 811 656 854 collapsa
675 811 750 845 est'?
778 811 860 856 quia
883 823 962 844 cum
983 811 1057 855 pri-

65 876 164 898 mum
183 862 404 907 disciplinam
422 861 460 894 in
480 862 595 905 parvis
611 862 716 896 rebus
732 862 950 905 neglexisset,
971 862 1057 895 aluit

66 914 297 960 petulantiam
331 912 447 956 vulgi,
479 913 584 946 vadeo
620 919 659 946 ut
685 920 803 957 postea
831 913 868 945 in
896 913 1057 946 maximis

65 966 171 999 etiam
187 965 292 998 rebus
308 963 496 1008 imperium
513 964 724 997 detrectarit.
776 963 958 997 Praeterea
977 976 1056 997 cum

65 1016 170 1050 vestis
193 1016 353 1049 imitetur
375 1014 487 1047 animi
510 1015 687 1055 adfectus,
711 1021 750 1048 ut
770 1027 875 1058 supra
891 1015 981 1056 dixi,
1007 1015 1058 1055 fit,

65 1074 106 1102 ut
120 1067 191 1100 illis
208 1067 293 1111 ipsis
307 1065 558 1110 cupiditatibus
583 1065 727 1098 inclusis
746 1066 783 1098 in
809 1066 946 1106 animo,
971 1077 1056 1111 quas

66 1118 179 1162 premi
213 1125 245 1151 et
279 1114 457 1150 coherceri
491 1117 691 1160 oportebat,
733 1117 872 1150 frenum
908 1117 1057 1150 laxetur.

66 1168 170 1203 Sunt'
188 1168 250 1213 qui
279 1173 424 1211 propter
451 1166 624 1199 feritatem
648 1167 778 1205 animi,
814 1165 938 1201 habitu
962 1168 1056 1200 dele-

65 1225 223 1259 ctantur,
244 1219 306 1263 qui
323 1224 492 1251 terrorem
509 1218 729 1251 intuentibus
746 1218 913 1252 incuciat:
949 1219 986 1251 in
1003 1216 1057 1251 his

65 1270 234 1315 quoniam
249 1269 317 1302 sibi
334 1268 536 1311 indulgent,
561 1269 684 1302 crescit
700 1269 831 1305 feritas.
885 1269 978 1303 Sunt
996 1269 1057 1314 qui

64 1327 210 1364 propter
234 1319 424 1353 molliciem
450 1320 560 1352 animi
585 1327 713 1353 ornent
738 1332 774 1353 se
800 1321 1056 1364 propemodum

64 1372 254 1405 mulierum
277 1382 392 1410 more,
418 1382 506 1414 quos
532 1370 827 1403 effoeminatiores
850 1371 953 1404 vestis
977 1371 1058 1403 red-

66 1423 135 1456 dit:
162 1428 202 1455 ut
224 1421 317 1454 enim
335 1420 442 1453 febris
459 1420 584 1457 alitur,
612 1421 640 1453 si
656 1421 734 1466 quis
751 1421 781 1453 ei
800 1433 933 1453 morem
951 1427 1057 1464 gerat,

66 1480 99 1507 et
115 1473 224 1512 bibat,
245 1471 420 1516 quidquid
438 1470 557 1504 vitiata
575 1478 701 1504 natura
719 1472 857 1515 expetit,
880 1472 926 1504 ita
943 1471 1057 1504 morbi

66 1523 177 1558 animi
194 1528 371 1563 crescunt,
398 1522 424 1554 si
451 1522 529 1566 quis
553 1521 601 1554 eis
626 1521 826 1564 indulgeat,
855 1533 918 1554 nec
944 1533 1058 1554 reme-

66 1575 124 1608 dia
157 1579 324 1618 opponat.
383 1567 452 1605 Sed
490 1572 648 1605 omnium
685 1572 834 1605 maxime
865 1579 993 1605 nocent
1021 1572 1059 1603 in

66 1636 253 1659 commune
280 1620 336 1664 hi,
369 1623 430 1668 qui
458 1623 572 1665 gentis
596 1622 746 1656 alicuius
771 1630 933 1656 externae
952 1622 1059 1657 vesti-

66 1683 143 1711 tum
169 1681 305 1709 amant:
346 1680 386 1707 ut
411 1673 505 1706 enim
530 1681 702 1707 amatores
726 1674 937 1707 amasiarum
963 1674 1059 1707 colo-

67 1739 142 1761 rem
154 1726 350 1765 imitantur,
371 1725 417 1758 ita
435 1724 492 1758 isti
507 1735 542 1757 se
557 1724 632 1758 eius
649 1725 761 1767 gentis
777 1736 903 1764 mores,
926 1725 1060 1765 luxum,

67 1785 128 1812 aut
145 1777 213 1810 alia
230 1776 314 1810 vitia
330 1787 462 1815 amare,
488 1782 521 1808 et
544 1775 676 1819 patrios
699 1776 788 1809 ritus
805 1787 842 1808 ac
861 1776 952 1817 leges
975 1787 1060 1808 con-

68 1836 245 1867 temnere,
266 1824 332 1859 hac
348 1826 491 1859 vestitus
509 1826 705 1860 imitatione
724 1826 933 1869 significant.
986 1825 1058 1868 Qui

69 1878 250 1921 Principes
273 1877 425 1920 primum
448 1875 600 1910 Romam
623 1877 840 1909 advexerunt
862 1876 1059 1910 diademata

70 1936 103 1963 et
117 1929 301 1973 plerasque
321 1926 521 1971 peregrinas
539 1927 672 1960 vestes?
704 1939 822 1960 nonne
847 1927 899 1959 illi
921 1927 982 1972 qui
1001 1939 1059 1960 ve-

70 1980 203 2014 teribus
226 1978 361 2021 legibus
386 1977 528 2017 deletis,
555 1977 592 2010 in
616 1978 740 2010 urbem
765 1978 938 2011 obscoena
964 1990 1059 2011 sacra

70 2038 280 2069 exterorum,
301 2035 341 2062 ut
355 2026 591 2069 bacchanalia,
619 2035 797 2072 praeterea
815 2029 970 2072 exempla
987 2030 1061 2063 foe-

69 2081 212 2115 dissima
231 2079 432 2124 peregrinae
450 2079 610 2112 luxuriae
625 2080 853 2112 adserebant?
888 2079 1060 2114 Videmus

69 2130 137 2166 hoc
166 2139 322 2174 tempore
351 2130 522 2175 quosdam
548 2129 700 2163 'l'urcico
728 2128 851 2164 habitu
883 2131 1058 2170 delectari,

72 2195 146 2217 non
161 2183 265 2216 credo
281 2182 326 2215 ob
348 2181 452 2214 aliam
475 2192 633 2221 cansam,
662 2181 729 2214 nisi
748 2181 829 2226 quia
849 2188 986 2215 nostrae
1004 2194 1061 2216 re-

71 2233 215 2277 ligionis
248 2239 280 2266 et
312 2232 425 2275 legum
463 2238 661 2266 nostrarum
698 2232 836 2266 satietas
867 2244 924 2266 eos
959 2234 1061 2277 cepit,

71 2296 160 2330 quos
186 2283 354 2329 quoniam
381 2289 523 2316 externa
553 2283 700 2327 imperia
734 2289 912 2327 expetere,
945 2296 1060 2317 mores

71 2335 329 2379 religionesque
349 2345 465 2367 amare
482 2340 642 2377 apparet,
670 2346 740 2367 non
760 2334 885 2367 dubito
912 2346 970 2367 eos
994 2333 1061 2368 ho-

70 2394 139 2421 stes
156 2385 287 2430 patriae
303 2384 490 2429 appellare.
545 2384 625 2417 Non
642 2385 735 2418 enim
752 2391 888 2418 tantum
908 2385 972 2424 illi,
1000 2387 1060 2431 qui

71 2437 159 2472 soris
182 2448 277 2470 arma
303 2441 430 2479 gerunt
454 2435 621 2468 adversus
650 2435 817 2480 patriam,
852 2433 968 2469 hostes
995 2449 1061 2481 pu-

71 2488 171 2523 tandi
188 2494 286 2527 sunt,
314 2487 375 2520 sed
396 2486 509 2519 multo
526 2486 634 2529 magis
657 2486 734 2527 isti,
761 2487 822 2532 qui
838 2486 1060 2531 disciplinam

72 2539 230 2579 civilem,
256 2537 317 2582 qui
339 2536 512 2570 maiorum
538 2537 697 2570 instituta
721 2535 813 2571 nihil
833 2538 875 2570 ad
896 2549 930 2571 se
953 2539 1062 2582 perti-

74 2601 157 2623 nere
173 2589 400 2627 arbitrantur,
425 2588 513 2621 alios
529 2599 644 2620 mores
661 2588 746 2622 soris
762 2595 951 2622 accersunt.

73 2639 290 2675 cedaemonii
313 2637 486 2682 hospitem
511 2637 693 2671 Milesium
722 2651 800 2672 cum
826 2639 902 2673 aliis
927 2640 1062 2674 deliciis

74 2691 309 2730 adfluentem,
336 2697 412 2723 tum
434 2689 471 2722 in
490 2690 619 2723 vestitu
643 2690 937 2735 sumptuosiorem
957 2703 1062 2735 quam

125 2745 302 2775 Mun-Tu.
332 2742 434 2775 Orza.
463 2737 544 2774 Υοῐ..
577 2743 638 2774 xl.

992 2589 1063 2623 La-
1087 2625 1089 2632 γ

804 114 962 152 DECL.
995 114 1068 151 DE
1104 113 1372 152 VESTITU.

1087 2567 1089 2590 l

1087 2595 1088 2611 l

2036 119 2107 154 146

1111 213 1175 245 pro
1192 200 1366 245 Spartana
1386 201 1659 243 consuetudine,
1688 202 1865 237 iusserunt
1885 203 2023 238 civitate
2043 217 2101 238 ex—

1112 252 1234 285 cedere
1249 263 1288 284 ac
1306 251 1402 284 domi
1421 251 1559 286 Milesia
1582 265 1749 289 exercere.
1803 252 1897 287 Haec
1912 255 1964 287 illi
1982 255 2018 288 in
2035 253 2099 288 ho-

1109 302 1234 347 spitem
1257 302 1532 347 constituerunt,
1566 311 1697 348 quanto
1721 305 1839 338 minus
1862 305 1998 339 civibus
2021 318 2100 349 per-

1109 353 1201 386 mitti
1225 353 1396 393 debebat,
1425 354 1583 397 exempla
1606 355 1709 388 bonis
1732 368 1769 389 ac
1790 356 1966 389 veteribus
1990 357 2100 389 mori-

1110 404 1176 437 bus
1194 404 1381 444 offectura,
1408 403 1445 435 in
1462 404 1610 447 patriam
1633 404 1822 439 invehere?
1856 406 1978 451 Neque
2004 408 2098 440 enim

1110 455 1183 488 abit
1198 452 1265 488 hoc
1279 454 1354 487 sine
1371 454 1595 498 publicorum
1608 468 1745 489 morum
1762 458 1998 500 corruptione,
2017 458 2099 502 quia

1108 512 1148 539 ut
1170 512 1219 539 est
1242 506 1368 548 vulgus
1393 512 1518 538 natura
1541 503 1776 551 φιλόκαινον,
1802 509 1918 541 statim
1944 506 2006 541 has
2031 522 2099 541 nu-

1108 567 1167 599 gas
1190 556 1368 596 imitatur,
1405 552 1446 589 et*
1465 556 1579 599 legum
1605 565 1701 591 metu
1733 558 1900 601 paulatim
1928 560 2100 603 deposito,

1108 619 1262 640 amorem
1289 614 1514 640 externorum
1534 607 1701 641 vitiorum
1727 608 1854 641 induit.
1905 608 2037 654 Estque
2063 611 2097 643 in

1108 658 1341 691 maximarum
1358 658 1539 691 civitatum
1557 658 1705 693 interitu
1723 659 1853 700 videre,
1872 661 1915 692 ab
1933 658 1986 693 his
2000 662 2099 705 prin-

1108 708 1208 753 cipiis
1227 716 1359 743 caetera
1380 708 1465 742 vitia
1485 716 1560 742 orta
1580 721 1663 745 esse.
1718 708 1796 743 lure
1812 710 1920 753 igitur
1938 711 1973 742 in
1999 719 2099 745 auto-

1108 771 1161 793 res
1179 760 1303 793 talium
1326 761 1566 804 exemplorum
1583 767 1750 805 tanquam
1768 761 1806 793 in
1825 759 1943 795 hostes
1968 763 2099 805 patriae

1107 811 1347 844 severissimae
1378 823 1511 854 poenae
1543 812 1707 845 constitui
1745 812 1932 846 debebant.
1997 813 2100 846 Tunc

1107 862 1241 895 bellum
1276 862 1393 906 parari
1427 863 1594 895 adversus
1629 863 1799 906 patriam,
1834 870 1917 896 tunc
1946 864 2100 897 obsideri

1107 925 1183 946 earn
1199 925 1273 946 non
1291 912 1393 953 foris,
1421 913 1478 945 sed
1497 913 1588 946 intra
1607 914 1746 946 moenia
1766 914 1912 957 putetis,
1941 927 2019 947 cum
2039 927 2101 958 pa-

1108 965 1195 998 trius
1210 963 1357 996 vestitus
1384 964 1532 997 exuitur.
1587 962 1660 997 Hos
1684 977 1762 997 cum
1786 965 1979 1008 peregrinis
2004 966 2101 998 clan—

1107 1015 1244 1048 destina
1269 1015 1409 1047 foedera
1435 1014 1574 1055 fecisse,
1601 1022 1635 1048 et
1658 1027 1738 1048 cum
1762 1015 1897 1059 legibus
1921 1015 1958 1048 in
1983 1017 2102 1060 perni-

1109 1066 1196 1099 ciem
1223 1065 1355 1109 patriae
1377 1065 1581 1109 conspirare
1609 1066 1849 1107 arbitremini,
1877 1078 1964 1112 quos
1988 1075 2101 1100 exter-

1109 1129 1237 1150 norum
1264 1123 1368 1161 atque
1392 1113 1547 1149 hostium
1574 1128 1689 1150 mores
1721 1117 1830 1159 magis
1857 1130 1961 1162 quam
1996 1118 2099 1161 patrii

1109 1169 1293 1201 delectant.
1346 1166 1428 1200 'Non
1445 1167 1538 1200 enim
1558 1165 1616 1200 hic
1638 1168 1752 1201 cultus
1771 1169 1839 1201 alio
1857 1175 2005 1212 spectat,
2033 1169 2102 1201 nisi

1109 1231 1170 1260 eo,
1204 1225 1243 1252 ut
1266 1218 1455 1251 domestica
1481 1230 1520 1251 ac
1552 1219 1694 1262 publica
1721 1219 1906 1262 disciplina
1937 1226 2101 1264 corrupta

1109 1268 1224 1303 trahat
1240 1269 1402 1303 omnium
1419 1269 1549 1302 civium
1566 1269 1702 1302 animos
1719 1271 1760 1303 ad
1782 1277 1923 1303 externa
1944 1270 2101 1314 imperia,

1110 1321 1311 1365 peregrinas
1350 1319 1538 1362 religiones
1565 1327 1597 1353 et
1628 1321 1746 1353 omnia
1777 1321 2008 1364 turpitudinis
2043 1333 2101 1364 ge-

1110 1384 1192 1404 nera
1210 1371 1424 1414 recipienda.
1480 1370 1550 1403 Sed
1567 1383 1646 1403 cum
1672 1368 1757 1403 haec
1776 1371 1914 1404 novitas
1934 1372 2100 1405 omnibus

1110 1420 1317 1455 hominibus
1345 1420 1548 1463 turpissima
1575 1421 1638 1461 sit,
1675 1427 1748 1454 tum
1773 1421 1811 1454 in
1837 1422 1960 1465 primis
1982 1424 2101 1456 abesse

1110 1484 1129 1505 a
1145 1470 1431 1504 Christianorum
1454 1471 1613 1503 moribus
1629 1472 1795 1512 debebat,
1821 1484 1909 1517 quos
1928 1473 1963 1505 in
1985 1475 2101 1506 omni-

1110 1523 1176 1555 bus
1193 1521 1285 1555 vitae
1303 1521 1461 1564 partibus
1481 1521 1704 1564 praecipuam
1728 1524 1934 1564 gravitatem
1959 1536 2042 1568 prae
2066 1537 2101 1558 se

1110 1574 1202 1606 serre
1237 1573 1344 1605 decet.
1405 1569 1453 1604 At
1477 1569 1543 1604 hoc
1569 1572 1777 1616 accipimus,
1816 1572 1949 1607 Turcas
1975 1581 2005 1608 et
2026 1576 2100 1619 ple-

1111 1635 1238 1668 rosque
1265 1623 1434 1656 barbaros
1457 1622 1618 1665 religiose
1642 1624 1796 1667 patrium
1821 1636 1955 1657 morem
1979 1626 2016 1657 in
2043 1639 2102 1660 ve-

1112 1675 1196 1708 stitu
1230 1674 1393 1707 retinere.
1445 1671 1536 1706 Cum
1572 1681 1688 1707 autem
1725 1672 1948 1708 Christianae
1980 1677 2101 1710 literae

1112 1725 1324 1768 singularem
1345 1723 1448 1757 nobis
1465 1725 1672 1758 modestiam
1686 1752 1694 1765 ,
1716 1737 1755 1758 ac
1773 1727 2041 1770 verecundiam,
2068 1736 2100 1762 et

1111 1788 1251 1809 morum
1288 1775 1519 1808 constantiam
1554 1776 1786 1819 praecipiant,
1825 1782 1926 1821 turpe
1960 1785 2009 1812 est
2037 1777 2102 1813 hac

1112 1833 1210 1871 parte
1242 1826 1391 1860 leviores
1426 1838 1490 1859 nos
1519 1824 1697 1870 perhiberi
1726 1827 1768 1860 iis
1796 1828 1977 1869 gentibus,
2012 1842 2102 1874 quae

1112 1875 1315 1912 Christiana
1331 1884 1511 1921 praecepta
1530 1877 1705 1919 ignorant.
1745 1877 1870 1911 Videte
1887 1891 2014 1924 quaeso
2030 1879 2103 1914 Da—

1113 1929 1251 1967 videm,
1285 1940 1390 1973 quam
1412 1927 1600 1971 diligenter
1629 1929 1803 1971 putaverit
1827 1929 1862 1962 in
1886 1927 2101 1973 huiusmodi,

1113 1991 1314 2025 quanquam
1334 1979 1450 2022 parvis
1469 1979 1582 2019 rebus,
1608 1980 1775 2013 decorum
1791 1982 2002 2014 servandum
2019 1994 2101 2016 esse.

1117 2031 1147 2064 ls
1172 2030 1266 2063 enim
1288 2042 1366 2062 cnm
1391 2030 1512 2073 legatis
1536 2041 1616 2062 suae
1637 2031 1749 2073 gentis
1772 2042 1790 2063 a
1809 2031 1927 2064 vicino
1949 2034 2100 2077 quodam

1113 2081 1210 2123 Rege
1228 2088 1338 2114 vestes
1352 2092 1414 2124 per
1431 2081 1679 2113 contumeliam
1699 2082 1897 2115 decurtatae
1913 2091 2035 2123 essent,
2063 2098 2101 2119 ac

1113 2132 1223 2165 barba
1239 2138 1360 2164 contra
1377 2143 1509 2164 morem
1526 2143 1601 2164 rasa
1617 2138 1724 2170 esset,
1753 2132 1851 2165 iussit
1873 2140 1911 2166 ut
1928 2133 1964 2166 in
1990 2142 2102 2169 extre-

1113 2196 1170 2216 mo
1197 2182 1296 2225 regni
1320 2182 1450 2226 oppido
1482 2194 1516 2215 se
1543 2189 1721 2221 tenerent,
1755 2194 1819 2216 nec
1849 2185 2032 2227 prodirent
2064 2188 2100 2220 in

1114 2234 1316 2278 publicum,
1352 2234 1463 2266 donec
1497 2233 1603 2266 barba
1635 2233 1810 2267 crevisset.
1873 2234 1969 2277 Quid
2005 2237 2103 2271 aliud

1114 2285 1262 2318 sensisse
1287 2284 1545 2317 sanctissimum
1575 2283 1706 2327 Regem
1733 2285 1892 2323 creditis,
1931 2299 2034 2331 qnam
2060 2291 2102 2321 ad

1115 2336 1267 2369 officium
1292 2335 1378 2368 boni
1394 2334 1461 2367 viri
1482 2334 1655 2377 pertinere
1679 2332 1769 2369 hanc
1786 2349 1926 2381 quoque
1951 2339 2104 2381 diligen-

1115 2388 1197 2421 tiam
1218 2385 1502 2429 cautionemque,
1529 2397 1573 2417 ne
1589 2396 1715 2428 genere
1733 2387 1896 2428 vestitus,
1923 2396 1980 2422 aut
2004 2390 2104 2423 simi-

1115 2438 1208 2471 libus
1226 2437 1348 2474 rebus,
1377 2436 1582 2480 cuiusquam
1598 2437 1718 2470 oculos
1735 2437 1916 2471 offendat?
1950 2438 1998 2474 At
2016 2438 2105 2475 hanc

1116 2487 1336 2531 diligentiam
1373 2486 1523 2520 maxime
1558 2498 1623 2520 nos
1663 2485 1887 2522 scholasticos
1930 2499 2105 2533 praestare

1115 2539 1283 2584 oportuit.
1336 2536 1404 2571 Sed
1428 2550 1448 2571 ο
1471 2536 1586 2571 Deum
1617 2538 1872 2578 immortalem,
1907 2541 1985 2586 quis
2008 2544 2105 2583 ordo,

1117 2590 1211 2635 quod
1235 2599 1344 2631 genus
1366 2595 1416 2621 est
1440 2586 1643 2627 hominum,
1672 2589 1732 2634 qui
1750 2587 1812 2623 has
1833 2591 1980 2635 ineptias
1996 2594 2103 2635 magis

1116 2648 1233 2674 ament
1251 2651 1355 2684 quam
1373 2637 1596 2673 scholastici?
1647 2639 1815 2674 Militaris
1841 2642 2023 2686 plerosque
2044 2641 2106 2675 ha-

1088 2730 1089 2735 *
1116 2693 1210 2727 bitus
1234 2691 1400 2731 delectat,
1435 2702 1538 2734 quem
1571 2702 1644 2724 non
1670 2703 1742 2724 uno
1769 2693 1874 2724 modo
1899 2693 2106 2736 deformant,

1450 2741 1496 2774 10
