2338 2958
194 123 269 160 435

192 211 250 245 sed
273 209 366 254 pacis
383 207 462 241 finis
481 211 570 246 erat,
603 211 642 238 ut
659 210 751 237 certa
769 203 867 236 sedes
884 210 1042 237 maneret
1059 201 1180 236 Eccle-

193 262 284 302 siae,
311 259 373 293 ubi
397 261 646 302 propagaretur
670 254 830 287 doctrina
855 254 1025 288 coelestis.
1079 251 1182 298 Opus

195 319 244 346 est
267 322 347 355 pace
372 320 442 341 non
466 307 580 339 solum
603 306 647 338 ad
669 306 887 338 educandam
911 305 1088 345 sobolem,
1120 305 1179 338 sed

193 363 296 397 etiam
314 361 357 393 ad
374 358 567 391 docendam
586 355 824 397 iuventutem,
849 363 881 389 et
900 355 1071 400 reliquam
1088 355 1182 389 mul-

193 413 400 448 titudinem,
427 414 460 441 et
482 408 525 440 ad
549 407 756 450 disciplinae
774 418 813 439 ac
834 407 1016 450 religionis
1040 418 1181 439 conser-

193 464 381 497 vationem.
432 458 508 491 Hos
527 469 599 490 esse
618 458 702 490 fines
723 457 929 501 praecipuos
952 457 1181 500 gubernatio-

194 515 247 547 uis
266 513 303 545 in
323 509 499 554 imperiis,
527 506 616 541 nihil
633 509 780 542 dubium
796 515 858 541 est.

293 562 373 596 Sint
399 572 482 594 sane
504 560 621 601 magui
641 566 672 592 et
694 559 825 592 laudati
844 558 955 592 Duces
972 555 1183 598 Alexander,

194 613 326 653 lulius,
358 618 391 645 et
415 611 488 644 alii.
542 610 621 643 Sint
646 610 895 652 gubernatores
919 609 1102 642 domestici
1125 620 1183 641 ex-

192 665 357 699 cellentes
372 661 578 707 prudentia,
605 660 735 700 Solon,
763 658 960 702 Augustu53
987 660 1046 692 sed
1072 659 1183 692 multo

193 721 307 750 essent
322 714 375 746 illi
393 713 458 756 ipsi
481 711 648 751 maiores,
676 711 704 743 si
725 710 834 754 partis
850 709 1025 748 victoriis,
1053 709 1184 743 consti-

191 766 277 801 tutis
303 763 459 809 imperiis
483 767 659 795 curassent
676 760 791 794 Deum
815 767 907 793 recte
925 760 1103 801 invocari,
1128 772 1184 793 ce-

192 816 341 854 lebrari,
368 814 446 848 coli.
501 812 540 845 ld
559 812 742 856 praecipue
760 811 894 844 efficere
916 811 1031 844 bonus
1055 811 1184 853 guber-

192 875 296 902 nator
313 867 427 903 debet,
454 863 543 896 sicut
560 864 675 895 bonus
693 861 942 906 paterfamilias
958 874 1031 895 non
1047 868 1183 895 tantum

193 928 360 964 quaerere
376 915 628 959 patrimonium
646 913 767 946 liberis
781 913 896 952 debet,
917 913 975 945 sed
992 913 1095 946 etiam
1113 919 1184 946 tra-

192 971 273 1004 dere
295 967 362 1001 Dei
386 965 573 1003 noticiam,
608 971 641 997 et
666 975 781 997 mores
807 975 929 996 eorum
955 975 1084 1005 regere.
1136 962 1186 997 Ut

192 1027 307 1054 autem
333 1017 435 1062 pauci
454 1015 718 1060 patresfamilias
734 1014 853 1047 omnia
872 1025 933 1046 sua
958 1014 1071 1047 officia
1089 1025 1184 1047 com-

192 1071 412 1116 plectuntur,
446 1067 492 1100 ita
529 1066 631 1110 pauci
666 1065 846 1108 Principes
879 1065 917 1097 in
953 1062 1019 1097 hoc
1045 1076 1184 1098 summo

192 1133 297 1166 opere
314 1119 507 1152 elaborant.
559 1115 654 1150 Rara
674 1122 724 1149 est
747 1113 832 1148 haec
853 1115 1039 1159 perfectio,
1066 1123 1106 1149 ut
1128 1127 1184 1148 ra-

193 1186 251 1207 rae
268 1177 350 1205 sunt
365 1180 519 1213 gemmae
537 1168 630 1200 inter
647 1173 800 1200 caeteros
823 1166 969 1209 lapides,
1025 1166 1185 1200 Subinde

193 1232 311 1258 tamen
338 1221 475 1264 aliquos
508 1218 635 1251 excitat
658 1217 753 1250 Deus
776 1215 908 1255 Duces,
941 1223 1001 1249 aut
1022 1216 1185 1259 politicos

192 1275 304 1312 viros,
332 1271 393 1316 qui
409 1280 488 1303 suas
509 1268 663 1301 actiones
685 1269 729 1299 ad
749 1277 871 1299 verum
890 1266 994 1299 finem
1019 1267 1185 1300 referunt.

194 1324 300 1359 Tales
316 1323 459 1355 suerunt
477 1316 615 1362 losepb,
643 1317 772 1355 David,
800 1315 926 1357 Iosias‚
953 1324 984 1350 et
1001 1317 1093 1351 inter
1108 1329 1185 1349 mo-

191 1372 341 1409 narchas
359 1371 483 1410 CvruS,
509 1368 777 1408 Constantinus,
804 1365 1043 1408 Theodosius,
1070 1374 1103 1401 et
1125 1367 1185 1400 alii

192 1427 349 1471 quidam.
388 1411 526 1455 Horum
546 1420 702 1463 exempla
722 1425 803 1452 nota
819 1426 912 1452 sunt.
960 1418 1101 1461 Quanta
1120 1418 1186 1452 suit

193 1476 302 1511 animi
323 1473 493 1508 celsitudo
518 1472 555 1505 in
574 1469 827 1508 Constantino,
856 1469 918 1514 qui
940 1482 1018 1503 cum
1039 1467 1186 1502 haberet

193 1529 341 1571 collegas
360 1524 522 1557 inimicos
537 1519 740 1556 Christiano
759 1520 917 1561 nomini,
944 1521 1038 1553 viros
1055 1520 1185 1553 acerri-

191 1591 289 1619 mos,
320 1584 354 1610 et
377 1576 566 1608 instructos
589 1572 764 1616 potentia,
791 1569 894 1617 (uam
913 1571 1027 1604 maior
1047 1570 1186 1615 imperii

192 1641 273 1675 pars
298 1625 413 1661 adbuc
439 1622 653 1657 adhorrebat
675 1635 693 1655 a
715 1620 847 1655 Christi
869 1619 1068 1667 doctrina),
1093 1632 1186 1655 unus

192 1693 228 1714 se
255 1677 419 1722 opposuit
443 1675 512 1708 illis
535 1673 772 1717 grassantibus
798 1673 832 1705 in
852 1673 945 1716 pios,
973 1673 1186 1716 compescuit

193 1730 391 1766 saeviciam,
409 1733 525 1770 postea
545 1724 667 1757 deletis
686 1723 857 1768 tyrannis,
872 1723 984 1757 vetuit
998 1722 1185 1756 sacrificari

194 1781 315 1819 idolis,
347 1777 438 1811 nihil
474 1783 633 1809 metucns
668 1775 748 1807 odia
784 1781 900 1807 tantae
935 1774 1186 1814 multitudinis,

193 1844 282 1879 quae
302 1828 535 1871 Evangelium
554 1826 790 1859 aversabatur.
840 1824 935 1857 ldcm
954 1831 1070 1869 postca
1085 1825 1186 1857 seda—

194 1885 238 1918 tis
263 1881 427 1916 civilibus
445 1878 567 1918 bellis,
594 1877 698 1910 etiam
714 1875 856 1908 sustulit
873 1875 1109 1908 dissensiones
1129 1887 1185 1908 ec—

193 1932 410 1969 clesiasticas,
439 1935 626 1962 convocata
644 1927 803 1972 Synodo,
831 1938 894 1959 nec
908 1927 1020 1959 adsuit
1036 1933 1186 1966 tantum,

193 1993 231 2020 ut
250 1985 320 2017 vim
338 1979 539 2026 prohiberet
558 1979 649 2011 inter
665 1985 790 2021 parteS,
812 1978 870 2009 sed
889 1977 1079 2021 disputavit
1101 1977 1186 2020 ipse,

194 2044 228 2070 et
247 2035 426 2068 veritatem
444 2030 575 2075 inquiri
596 2029 717 2063 voluit.
769 2027 857 2061 Nam
874 2039 952 2061 cum
972 2027 1108 2072 Synodi
1134 2033 1186 2060 to-

195 2089 263 2122 tius
282 2083 456 2119 Ecclesiae
477 2081 604 2114 iudicia
622 2080 710 2117 sint,
739 2091 810 2111 non
834 2085 970 2112 tantum
992 2077 1186 2122 Episcopo-

195 2150 291 2172 rum,
316 2133 537 2169 concedenda
555 2138 635 2164 sunt
652 2129 818 2173 suffragia
836 2129 939 2162 etiam
959 2129 1036 2162 aliis
1063 2129 1129 2173 piis
1153 2136 1186 2162 et

195 2189 325 2224 doctis,
353 2185 413 2230 qui
439 2195 509 2216 non
531 2180 952 2224 funguntur.ministeriis
977 2180 1186 2213 ecclesiasti-

197 2241 255 2274 cis.
316 2234 539 2269 Constantini
577 2232 774 2275 exemplum
810 2238 926 2274 postea
962 2228 1185 2264 Theodosius

197 2290 352 2324 imitatus
370 2294 433 2319 est:
461 2292 497 2318 ut
517 2296 657 2327 prorsus
674 2283 804 2315 deleret
824 2282 934 2320 idola,
960 2293 1081 2315 eornm
1098 2289 1186 2316 tcm-
1212 2323 1213 2326 Ἰ

197 2343 251 2386 pla
270 2341 343 2373 solo
361 2336 541 2382 aequavit,
569 2335 695 2367 indixit
712 2334 916 2378 Syiimlum,
944 2334 1095 2366 ostendit
1114 2333 1186 2366 sor-

1212 2395 1213 2403 ¹
1241 2396 1314 2417 reas
1331 2384 1527 2428 opiniones.

196 2405 288 2425 mam
313 2388 504 2423 dirimendi
529 2385 747 2424 certaminis,
775 2384 959 2423 videlicet,
986 2392 1023 2418 nt
1047 2385 1184 2430 proser—

198 2450 319 2477 rentur
337 2447 426 2472 corta
447 2437 644 2471 testimonia
663 2436 892 2480 probatorum
919 2442 1094 2475 autorum,
1122 2447 1184 2468 nec

197 2494 455 2538 permitto-retur
473 2489 535 2521 ulli
554 2500 591 2520 cx
609 2499 680 2520 seso
698 2487 825 2528 fingere
844 2498 952 2519 novas
977 2486 1183 2530 iuterpreta-

195 2546 318 2579 tiones.
354 2541 544 2584 Aliquanto
562 2546 637 2582 post
655 2545 790 2570 secutae
803 2545 885 2571 sunt
900 2538 1048 2582 Synodi,
1064 2534 1185 2581 Ephe-

196 2597 270 2629 sina
289 2599 476 2627 convocata
495 2603 511 2622 a
537 2590 674 2621 iuniore
690 2587 913 2625 Theodosio,
941 2596 973 2622 et
990 2586 1184 2621 Chalcedo-

194 2646 313 2680 ῃρῃιὶς
330 2648 516 2675 com-ocata
535 2652 551 2672 a
571 2640 757 2672 Martiano.
810 2639 878 2672 Sed
898 2646 1071 2684 utranque
1088 2639 1183 2672 arbi-

740 116 900 152 DECL.
937 115 1012 152 DE
1050 114 1297 153 OFFICIO
1328 114 1669 153 PRlNCIPUM.

1211 1981 1213 1991 ¹
1240 1976 1267 2007 si
1292 1976 1398 2008 modo
1426 1975 1509 2008 velit
1536 1974 1746 2018 Imperator,
1774 1987 1846 2008 non
1863 1975 2017 2009 difficilis
2041 1983 2101 2010 est.

2144 120 2218 158 436

1232 199 1458 242 Pulcheriae,
1492 213 1581 246 quae
1604 214 1684 236 cum
1707 210 1794 238 esset
1816 215 1916 239 soror
1937 203 2155 247 Theodosii,
2187 213 2222 242 et

1235 261 1352 298 postea
1370 251 1541 285 Martiani
1556 253 1729 295 coniunx,
1754 261 1788 288 et
1804 263 1948 300 propter
1962 257 2125 291 eximiam
2139 269 2224 301 pru-

1235 304 1390 337 dentiam
1416 309 1449 336 et
1473 304 1680 346 gravitatem
1704 304 1897 348 plurimum
1921 307 2068 351 polleret
2089 308 2225 342 autori-

1236 361 1325 394 tate,
1351 365 1406 386 res
1421 365 1460 386 eo
1483 361 1640 399 tempore
1663 355 1832 388 maximas
1848 356 1945 390 domi
1966 358 2136 402 singulari
2152 358 2226 392 vir-

1236 412 1307 440 tute
1333 404 1553 447 gubernavit.

1339 454 1556 488 iustinianus
1576 456 1703 489 deinde
1720 454 1906 501 Synodum
1925 457 2068 492 alteram
2084 457 2225 505 Byzan-

1236 506 1324 540 tium
1340 506 1557 541 convocavit.
1610 505 1706 540 Idem
1725 519 1801 540 mos
1816 507 1882 541 fuit
1905 508 1970 552 piis
1987 507 2144 553 Regibus
2158 509 2227 543 Hi-

1237 557 1388 601 spanicis
1415 564 1448 590 et
1475 555 1639 599 Gallicis,
1673 570 1866 591 convocare
1894 558 2057 604 Synodos
2090 560 2128 593 in
2155 561 2227 595 suis

1237 608 1370 651 regnis,
1405 607 1508 641 etiam
1543 620 1617 641 non
1653 609 1814 642 consulto
1847 607 2012 643 Romano
2046 608 2227 647 Pontifice.

1237 658 1373 692 Norant
1398 658 1492 691 enim
1525 659 1671 703 imperia
1698 659 1829 693 imitari
1855 660 1982 693 debere
2004 659 2230 704 Decalogum,

1238 709 1299 754 qui
1324 716 1362 743 ut
1384 709 1539 753 primum
1562 710 1792 745 concionatur
1811 711 1854 744 de
1871 712 2110 744 conservanda
2129 711 2229 756 puri-

1238 766 1307 793 tate
1329 760 1532 803 religionis,
1566 761 1614 794 ita
1640 760 1848 805 Principum
1871 758 1962 795 hanc
1981 773 2054 795 esse
2076 762 2228 806 primam

1238 821 1357 843 curam
1374 817 1524 854 oportet.
1573 810 1768 856 Decalogus
1788 812 1882 844 enim
1905 819 1955 846 est
1972 813 2084 846 forma
2103 811 2180 857 piae
2197 818 2232 846 et

1239 858 1406 894 honestae
1433 861 1711 904 gubernationis.
1763 860 1869 896 Extat
1889 864 1982 907 apud
2002 861 2230 897 Aristotelem

1239 906 1396 944 definitio
1415 910 1642 955 Magistratus
1658 913 1890 946 eruditissime
1909 914 2070 957 cogitata,
2094 920 2127 947 et
2141 913 2231 948 mira

1238 962 1452 1006 proprietate
1468 974 1507 995 ac
1524 963 1694 996 brevitate
1712 964 1946 1007 complectens
1963 965 2076 998 officia
2099 963 2232 1000 omnia.

1241 1013 1361 1057 lnquit
1396 1012 1490 1045 enim
1528 1012 1773 1056 Magistratum
1810 1025 1881 1047 esse
1915 1016 2094 1048 custodem
2132 1015 2230 1058 legis.

1237 1062 1333 1106 Ergo
1354 1075 1432 1095 cum
1458 1063 1566 1096 totius
1589 1064 1675 1107 legis
1695 1070 1810 1097 custos
1833 1065 1896 1104 sit,
1923 1066 2014 1098 tueri
2030 1065 2134 1098 etiam
2156 1065 2231 1109 pri-

1239 1126 1332 1147 mam
1350 1112 1517 1157 Decalogi
1533 1115 1688 1147 tabulam
1707 1115 1860 1148 debebit.
1915 1114 1989 1149 Iam
2010 1127 2090 1149 cum
2115 1122 2232 1150 extent

1239 1164 1395 1208 exempla
1420 1164 1560 1208 piorum
1577 1163 1734 1207 Regum,
1760 1177 1839 1199 cum
1863 1173 2070 1209 argumenta
2095 1166 2232 1209 gravis—

1239 1215 1325 1248 sima
1351 1215 1569 1258 praecipiant
1591 1214 1749 1258 Regibus
1779 1228 1970 1250 convocare
1991 1216 2173 1262 Synodos,
2199 1222 2234 1250 et

1240 1264 1452 1298 constituere
1496 1265 1626 1298 iudicia
1669 1266 1916 1308 ecclesiastica,
1962 1279 2035 1300 non
2075 1267 2233 1301 dubitari

1240 1322 1372 1359 potest,
1399 1315 1494 1360 quod
1511 1315 1556 1349 sit
1575 1315 1730 1350 Romani
1748 1315 1974 1361 Imperatoris
1990 1315 2057 1351 hoc
2074 1325 2232 1362 tempore

1240 1367 1407 1400 osticium.
1460 1366 1596 1400 Sentiat
1623 1366 1731 1409 igitur
1756 1364 1822 1400 boc
1844 1374 1981 1410 gratum
1998 1366 2074 1401 Deo
2100 1368 2233 1402 sacrifi-

1241 1418 1333 1450 cium
1353 1418 1447 1456 sore,
1475 1417 1504 1450 si
1524 1429 1618 1450 nunc
1646 1424 1738 1450 recte
1765 1418 1952 1451 diiudicari
1977 1419 2233 1453 controversias

1241 1467 1506 1508 ecclesiasticas,
1533 1475 1566 1501 et
1582 1468 1709 1501 sanciri
1728 1469 1951 1512 disciplinam
1971 1475 2081 1503 curet.
2121 1468 2234 1515 quue

1240 1519 1268 1552 si
1294 1531 1366 1551 non
1397 1519 1538 1560 feccrit,
1573 1519 1726 1561 graviter
1751 1519 1883 1552 oss‘endi
1907 1520 2123 1553 voluntatem
2148 1518 2233 1555 Dei:

1241 1570 1444 1614 praesertim
1463 1581 1541 1602 cum
1560 1570 1722 1604 videatur
1743 1577 1902 1604 secutura
1927 1571 2063 1604 infinita
2081 1571 2233 1617 dissipa-

1240 1621 1288 1654 tio
1311 1627 1343 1653 et
1363 1620 1502 1653 vastitas
1524 1618 1718 1660 Ecclesiae,
1746 1627 1779 1653 et
1804 1633 1941 1654 morum
1957 1621 2137 1662 confusio,
2162 1621 2233 1655 nisi

1241 1683 1320 1704 vera
1338 1678 1369 1703 ct
1386 1670 1550 1703 salutaria
1575 1671 1728 1703 remedia
1747 1671 1783 1703 in
1804 1678 1960 1715 tempore
1977 1679 2204 1716 quaerantur.

1342 1720 1498 1754 Haerent
1512 1728 1643 1754 veteres
1662 1722 1776 1754 morbi
1801 1722 1838 1754 in
1856 1720 2010 1755 Ecclesia
2039 1722 2160 1764 multi,
2187 1723 2231 1757 ad

1241 1769 1321 1811 hos,
1351 1779 1388 1806 ut
1403 1771 1439 1804 fit
1459 1772 1493 1803 in
1509 1772 1713 1810 discordiis,
1742 1772 1844 1805 etiam
1873 1772 1956 1805 novi
1973 1773 2117 1818 quidam
2135 1785 2233 1808 acce-

1241 1824 1340 1856 dunt.
1389 1821 1484 1865 Ergo
1511 1823 1547 1855 in
1570 1823 1752 1867 utriusque
1777 1823 1884 1866 partis
1910 1824 2059 1867 negotiis
2076 1824 2232 1858 delectus

1240 1872 1463 1907 adhibendus
1483 1879 1541 1906 est.
1595 1873 1666 1906 Nec
1684 1881 1765 1907 sunt
1788 1874 1894 1906 armis
1914 1874 2119 1908 stabiliendi
2136 1882 2231 1910 vete-

1241 1937 1294 1957 res
1319 1925 1467 1961 abusus,
1496 1925 1554 1957 scd
1580 1925 1763 1967 praecedat
1781 1936 1861 1957 vera
1878 1924 2103 1966 diiudicatio,
2130 1937 2232 1971 quae,

2152 1974 2231 2010 Ad-

1240 2027 1375 2059 ficiatur
1390 2025 1584 2059 miserrima
1602 2023 1777 2059 Ecclesiae
1794 2026 1923 2070 specie:
1948 2026 2123 2060 discordia
2138 2027 2231 2072 parit

1240 2077 1276 2109 in
1300 2085 1448 2122 utraque
1476 2083 1572 2121 parte
1606 2077 1799 2121 plurimum
1826 2076 2011 2117 vitiorum,
2046 2077 2231 2112 confimat

1239 2129 1421 2161 andaciam
1443 2128 1479 2160 in
1497 2128 1607 2161 malis.
1661 2126 1760 2161 Alibi
1778 2127 2001 2161 trucidantur
2019 2127 2069 2172 pii
2094 2135 2126 2163 et
2144 2140 2231 2163 eru-

1240 2180 1323 2219 diti,
1352 2179 1551 2212 retinentur
1566 2179 1743 2212 idolorum
1765 2178 1898 2217 cultus,
1920 2179 2151 2213 stabiliuntur
2166 2179 2231 2213 ssa-

1239 2231 1384 2272 gitiosae
1407 2230 1590 2270 libidines,
1618 2229 1748 2273 templa
1769 2236 1862 2262 muta
1881 2237 1982 2267 sunt,
2009 2242 2072 2264 nec
2096 2227 2230 2265 babent

1241 2283 1386 2315 idom-os
1422 2281 1702 2315 concionatores:
1744 2286 1776 2313 et
1807 2281 1888 2325 quia
1917 2280 2078 2315 doctrina
2112 2281 2229 2316 consi-

1241 2333 1355 2369 lescit.
1384 2333 1484 2365 multi
1510 2331 1683 2373 incipiunt
1703 2343 1818 2364 ainarc
1843 2328 2042 2375 prophanas
2059 2338 2091 2366 et
2111 2332 2231 2378 epicu-

1580 2382 1674 2415 llacc
1701 2382 1805 2426 pestis
1822 2383 1883 2415 diu
1905 2382 1939 2415 in
1962 2381 2059 2416 ltalia
2078 2389 2229 2427 grassata

1241 2443 1309 2475 cst,
1333 2448 1427 2468 nunc
1453 2435 1554 2467 eti-‘nn
1579 2441 1729 2466 caeteras
1754 2433 1915 2467 nationes
1931 2433 2076 2467 invadit.
2131 2432 2228 2468 Alibi

1239 2486 1432 2520 emendatis
1444 2485 1611 2518 abusibus
1623 2486 1812 2518 succedunt
1829 2497 1918 2517 nova
1929 2484 2038 2524 mala,
2066 2491 2228 2529 propter-

1239 2550 1296 2577 ea,
1323 2537 1404 2582 quia
1421 2536 1503 2570 boni
1525 2537 1684 2569 doctores
1702 2548 1773 2569 non
1790 2535 2003 2569 adiuvantur
2016 2535 2060 2568 ab
2079 2535 2138 2576 iis,
2164 2533 2227 2581 qui

1238 2588 1459 2632 disciplinam
1479 2588 1566 2621 turri
1585 2587 1770 2621 debebant.
1810 2585 1942 2619 Crescit
1960 2585 2066 2629 igitur
2086 2586 2226 2621 lieentia

1238 2647 1268 2672 et
1290 2641 1403 2681 legum
1426 2645 1660 2683 contemptus.
1712 2636 1791 2671 Non
1809 2637 1919 2669 frenat
1942 2636 2080 2670 animos
2098 2637 2227 2684 pudor,

194 2707 267 2733 tror
284 2695 450 2729 indictam
467 2703 538 2724 esse
555 2691 701 2723 consilio
718 2690 890 2723 foeminae
906 2690 1183 2735 sapientissimae
1207 2711 1211 2731 2
1238 2704 1309 2725 non
1341 2690 1531 2729 modestia,
1567 2702 1639 2723 non
1671 2688 1755 2722 iuris
1786 2687 1999 2729 reverentia,
2032 2689 2091 2723 sed
2116 2687 2226 2721 vincit
