2338 2958
46 114 121 149 217

46 204 143 232 natas
159 208 249 237 esse,
275 196 364 229 sicut
379 193 510 228 Paulus
529 201 694 230 testatur:
722 193 858 229 Omnes
874 194 1034 240 Respub.
1055 192 1062 263 Ι

45 247 163 283 omnia
189 246 335 290 imperia
355 258 373 279 a
390 244 466 279 Deo
488 247 649 280 ordinata
666 259 748 281 esse.
804 247 922 290 Quare
938 246 1033 280 Deus

45 310 118 334 non
140 297 253 331 solum
281 296 501 331 Iudaicarum
524 297 657 340 legum,
694 298 754 330 sed
776 297 880 330 etiam
906 295 1032 330 harum

44 356 241 384 nostrarum
267 355 370 382 autor
391 353 459 388 est,
499 360 584 392 quas
613 348 888 392 sapientissimae
916 348 1031 382 natio-

42 411 121 439 nes,
163 406 195 433 et
233 399 365 443 optime
397 399 606 432 constitutae
640 399 796 432 civitates
830 400 1030 433 tenuerunt.

40 449 145 485 Extat
160 447 244 483 haec
262 449 452 493 disputatio
469 456 501 483 et
517 450 608 493 apud
628 449 867 483 Aristotelem:
901 449 1029 483 Utrum

42 502 149 535 satius
166 500 209 533 sit
228 512 282 533 res
298 512 338 533 ex
357 500 486 544 scripto
511 501 585 533 iure
602 500 778 540 iudicare,
806 513 850 533 an
874 512 913 533 ex
933 500 1029 533 arbi·
1052 519 1055 531 ι

40 552 108 587 trio
137 551 312 591 iudicum
355 552 413 583 sed
439 551 644 584 Aristoteles
676 550 779 593 longe
801 551 950 594 praefert
975 551 1029 584 ius

39 603 220 647 scriptum.
272 600 319 635 Et
343 601 485 647 quidem
511 602 556 634 ita
576 601 678 634 dicit:
708 601 779 644 Qui
800 602 910 645 legem
930 614 1028 646 prae-

38 654 127 692 ficit,
158 651 281 686 Deum·
295 659 329 686 et
345 653 436 695 leges
462 652 537 685 vult
552 663 726 696 praeesse,
754 653 812 685 sed
833 652 892 697 qui
912 650 1027 685 homi-

38 716 120 738 nem
140 704 311 747 praeficit,
338 703 436 736 addit
457 703 489 735 ei
511 702 683 744 belluam,
710 703 873 737 videlicet
890 703 1028 747 cupidi-

36 762 144 789 tatem
161 761 194 787 ct
218 753 455 793 iracundiam,
481 765 570 798 quae
587 761 669 787 sunt
694 754 869 791 belluina,
897 761 929 787 et
948 766 1026 798 per-

36 812 178 838 vertunt
194 805 328 838 animos
345 805 450 837 etiam
467 804 503 837 in
529 804 613 837 viris
629 804 783 848 optimis.
836 804 883 838 At
905 805 960 838 lex
977 813 1026 839 est

36 867 134 889 mens
145 856 221 888 sine
239 855 438 899 cupiditate.
494 854 562 888 Sed
579 856 660 900 quid
680 854 916 889 istICentauri
934 856 1026 889 iudi-

35 907 128 940 cium
146 906 345 940 Aristotelis
366 913 608 947 morarentur,
642 906 703 951 qui
725 918 838 951 neque
854 907 1024 940 maximo-

34 969 113 991 rum
136 957 314 998 virorum,
350 956 411 1002 qui
440 956 596 1000 Respub.
627 957 888 991 constituerunt
912 970 1025 1003 neque

33 1007 369 1052 sapientissimarum
402 1007 603 1048 civitatum,
639 1008 790 1053 denique
811 1020 925 1053 neque
954 1009 1023 1042 Dei

33 1058 165 1092 iudicio
190 1066 388 1092 morentur.
450 1058 591 1092 Scilicet
619 1059 695 1102 plus
720 1059 840 1092 vident
864 1057 1024 1093 homines

34 1109 142 1148 ebrii,
171 1109 285 1149 stulti,
313 1108 486 1153 imperiti,
513 1121 617 1154 quam
637 1108 766 1149 Solon,
790 1122 894 1154 quam
913 1109 1022 1144 Sena·

31 1167 88 1194 tus
113 1157 342 1193 Atheniensis
369 1171 407 1192 ac
427 1158 630 1199 Romanus,
666 1172 770 1204 quam
796 1160 935 1201 Moses,
963 1163 1022 1194 de-

32 1210 139 1255 nique
163 1222 267 1255 quam
295 1210 389 1244 Deus
413 1208 486 1253 ipse
502 1210 667 1243 conditor
689 1209 910 1255 Rerumpuh.
927 1219 957 1245 et
973 1213 1022 1245 le-

31 1272 113 1305 gum
139 1268 251 1295 autor.
310 1260 378 1294 Sed
405 1260 489 1304 quid
516 1261 551 1292 in
586 1273 622 1293 re
653 1261 835 1295 manifesta
861 1274 949 1305 opus
973 1269 1020 1296 est

31 1312 136 1355 longa
162 1311 422 1355 disputatione?
474 1310 570 1344 Haec
595 1312 664 1344 dixi
691 1318 826 1344 tantum
851 1314 895 1345 ad
921 1326 1021 1357 prae-

32 1362 244 1395 muniendos
274 1362 528 1402 adolescentes,
561 1373 606 1393 ne
625 1362 829 1404 perniciosis
850 1363 920 1395 illis
943 1364 1021 1406 opi-

31 1413 200 1446 nionibus
217 1412 440 1445 indoctorum
462 1412 714 1447 adsentiantur.
767 1412 1020 1447 Demosthenes

30 1464 67 1496 in
93 1464 243 1508 quadam
268 1462 469 1506 gravissima
494 1475 594 1496 causa
622 1463 726 1504 dicit,
771 1464 881 1506 legem
914 1465 1020 1497 fuisse

29 1514 122 1559 apud
139 1512 292 1554 Locros,
319 1519 357 1546 ut
380 1513 408 1545 si
434 1514 512 1558 quis
528 1525 695 1546 suasurus
719 1521 805 1547 esset
823 1526 951 1547 novam
971 1515 1018 1547 le-

29 1577 124 1608 gem,
155 1570 368 1608 proponeret
389 1575 486 1597 suam
502 1564 712 1597 sententiam
731 1564 916 1598 universae
932 1566 1019 1598 civi-

28 1615 113 1656 tati,
147 1615 238 1648 collo
259 1614 394 1648 inserto
418 1614 454 1647 in
478 1614 662 1659 laqueum,
695 1621 736 1648 ut
760 1613 790 1647 si
814 1627 867 1648 res
893 1616 1019 1660 displi-

27 1666 153 1700 cuisset
169 1665 284 1699 statim
302 1665 600 1709 strangularetur,
623 1665 677 1698 sin
700 1672 815 1699 autem
832 1666 1017 1710 placuisset

27 1729 119 1751 nova
143 1717 216 1755 lex,
253 1716 497 1750 dimittebatur
521 1723 624 1750 autor
650 1716 856 1757 incolumis,
900 1730 1017 1751 exem-

27 1775 86 1812 pto
110 1767 202 1801 collo
225 1779 266 1800 ex
293 1767 432 1813 laqueo.
492 1765 537 1800 Et
558 1767 640 1812 quia
666 1779 770 1800 nemo
794 1768 896 1801 facile
923 1769 1013 1802 iudi-

26 1819 119 1853 cium
144 1818 330 1851 universae
358 1818 510 1851 civitatis
540 1818 657 1851 subire
681 1829 785 1851 ausus
809 1825 878 1858 est,
913 1820 1016 1852 annis

27 1869 178 1913 amplius
202 1868 379 1909 ducentis,
413 1869 512 1901 nullo
534 1880 625 1900 nova
643 1869 695 1901 lex
721 1869 788 1902 lata
808 1877 868 1904 est.
921 1869 1016 1903 Haec

25 1917 282 1954 Demosthenes
299 1919 439 1959 recitat,
466 1926 503 1952 ut
525 1919 648 1952 doceat
671 1919 707 1951 in
734 1919 824 1952 bene
842 1921 1014 1954 constitu-

25 1978 60 2005 ta
79 1969 220 2014 Repub.
245 1969 430 2014 praecipue
452 1967 518 2002 hoc
543 1969 676 2010 caveri,
713 1982 757 2003 ne
777 1977 906 2004 temere
925 1973 1014 2014 leges

25 2028 216 2056 mutentur.
277 2020 431 2054 Proinde
459 2020 575 2054 sciatis
609 2020 725 2060 vobis,
765 2022 1013 2063 adolescentes,

25 2072 124 2106 nullo
144 2073 248 2105 modo
266 2084 344 2105 cum
363 2071 490 2116 ineptis
505 2071 575 2104 illis
595 2071 818 2104 sentiendum
837 2083 927 2113 esse,
952 2074 1011 2118 qui
1036 2095 1038 2100 ·

25 2124 78 2157 ius
94 2123 278 2166 scriptum,
306 2129 339 2156 et
355 2119 445 2155 hanc
461 2122 657 2155 doctrinam
676 2134 779 2167 quam
800 2124 1012 2166 profitemur,
1035 2101 1039 2177 Ι

25 2187 62 2208 ex
87 2174 163 2207 soro
188 2173 329 2217 explodi
353 2174 488 2208 volunt.
543 2173 640 2216 Quin
661 2173 706 2206 ita
725 2174 893 2216 cogitare,
919 2175 1012 2209 inter
1035 2184 1037 2210 ι

24 2232 157 2258 caetera
182 2221 326 2258 honesta
351 2224 463 2257 officia
490 2222 555 2257 hoc
577 2237 717 2269 quoquc
735 2225 889 2269 requiri,
914 2234 953 2259 ut
969 2227 1011 2259 de
1034 2226 1037 2244 ³

23 2276 99 2309 iure
131 2287 170 2307 ac
208 2275 342 2316 legibus
370 2282 570 2308 reverenter
595 2275 763 2309 seiniatis.
830 2274 899 2308 Vos
928 2289 1010 2310 vero
1034 2287 1036 2304 ἰ

22 2323 220 2360 scholastici
239 2325 344 2366 luris,
369 2326 598 2358 memineritis
619 2323 707 2358 lianc
724 2326 919 2358 doctrinam
936 2340 1009 2361 non
1033 2367 1035 2371 Α

23 2377 134 2410 solum
151 2378 192 2409 ad
214 2374 279 2409 hoc
304 2376 412 2415 tradi,
441 2383 477 2410 ut
497 2377 690 2409 causidicos
708 2377 833 2409 efficiat
850 2378 1008 2411 callidio-

23 2439 93 2467 res,
126 2428 185 2461 sed
211 2428 323 2461 multo
355 2427 482 2469 magis,
518 2434 552 2459 ut
581 2427 673 2460 siros
698 2428 805 2460 iustos
833 2440 871 2460 ac
897 2429 1010 2461 bonos

23 2478 157 2512 efficiat.
224 2477 301 2511 Hoc
336 2478 462 2521 putetis
491 2477 527 2510 iu
555 2475 619 2510 hac
654 2478 812 2511 doctrina
843 2480 1007 2523 praecipi,

23 2530 115 2574 qnod
131 2535 179 2562 est
198 2530 288 2571 apud
310 2529 645 2571 praestantissiuium
664 2529 825 2561 Poetam:
1029 2554 1032 2600 Ι

70 2581 183 2612 Discite
200 2585 342 2612 iustitiam
360 2585 466 2611 moniti
479 2605 486 2619 ‚
514 2590 539 2611 et
557 2593 617 2610 nnn
634 2594 769 2620 spernere
786 2584 880 2611 divus.
1028 2604 1030 2607 ι

21 2626 158 2663 Dabitis
181 2630 286 2671 igitur
308 2643 470 2674 operam,
502 2637 540 2663 ut
563 2643 640 2662 cum
661 2631 732 2673 ipsa
756 2630 914 2662 doctrina
932 2636 1006 2662 stu-

21 2680 117 2713 dium
141 2680 295 2714 iusticiae
324 2688 356 2715 et
380 2681 539 2714 omnium
573 2681 741 2714 virtutum
770 2681 1000 2724 coniungatiS.

622 107 780 144 DECL.
832 107 905 145 DE
946 105 1204 144 SCRIPTO
1241 107 1382 145 IURE
1414 119 1496 145 E‘rc.

1051 533 1056 570 l
1079 545 1170 581 hanc
1192 549 1455 592 professionem.

1032 2433 1033 2440 ¹
1061 2438 1150 2459 rum.

1031 2471 1034 2478 ’
1060 2489 1116 2509 rae
1138 2477 1252 2508 landis
1280 2485 1477 2516 merentur,
1509 2492 1613 2523 quain
1649 2478 1731 2513 haec
1769 2482 1926 2514 defensio
1960 2497 2045 2527 pro-

1999 114 2072 147 218

1085 191 1191 235 Quod
1216 193 1358 238 quidem
1380 195 1530 237 facietis,
1554 197 1582 230 si
1600 197 1641 229 ad
1668 197 1854 241 perfectam
1874 198 2071 232 doctrinam

1082 243 1256 287 aspiratiS.
1309 244 1420 279 Nemo
1444 247 1537 280 enim
1561 248 1747 291 perfectam
1766 249 1960 281 doctrinam
1987 261 2072 282 con..

1082 294 1181 340 sequi
1196 301 1325 339 potest,
1353 295 1420 328 nisi
1439 297 1642 339 dignitatem
1660 305 1691 332 et
1709 299 1986 342 magnitudinem
2008 297 2070 333 has

1080 357 1159 378 rum
1183 357 1300 378 rerum
1320 346 1502 390 intelligat.
1556 347 1594 381 Id
1621 357 1736 382 antem
1761 350 1834 383 fieri
1857 362 1929 383 non
1949 357 2072 395 potest,

1080 395 1149 428 nisi
1167 396 1236 428 vim
1255 396 1394 430 virtutis
1412 397 1595 441 intelligat.
1644 398 1783 433 Etcum
1803 401 1988 444 perfectam
2003 402 2065 434 do—

1080 447 1227 480 ctrinam
1247 448 1430 490 expetens,
1457 450 1542 482 ordo
1564 449 1666 482 etiam
1686 449 1907 484 adhibendus
1925 451 2007 492 erit,
2035 458 2069 485 et

1080 498 1249 531 sumenda
1268 510 1306 530 ex
1325 499 1402 532 aliis
1419 500 1554 532 artibus
1571 500 1801 534 instrumenta
1817 503 2008 535 necessaria
2023 503 2066 535 ad

1510 550 1628 593 Quare
1647 551 1674 583 si
1698 552 1776 595 quis
1801 559 1867 590 est,
1896 553 1956 597 qui
1982 566 2067 586 con-

1079 599 1219 643 temptis
1236 600 1401 633 omnibus
1425 601 1551 641 literis,
1580 602 1683 635 irruit
1707 603 1749 634 ad
1770 602 1840 642 ius,
1871 603 1899 635 is
1922 604 2005 637 sciat
2032 615 2067 637 se

1078 649 1145 693 ipsi
1169 650 1350 683 doctrinae
1375 651 1462 684 iuris
1492 652 1658 685 iniuriam
1682 653 1812 691 facere,
1843 665 1930 698 quae
1953 666 2066 698 neque

1077 701 1153 733 vult
1167 702 1345 735 contemni
1361 702 1446 735 alias
1461 703 1573 737 bonas
1589 711 1689 743 artes,
1713 715 1825 748 neque
1842 704 1972 748 percipi
1991 705 2067 738 sine

1077 763 1203 794 inagna
1233 752 1376 786 scientia
1402 753 1592 787 multarum
1617 754 1766 787 aliarum
1789 755 1915 788 artium
1943 763 2065 799 potest.

1076 800 1171 837 Dixi.

1087 999 1156 1034 No.
1174 1001 1235 1035 28.

1910 1007 2003 1045 (anno
2015 1007 2045 1041 Ρ)

1888 1052 2060 1064 „N

1309 1102 1383 1142 De
1416 1105 1586 1157 scripto
1619 1104 1716 1145 iure
1747 1108 1829 1144 etc.

1143 1186 1223 1220 Apud
1246 1187 1318 1213 Crat.
1335 1188 1404 1221 Myt.
1426 1197 1450 1222 p.
1467 1188 1516 1213 218
1531 1198 1607 1222 sqq.‚
1633 1191 1661 1214 in
1686 1191 1836 1217 Declamat.
1857 1190 1887 1217 T.
1905 1191 1924 1217 l.
1947 1199 1964 1224 p
1988 1191 2063 1224 261„

1176 1221 1203 1245 in
1218 1221 1336 1247 Seu-esi.
1351 1223 1382 1247 T.
1400 1224 1419 1249 Ι.
1436 1233 1461 1257 p.
1475 1223 1534 1249 225.
1548 1231 1571 1248 et
1587 1223 1656 1256 apud
1672 1224 1797 1250 Richard.
1814 1226 1846 1251 T.
1864 1225 1898 1250 ll.
1917 1236 1942 1260 p.
1957 1227 2016 1252 54¹.
2030 1241 2063 1246 —

1175 1255 1238 1288 Quo
1254 1265 1326 1281 auno
1343 1257 1441 1290 scripta
1456 1257 1504 1286 sit,
1524 1257 1631 1282 definiri
1648 1267 1703 1284 non
1723 1264 1827 1292 potest,
1854 1260 1902 1284 nisi
1923 1261 1995 1294 quod
2014 1271 2063 1286 co-

1177 1291 1332 1323 gnoscitur,
1362 1292 1423 1324 quia
1444 1292 1541 1325 legitur
1555 1293 1624 1325 apud
1645 1293 1807 1325 cratonem,
1833 1303 1894 1320 eam
1917 1300 1976 1320 ante
1993 1304 2064 1321 anno

1176 1324 1383 1383 1'54'113b2k'mam
1401 1335 1467 1352 esse.
1504 1325 1636 1351 Dedimus
1654 1337 1710 1352 eam
1728 1328 1771 1354 bic
1786 1335 1897 1363 propter
1911 1330 2061 1362 argumenti

1173 1367 1233 1383 simi
1247 1364 1283 1383 itu
1307 1368 1386 1384 inem.

1071 1439 1199 1472 Oratio
1230 1436 1374 1481 publice
1400 1436 1533 1473 habita
1560 1439 1816 1488 Witenberyae
1841 1444 1881 1477 in
1912 1454 2061 1488 promo·

1070 1491 1172 1523 tione
1196 1490 1368 1523 Doctores
1398 1492 1519 1531 Iuris,
1555 1490 1602 1524 de
1633 1494 1772 1536 scripto
1811 1495 1914 1536 iure,
1949 1500 1986 1529 et
2013 1495 2060 1530 de

1184 1538 1371 1585 diytzitate
1388 1545 1556 1575 veterum
1569 1543 1819 1586 interpretum
1838 1547 1945 1579 iuris.

1068 1606 1219 1648 Utiliter
1240 1613 1442 1648 institutum
1466 1623 1534 1657 est,
1567 1623 1607 1650 ut
1630 1616 1666 1649 in
1689 1619 1840 1663 quadam
1864 1619 2058 1665 frequentia

1069 1664 1228 1697 omnium
1247 1665 1433 1704 ordinum,
1460 1673 1492 1701 et
1509 1667 1618 1700 totius
1635 1666 1843 1703 Scholastici
1864 1677 1981 1704 coetus
1998 1673 2058 1705 de-

1068 1722 1260 1749 cernantur
1286 1717 1414 1759 gradus
1439 1724 1472 1750 et
1498 1718 1679 1751 doctrinae
1707 1720 1919 1754 testimonia.
1979 1721 2053 1755 Pri-

1068 1778 1164 1798 mum
1189 1772 1228 1799 ut
1253 1767 1391 1810 publica
1416 1768 1663 1812 suffragiorum
1690 1777 1892 1804 nostrorum
1924 1784 2055 1806 renun-

1067 1816 1170 1849 ciatio
1195 1818 1273 1861 plus
1297 1818 1493 1852 autoritatis
1521 1817 1683 1861 haberem
1715 1821 1842 1854 deinde
1871 1829 1908 1855 ut
1931 1823 1966 1855 in
1992 1821 2057 1858 hac

1066 1866 1262 1912 frequentia
1289 1868 1453 1902 iuventus
1476 1870 1520 1903 de
1545 1870 1744 1904 studiorum
1764 1873 1933 1916 dignitate
1952 1881 2056 1919 atque

1066 1917 1218 1952 utilitate
1235 1919 1478 1954 admoneatur.
1513 1920 1634 1966 ltaque
1650 1922 1710 1954 alii
1728 1934 1861 1956 summa
1881 1937 1957 1957 cum
1977 1937 2051 1966 gra-

1065 1968 1172 2003 vitate
1191 1966 1249 2003 hic
1266 1981 1367 2014 saepe
1384 1971 1428 2004 de
1443 1971 1557 2014 legum
1575 1972 1762 2015 dignitate,
1790 1975 1879 2008 etde
1897 1972 1961 2008 lioc
1982 1983 2053 2010 toto

1064 2030 1190 2062 genere
1220 2021 1401 2054 doctrinae
1428 2022 1612 2062 dixerunt,
1647 2036 1685 2056 ac
1717 2026 1946 2059 ostenderunt
1969 2024 2054 2061 haec

1065 2078 1183 2103 nostra
1210 2072 1325 2105 studia
1359 2072 1546 2116 praecipue
1577 2074 1619 2106 ad
1650 2073 1826 2118 Rcmpub.
1861 2077 2052 2120 pertinere,

1063 2128 1330 2168 secuturamque
1364 2123 1540 2166 ingentem
1577 2125 1819 2158 confusionem
1851 2140 1889 2159 ac
1924 2129 2046 2161 barba-

1063 2172 1150 2205 riem
1174 2173 1263 2206 vitae
1289 2170 1493 2214 hominum,
1527 2174 1555 2207 si
1580 2172 1664 2208 haec
1695 2177 1867 2210 eruditior
1891 2179 2048 2213 doctrina

1064 2221 1387 2257 lureconsultoruin
1417 2225 1602 2260 deleretur.
1656 2225 1726 2259 Nec
1752 2240 1833 2261 vero
1862 2230 2047 2274 quit-quam

1062 2271 1242 2307 honestius
1267 2282 1335 2314 cst,
1364 2282 1395 2308 ct
1421 2276 1586 2309 omnibus
1610 2277 1714 2310 bonis
1733 2278 1832 2318 siris,
1861 2292 1898 2311 ac
1917 2282 2050 2323 praeci-

1061 2336 1128 2368 pue
1153 2332 1272 2357 nostro
1299 2326 1425 2358 urdine
1443 2327 1601 2369 dignius,
1628 2340 1732 2372 quam
1758 2341 1979 2373 propugnare
2001 2333 2049 2364 lc-

1060 2386 1118 2417 ges
1146 2377 1313 2408 adversus
1345 2377 1499 2409 furorem
1532 2378 1585 2409 vel
1613 2379 1752 2421 pnppli,
1795 2380 1848 2412 vel
1878 2388 2047 2425 tyranno-

1205 2425 1330 2459 Nullac
1356 2427 1544 2467 victoriae,
1578 2429 1666 2461 nulli
1695 2428 1863 2473 triumphi
1891 2432 1967 2473 plus
1989 2447 2045 2466 ve-

1060 2527 1295 2571 pugnatioque
1322 2528 1406 2561 iuris
1431 2537 1463 2562 et
1482 2530 1680 2569 doctrinae,
1709 2544 1795 2575 qnae
1817 2539 1865 2565 est
1891 2533 2044 2577 Reiput».

1058 2578 1259 2612 necessaria.
1312 2579 1524 2623 Quanquam
1543 2588 1657 2614 autem
1678 2579 1760 2614 haec
1779 2595 1878 2615 causa
1898 2587 2043 2618 summis

1057 2629 1278 2672 eloquentiae
1296 2629 1430 2662 viribus
1452 2634 1610 2664 ornanda
1630 2640 1719 2671 erat,
1749 2640 1862 2666 tamen
1881 2636 2040 2667 omniunt

1058 2681 1231 2713 laudanda
1256 2687 1303 2712 est
1327 2680 1508 2722 voluntas,
1545 2683 1603 2727 qui
1631 2683 1763 2716 etiamsi
1793 2696 1863 2716 non
1898 2693 2040 2727 poe-sunt
