2338 2958
143 130 244 166 1013

139 215 293 248 firmatas
315 223 388 248 esse
411 210 474 247 has
496 214 700 249 sententias:
742 214 820 249 Non
846 227 945 257 casu,
978 228 1051 249 non
1078 222 1128 249 te-

138 276 254 307 mere,
280 276 352 297 non
368 264 443 297 sine
452 263 527 298 Deo
546 266 639 299 nasci
656 273 688 299 et
707 266 778 309 regi
795 264 988 299 humanum
1004 277 1127 310 genus:

138 316 210 349 sed
228 326 308 347 vere
325 325 397 348 esse
414 313 529 349 Deum
555 315 774 350 conditorem
802 328 940 357 rerum,
973 323 1006 350 et
1034 313 1129 348 hunc

139 365 275 398 bonum
299 364 514 406 beneficum,
548 378 705 400 veracem
718 392 728 407 ‚
761 366 911 404 iustum,
946 366 1127 411 aequalem

139 423 173 450 et
191 421 324 448 castum
342 426 428 448 esse:
455 423 488 449 et
504 415 735 460 inspectorem
751 423 784 450 et
802 417 953 451 iudicem
970 428 1042 449 esse
1062 414 1128 449 ho-

136 465 295 506 minum,
321 465 458 499 dedisse
482 466 574 500 vitae
593 478 774 506 normam,
801 474 833 501 et
850 466 1029 500 verissime
1047 478 1126 499 eum

137 515 241 549 irasci
268 516 476 557 sceleribus,
518 523 552 551 et
583 516 672 550 iram
704 528 803 550 suam
837 517 1063 550 iustissimam
1089 516 1125 548 in

134 566 260 609 poenis
278 566 467 600 declarare.

238 631 311 666 Has
326 632 518 667 sententias
535 644 615 666 cum
634 632 719 667 velit
733 631 829 667 Deus
848 633 1046 667 firmissima
1071 644 1126 666 as—

136 682 299 716 sensione
314 684 427 717 teneri
443 684 488 717 ab
507 684 695 724 omnibus,
722 694 823 727 saepe
841 695 896 717 eas
917 691 949 718 et
972 685 1045 728 ipse
1069 695 1124 716 re-

134 733 279 777 petivit,
298 740 332 767 et
347 734 422 768 vult
436 733 607 767 inculcari
624 733 836 775 iunioribus,
863 747 947 768 voce
965 734 1125 768 omnium

137 784 358 825 docentium,
398 791 431 818 et
454 783 655 818 testimonia
686 784 724 816 in
748 791 819 818 tota
843 796 963 818 rerum
988 792 1125 825 natura,

136 840 170 867 et
187 834 224 866 in
239 834 406 878 exemplis
419 845 612 879 poenarum
632 835 830 879 proposuit.

236 900 307 935 Sed
324 899 391 935 hoc
409 908 567 946 tempore
583 913 655 935 non
671 912 731 935 ero
749 900 941 946 prolixior,
961 912 1000 934 ac
1009 900 1123 935 Deum

134 951 251 994 ipsum
276 952 496 986 conditorem
516 952 653 996 generis
672 949 843 994 humani,
870 958 903 984 et
919 951 1051 985 sontem
1070 962 1125 997 sa-

133 1002 288 1046 pientiae
312 1008 347 1036 et
377 1002 548 1043 iustitiae,
581 1003 643 1048 qui
674 1014 710 1035 se
739 1003 928 1035 clementer
962 1001 1125 1046 patefecit

135 1052 244 1085 misso
261 1053 353 1093 filio,
379 1059 452 1087 toto
470 1059 609 1097 pectore
625 1064 702 1094 oro,
728 1059 768 1085 ut
784 1053 856 1096 ipse
871 1052 937 1085 sihi
955 1059 1123 1096 perpetuo

135 1099 328 1136 Ecclesiam
349 1109 383 1136 et
409 1103 447 1136 in
470 1101 535 1136 hac
554 1103 697 1146 regione
716 1102 874 1145 colligat,
901 1109 933 1136 et
959 1114 1034 1135 eam
1061 1113 1124 1144 gu-

134 1153 262 1187 bernet
283 1165 321 1186 ac
343 1160 474 1194 servet,
500 1159 534 1186 et
551 1153 610 1186 det
623 1152 766 1197 politica
784 1151 930 1195 imperia
947 1152 1124 1193 salutaria,

135 1210 170 1237 et
195 1209 334 1237 tueatur
355 1202 596 1247 disciplinam,
623 1203 734 1246 leges,
758 1203 908 1244 iudicia,
934 1210 967 1236 et
991 1203 1123 1236 doctri-

135 1264 218 1286 nam
235 1253 326 1288 vitae
343 1253 585 1289 necessariam.

238 1319 341 1354 Nunc
356 1332 466 1365 pauca
488 1321 616 1354 addam
645 1321 687 1354 de
713 1320 878 1366 periculis
896 1332 1036 1361 eorum,
1062 1320 1123 1366 qui

134 1368 352 1405 adhibentur
370 1371 523 1416 publicis
538 1371 705 1407 consiliis.

237 1444 273 1481 O
298 1458 372 1480 rem
395 1458 558 1490 magnam
586 1453 620 1481 et
653 1446 792 1491 plenam
815 1446 982 1491 periculi,
1018 1456 1122 1490 quam

133 1509 357 1543 nequaquam
372 1498 444 1531 sola
457 1496 611 1531 humana
625 1497 796 1541 sapientia
810 1498 981 1530 sustinere
996 1502 1122 1539 potest:

134 1548 429 1592 gubernationem
455 1548 684 1581 consiliorum
708 1548 745 1581 in
763 1546 980 1591 Republica,
1005 1557 1066 1579 seu
1086 1545 1122 1577 in

134 1599 237 1634 aulis.
265 1598 388 1638 Nemo,
410 1598 526 1643 inquit
538 1597 698 1639 loannes,
723 1604 836 1642 potest
851 1598 916 1631 sibi
935 1597 1122 1641 quicqu-1m

135 1661 293 1689 sumere,
320 1649 388 1682 nisi
405 1650 527 1683 datum
549 1649 594 1682 sit
617 1649 649 1681 ei
674 1649 717 1681 de
743 1648 852 1682 coelo.
906 1647 986 1681 Non
1009 1653 1123 1690 potest

133 1700 207 1733 sola
231 1699 412 1742 vigilantia
438 1696 592 1732 humana
617 1710 735 1743 regere
753 1696 844 1732 hanc
863 1710 1024 1741 magnam
1046 1709 1122 1729 mo-

135 1751 204 1783 lem
220 1750 446 1793 negociorum
466 1749 568 1785 vitae.
620 1749 688 1783 Sed
706 1748 800 1782 Deus
822 1749 914 1782 veris
936 1748 1123 1791 gemitibus

135 1801 290 1834 orandus
307 1806 377 1839 est,
403 1806 443 1832 ut
459 1799 531 1843 ipse
548 1799 652 1832 nobis
666 1800 766 1838 assit,
788 1800 949 1832 ostendat
966 1797 1123 1837 consilia,

135 1858 169 1884 et
185 1851 244 1883 det
259 1850 431 1882 secundos
447 1856 604 1886 eventus,
632 1849 722 1882 sicut
737 1849 904 1892 scriptum
922 1855 988 1882 est:
1015 1848 1122 1881 Com-

134 1902 261 1934 menda
283 1899 357 1933 Deo
384 1899 475 1932 viam
501 1906 616 1936 tuam,
643 1905 675 1932 et
691 1911 789 1942 spera
807 1899 843 1932 in
864 1910 962 1939 eum,
994 1905 1025 1931 et
1049 1899 1122 1942 ipse

134 1951 248 1985 saciet.
310 1949 495 1984 Caeterum
522 1947 587 1982 hoc
610 1949 820 1993 requiritur,
853 1956 891 1982 ut
912 1949 1042 1982 Paulus
1067 1950 1121 1981 in-

134 2002 232 2047 quit,
258 2007 298 2034 ut
313 2001 432 2034 fideles
448 2000 574 2033 simus:
602 2012 640 2033 ac
657 2000 805 2033 fidelitas
821 1999 1013 2043 opponitur
1030 2000 1121 2032 mul-

133 2053 180 2086 tis
196 2051 318 2092 malis,
341 2052 530 2085 adfectatae
552 2050 787 2093 ignorantiae,
812 2050 1061 2093 negligentiae,
1089 2057 1122 2083 et

135 2103 313 2147 perfidiae.
365 2101 510 2135 Necesse
535 2107 586 2134 est
609 2101 776 2134 artificem
802 2101 927 2133 afferre
947 2100 1121 2143 cognitio-

135 2165 216 2186 nem
247 2153 349 2194 artis,
385 2163 490 2198 quam
517 2151 718 2196 profitetur,
754 2159 793 2186 ut
819 2151 856 2183 in
882 2151 955 2195 lege
979 2151 1120 2196 Aquilia

135 2204 275 2237 dicitur.

238 2275 456 2320 Negligcntia
474 2275 656 2319 perfidiosa
676 2281 744 2315 est,
770 2286 841 2307 non
863 2272 1030 2308 adhibere
1049 2286 1121 2307 me-

135 2328 255 2362 diocre
273 2327 428 2361 studium
445 2327 486 2359 ad
505 2337 544 2359 ea
561 2326 725 2359 discenda
741 2332 775 2359 et
792 2325 1015 2370 inquirenda,
1033 2338 1121 2370 quae

135 2385 168 2412 et
184 2378 271 2412 disci
287 2383 452 2423 possunt,
481 2383 514 2410 et
531 2377 618 2410 scire
635 2376 801 2410 artificem
821 2387 958 2409 necesse
977 2383 1039 2411 est.

713 128 882 165 DECL:
920 129 991 166 DE
1033 128 1258 166 ORDINE
1293 128 1599 169 POLlTlCO.

2069 141 2165 176 1014

1178 226 1256 247 rum
1269 241 1278 255 ,
1305 216 1347 247 de
1359 213 1535 249 Ecclesiae.
1552 217 1810 262 incolumitate,
1835 223 1879 255 ad
1893 236 2032 257 omnem
2049 233 2163 269 poste-

1178 265 1328 301 ritatem.
1381 265 1448 299 Hic
1471 267 1497 300 si
1527 267 1629 301 iudex
1656 269 1699 303 sit
1724 270 1866 312 ignarus
1889 275 2088 314 doctrinae,
2119 279 2162 310 ‹le

1177 326 1244 359 qua
1261 315 1326 349 ibit
1346 316 1382 348 in
1400 317 1623 360 suffragium,
1650 320 1804 355 deterior
1822 330 1871 356 est
1892 325 2058 359 omnibus
2083 339 2162 370 par-

1178 365 1310 399 ricidis.

1277 438 1398 497 ltaque
1428 453 1484 474 rex
1505 440 1669 488 iosaphat
1695 453 1727 480 et
1747 447 1967 491 diligentiam
1986 452 2162 486 iudicibus

1179 491 1368 534 praecipit,
1411 498 1444 524 et
1475 504 1625 535 poenam
1660 497 1892 540 negligentiae
1925 513 1964 535 ac
1995 503 2160 546 perfidiae

1177 540 1359 583 proponit:
1393 539 1474 574 Non
1499 540 1672 583 hominis,
1709 546 1842 592 inquit,
1879 554 2043 585 exercetis
2068 554 2162 587 iudi-

1177 591 1291 630 cium,
1314 591 1372 623 sed
1395 589 1550 627 Domini.
1603 593 1650 628 Et
1673 597 1846 641 quidquid
1875 600 2096 643 iudicabitis,
2124 605 2160 637 in

1177 652 1238 673 vos
1262 641 1491 675 redundabit:
1525 643 1580 677 Sit
1606 644 1712 678 timor
1732 645 1878 681 Domini
1903 652 2100 694 vobiscum,
2128 662 2161 688 ot

1176 703 1254 723 cnm
1279 691 1462 734 diligentia
1488 701 1612 727 cuncta
1635 695 1748 729 facite.
1801 697 1976 745 Praecipit
1999 703 2159 738 timorem

1175 740 1255 782 Dei,
1279 754 1322 775 ne
1336 742 1421 775 falsa
1439 743 1558 777 dicant
1575 753 1696 779 contra
1714 749 1976 791 conscientiam,
2004 756 2160 799 corrupti

1175 792 1294 825 favore
1318 799 1378 826 aut
1398 793 1502 834 odio,
1528 801 1589 827 aut
1605 798 1831 842 muneribus,
1859 802 1914 834 vel
1936 803 2035 837 fracti
2055 813 2160 845 metu,

1175 848 1234 875 aut
1265 843 1467 876 adulatione
1492 852 1698 889 quaerentes
1728 848 2010 886 benevolentiam
2036 862 2160 899 poten-

1176 899 1250 925 tum
1268 900 1301 926 et
1316 894 1503 937 praesidia.

1276 966 1413 1001 Deinde
1430 969 1527 1002 iubet
1542 977 1576 1003 et
1593 971 1776 1015 diligentes
1793 987 1883 1018 esse,
1904 990 1975 1012 non
1993 981 2105 1015 solum
2123 983 2159 1015 in

1175 1029 1359 1052 causarum
1378 1026 1410 1053 et
1426 1020 1646 1062 negotiorum
1663 1025 1882 1069 cognitione,
1908 1031 1967 1062 sed
1995 1032 2098 1065 etiam
2122 1034 2158 1065 in

1174 1068 1259 1111 ipsis
1276 1069 1410 1112 legibus
1427 1071 1709 1111 considerandis,
1733 1087 1883 1119 quorum
1901 1092 2020 1114 vocem
2037 1094 2161 1117 sonare

1175 1119 1316 1154 debent.
1368 1118 1526 1153 Iudicem
1544 1121 1637 1154 enim
1653 1132 1790 1167 oportet
1807 1139 1879 1161 esse
1897 1129 1983 1173 legis
1999 1145 2130 1166 vocem.

1277 1194 1354 1228 Hoc
1390 1203 1611 1240 praeceptum
1647 1198 1731 1242 legis
1758 1199 1921 1246 Iosaphat
1955 1218 2090 1252 semper
2125 1210 2161 1243 in

1174 1251 1313 1290 pectore
1334 1246 1620 1288 circumferatur,
1647 1255 1681 1282 et
1703 1261 1806 1294 saepe
1827 1256 2009 1297 cogitetur.

1276 1318 1368 1353 Sunt
1392 1327 1507 1354 autem
1534 1320 1624 1362 iam,
1653 1321 1742 1366 proh
1768 1326 1889 1369 dolor,
1915 1332 2018 1366 multi
2045 1334 2080 1367 in
2107 1338 2163 1370 di·-

1175 1371 1302 1403 scendo
1320 1370 1552 1413 negligenteS,
1579 1372 1639 1417 qui
1656 1382 1772 1417 postea
1790 1388 1867 1411 cum
1887 1379 2102 1420 adhibentur
2118 1390 2162 1421 ad

1174 1421 1318 1463 negocia
1336 1428 1368 1454 et
1386 1422 1545 1460 consilia,
1573 1423 1654 1467 quia
1673 1425 1785 1459 fontes
1804 1440 1875 1462 non
1895 1441 2040 1475 norunt,
2062 1448 2163 1482 saepe

1175 1469 1441 1504 hallucinantur
1471 1472 1507 1504 iu
1540 1473 1688 1507 dicenda
1719 1480 1904 1515 sententia.
1975 1483 2022 1518 Et
2052 1487 2163 1533 aliqui

1175 1522 1295 1554 confisi
1330 1522 1566 1568 qualicunque
1589 1523 1799 1567 Rhetorica,
1839 1529 2022 1569 inflectunt
2053 1548 2088 1570 se
2119 1541 2162 1571 ad

1174 1572 1372 1605 voluntates
1385 1571 1589 1616 Principum
1604 1599 1612 1612 ,
1636 1583 1667 1609 et
1683 1585 1880 1619 praetextus
1901 1595 2092 1627 quaerunt,
2120 1592 2163 1622 ad

1174 1634 1212 1654 ea
1231 1622 1369 1665 negotia
1388 1625 1546 1656 ornanda
1559 1651 1568 1664 ,
1596 1637 1685 1669 quae
1706 1636 1800 1669 grata
1826 1639 1908 1666 sunt
1924 1633 2162 1681 Principibus⁸

1177 1671 1224 1705 lta
1244 1685 1321 1705 cum
1341 1674 1467 1707 veritas
1485 1681 1516 1707 et
1536 1675 1671 1710 iusticia
1692 1679 1942 1721 opprimuntur
1964 1685 2163 1729 sophisticis

1173 1723 1389 1766 praestigiis,
1417 1733 1615 1769 sequuntur
1636 1735 1753 1770 postea
1777 1731 1867 1765 bella
1896 1742 1928 1767 et
1951 1737 2164 1773 calamitates

1174 1773 1343 1807 infinitae.
1398 1773 1535 1809 Horum
1557 1777 1752 1819 ingentium
1773 1782 1946 1818 malorum
1966 1798 2043 1821 cum
2064 1802 2163 1834 prae-

1174 1824 1275 1867 cipua
1293 1835 1393 1857 causa
1413 1825 1458 1858 sit
1477 1827 1706 1869 negligentia,
1736 1831 1788 1863 vel
1811 1837 1998 1870 assentatio
2023 1839 2059 1872 in
2084 1853 2163 1874 sua-

1174 1873 1323 1914 soribus,
1341 1876 1488 1918 cogitate
1505 1885 1655 1920 quantae
1672 1892 1804 1923 poenae
1823 1883 1905 1926 ipsis
1921 1887 2162 1931 impendeant:

1174 1924 1256 1969 quia
1274 1925 1348 1957 sine
1369 1926 1439 1959 ulla
1459 1928 1680 1962 dubitatione
1695 1934 1907 1970 redundabit
1926 1937 1960 1970 in
1985 1951 2043 1972 eos
2059 1942 2164 1986 quid-

1174 1975 1257 2019 quid
1280 1975 1545 2018 iudicaverunt,
1572 1980 1659 2014 sicut
1679 1993 1736 2015 rex
1758 1982 1920 2027 iosaphat
1939 1989 2065 2035 inquit.
2116 1991 2163 2026 Et

1173 2025 1210 2057 in
1232 2023 1417 2060 Ezechiele
1442 2028 1558 2072 inquit
1582 2031 1689 2064 Deus:
1725 2032 1764 2066 Si
1789 2035 1925 2071 (licente
1951 2052 2005 2073 me
2029 2043 2071 2074 ad
2096 2045 2163 2075 im-

1174 2075 1281 2119 pium,
1308 2084 1420 2111 morte
1437 2080 1609 2122 morieris,
1634 2094 1705 2116 non
1723 2087 1994 2124 annunciaveris
2011 2092 2054 2131 ei,
2082 2105 2163 2126 san-

1173 2127 1313 2169 guinem
1334 2128 1408 2162 eius
1426 2129 1469 2162 de
1486 2142 1593 2164 manu
1612 2138 1668 2165 tua
1687 2135 1877 2179 requiram.

1277 2201 1396 2248 ltaque
1414 2212 1512 2238 acuat
1530 2218 1648 2240 curam
1666 2216 1696 2242 et
1716 2211 1935 2254 diligentiam
1961 2218 2161 2253 considera-

1173 2253 1221 2286 tio
1243 2254 1475 2287 maximorum
1502 2258 1737 2299 periculorum
1765 2269 1796 2295 et
1823 2261 2048 2301 horribilium
2076 2282 2160 2313 poe-

1173 2315 1318 2343 narum,
1346 2312 1377 2337 et
1402 2316 1538 2349 semper
1561 2307 1636 2340 sitis
1662 2322 1831 2346 memores
1859 2316 1952 2349 vocis
1976 2317 2159 2353 Paulinae:

1173 2352 1249 2386 Hoc
1266 2355 1478 2400 requiritur,
1508 2363 1543 2390 ut
1562 2358 1680 2392 fideles
1699 2361 1823 2395 simus:
1851 2364 1885 2397 id
1905 2374 1974 2405 est,
2002 2381 2064 2402 nec
2081 2382 2158 2413 per—

1172 2404 1305 2444 lidiosi,
1339 2417 1400 2438 nec
1426 2407 1648 2449 negligentes.
1701 2412 1901 2448 Adferenda
1930 2425 1979 2451 est
2005 2421 2157 2461 cognitio

235 2452 307 2487 Diu
333 2453 401 2486 iam
429 2452 660 2485 deliberatum
687 2459 737 2486 est
758 2452 800 2484 de
822 2452 976 2495 generali
1002 2453 1120 2487 conci·
1143 2440 1146 2477 ἶ
1172 2455 1352 2488 doctrinae
1371 2457 1412 2488 ad
1431 2458 1594 2497 consilia,
1618 2467 1654 2493 ut
1675 2469 1765 2495 recte
1786 2464 1939 2500 iudicare
1955 2471 2075 2511 possis.

132 2505 191 2546 lio,
218 2505 255 2538 in
272 2516 341 2550 quo
357 2505 399 2537 de
418 2502 665 2537 controversiis
681 2500 857 2536 Ecclesiae
874 2504 1120 2547 pronuncian-
1143 2485 1146 2539 i

134 2558 218 2589 dum
241 2562 303 2591 est.

234 2629 304 2663 Hic
320 2629 486 2672 cogitate,
515 2633 644 2672 quanta
663 2637 718 2659 res
735 2627 798 2666 sit,
822 2628 940 2661 sedere
959 2628 1008 2662 ibi
1027 2629 1121 2663 iudi-

133 2693 206 2716 cem
218 2706 226 2719 ,
252 2682 295 2714 de
312 2679 422 2723 gloria
439 2678 523 2718 Dei,
551 2679 594 2712 de
612 2678 775 2718 veritate,
800 2679 842 2711 de
859 2679 969 2713 salute
986 2681 1120 2713 anima·
1143 2706 1146 2715 Δ

1272 2528 1317 2563 Et
1337 2542 1435 2563 mens
1459 2531 1637 2567 intueatur
1656 2534 1768 2570 Deum
1791 2538 2038 2583 inspectorem,
2065 2544 2158 2577 iudi-

1144 2594 1145 2599 ¹
1173 2591 1245 2612 cem
1269 2586 1300 2612 et
1324 2581 1518 2615 vindicem:
1547 2590 1581 2617 ot
1606 2586 1689 2619 velit
1716 2585 1789 2620 Deo
1814 2591 1976 2632 obedire,
2003 2605 2041 2626 ac
2066 2596 2157 2629 serio

1172 2637 1263 2674 petat
1288 2631 1332 2663 ab
1356 2632 1429 2675 ipso
1451 2633 1614 2667 salutaria
1643 2638 1802 2677 consilia,
1837 2647 1867 2672 et
1898 2642 2007 2675 robur
2039 2645 2159 2686 animi,

1173 2693 1216 2714 ne
1232 2681 1395 2715 voluntas
1414 2683 1595 2725 frangatur
1610 2686 1683 2719 ullo
1700 2700 1809 2732 pravo
1827 2690 1963 2725 affectu.
2016 2693 2094 2728 Non
2113 2696 2158 2731 sit

1479 2734 1562 2767 64*
