2338 2958
110 112 185 151 725

713 109 872 151 DECL.
907 112 963 149 IN
996 111 1231 153 FUNERE
1265 114 1543 156 LUTHERI.

2070 130 2143 166 726

209 197 257 235 Et
278 208 480 244 quanquam
503 194 598 232 athei
616 197 718 232 multi
736 199 1037 241 adversabuntur,
1063 207 1097 235 et
1148 207 1352 243 coaeterno,
1384 201 1538 238 Domino
1563 211 1682 240 nostro
1709 205 1787 242 lesu
1810 205 1970 251 Christo,
1997 219 2027 246 et
2053 212 2136 258 Spi-

108 261 252 295 magnos
274 249 447 283 tumultus
470 249 685 283 excitabunt:
712 255 829 283 tamen
852 250 963 284 sciant
980 249 1095 284 Deum

106 302 307 335 sedaturum
323 311 396 332 esse
412 311 469 333 eas
485 306 717 344 tempestates,
744 307 777 334 et
793 308 1011 335 servaturum
1022 299 1094 335 Ec-

104 350 264 388 clesiam,
313 356 352 383 ut
393 356 478 383 tunc
510 362 652 395 quoque
681 348 907 384 Machabaeis
941 351 1093 386 restituit

100 399 384 445 Rempublicam.
444 399 516 434 Nos
544 408 703 435 nostrum
727 401 881 435 officium
906 402 998 435 bona
1025 403 1092 436 fide

99 450 268 485 faciamus
280 475 289 490 ‚
314 448 381 484 hoc
397 458 463 486 est:
488 451 680 485 necessaria
698 453 877 486 moderate
894 453 1091 495 doceamus,

100 508 135 536 et
150 509 295 536 eventus
312 500 387 535 Deo
407 503 705 537 commendemus,

202 551 296 586 Haec
316 553 433 595 regula
452 564 552 596 saepe
569 552 708 585 coelesti
728 565 811 586 voce
827 552 973 592 tradita,
997 564 1068 586 sem

97 614 161 647 per
187 602 223 636 in
246 610 433 648 conspectu
458 601 617 647 habenda
637 609 698 636 est.
750 603 808 637 Sic
823 603 970 636 enimin
988 603 1086 637 Psal-

96 665 156 686 mo
172 654 317 687 dicitur:
345 653 515 687 Subditus
529 659 601 686 esto
612 652 704 693 Deo,
731 660 762 686 et
778 665 837 687 ora
855 666 946 689 eum.
1001 653 1085 687 Ideo

96 704 251 747 conditi,
275 711 308 738 et
331 704 500 748 sanguine
521 703 583 736 filii
598 701 663 736 Dei
687 704 860 748 redempti
878 716 1018 744 sumus,
1045 711 1085 739 ut

94 752 162 787 Dei
186 755 315 799 templa
338 754 463 793 simus,
497 760 531 787 et
554 765 635 787 vera
660 753 697 786 in
722 754 826 787 nobis
850 755 894 788 de
916 753 991 789 Deo
1018 756 1084 789 do-

94 805 207 839 ctrina
236 806 360 841 luceat.
411 804 484 840 Nec
511 804 645 850 aliquid
678 801 831 851 ἐφόδιον
854 818 894 840 ex
919 803 984 840 hac
1010 807 1081 842 vita

91 856 228 890 auferre
244 867 439 900 possumus.

194 905 313 949 Quare
343 907 416 940 sive
441 907 654 953 tranquilla,
688 908 760 942 sive
782 909 985 943 turbulenta
1009 908 1080 943 sint

90 961 266 1001 tempora,
292 957 337 990 sit
360 955 445 991 haec
468 959 652 1002 praecipua
675 971 778 1000 cura,
802 966 842 993 ut
862 972 948 1004 pura
965 967 998 994 et
1015 971 1079 993 na-

89 1006 160 1040 tiva
191 1008 234 1040 de
258 1006 333 1041 Deo
365 1009 524 1042 doctrina
549 1016 689 1053 pectora
715 1010 939 1045 instruamus.
1001 1009 1078 1044 Hoc

89 1068 168 1090 cum
193 1058 248 1098 fit,
275 1059 456 1092 literarum
478 1066 510 1093 et
528 1060 719 1093 multarum
737 1061 864 1094 artium
883 1061 997 1094 studia
1013 1061 1077 1095 ad-

87 1106 187 1151 iungi
210 1121 348 1143 necesse
371 1117 442 1150 est,
468 1117 507 1143 ut
529 1110 688 1154 quotidie
709 1111 835 1144 videtis
859 1111 897 1144 in
920 1109 1075 1145 Ecclesia

85 1159 279 1193 multarum
298 1160 499 1203 linguarum
514 1166 548 1194 et
566 1160 695 1194 artium
712 1172 814 1194 usum
834 1173 924 1202 esse,
948 1173 1074 1205 magna

85 1221 141 1243 res
166 1216 201 1244 et
223 1210 375 1243 difficilis
400 1217 468 1251 est,
495 1211 679 1254 explicatio
705 1218 737 1245 et
760 1211 966 1245 diiudicatio
989 1225 1075 1245 con-

84 1261 336 1296 troversiarum
361 1261 551 1305 religioniS.
604 1259 651 1295 Et
673 1259 758 1295 haec
780 1262 978 1296 communis
1003 1263 1073 1297 vita

84 1311 219 1355 indiget
243 1323 309 1355 ope
332 1312 523 1344 multarum
543 1311 688 1353 artium,
714 1325 802 1357 quae
818 1313 854 1345 in
872 1310 1001 1346 scholis
1018 1314 1072 1346 di-

84 1362 232 1395 scendae
252 1368 356 1402 sunt,
379 1374 528 1407 quarum
545 1374 617 1395 non
632 1362 711 1396 ideo
730 1363 863 1396 nullam
883 1364 1070 1397 utilitatem

82 1412 159 1446 sore
181 1412 402 1453 existimetis,
437 1413 518 1458 quia
541 1413 672 1446 bellum
697 1414 854 1447 minatur
875 1414 1070 1448 vastitatem

84 1462 316 1497 Germaniae:
351 1464 408 1496 sed
442 1475 520 1497 cum
552 1461 743 1497 Ecclesiam
768 1463 835 1499 Dei
869 1476 1070 1498 mansuram

81 1524 155 1547 esse
184 1525 258 1547 non
283 1513 431 1547 dubium
453 1514 515 1555 sit,
550 1521 684 1558 sperate
707 1515 810 1548 etiam
835 1515 1012 1548 domicilia
1037 1522 1070 1549 et

79 1561 233 1609 hospitia
247 1562 480 1597 Ecclesiarum
493 1576 656 1598 mansura
670 1576 750 1600 esse.
797 1563 841 1599 Et
855 1563 945 1598 hanc
958 1565 1068 1609 ipsam

79 1616 127 1648 ob
155 1626 294 1648 causam
319 1615 523 1657 diligentius
548 1615 688 1654 discite,
722 1615 803 1660 quia
832 1615 880 1648 ibi
905 1627 1068 1649 mansura

78 1671 129 1699 est
144 1663 298 1699 Ecclesia
318 1664 402 1706 Dei,
429 1665 490 1698 ubi
510 1665 564 1698 vel
583 1665 771 1698 mediocria
790 1672 892 1699 erunt
910 1665 986 1710 piae
1003 1668 1068 1700 do-

76 1717 211 1750 ctrinae
227 1716 354 1750 studia,
406 1714 452 1749 Et
467 1728 546 1749 cum
562 1713 646 1749 haec
661 1716 786 1748 mundi
805 1723 962 1749 senectus
979 1729 1068 1761 pene

77 1767 148 1800 iam
171 1767 325 1800 delirans
348 1764 509 1799 habitura
535 1766 579 1800 sit
595 1766 708 1799 varias
724 1766 966 1806 confusiones,
991 1779 1065 1799 ma-

76 1817 132 1851 ior
153 1817 197 1851 sit
221 1816 379 1850 discendi
402 1828 504 1857 cura,
531 1823 570 1849 ut
593 1828 753 1849 normam
772 1823 864 1850 recte
880 1816 1064 1850 iudicandi

76 1867 260 1902 certiorem
289 1874 486 1907 teneamus,
521 1866 633 1899 multa
662 1867 767 1899 etiam
789 1867 1010 1901 eruditorum
1031 1874 1064 1901 et

75 1919 252 1953 bonorum
277 1917 432 1951 consiliis
457 1916 610 1960 mitigari
632 1924 794 1960 possunt:
822 1917 974 1962 denique
989 1930 1060 1951 ma-

74 1981 141 2013 gna
164 1969 291 2002 levatio
309 1974 376 2008 est,
403 1967 562 2000 dolorem
580 1979 617 2000 ea
633 1967 812 2008 doctrina,
838 1980 926 2012 quae
943 1980 1062 2002 causas

72 2018 308 2054 humanarum
334 2018 592 2056 calamitatum,
625 2025 657 2052 et
683 2025 822 2062 portum
848 2018 884 2052 in
911 2031 980 2065 quo
1004 2031 1060 2053 ac-

72 2070 324 2117 quiescendum
342 2076 410 2110 est,
438 2075 619 2102 monstrat,

174 2120 248 2155 Has
269 2117 532 2154 adhortationes
549 2119 697 2153 studiosi
714 2130 814 2163 saepe
831 2121 1000 2163 cogitent,
1025 2129 1059 2155 et

70 2184 107 2206 se
122 2184 196 2207 non
210 2172 323 2205 solum
339 2172 383 2204 ad
401 2171 619 2211 discendum,
647 2171 823 2204 sedetiam
838 2172 880 2204 ad
898 2172 1056 2205 omnium

70 2223 244 2257 virtutum
257 2234 412 2255 amorem
430 2222 633 2255 exuscitent.
688 2220 768 2255 Sint
782 2228 977 2256 constantes
989 2250 998 2263 ,
1024 2230 1057 2257 et

70 2280 144 2308 arte
168 2270 339 2307 humanas
356 2272 513 2305 miserias
530 2272 621 2306 ferre
639 2271 793 2313 discant,
818 2284 880 2305 nec
896 2273 1056 2307 deserant

70 2335 169 2358 suam
193 2323 380 2358 stationem
403 2323 503 2356 fracti
525 2330 638 2363 metu,
673 2329 733 2356 aut
758 2322 911 2356 mollicie
935 2324 1056 2358 animi.

69 2374 192 2410 Sciant
217 2374 341 2415 etiam,
376 2373 455 2407 ideo
478 2371 669 2407 Ecclesiam
696 2373 881 2417 praecipue
904 2375 1054 2408 exerceri

67 2426 204 2469 magnis
230 2424 425 2465 aerumnis,
459 2430 498 2457 ut
527 2424 701 2457 invocatio
727 2424 771 2457 sit
793 2425 991 2466 ardentior,
1021 2432 1054 2459 et

67 2476 222 2521 mitigari
258 2482 402 2509 eventus
439 2474 568 2508 nostris
599 2475 786 2518 gemitibus
816 2487 855 2508 ac
882 2476 1052 2520 precibus,

67 2525 152 2562 Ideo
168 2527 290 2562 crebro
306 2533 504 2571 repetamus
521 2523 604 2558 haec
620 2532 717 2559 vota:

168 2577 221 2612 Te
243 2578 466 2622 omnipotens
487 2583 520 2610 et
541 2575 622 2609 vive
636 2574 747 2616 Deus,
773 2583 911 2610 aeterne
926 2583 959 2611 et
971 2577 1052 2611 uui-

68 2640 106 2664 ce
137 2634 234 2673 pater
255 2628 401 2662 Domini
436 2627 548 2661 nostri
581 2625 658 2660 Iesu
689 2624 840 2668 Christi,
889 2628 1052 2662 conditor

67 2680 227 2714 omnium
257 2691 394 2721 rerum,
427 2687 460 2713 et
482 2677 674 2724 opitulator
696 2689 765 2711 una
790 2689 868 2712 cum
893 2678 965 2712 filio
990 2685 1050 2713 tuo

1147 251 1217 285 ritu
1247 260 1387 292 sancto,
1429 255 1490 299 qui
1526 256 1661 299 colligis
1692 256 1938 293 haereditatem
1971 262 2043 296 filio
2074 272 2134 298 tuo

1146 313 1185 334 ex
1211 299 1274 336 hac
1297 303 1421 337 misera
1438 317 1550 338 massa
1573 308 1708 349 generis
1729 307 1895 348 humani,
1924 320 1956 346 et
1975 325 2047 346 eam
2066 316 2134 347 mi-

1144 353 1255 385 rando
1282 354 1430 386 consilio
1456 357 1651 397 redemisti,
1684 367 1717 393 et
1740 361 1910 395 mirandis
1928 364 2041 396 modis
2059 376 2133 398 ser-

1144 413 1219 434 vas:
1260 403 1464 438 invocamus
1497 413 1531 440 et
1563 419 1720 449 oramus,
1763 418 1801 445 nt
1840 420 1983 456 propter
2020 415 2131 448 filium

1141 458 1241 485 tuum
1258 451 1453 487 Dominum
1479 464 1637 490 nostrum
1659 457 1772 493 Iesum
1796 460 1988 505 Christum,
2015 466 2131 498 crnci-

1141 502 1247 536 fixum
1273 516 1338 547 pro
1368 505 1471 538 nobis
1497 513 1530 539 et
1562 509 1823 551 resuscitatum,
1858 525 1960 558 quem
1986 516 2129 550 voluisti

1140 564 1203 596 pro
1226 554 1330 588 nobis
1355 566 1427 589 esse
1449 556 1625 590 victimam
1649 557 1709 592 καὶ
1732 560 1884 606 μεσίτην
1907 563 1969 598 καὶ
1993 564 2126 611 ἱκέτην,

1139 612 1272 638 mentes
1287 612 1424 639 nostras
1437 606 1572 650 Spiritu
1587 616 1705 642 sancto
1722 623 1830 654 regas,
1857 620 1889 646 et
1908 614 1943 646 in
1961 612 2023 648 hac
2040 619 2127 650 urbe

1138 655 1222 688 etin
1251 653 1305 689 his
1329 657 1532 699 regionibus
1551 656 1742 693 Ecclesiam
1761 662 1824 695 tibi
1845 665 1987 707 colligas
2004 673 2035 699 et
2054 679 2127 700 ser-

1137 717 1213 746 ves,
1239 713 1271 740 et
1287 707 1401 740 studia
1420 720 1521 741 verae
1538 710 1719 744 doctrinae
1737 721 1913 755 protegas,
1940 722 1979 749 ut
1996 723 2026 749 te
2044 730 2124 751 vere

1136 755 1340 791 invocemus
1360 764 1394 792 et
1411 767 1579 803 perpetuo
1597 761 1824 797 celebremus.
1876 763 1969 801 Dixi.

1130 931 1195 967 No.
1212 932 1272 969 89.
1950 955 1997 976 sn.
2027 945 2121 979 1546.

1133 983 1266 997 M
1941 989 2112 1004 m

1379 1032 1436 1074 In
1461 1031 1628 1089 funere
1660 1035 1866 1078 Lutheri.

1196 1117 1226 1144 In
1241 1119 1333 1146 select.
1349 1120 1473 1148 Deelzm.
1488 1121 1519 1149 T.
1537 1121 1584 1147 ΙΠ-
1602 1130 1627 1155 p.
1642 1122 1677 1148 20
1693 1133 1768 1158 sqq..
1793 1124 1906 1153 Servesi.
1924 1126 1956 1154 T.
1967 1127 2011 1153 ΙΗ.
2026 1139 2050 1164 p.
2068 1131 2118 1163 19„

1230 1154 1301 1187 apud
1321 1154 1445 1181 Richard.
1464 1155 1495 1182 T.
1511 1156 1557 1182 ΙΙΙ.
1577 1164 1603 1189 p.
1616 1157 1676 1182 749.
1698 1163 1723 1183 el
1745 1158 1772 1183 in
1791 1158 1869 1185 Tum.
1884 1159 1926 1188 lll.
1953 1162 1981 1187 Ει
1991 1162 2116 1190 fordiam>

1228 1188 1268 1216 tit.
1285 1189 1354 1220 B,1,
1376 1203 1409 1208 —
1446 1189 1552 1215 Prodiit
1568 1190 1649 1216 etiam
1664 1193 1826 1225 separatim:
1854 1193 1952 1220 Oratio
1973 1197 1999 1222 iu
2021 1197 2117 1224 funere

1228 1222 1268 1248 M.
1286 1223 1397 1248 Luiheri
1414 1224 1535 1249 recitata.
1565 1225 1652 1250 Viteb.
1673 1227 1746 1251 1546.
1766 1228 1790 1251 8.
1812 1228 1823 1251 1
1842 1228 1878 1262 pl.
1912 1230 1983 1263 Lips.
1999 1233 2073 1259 1546.
2090 1234 2115 1259 8.

1229 1255 1408 1283 Germanice:
1427 1257 1523 1283 Oratio
1537 1259 1597 1285 iiber
1611 1262 1651 1286 bet
1666 1260 1728 1292 ectri)
1742 1262 1846 1292 ffutbets
1860 1271 1901 1290 nm
1917 1264 2024 1299 2250ss
2043 1268 2116 1300 geht,

1228 1292 1375 1325 nerteutfdjt
1401 1292 1473 1323 hurd)
1500 1292 1532 1320 6.
1556 1292 1731 1326 §tuctur-
1775 1297 1869 1322 Qirtb.
1895 1298 1968 1326 1546.
1993 1303 2018 1327 4.
2051 1304 2058 1326 1
2079 1301 2114 1334 pt,

1227 1325 1342 1353 &ermon
1367 1327 1427 1353 tibet
1451 1329 1493 1353 bet
1519 1327 1582 1360 Reid)
1608 1328 1730 1362 ‘athi-ts,
1769 1332 1912 1364 neneutfdyt
1934 1335 2006 1367 hurd>
2033 1336 2112 1368 Sol).

1227 1360 1329 1393 8utt8.
1349 1360 1425 1387 1546.
1443 1361 1470 1388 4.
1493 1361 1510 1386 2
1523 1363 1559 1396 pt.

1157 1440 1284 1474 Oratio
1313 1442 1353 1474 in
1380 1437 1523 1485 funere
1551 1442 1599 1477 D.
1629 1444 1830 1479 Martini
1856 1447 2077 1493 Lutheri‚

1299 1493 1345 1532 (d.
1362 1495 1415 1526 22.
1433 1494 1518 1525 Febr.
1539 1506 1554 1524 a
1569 1494 1764 1527 Melanthoue
1786 1501 1930 1539 recitata).

1120 1558 1204 1597 Etsi
1229 1562 1265 1595 in
1289 1560 1356 1596 hoc
1379 1563 1522 1608 publico
1546 1565 1642 1600 luctu
1664 1578 1741 1600 mea
1766 1581 1831 1602 vox
1860 1571 1982 1605 dolore
2005 1580 2037 1607 et
2060 1574 2111 1607 la-

1119 1611 1274 1658 chrymis
1292 1613 1500 1658 impeditur:
1527 1621 1643 1649 tamen
1662 1618 1698 1649 in
1718 1624 1810 1652 tanta
1831 1620 2026 1666 frequentia
2044 1625 2110 1657 ali-

1118 1664 1203 1708 quid
1220 1663 1411 1698 dicendum
1429 1665 1508 1706 fuit,
1528 1678 1600 1699 non
1619 1674 1657 1701 ut
1668 1668 1710 1700 ab
1721 1666 1884 1704 Etlinicis
1901 1673 2014 1715 fiebat,
2033 1681 2109 1707 tan-

1118 1721 1191 1747 tum
1208 1715 1251 1747 de
1270 1715 1398 1748 mortui
1418 1715 1600 1750 laudibus:
1628 1720 1687 1751 sed
1706 1720 1822 1763 potius
1844 1723 1886 1755 ad
1906 1735 2108 1759 commone-

1117 1765 1316 1797 faciendum
1332 1772 1468 1799 coetum
1487 1768 1530 1799 de
1547 1768 1706 1802 miranda
1724 1771 1978 1812 gubernatione
1998 1783 2030 1809 et
2046 1789 2106 1820 pe·-

1117 1814 1236 1848 riculis
1252 1813 1441 1857 Ecclesiae,
1459 1824 1498 1850 ut
1513 1829 1580 1862 qua
1600 1819 1642 1851 de
1660 1831 1695 1852 re
1714 1821 1807 1864 angi,
1831 1835 1916 1867 quas
1933 1836 1987 1858 res
2005 1838 2105 1869 prae-

1115 1865 1216 1909 cipue
1237 1872 1415 1909 expetere,
1449 1868 1491 1900 ad
1519 1880 1607 1913 quae
1637 1872 1794 1915 exempla
1819 1873 1969 1917 dirigere
1995 1877 2103 1910 vitam

1114 1917 1277 1956 debeant,
1304 1916 1506 1960 cogitemus.
1541 1918 1618 1952 Etsi
1635 1921 1728 1953 enim
1749 1919 1909 1957 homines
1926 1924 2101 1970 prophani

1114 1967 1151 1999 in
1179 1974 1274 2001 tanta
1305 1968 1512 2001 confusione
1544 1969 1635 2003 vitae
1663 1978 1792 2005 temere
1815 1975 1934 2008 omnia
1962 1983 1993 2010 et
2020 1989 2101 2012 casu

1112 2017 1197 2051 ferri
1211 2018 1443 2052 arbitrantur:
1468 2024 1585 2053 tamen
1604 2033 1667 2054 nos
1684 2023 1804 2057 multis
1823 2027 2014 2070 perspicuis
2032 2027 2100 2062 Dei

1112 2068 1322 2102 testimoniis
1350 2069 1566 2110 confirmati,
1602 2072 1826 2116 seiungamus
1855 2074 2046 2111 Ecclesiam
2078 2092 2098 2113 a

1111 2116 1291 2164 prophana
1307 2119 1554 2161 multitudine,
1582 2129 1617 2156 et
1632 2130 1822 2158 statuamus
1839 2138 1918 2160 vere
1934 2140 2008 2161 eam
2024 2131 2097 2173 regi

1110 2176 1143 2204 et
1158 2171 1289 2203 servari
1307 2170 1504 2204 divinitus?
1531 2179 1563 2206 et
1581 2173 1655 2206 eius
1669 2175 1827 2218 politiam
1843 2184 1935 2212 recte
1948 2180 2096 2223 aspicia-

1108 2232 1203 2261 mus,
1234 2231 1462 2264 agnoscamus
1494 2235 1594 2256 veros
1627 2226 1878 2268 gubernatores
1911 2236 1945 2263 et
1971 2243 2094 2265 eorum

1107 2272 1323 2305 curriculum
1354 2272 1634 2315 consideremus,
1670 2283 1702 2310 et
1729 2277 1898 2320 eligamus
1923 2281 2028 2314 duces
2061 2291 2094 2317 et

1106 2322 1275 2356 Doctores
1298 2322 1462 2363 idoneos,
1497 2336 1584 2368 quos
1606 2326 1747 2370 quidem
1774 2335 1807 2361 et
1829 2329 1883 2372 pie
1904 2341 2093 2376 sequamur

1106 2380 1138 2406 et
1158 2384 1377 2409 veneremur.
1429 2373 1486 2407 De
1508 2372 1562 2407 his
1588 2377 1695 2410 tantis
1713 2378 1817 2412 rebus
1841 2386 1873 2414 et
1894 2383 2039 2425 cogitari
2058 2391 2091 2417 et

1105 2423 1175 2457 dici
1190 2435 1328 2457 necesse
1343 2423 1420 2464 erit,
1448 2426 1586 2469 quoties
1604 2429 1786 2461 reverendi
1802 2429 1869 2463 viri
1888 2430 1929 2465 D.
1941 2432 2088 2467 Martini

1104 2472 1272 2515 Lutheri‚
1304 2472 1499 2508 charissimi
1524 2475 1638 2510 Patris
1658 2485 1692 2512 et
1706 2483 1940 2525 praeceptoris
1963 2484 2087 2526 nostri,

1104 2525 1236 2559 mentio
1260 2526 1331 2559 fiet:
1361 2537 1464 2570 quem
1486 2526 1622 2563 etiamsi
1646 2529 1746 2567 multi
1772 2530 1946 2576 prophani
1973 2532 2088 2567 homi-

1103 2588 1165 2609 nes
1188 2576 1410 2609 acerbissime
1438 2578 1608 2618 oderunt,
1642 2586 1757 2614 tamen
1784 2594 1847 2616 nos
1872 2584 1931 2628 qui
1961 2585 2088 2617 scimus

1102 2628 1206 2660 fuisse
1242 2627 1441 2661 ministrum
1468 2626 1653 2674 Evangelii
1685 2631 1858 2666 divinitus
1891 2635 2087 2676 excitatum,

1103 2689 1258 2712 amemus
1283 2690 1321 2712 ac
1342 2678 1552 2722 probemus,
1586 2688 1618 2715 et
1645 2682 1841 2716 testimonia
1873 2684 2087 2728 colligamus,

1409 2728 1494 2766 46*
