2338 2958
207 125 281 163 355

669 120 828 159 DECL.
877 119 952 157 DE
1004 111 1495 155 INGRATITUDINE
1539 113 1766 155 CUCULI.

2175 112 2251 148 336

211 220 439 258 cognatarum
480 222 600 245 morsu
639 208 839 251 abstinent,
877 207 1091 252 gladiatores
1118 217 1202 241 vero
1228 217 1232 258 1
1255 210 1290 238 et
1312 201 1482 238 Aiacem?
1534 201 1786 246 Intelligebant
1808 202 1903 236 enirn
1926 199 2054 238 horum
2081 197 2250 235 virtutem

211 266 345 300 mutuis
365 263 529 298 caedibus
551 262 589 294 in
610 272 683 294 sese
705 266 826 295 ruunt.
886 259 1009 305 Itaque
1031 266 1064 293 et
1078 256 1204 292 hortor

212 324 247 351 et
262 329 326 351 oro
348 326 470 349 omnes
486 312 681 353 studiosos,
709 318 749 346 ut
764 310 862 345 omni
878 322 1005 354 genere
1024 310 1130 344 officii
1147 310 1203 343 iu·-

213 380 296 402 vare
313 366 440 408 Remp.
460 370 492 397 et
507 363 599 398 tueri
616 374 840 397 communem
857 362 1083 396 concordiam
1100 360 1205 406 anni—

212 426 352 457 tantur,
385 415 423 449 ld
449 415 596 459 dignum
620 420 670 448 est
686 414 790 448 bonis
810 414 895 447 viris
913 420 947 447 et
961 412 1037 447 Deo
1053 418 1203 456 gratum,

216 477 247 503 et
275 475 314 501 ut
337 466 496 500 Psalmus
516 466 650 510 inquit,
687 462 755 498 hoc
781 465 967 507 agentibus
991 463 1088 498 Deus
1107 462 1205 496 dabit

215 518 510 553 benedictionem.
557 516 739 551 Postremo
757 516 837 561 quia
857 528 930 549 non
948 522 1018 549 tam
1036 526 1111 547 mea
1126 526 1206 547 ora-

213 571 328 610 tione,
355 581 459 614 quam
485 568 672 602 autoritate
695 574 727 600 et
744 567 914 600 sententia
931 566 1147 610 optimorum
1173 571 1206 597 et

215 619 597 666 praestantissimorum
614 626 778 652 autorum
802 629 863 650 vos
887 615 1075 656 adhortor,
1103 614 1208 648 libuit

215 674 253 706 in
269 672 338 705 fine
360 671 511 705 adiicere
536 669 767 703 memorabile
789 668 922 701 dictum
947 667 1118 707 Senecae,
1146 665 1207 711 qui

215 724 264 757 sic
281 724 317 756 in
335 729 510 767 postremo
529 721 621 753 libro
638 721 682 753 de
704 720 756 752 ira
781 719 839 752 ait:
867 718 961 752 Dum
980 719 1073 751 inter
1090 714 1208 750 homi-

216 785 279 808 nes
313 785 453 814 sumus,
488 772 643 806 colamus
675 768 950 809 humanitatem,
985 781 1058 802 non
1088 767 1208 802 timori

216 825 401 870 cuiquam,
434 835 506 856 non
539 822 694 867 periculo
725 821 852 861 simus,
887 820 1118 859 detrimenta,
1153 818 1209 850 in—

216 876 346 915 iurias,
381 874 556 914 convitia,
585 872 825 906 vellicationes
855 878 1143 909 contemnamus,
1177 876 1209 902 et

215 938 342 970 magno
372 926 490 959 animo
523 924 643 957 brevia
668 924 822 957 seramus
845 923 1088 961 incommoda,
1125 921 1208 953 dum

216 977 442 1022 respicimus,
476 976 572 1021 quod
598 975 718 1016 aiunt,
752 985 1001 1019 versamusque
1025 984 1109 1013 nos,
1144 971 1210 1003 im-

218 1029 415 1063 mortalitas
433 1027 558 1061 aderit.
612 1026 710 1061 Dixi.

398 1351 472 1392 De
504 1349 848 1404 ingratitudine
880 1349 1039 1390 cuculi.

290 1432 370 1465 Apud
398 1431 471 1456 Crat.
492 1429 561 1463 Myl.
581 1439 606 1461 p.
626 1428 698 1460 16⁷„
727 1427 754 1452 in
776 1428 926 1453 Declamat.
947 1428 980 1453 T.
998 1427 1019 1452 l.
1038 1437 1063 1460 p.
1079 1426 1154 1454 643..
1188 1426 1214 1451 in

324 1466 442 1492 Servest.
465 1464 484 1489 l.
506 1473 530 1498 p.
553 1463 612 1489 563.
641 1468 665 1487 et
686 1463 756 1496 apud
777 1462 892 1487 Richard
913 1461 946 1486 ll.
967 1470 993 1495 p.
1009 1462 1051 1488 87,
1070 1477 1103 1481 -
1142 1460 1216 1486 nane

324 1500 474 1525 orationem
495 1497 623 1532 scriptam
643 1507 699 1522 esse
720 1497 747 1521 in
770 1497 859 1522 lacobi
879 1496 1037 1526 Schenckii,
1064 1495 1216 1521 concinna-

325 1535 393 1560 toris
414 1532 617 1566 Freibergensis
638 1531 770 1563 ingratum
791 1531 912 1557 animum
933 1540 994 1562 eiga
1015 1530 1215 1555 Melanthunem

326 1570 426 1595 docent
447 1567 582 1600 Epistulae
606 1565 666 1591 Vol.
683 1565 728 1591 ΙΙΙ.
750 1576 776 1600 p.
793 1565 852 1591 416.
873 1569 898 1590 et
915 1565 974 1590 427.

223 1662 350 1694 oraim
377 1655 424 1690 de
454 1653 731 1701 myrmnudme
755 1654 897 1695 ‘'und''
923 1652 1052 1686 'mlum
1078 1664 1218 1696 mpro-
1243 1673 1246 1704 ἕ
1272 1689 1367 1710 mare
1398 1683 1565 1721 tanquam
1590 1676 1785 1709 inserviens
1818 1677 1888 1710 illis
1921 1677 2173 1712 incubantibus
2203 1689 2264 1721 per

223 1713 384 1745 motione
420 1708 687 1753 Magistrorum
722 1715 744 1738 α
779 1706 957 1745 Decano,
993 1706 1094 1749 May.
1120 1705 1218 1737 Ληι-

223 1762 374 1796 brosio
400 1755 750 1798 lutei-bocensi,
779 1766 876 1789 anno
899 1757 949 1789 M.
966 1757 1217 1789 DAIVXVII.

224 1830 361 1873 Scitis,
389 1831 659 1870 Adulescentes,
686 1826 750 1861 hos
773 1836 890 1862 coetus
909 1829 1117 1872 disciplinae
1137 1842 1218 1862 cau-

226 1900 261 1921 sa
281 1885 461 1918 institutos
480 1893 570 1921 esse,
594 1888 633 1914 ut
649 1880 862 1913 conveniant
880 1877 948 1912 huc
967 1880 1018 1912 illi
1036 1882 1096 1925 qui
1119 1892 1217 1924 prae-

225 1945 307 1972 sunt
327 1933 554 1972 Academiae,
580 1932 622 1964 ad
643 1931 858 1975 inspicienda
880 1931 1072 1964 iuventutis
1091 1931 1218 1973 studia,

225 1997 258 2023 et
286 1987 419 2031 reliqua
442 1983 635 2017 multitudo
659 1994 721 2015 suo
746 1982 861 2015 officio
893 1982 1067 2018 declaret,
1101 1994 1136 2015 se
1158 1982 1219 2015 de-

228 2038 348 2073 lectari
375 2035 428 2069 his
452 2033 714 2077 congressibus,
749 2033 786 2065 in
811 2033 940 2077 quibus
964 2040 997 2066 et
1025 2033 1218 2066 doctissimi

227 2090 391 2124 homiues
433 2085 670 2125 conveniunt,
730 2091 763 2117 et
806 2081 982 2117 habentur
1024 2084 1220 2122 orationes,

227 2140 378 2184 sumptis
403 2136 576 2176 materiis,
614 2147 653 2168 ex
678 2147 801 2178 magna
827 2136 977 2179 quadam
1006 2134 1218 2179 optimarum

228 2191 357 2225 artium
381 2189 564 2227 varietate,
600 2199 687 2231 quae
711 2193 792 2219 sunt
819 2186 922 2218 utiles
946 2187 1035 2219 vitae
1058 2198 1094 2219 ac
1110 2186 1219 2219 mori-

229 2245 305 2276 bus.
361 2240 410 2273 Ac
431 2251 511 2272 vero
531 2238 674 2270 iuvenes
697 2250 736 2270 eo
759 2238 855 2270 decet
872 2237 1039 2270 libentius
1057 2237 1221 2271 interesse

231 2292 285 2327 his
309 2290 465 2336 pompis,
499 2289 580 2334 quia
609 2290 719 2321 honac
743 2287 851 2321 menti
875 2289 1013 2321 nullum
1033 2296 1082 2322 est
1098 2289 1220 2321 iucun-

230 2345 309 2377 dius
332 2340 585 2386 spectaculum,
614 2352 718 2384 quam
744 2339 862 2371 videre
889 2340 973 2372 tales
991 2346 1108 2373 coetus
1128 2339 1221 2372 viro-

233 2408 310 2429 rum
346 2391 590 2425 excellentium
632 2390 806 2431 ingeniis:
847 2391 1027 2430 doctrina,
1080 2390 1221 2424 virtute.

234 2446 319 2480 ,Natu
345 2451 377 2477 et
406 2443 476 2486 ipsa
503 2442 642 2475 virtutis
659 2438 888 2485 pulchritudo
912 2442 946 2474 iu
968 2442 1222 2486 praestantibus

233 2497 336 2534 viris„
373 2494 491 2525 oculos
517 2500 618 2537 atque
637 2493 772 2525 animos
795 2490 980 2525 hoininuin
1004 2493 1148 2526 mirifice
1167 2505 1221 2525 ca-

233 2549 294 2592 pit.
349 2543 392 2577 Et
418 2545 510 2576 iuvat
537 2557 593 2575 eos
621 2545 714 2575 siros
739 2544 884 2583 intueri,
913 2544 970 2588 qui
992 2550 1073 2577 sunt
1092 2543 1222 2588 praeci-

234 2611 300 2642 pua
324 2601 528 2629 ornamenta
567 2593 717 2637 lieipuh.
780 2593 836 2627 An
866 2594 1069 2628 existimatis
1095 2594 1222 2627 exerci-

233 2658 307 2683 tum
335 2647 508 2681 Graecum
536 2646 576 2676 ad
602 2644 746 2677 'l'roiam
773 2646 966 2690 quidquam
994 2653 1162 2690 spectasse
1182 2645 1223 2677 li-

235 2699 392 2738 bentius,
426 2708 530 2742 quam
556 2708 623 2728 uua
653 2697 850 2729 incedentes
875 2695 1015 2735 heroas.
1052 2694 1223 2730 Achillem

1255 254 1433 300 praesidio
1455 264 1529 287 esse
1549 253 1717 287 universo
1742 253 1921 289 exercitui.
1981 253 2101 297 Quare
2120 255 2154 288 et*
2184 245 2253 289 his,

1257 306 1319 352 qui
1351 311 1518 350 praesunt
1545 303 1777 345 Academiae,
1809 304 1938 348 gratias
1964 316 2046 348 ago,
2081 306 2176 350 quod
2213 306 2254 338 :u

1230 392 1233 399 ,
1257 364 1410 390 veterem
1437 353 1795 400 honestissimumque
1826 366 1962 389 morem
1988 363 2248 397 conservarent,

1230 401 1233 416 ⁴

1232 520 1234 529 ·
1259 509 1418 543 studium
1441 520 1543 542 suum
1572 519 1650 551 erga
1679 514 1920 552 praeceptores
1951 509 2153 542 ostendunt.

1258 419 1332 441 non
1367 407 1539 450 gravatim
1572 403 1643 440 huc
1674 412 1915 447 accesserunt;
1959 411 1995 440 et
2029 407 2249 452 reliquorum

1259 459 1365 492 laudo
1384 457 1558 497 officium,
1585 456 1645 502 qui
1663 468 1724 490 sua
1742 457 1958 502 frequentia,
1984 457 2202 493 voluntatem
2216 464 2250 491 et

2202 506 2252 542 Et

1260 561 1430 606 quoniam
1455 556 1548 592 nihil
1571 558 1682 602 magis
1705 559 1803 593 decet
1826 559 1863 592 in
1886 570 2074 602 congressu
2091 559 2253 593 erudito-

1260 624 1350 652 rum,
1377 622 1482 656 quam
1500 610 1729 643 commentari
1746 617 1807 644 aut
1822 610 1990 643 disserere
2008 611 2051 643 de
2066 610 2171 644 rebus
2187 610 2252 643 bo-

1260 663 1327 703 nis,
1355 668 1388 695 et
1405 659 1470 695 hae
1483 660 1623 694 dicendi
1639 668 1754 705 partes
1770 658 1860 694 mihi
1872 662 1972 694 datae
1986 668 2080 702 sunt,
2104 671 2253 704 magno-

1260 724 1343 757 pere
1358 712 1523 756 optarim,
1550 723 1606 744 me
1625 723 1725 756 posse
1742 711 1879 745 adserre
1895 711 2091 745 orationem
2107 711 2252 756 dignam

1262 761 1330 796 hoc
1353 761 1601 796 honestissimo
1625 769 1737 798 coetu.
1791 761 1861 796 Sed
1878 769 1928 796 est
1948 759 2179 796 humanitatis
2193 773 2253 795 ve-

1263 821 1372 855 strae,
1405 814 1520 847 favere
1549 813 1654 846 etiam
1681 813 1920 847 mediocribus
1946 813 2117 858 ingeniis,
2153 825 2254 858 prae-

1263 865 1382 898 sertim
1408 876 1488 897 cum
1517 864 1775 898 exercitationis
1802 876 1904 898 causa
1929 861 2014 898 haec
2037 864 2256 899 consuetudo

1265 915 1406 949 dicendi
1431 914 1592 948 instituta
1617 914 1673 949 sit.
1728 913 1774 948 Ut
1793 922 1910 949 autem
1932 916 1992 948 alii
2019 913 2086 949 hoc
2104 915 2182 949 loco
2199 915 2256 948 in—

1264 967 1404 1000 terdum
1431 967 1474 999 de
1497 965 1626 998 artium
1645 965 1837 1008 dignitate,
1862 966 2040 1000 interdum
2064 967 2108 1000 de
2126 966 2256 1001 virtute
2300 963 2303 966 ⁴

1265 1017 1382 1061 aliqua
1400 1017 1543 1056 dicunt,
1571 1015 1617 1050 ita
1633 1027 1768 1049 sumam
1786 1023 1819 1050 et
1835 1017 1908 1060 ipse
1924 1017 2058 1062 aliquid
2076 1030 2116 1051 ex
2133 1015 2259 1051 Philo-

1266 1065 1402 1112 sophia.
1456 1065 1509 1100 Ac
1536 1078 1620 1100 vero
1649 1078 1728 1110 pars
1755 1073 1806 1101 est
1831 1064 1998 1113 Physices
2024 1080 2098 1101 non
2126 1068 2259 1109 infima,

1268 1118 1422 1162 cognitio
1439 1125 1585 1151 naturae
1601 1117 1848 1151 animantium.
1885 1117 1977 1152 Nam
1992 1118 2176 1164 inquisitio
2194 1131 2259 1152 na·

1267 1176 1364 1204 turae
1390 1181 1512 1202 eorum
1545 1169 1655 1202 multa
1688 1169 1897 1202 monstravit
1928 1171 2102 1210 remedia,
2129 1169 2259 1203 deinde

1268 1232 1406 1254 morum
1432 1219 1582 1253 varietas
1604 1219 1717 1252 indita
1743 1219 2007 1262 animantibus,
2039 1227 2162 1254 monet
2182 1232 2258 1261 nos,

1269 1269 1366 1305 hunc
1382 1271 1555 1304 mundum
1573 1282 1645 1303 non
1666 1276 1795 1303 temere
1813 1278 1873 1305 aut
1898 1283 1978 1305 casu
2001 1271 2173 1310 extitisse,
2199 1272 2259 1305 sed

1268 1334 1286 1355 a
1305 1328 1421 1355 mente
1437 1321 1554 1366 aliqua
1575 1327 1715 1354 aeterna
1731 1328 1847 1355 ortum
1863 1333 1953 1364 esse,
1980 1334 2068 1367 quae
2084 1321 2261 1366 impressit

1241 1377 1242 1386 ¹
1271 1372 1441 1416 imagines
1476 1384 1616 1405 morum
1651 1371 1754 1405 etiam
1790 1372 1905 1406 brutis
1931 1373 2189 1414 animantibus,
2222 1379 2261 1406 ut

1242 1608 1246 1655 Ι

1245 1969 1246 1973 ¹
1273 1937 1376 1964 states
1396 1931 1507 1963 solent
1528 1942 1598 1963 esse
1614 1930 1846 1963 saevissimae.

1249 2734 1251 2738 ι
1280 2703 1331 2729 tos
1356 2697 1516 2729 doctores
1543 2695 1658 2729 debel-

1269 1422 1437 1467 exemplis
1455 1422 1524 1455 illis
1547 1422 1720 1456 admoniti
1745 1419 1926 1464 homines,
1952 1423 2128 1458 discerent
2144 1435 2262 1457 amare

1270 1481 1362 1507 recte
1378 1474 1486 1514 sacta,
1513 1480 1546 1507 et
1561 1473 1675 1506 odisse
1692 1473 1786 1508 vitia.
1841 1473 1957 1517 Quam
1981 1481 2126 1509 venusta
2145 1474 2262 1517 imago

1271 1532 1321 1558 est
1346 1523 1542 1565 Ecclesiae,
1575 1521 1788 1569 halcyonum
1824 1531 1962 1569 partus,
1994 1537 2084 1570 quae
2115 1536 2194 1559 cum
2224 1525 2262 1558 in

1271 1575 1424 1619 scopulis
1450 1575 1486 1607 in
1513 1575 1600 1607 mari
1623 1575 1823 1614 nidificent,
1851 1576 1964 1610 solent
1988 1576 2157 1611 incubare
2174 1576 2262 1612 ovis.

1273 1633 1304 1660 et
1320 1626 1502 1659 excludere
1520 1625 1635 1669 pullos
1661 1625 1694 1657 in
1719 1626 1832 1659 media
1853 1627 1995 1665 bruma,
2022 1639 2100 1661 cum
2120 1627 2262 1673 quidem

1274 1728 1361 1760 illud
1380 1734 1517 1771 tempus
1535 1727 1682 1761 mitescit
1701 1734 1732 1761 et
1749 1727 1927 1771 placidum
1944 1735 2005 1762 est.
2043 1727 2104 1762 Me
2120 1729 2262 1774 quidem

1273 1777 1356 1811 haec
1374 1778 1487 1822 imago
1505 1790 1604 1822 saepe
1621 1779 1786 1812 admonet
1804 1776 1992 1819 Ecclesiae,
2011 1791 2100 1825 quae
2116 1780 2262 1824 perinde

1272 1835 1310 1862 ut
1328 1826 1514 1874 halcyoues
1531 1829 1567 1860 iu
1583 1829 1690 1868 mari,
1718 1826 1782 1862 hoc
1800 1835 1861 1869 est,
1885 1830 1920 1862 iu
1935 1830 2082 1863 summis
2100 1830 2264 1875 periculis

1274 1887 1441 1913 versatur.
1494 1879 1630 1913 Deinde
1655 1880 1744 1923 parit
1769 1891 1808 1913 eo
1833 1886 2008 1924 tempore,
2035 1893 2113 1914 cum
2130 1888 2264 1925 tempe-

1888 1930 2047 1965 Fortasse
2064 1939 2180 1966 autem
2197 1929 2264 1966 hoc

1273 1989 1355 2015 suut
1390 1981 1585 2015 foeticiores
1619 1979 1824 2027 halcyones,
1863 1981 1932 2015 illis
1965 1982 2115 2016 mitescit
2151 1995 2263 2022 mare;

1274 2031 1452 2066 Ecclesiae
1468 2045 1540 2065 non
1558 2039 1691 2066 tantam
1705 2033 1877 2066 rationem
1896 2030 2027 2067 habent
2043 2034 2199 2078 tyranni,
2226 2041 2265 2068 ut

1275 2084 1399 2128 placati
1432 2083 1686 2128 aliquantisper
1722 2084 1915 2116 concedant
1950 2084 2065 2117 ocium
2103 2085 2265 2128 parienti.

1274 2134 1342 2168 Sed
1362 2142 1496 2171 tamen,
1522 2134 1553 2166 id
1574 2146 1714 2179 quoque.
1739 2134 1793 2177 fu,
1821 2134 1993 2168 divinitus
2011 2135 2266 2181 aliquantisper

1275 2185 1357 2227 tegit
1383 2184 1478 2218 Deus
1496 2184 1684 2223 Doctores,
1711 2186 1794 2217 dum
1820 2194 2008 2229 propagata
2027 2186 2187 2220 doctrina
2208 2197 2264 2220 so-

1276 2237 1371 2269 boles
1397 2237 1575 2271 adolescit.
1628 2235 1856 2269 Conveniunt
1883 2234 2058 2271 Ecclesiae
2085 2244 2117 2272 et
2151 2249 2264 2271 mores

1276 2285 1504 2332 halcyonum,
1534 2286 1690 2319 nesciunt
1719 2287 1912 2325 adulteria,
1946 2295 1978 2321 et
2003 2289 2155 2322 extincto
2179 2300 2260 2322 con-

1278 2339 1354 2379 iuge.
1382 2339 1470 2371 alter
1493 2345 1605 2371 manet
1627 2338 1781 2376 coelebs,
1808 2345 1838 2371 et
1859 2338 1963 2382 paulo
1983 2346 2058 2382 post
2077 2340 2173 2373 luctu
2190 2351 2264 2373 mo-
2308 2352 2310 2359 ’

1277 2390 1377 2423 τίων.
1435 2388 1565 2422 Mulier
1582 2388 1683 2420 etiam
1700 2401 1817 2421 senem
1834 2389 1998 2423 maritum
2015 2389 2201 2436 Cerylum,
2227 2397 2262 2424 ut
2307 2411 2309 2419 ι

1277 2442 1368 2484 apud
1401 2439 1554 2473 Graecos
1578 2439 1721 2482 legitur.
1749 2447 1857 2481 gestat
1883 2437 2038 2474 humeris
2061 2441 2134 2474 suis
2157 2452 2265 2486 aqua-

1278 2499 1364 2527 tum.
1421 2490 1538 2536 ltaque
1564 2498 1693 2524 veteres
1720 2491 1933 2535 scripserunt
1954 2488 2090 2525 honesti
2111 2492 2264 2534 coniugii
2304 2510 2313 2518 ·=

1277 2543 1434 2586 exc-npla
1449 2554 1538 2579 esse,
1566 2543 1659 2586 quod
1681 2542 1822 2586 quidem
1842 2542 2108 2586 nnirtlisplicvt.
2135 2543 2193 2576 sed
2214 2549 2266 2576 ta·
2305 2567 2307 2569 -

1278 2607 1357 2626 men
1388 2594 1429 2626 ad
1458 2591 1646 2626 Ecclesiam
1675 2605 1745 2626 uon
1773 2593 1862 2625 male
1888 2594 2035 2637 quadrat
2061 2594 2267 2638 exemplum.
2305 2621 2310 2629 .

1279 2658 1367 2689 quae
1392 2651 1522 2687 gestare
1542 2652 1572 2677 et
1596 2644 1713 2676 fovere
1735 2644 1901 2677 omnibus
1919 2643 2043 2676 officiis
2070 2645 2264 2678 benemeri-

1721 2693 1860 2728 l‘ossem
1885 2695 1950 2728 alia
1977 2697 2087 2730 multa
2110 2695 2265 2740 exempla
