2338 2958
205 122 277 158 159

198 209 268 243 ocii
291 207 583 252 voluptatumque
595 232 604 245 ‚
629 215 703 237 non
721 203 841 236 volent
857 200 1041 236 formicam
1059 200 1193 241 audire,

199 267 304 305 atque
328 258 480 298 imitari,
505 258 548 290 ad
573 267 678 300 qnam
703 266 722 288 a
736 253 810 287 Deo
832 260 1001 298 tanquam
1019 252 1063 286 ad
1082 251 1192 294 magi-

199 318 290 345 stros
313 309 410 342 missi
434 314 534 347 sunt,
561 304 598 338 hi
621 306 733 339 sciant
755 317 792 339 se
813 303 1037 348 gravissimas
1062 313 1193 346 poenas

200 366 418 403 contemptae
456 358 660 401 magistrae,
707 356 778 389 imo
811 353 1005 398 contempti
1035 353 1193 386 coelestis

199 411 361 446 mandari
378 411 519 443 daturos
534 419 617 449 esse,
641 407 714 442 odit
731 407 824 440 enim
843 407 959 439 ocium
968 403 1073 445 Deus,
1094 404 1194 436 ideo-

200 475 267 508 que
290 473 362 495 non
388 472 500 494 unum
519 459 726 493 calamitatis
745 469 854 503 genus
870 469 909 490 ex
929 455 1004 489 ocio
1024 454 1193 490 nascitur.

199 513 293 548 Dixi.

198 725 260 761 ΝΥ.
280 725 337 760 19.
1025 732 1072 750 au.
1091 719 1185 750 1528.

196 774 325 786 Μ

514 833 588 873 De
621 830 881 872 dialectica.

268 924 351 958 Apud
373 924 444 950 Crat.
465 920 534 956 Myl.
557 929 583 954 p.
598 919 648 945 407
667 928 741 958 φφ,
766 918 793 943 in
809 917 962 944 Declamat.
988 917 1022 943 T.
1037 916 1058 944 1.
1085 926 1110 951 p.
1125 917 1196 951 400„

302 961 329 986 in
343 960 460 985 Servest.
475 957 496 983 1.
510 964 536 990 p.
550 955 610 981 346.
621 974 628 984 ,
653 953 779 980 Richard.
794 954 813 978 Ι.
829 963 854 986 ρ.
869 953 927 979 226.

198 1059 327 1094 Oratio
356 1053 516 1089 Iacobz·
544 1049 758 1086 Milichie·
793 1049 839 1084 cle
865 1049 1092 1091 dialectica,
1127 1047 1195 1082 Ιια-

216 1109 294 1144 bna
315 1110 355 1143 in
369 1106 600 1152 promotione
619 1103 909 1149 Mage‘slrorum,
945 1112 1043 1135 anno
1065 1099 1174 1136 1528.

198 1207 295 1250 Cum
322 1207 461 1244 scholae
486 1205 704 1240 consuetudo
729 1203 831 1237 vobis
853 1209 935 1236 nota
959 1202 1023 1243 sit,
1048 1214 1121 1235 non
1139 1214 1197 1235 ar-

197 1264 355 1299 bitrabar
372 1257 462 1293 mihi
477 1270 565 1302 opus
583 1268 655 1290 esse
673 1255 779 1298 longa
796 1254 1018 1294 defensione,
1046 1266 1109 1286 cur
1126 1250 1196 1286 hnc

198 1317 242 1350 ad
267 1313 457 1347 dicendum
483 1306 696 1342 accesserim.
756 1304 914 1349 Imponit
939 1302 1028 1337 mibi
1055 1304 1196 1337 dicendi

197 1364 436 1400 necessitatem
459 1371 536 1392 mos
560 1357 742 1403 publicus,
772 1356 829 1389 cui
854 1356 883 1388 si
899 1355 1021 1394 {nolim
1037 1355 1197 1399 obsequi,

198 1429 271 1451 non
289 1414 371 1448 satis
388 1410 584 1454 intelligere
602 1408 742 1446 videar,
765 1406 851 1451 quid
871 1407 913 1439 ad
932 1405 1020 1439 honi
1034 1405 1102 1438 viri
1118 1405 1196 1438 offi-

199 1469 293 1502 cium
317 1463 500 1510 pertineat.
554 1458 673 1504 Atque
689 1458 825 1492 utinam
844 1457 1012 1501 quoniam
1031 1469 1104 1490 non
1120 1468 1197 1489 sus-

199 1519 276 1564 cepi
300 1515 367 1550 hoc
391 1513 546 1548 officium
573 1510 711 1554 privato
737 1507 904 1548 consilio,
931 1508 991 1540 sed
1010 1507 1146 1551 legibus
1165 1513 1196 1540 et

201 1567 372 1604 institutis
398 1561 740 1609 sapientissimorum
765 1556 973 1599 hominum,
1005 1558 1067 1604 qni
1093 1558 1197 1591 nobis

200 1634 261 1667 per
295 1628 420 1651 manus
451 1612 547 1648 hunc
581 1623 717 1645 morem
750 1610 991 1650 tradiderunt,
1038 1615 1197 1649 coactns,

199 1673 279 1718 plus
301 1665 500 1702 autoritatis
520 1665 564 1697 ad
583 1675 645 1696 vos
663 1661 775 1695 oratio
793 1673 869 1694 mea
885 1658 1032 1700 habeat,
1059 1672 1129 1705 quo
1145 1659 1197 1692 sa-

201 1723 302 1757 rilius
340 1720 375 1752 id
406 1717 499 1763 quod
534 1715 634 1753 volo,
682 1713 893 1757 persuadere
924 1711 1026 1745 vobis
1055 1711 1197 1755 possim.

201 1774 335 1807 Verum
362 1777 412 1803 est
432 1767 523 1801 illud
546 1765 673 1799 veteris
686 1763 832 1797 Poetae:
860 1761 995 1796 Eadem
1017 1761 1130 1795 oratio
1153 1762 1197 1795 ab

202 1827 352 1859 obscuro
371 1828 404 1855 et
421 1818 534 1852 nobili
553 1817 665 1857 dicta,
690 1827 762 1848 non
780 1815 872 1848 idem
888 1814 990 1849 valet.
1045 1812 1116 1848 Vos
1134 1825 1196 1846 au-

201 1886 271 1911 tem
299 1870 501 1907 iudicabitis
519 1866 611 1902 banc
630 1879 703 1900 non
721 1873 792 1900 tam
808 1877 939 1906 meam,
966 1876 1072 1910 quam
1089 1864 1197 1898 totius

203 1934 343 1962 senatus
363 1921 591 1960 Academiae,
619 1919 689 1951 imo
706 1918 823 1961 legum
840 1928 961 1949 vocem
981 1927 1065 1951 esse.

307 1991 371 2027 Est
395 1990 489 2025 enim
514 1985 605 2021 mihi
632 1986 822 2020 dicendum
846 1985 888 2017 dc
916 1984 1052 2018 ratione
1076 1995 1115 2017 ac
1141 1983 1197 2016 via

204 2044 380 2083 discendi,
413 2053 452 2075 ac
477 2039 696 2084 perniciosus
720 2037 944 2082 quorundam
972 2047 1070 2068 error
1095 2034 1198 2069 casti-

204 2098 357 2141 gandus,
383 2093 442 2138 qui
460 2091 620 2125 ordinem
641 2089 677 2122 in
696 2087 862 2121 discendo
879 2092 1102 2131 pervertunt,
1130 2097 1198 2131 qua

206 2151 240 2182 in
275 2160 310 2181 re.
344 2145 498 2189 profecto
526 2148 558 2175 ct
585 2140 746 2174 omnium
771 2145 1037 2183 praeceptorum
1065 2144 1198 2171 vestro—

206 2213 302 2237 rum,
328 2204 355 2229 et
385 2195 578 2228 multorum
603 2193 787 2225 doctorum
811 2187 996 2222 bominum
1015 2188 1200 2229 sententia,

208 2252 259 2284 wt
287 2247 426 2294 querela
452 2245 586 2289 potius,
615 2255 692 2276 mea
717 2249 884 2286 tanquam
911 2240 1094 2284 praeconis
1115 2251 1198 2273 voce

207 2302 306 2334 vobis
333 2297 538 2342 exponenda
567 2301 626 2327 est.
679 2292 783 2327 Scitis
808 2291 936 2335 gradus
955 2303 1043 2336 quos
1062 2297 1199 2329 vocant,

208 2369 224 2387 a·
245 2351 420 2384 veteribus
441 2347 618 2380 institutus
636 2356 727 2382 csse,
750 2350 789 2376 nt
806 2349 1048 2387 praeceptores
1065 2343 1107 2375 de
1126 2349 1199 2376 stu-

208 2405 274 2438 diis
304 2399 494 2434 iuventutis
521 2397 623 2430 certis
647 2395 864 2438 temporibus
890 2394 1086 2437 periculum
1110 2394 1200 2426 sacc—

208 2462 283 2490 1-0111
298 2481 305 2490 ,
333 2460 360 2483 ct
383 2457 419 2483 ut
439 2449 568 2483 iudicio
586 2453 851 2491 praeceptorum
868 2443 921 2485 bi,
948 2457 1100 2489 quorum
1117 2455 1199 2489 pro-

209 2509 317 2540 fvstus
344 2501 579 2546 probabatur,
608 2499 642 2530 iu
667 2498 751 2530 alias
776 2497 898 2529 classes
922 2497 1200 2530 traducerentur.

210 2559 280 2591 ‚Nos
309 2555 424 2597 itaque
453 2553 536 2583 dum
566 2547 631 2582 bor.
658 2556 814 2591 tempure
840 2545 967 2580 borum
995 2547 1201 2580 adolescen-

210 2610 296 2641 tium
311 2634 319 2645 ,
341 2604 468 2649 quibus
484 2600 676 2641 Magisterii
696 2599 836 2632 titulum
855 2599 1105 2636 concedemus,
1128 2604 1201 2630 stu-

209 2661 264 2692 dia
283 2655 542 2697 cognoscimus,
569 2650 881 2683 animadvertimus
897 2662 1057 2690 maguam
1078 2649 1200 2682 iuven-

211 2711 292 2744 tutis
321 2714 474 2751 partem,
502 2704 575 2735 sine
602 2703 735 2735 ruium-
761 2709 864 2745 atque
889 2701 1014 2733 ordine
1041 2701 1074 2732 iu
1093 2700 1201 2735 literis
1226 2696 1228 2736 ἶ

877 113 1039 150 DECL.
1071 112 1149 149 DE
1182 110 1558 149 DIALECTICA.

2170 114 2242 149 160

1245 198 1389 233 versari.
1447 196 1558 231 Vetus
1573 195 1661 231 haec
1676 198 1870 232 multorum
1886 198 2064 233 bonorum
2083 198 2242 233 virorum

1246 250 1388 296 querela
1411 255 1478 290 est,
1505 249 1565 282 sed
1589 248 1758 293 quoniam
1780 247 1848 283 hoc
1866 256 2023 294 tempore
2039 249 2189 284 velutin
2205 262 2244 284 re

1246 300 1423 346 praesenti
1453 299 1548 340 vidi,
1580 310 1686 344 quam
1717 299 1892 334 inutiliter
1924 301 2062 335 discant
2085 301 2244 346 quidam,

1246 349 1473 385 vehementer
1496 350 1596 384 dolui
1621 349 1733 383 vicem
1749 358 1919 393 vestram,
1947 363 2055 396 quare
2069 352 2156 386 duxi
2175 350 2242 386 hoc

1247 403 1285 436 in
1301 403 1377 436 loco
1395 414 1458 436 vos
1472 413 1545 436 esse
1562 401 1616 434 vel
1631 401 1892 444 admonendos,
1920 403 1976 435 vel
1992 402 2097 436 etiam
2115 403 2243 438 obium

1246 454 1392 497 gandos.
1445 451 1537 486 Nam
1566 459 1784 487 monuerunt
1814 465 1877 486 vos
1908 450 1974 486 hac
2003 454 2046 487 de
2076 465 2114 487 re
2139 460 2241 489 aute-

1247 517 1347 550 saepe
1380 509 1624 549 praeceptores
1656 503 1784 545 vestri,
1810 505 1871 537 sed
1903 504 2021 538 nescio
2053 516 2123 549 quo
2148 505 2241 539 mala

1246 557 1317 590 fato
1341 556 1419 597 fiat,
1443 561 1483 588 ut
1510 566 1624 600 neque
1644 554 1834 588 autoritate
1856 554 2019 597 illorum,
2044 567 2161 601 neque
2183 569 2244 590 ve-

1248 613 1338 640 strae
1360 606 1524 641 utilitatis
1548 612 1708 650 respectu
1732 605 1958 642 moveamini.
2012 605 2128 649 Quam
2148 607 2243 640 enim

1247 658 1437 692 utilitatem
1455 663 1516 691 aut
1531 668 1593 690 vos
1611 657 1696 701 ipsi,
1722 662 1782 690 aut
1798 655 1957 700 Respub.
1977 669 2018 690 ex
2034 655 2100 691 hoc
2118 669 2244 701 genere

1247 709 1429 743 doctrinae
1448 708 1579 753 capiet,
1606 709 1702 753 quod
1721 707 1820 753 sequi
1839 707 1976 749 soletis,
2000 707 2039 741 in
2055 721 2125 754 quo
2145 709 2245 743 nulla

1247 760 1360 793 solida
1375 771 1415 793 ac
1431 759 1530 792 firma
1547 758 1700 793 eruditio
1721 758 1828 799 inest,
1857 765 1891 792 et
1906 765 1945 793 ut
1962 759 2004 792 de
2021 759 2158 803 privata
2172 760 2245 794 uti-

1248 811 1345 844 litate
1370 822 1443 843 non
1468 810 1602 850 dicam,
1627 818 1677 844 est
1701 809 1794 843 enim
1815 809 1973 844 liberalis
1990 810 2143 854 ingenii,
2169 818 2245 845 stu-

1247 862 1305 895 dia
1324 873 1387 896 sua
1405 862 1448 895 ad
1467 861 1646 905 publicam
1665 861 1855 895 utilitatem
1874 861 2053 901 conferre,
2081 862 2167 907 quid
2186 875 2246 896 ex-

1249 919 1385 957 pectare
1415 913 1472 945 vel
1502 912 1661 950 consilii,
1696 912 1753 944 vel
1785 912 1879 957 opis,
1915 911 2074 958 Respub.
2100 913 2144 947 ab
2170 913 2247 948 istis

1249 971 1372 1009 potest,
1400 963 1461 1008 qui
1479 975 1559 997 cum
1574 962 1650 996 sine
1668 963 1818 1006 perfecta
1836 963 1998 997 doctrina
2017 964 2161 998 titulum
2180 965 2246 998 do-

1248 1015 1382 1049 ctrinae
1407 1021 1524 1048 tamen
1549 1011 1720 1054 habeant,
1747 1013 1833 1058 quid
1857 1013 1955 1047 aliud
1979 1027 2085 1060 quam
2109 1027 2245 1060 purpu-

1247 1073 1341 1100 ratae
1367 1065 1490 1099 simiae
1507 1065 1576 1098 dici
1596 1064 1749 1110 queant?
1802 1065 1854 1098 De
1871 1065 2033 1098 maximis
2051 1066 2177 1106 rebus,
2201 1067 2246 1101 de

1249 1117 1344 1158 iure,
1371 1117 1414 1150 de
1437 1116 1609 1160 religione
1628 1122 1840 1160 provocatur
1858 1116 1901 1149 ad
1919 1115 2090 1150 iudicium
2111 1129 2248 1159 eorum,

1248 1168 1308 1213 qui
1333 1167 1428 1201 docti
1443 1173 1626 1201 vocantur.
1682 1165 1779 1209 Quid
1797 1173 1914 1200 antem
1933 1167 2105 1202 iudicabit
2121 1169 2165 1201 de
2182 1169 2247 1202 ob-

1247 1219 1457 1252 scurissimis
1482 1217 1732 1252 controversiis
1757 1218 1804 1257 is,
1837 1218 1899 1263 qui
1925 1230 1999 1251 non
2025 1218 2166 1262 penitus
2190 1219 2247 1253 in-

1247 1270 1417 1314 trospexit
1448 1269 1561 1302 bonas
1593 1276 1706 1309 artes,
1741 1269 1800 1301 sed
1830 1268 1947 1302 obiter
1970 1269 2167 1313 degustavit
2189 1282 2247 1304 eas

1248 1321 1405 1364 fugiens,
1439 1320 1537 1355 velut
1568 1331 1671 1353 canes
1694 1332 1711 1352 e
1735 1318 1818 1353 Nilo
1842 1319 1996 1354 bibunt?
2049 1318 2114 1354 Est
2137 1321 2246 1364 igitur

1248 1371 1409 1405 discendi
1432 1371 1523 1404 ratio
1549 1371 1628 1404 talis
1654 1370 1892 1411 instituenda,
1919 1382 1981 1414 per
1999 1382 2105 1416 quam
2125 1384 2244 1407 earum

1248 1422 1396 1461 artium,
1428 1422 1472 1455 ad
1498 1433 1585 1465 quas
1610 1420 1827 1455 contulimus
1850 1421 2026 1463 studium,
2057 1423 2246 1466 perfectam

1248 1473 1430 1506 scientiam
1464 1483 1736 1517 consequamur:
1780 1471 1815 1505 id
1847 1472 1893 1506 ita
1921 1472 1997 1513 fiet,
2029 1472 2059 1505 si
2083 1474 2245 1508 ordinem

1249 1525 1426 1569 quendam
1451 1523 1487 1556 in
1512 1523 1682 1556 discendo
1706 1523 1902 1556 servabitis.
1955 1523 2137 1558 Praeclare
2159 1525 2247 1561 dixit

1249 1571 1452 1618 Xenophon
1485 1574 1523 1606 in
1548 1571 1811 1614 Oeconomico,
1845 1571 1937 1607 nihil
1971 1575 2097 1608 ordine
2129 1588 2245 1621 neqnc

1249 1623 1452 1665 honestius,
1487 1636 1601 1670 neque
1628 1624 1751 1658 utilius
1772 1635 1854 1658 esse.
1917 1624 2028 1659 Cuius
2053 1628 2247 1663 sententiae

1249 1677 1321 1709 vim
1344 1688 1424 1710 cum
1447 1675 1486 1708 in
1509 1675 1676 1709 omnibus
1700 1675 1779 1709 aliis
1801 1676 1907 1710 rebus
1925 1677 2148 1721 experimur,
2171 1685 2247 1714 tum

1248 1727 1398 1761 maxime
1428 1727 1465 1759 in
1495 1726 1622 1760 studiis
1646 1727 1841 1761 literarum.
1895 1725 1987 1761 Vide
2012 1728 2107 1762 enim
2132 1742 2247 1775 quan-

1249 1786 1322 1812 tum
1339 1785 1561 1823 praepostera
1578 1777 1739 1811 discendi
1759 1778 1849 1811 ratio
1866 1775 1993 1812 habeat
2010 1779 2246 1816 incommodi:

1249 1829 1346 1875 prins
1377 1826 1611 1873 Theologiam
1636 1836 1695 1863 aut
1715 1827 1773 1862 Ius
1796 1829 1899 1862 civile
1924 1829 2065 1864 discunt
2088 1831 2246 1876 quidam,

1249 1893 1354 1926 quam
1388 1886 1531 1913 teneant
1556 1879 1799 1919 Dialecticcn,
1837 1886 1869 1913 et
1898 1879 1966 1914 alia
1992 1878 2247 1927 Philosophiae

1249 1933 1438 1965 elementa:
1476 1930 1545 1964 llic
1575 1930 1698 1975 plane,
1736 1938 1775 1964 nt
1803 1929 1926 1965 Cicero
1958 1932 2094 1977 inquit,
2128 1934 2246 1969 claudi

1248 1995 1346 2016 more
1375 1983 1482 2027 pilam
1508 1988 1640 2017 tenent.
1695 1980 1862 2015 Tractare
1887 1994 1944 2016 eas
1967 1989 2077 2021 artes,
2104 1983 2140 2016 in
2165 1987 2247 2031 qui-

1250 2035 1314 2067 bus
1332 2040 1535 2070 versantur,
1564 2032 1663 2066 nullo
1681 2034 1786 2066 modo
1803 2040 1967 2077 possunt,
1995 2045 2169 2080 nusquam
2189 2050 2246 2073 at-

1250 2085 1337 2119 tium
1357 2085 1470 2118 sontes
1488 2084 1684 2129 pervidere,
1709 2096 1781 2117 non
1800 2096 1888 2129 qnae
1904 2082 2128 2128 cohaereant,
2156 2101 2245 2133 quae

1250 2136 1459 2170 dissentiant
1483 2136 1575 2170 inter
1598 2147 1653 2174 se,
1681 2142 1840 2169 cernunt.
1895 2134 1942 2168 lli
1971 2148 2050 2170 cum
2069 2140 2246 2181 prodeunt

1251 2188 1288 2220 in
1322 2187 1504 2231 publicum
1532 2193 1565 2220 et
1589 2185 1770 2220 doctrinae
1794 2186 2000 2230 opinionem
2026 2190 2245 2232 magnificam

1250 2251 1366 2272 secum
1383 2238 1566 2279 adserunt,
1587 2234 1644 2270 bie
1661 2237 1814 2281 primum
1831 2234 2163 2282 deprebemluntur,
2190 2240 2247 2278 hic

1253 2290 1427 2323 inscitiam
1453 2290 1631 2334 produnt,
1659 2288 1687 2321 si
1710 2289 1794 2333 quid
1816 2296 1866 2322 cst
1882 2289 2142 2330 definiendum,
2172 2306 2246 2328 non

1252 2341 1373 2374 vident
1403 2340 1465 2373 ubi
1499 2340 1560 2378 sit,
1597 2339 1625 2372 si
1660 2339 1744 2383 quid
1771 2346 1821 2373 cst
1847 2339 2091 2383 partiendum,
2126 2346 2246 2380 onmia

1252 2392 1482 2436 unuspnlvis,
1498 2391 1630 2436 siquod
1645 2391 1855 2423 nectendum
1868 2400 2124 2433 argumentum,
2141 2407 2246 2440 quam

1254 2450 1449 2476 monstrosa
1469 2443 1580 2475 forma
1598 2442 1791 2487 syllogismi
1809 2442 1875 2476 sit?
1902 2442 1930 2475 si
1946 2443 2039 2487 quod
2058 2456 2246 2487 argumen-

1254 2503 1327 2528 tum
1345 2494 1610 2528 dissolvendum
1628 2500 1687 2532 est„
1716 2492 1764 2525 ibi
1783 2505 1877 2533 vero,
1904 2493 1971 2525 nisi
1989 2494 2062 2528 sola
2079 2507 2112 2528 se
2130 2497 2246 2542 impu-

1253 2546 1371 2579 dentia
1390 2551 1572 2582 tueantur,
1601 2544 1736 2578 abiecto
1753 2544 1874 2589 clypco
1893 2544 2044 2585 fugiunt.
2089 2545 2154 2581 ttic
2172 2551 2246 2594 pri-

1254 2610 1350 2629 mum
1369 2596 1523 2641 poenitet
1540 2608 1598 2628 ens
1617 2596 1792 2638 ncglectae
1809 2594 2033 2634 Dialectires.
2061 2610 2150 2642 qnae
2165 2612 2243 2635 cnm

1226 2642 1228 2659 ²
1253 2649 1295 2681 sit
1312 2661 1384 2685 ars.
1413 2655 1450 2682 ut
1467 2646 1566 2680 Plato
1583 2647 1649 2685 ait„
1676 2646 1837 2680 tradendi
1854 2653 1886 2679 et
1902 2647 2096 2690 accipiendi
2114 2662 2246 2685 sermo-

1255 2712 1326 2737 nes.
1354 2712 1424 2733 una
1443 2699 1544 2733 tradit
1566 2699 1657 2731 viam
1676 2704 1709 2732 et
1728 2704 1819 2731 recte
1837 2697 1993 2732 discendi
2015 2706 2047 2733 ct
2065 2703 2246 2746 perspicue
