2338 2958
197 145 267 182 531

224 231 289 265 No.
304 230 366 266 66.
987 226 1051 264 (an.
1069 224 1202 265 15403)

502 331 577 372 De
605 326 898 386 Alfragano.

278 427 309 451 ln
330 423 452 450 Declam.
469 421 505 447 T.
520 419 566 445 ΙΙΙ.
584 426 610 452 p.
625 418 677 444 270
691 427 752 453 sqq.
765 421 791 444 et
809 416 838 442 in
850 415 972 443 Sei-vest.
983 414 1017 442 T.
1031 414 1078 442 lli.
1093 414 1190 450 p.256.

236 506 360 540 Oratio
392 502 439 537 de
459 494 672 546 Alfrayano
700 502 738 532 et
765 495 1046 531 mathematicis
1069 495 1184 530 disci-

414 554 531 599 plinis
546 551 702 586 Ioannis
720 549 1017 596 Regiomontani.

216 623 303 666 Nisi
318 626 492 674 primitias
508 624 699 658 lectionum
716 622 852 655 facturo
868 618 959 654 mihi
975 620 1211 654 mansuetudo

218 687 331 715 vestra
354 678 544 724 aspiraret,
578 673 818 717 orationisque
837 672 1090 706 tremebundae
1113 671 1211 703 filum

219 732 398 776 dirigeret,
415 724 704 773 praestantissimi
719 723 799 761 viri,
815 722 952 756 siluisse
967 732 1111 766 prorsus
1125 721 1214 754 mal-

220 785 289 817 lem
311 793 418 827 quam
441 776 618 823 pulpitum
640 772 706 808 hoc
723 771 1009 818 philosophicum
1026 772 1215 806 audentius

220 831 480 869 conscendisse:
508 826 713 873 praesertim
730 837 808 858 cum
826 824 981 858 novitate
998 823 1110 868 coepti
1129 823 1214 856 faci-

221 885 339 925 noris,
365 887 481 921 tanto,
506 885 648 923 tamque
664 876 792 910 celebri
807 875 1083 909 clarissimorum
1099 872 1217 907 homi-

223 947 309 970 num
344 936 540 971 conventu,
578 928 746 962 diuturna
775 928 918 960 demum
952 938 971 959 a
999 923 1217 959 scholasticis

224 984 397 1021 exercitiis
429 979 660 1019 abstinentia,
699 978 800 1011 facile
829 977 999 1011 deterreri
1027 975 1215 1021 potuerim.

223 1038 364 1072 Novum
384 1033 560 1079 equidem,
584 1027 678 1063 haud
696 1029 874 1062 mediocre
891 1028 1087 1072 periculum
1105 1027 1218 1060 facere

225 1089 365 1126 videor,
392 1083 454 1130 qui
478 1083 516 1117 in
540 1081 628 1115 urbe
654 1078 718 1113 hac
737 1079 995 1123 insignissima,
1028 1078 1064 1110 in
1089 1076 1218 1112 scholis

224 1139 300 1174 istis
317 1135 451 1181 egregie
469 1132 638 1172 laudatis,
664 1138 696 1164 et
714 1143 785 1164 non
803 1131 933 1163 iniuria
953 1130 1041 1162 bene
1064 1129 1220 1162 famatis—

225 1189 339 1229 simis,
373 1199 413 1221 ex
444 1184 573 1230 quibus
607 1182 672 1216 toti
695 1182 804 1215 ferme
833 1179 1095 1215 Christianitati
1126 1180 1219 1213 salus

227 1240 403 1277 nascitur,
431 1246 548 1269 coram
566 1233 651 1265 viris
668 1231 936 1271 eruditissimis,
964 1242 1080 1263 coram
1103 1227 1219 1262 homi-

228 1292 334 1325 nibus
360 1286 554 1333 profundas
577 1283 756 1317 doctrinas
776 1282 900 1315 audire
920 1281 1050 1321 solitis,
1077 1287 1220 1324 repente

228 1342 332 1376 verba
348 1340 504 1373 facturus
521 1346 618 1375 sum,
645 1333 775 1378 quippe
791 1333 852 1378 qui
877 1344 951 1365 non
975 1332 1080 1365 modo
1097 1331 1221 1365 diebus

228 1391 411 1438 plurimis,
439 1398 562 1420 verum
580 1385 682 1418 annis
697 1384 848 1422 duobus,
877 1389 909 1416 et
927 1383 1078 1427 amplius
1096 1380 1221 1415 huius-

228 1442 365 1479 cemodi
382 1438 520 1483 legendi
537 1436 691 1470 officium
710 1432 911 1479 posthabui.
939 1433 1033 1467 Haec
1050 1434 1220 1466 nimirum

229 1493 370 1529 dicendi
387 1491 582 1525 adimerent
599 1487 774 1526 fiduciam,
801 1485 869 1518 nisi
886 1491 1092 1528 conspectus
1109 1490 1223 1517 vester

228 1543 504 1580 iucundissimus
532 1537 816 1573 benevolentiam
844 1542 1047 1580 perpetuam
1077 1535 1223 1579 pollice-

228 1603 337 1631 retur.
389 1593 471 1627 Non
495 1602 550 1623 me
583 1589 715 1632 gloriae
744 1588 893 1632 cupido,
925 1598 996 1619 non
1023 1585 1223 1626 ostentatio,

230 1658 346 1692 neque
373 1643 463 1678 lucri
485 1652 563 1685 spes
588 1639 775 1682 instigant,
810 1650 879 1683 quo
911 1637 1146 1670 confidentius
1169 1636 1224 1669 lo-

231 1709 336 1745 quar,
356 1705 478 1729 verum
496 1692 631 1725 sincera
645 1689 754 1723 animi
772 1688 922 1728 affectio,
949 1699 1055 1733 qnam
1073 1687 1223 1720 maxime

231 1755 365 1783 vestrae
399 1743 542 1778 libidini
565 1741 807 1775 obsecundare
832 1740 941 1774 iubet.
995 1736 1140 1772 Accedit
1167 1739 1223 1771 in-

231 1809 336 1839 terea,
356 1797 449 1842 quod
462 1792 635 1839 potissimi
650 1791 739 1824 facio
756 1790 936 1830 momenti,
951 1789 1224 1833 spectatissimus

230 1848 558 1885 mathemeticarum
576 1842 844 1886 disciplinarum
868 1841 1053 1884 splendor,
1081 1839 1224 1874 divinae

229 1904 372 1936 demum
391 1895 612 1939 Astrologiae
628 1895 733 1927 decus
749 1892 994 1930 clarissimum,
1022 1903 1110 1936 quae
1127 1890 1223 1924 laudi

231 1964 312 1987 suae
348 1947 643 1983 demonstrandae
681 1955 887 1988 praeconem
917 1955 973 1975 me
1009 1940 1223 1975 hodiernum

231 2002 458 2041 constituere,
480 1998 574 2044 quod
594 2002 730 2030 amator
747 2007 867 2028 earum
884 1993 1072 2037 singularis
1088 2004 1226 2036 semper

233 2053 418 2089 extiterim.
469 2049 548 2083 Non
567 2046 699 2093 pigebit
718 2046 825 2089 igitur
843 2044 1055 2078 benemerita
1080 2055 1140 2077 sna
1160 2055 1224 2088 pro

232 2105 369 2138 viribus
383 2101 592 2135 declamare:
621 2098 747 2141 dignae
768 2103 850 2129 snnt
867 2096 960 2129 enim
978 2107 1065 2140 quae
1086 2095 1128 2127 ad
1146 2106 1225 2128 coe-

235 2157 308 2190 lum
328 2165 438 2199 nsque
456 2151 681 2185 extollantur.
735 2147 802 2181 Sed
822 2159 884 2192 per
902 2145 1017 2180 Deum
1043 2147 1226 2179 immorta-

235 2209 325 2250 lem,
367 2203 445 2249 quis
473 2213 629 2247 unquam
661 2199 744 2233 satis
771 2205 929 2232 accurate
956 2205 1025 2230 tam
1055 2197 1226 2241 speciosas

236 2253 416 2301 Nvmphas
442 2264 611 2287 exornare
637 2250 788 2296 poterit?
823 2262 902 2283 cnm
925 2248 1084 2282 Platonis
1108 2248 1144 2280 in
1170 2248 1225 2280 di—

236 2298 347 2341 ren‹l‹›
365 2306 527 2344 suavitas,
555 2311 628 2337 tum
648 2301 830 2336 Ciceronis
847 2301 957 2334 nostri
979 2301 1098 2341 lingna
1116 2299 1227 2332 diser-

238 2359 368 2392 tissima
392 2369 464 2389 non
483 2355 614 2388 adsint:
650 2354 710 2398 qni
729 2353 790 2386 etsi
817 2352 1086 2390 reviviscerent,
1114 2348 1226 2383 haud-

237 2421 411 2455 quaquam
449 2419 512 2451 pro
539 2405 710 2447 dignitate
746 2405 778 2437 id
809 2403 921 2447 ipsum
950 2408 1228 2448 assequerentur.

238 2460 479 2504 Quamobrem
506 2456 772 2503 aequanimitati
799 2461 952 2492 vestrae,
981 2466 1052 2487 non
1076 2453 1226 2486 orationi

238 2523 334 2544 meae
354 2511 539 2545 tribuetur,
567 2509 593 2541 si
613 2519 698 2553 quas
718 2507 838 2540 landes
859 2518 978 2539 earnm
995 2505 1226 2548 grandiuscu-

238 2564 287 2596 las
303 2561 488 2595 enitemur.
545 2559 669 2591 Favete
688 2559 843 2595 obsecro,
871 2569 1041 2601 auresque
1061 2556 1229 2599 benignas

241 2613 363 2647 loanni
383 2618 495 2643 vestro
512 2611 589 2642 brt—x
602 2611 664 2643 iter
680 2610 817 2642 dicturo
839 2609 1050 2652 praebetote.

342 2670 542 2704 Memorare
564 2681 698 2712 possem
720 2667 883 2711 inprimis
901 2667 1074 2708 originem
1092 2672 1229 2699 nostra-

239 2736 316 2758 tum
334 2722 477 2761 artium,
502 2727 533 2753 et
550 2720 642 2764 apud
662 2731 747 2764 quas
764 2725 882 2759 gentes
897 2718 1050 2763 primum
1066 2717 1133 2751 coli
1150 2729 1229 2750 coe—

883 134 1042 173 DECL.
1078 133 1154 171 DE
1187 131 1565 172 ALFRAGANO.

2171 133 2247 172 532

1255 221 1393 267 perint‚
1419 232 1490 266 quo
1512 227 1614 264 pacto
1642 231 1683 254 ex
1705 219 1838 264 linguis
1859 221 2055 267 peregrinis
2078 220 2187 255 variis
2203 223 2248 256 ad

1257 271 1406 307 Latinos
1422 271 1564 306 tandem
1583 271 1826 316 pervenerint,
1851 273 1913 318 qui
1928 273 1966 306 in
1981 270 2076 306 hisce
2091 272 2251 316 discipli-

1258 324 1315 357 nis
1340 323 1434 367 apud
1462 322 1615 356 maiores
1645 328 1786 356 nostros
1812 322 2030 365 claruerunt,
2064 331 2098 358 et
2120 323 2251 369 quibus

1259 381 1381 408 nostra
1395 380 1598 418 tempestate
1611 373 1822 407 mortalibus
1835 373 1951 418 palma
1964 374 2146 409 tribuitur.
2181 373 2252 409 Sed

1261 437 1341 459 cum
1365 435 1481 458 ramos
1506 424 1679 468 plurimos
1699 422 1827 458 habeat
1850 435 1960 468 genus
1983 424 2073 459 illud
2089 423 2257 459 Philoso-

1262 474 1364 522 phiae
1380 475 1649 519 dignissimum,
1677 487 1830 520 quorum
1848 475 1997 520 quisque
2019 486 2082 509 suo
2097 482 2256 521 tempore

1263 535 1296 562 et
1313 527 1390 560 loco
1408 526 1558 571 sumpsit
1572 526 1775 567 exordium,
1802 526 1949 559 definire
1964 525 2139 571 principio
2155 528 2258 560 dece-

1265 578 1316 612 bit
1345 589 1454 621 genus
1486 577 1602 622 ipsum
1626 574 1936 623 Mathematicum:
1970 576 2099 610 deinde
2127 577 2258 621 species

1265 629 1340 663 eius
1356 628 1560 672 singulatim
1579 629 1805 672 depromere,
1831 625 1927 661 haud
1949 628 2142 661 absurdum
2161 627 2259 662 vide-

1266 680 1373 721 bitur,
1399 692 1469 725 quo
1486 679 1683 724 expeditius
1699 678 1978 724 uniuscuiusque
1991 685 2110 712 ortum
2125 689 2164 712 ac
2181 689 2261 712 cae-

1267 738 1339 765 tera
1363 730 1431 763 sibi
1458 730 1671 775 pertinentia
1688 729 1919 774 contemplari
1940 729 2062 770 liceat,
2089 735 2261 775 quantum

1267 781 1420 826 denique
1437 782 1633 826 profectum
1652 792 1930 826 consequemur,
1962 781 1991 814 si
2009 792 2065 814 eas
2082 780 2186 824 plene
2204 779 2262 813 di-

1268 832 1476 873 dicerimus,
1499 833 1594 866 unde
1613 838 1645 866 et
1672 833 1810 866 laudem
1833 844 1953 865 earum
1972 831 2150 875 ingentem
2167 843 2264 864 com-

1270 883 1483 928 parabimus.
1534 882 1716 916 Postremo
1730 883 1795 917 ubi
1810 881 2046 927 Astrologiam
2065 894 2129 927 pro
2145 881 2265 926 digni-

1271 941 1339 968 tate
1360 933 1688 974 collaudaverimus,
1712 935 1755 967 ad
1771 934 1966 979 primordia
1987 932 2182 976 Alfragani,
2202 931 2265 978 qui
2298 958 2301 962 .

1271 986 1403 1018 nudam
1422 985 1529 1018 totius
1549 982 1798 1018 Astronomiae
1815 982 2136 1026 tra(lit·historiam,
2160 983 2264 1017 foeli—

1271 1037 1358 1071 citer
1373 1037 1646 1076 descendemus,
1674 1035 1710 1068 in
1727 1048 1797 1081 quo
1815 1037 1959 1069 tandem
1976 1042 2049 1070 tota
2070 1035 2180 1069 ferme
2197 1045 2265 1068 no-

1272 1094 1342 1122 stra
1359 1087 1664 1120 consummabitur
1679 1087 1806 1121 oratio.

1375 1151 1664 1188 Mathematicam
1684 1154 1831 1187 definire
1853 1164 2058 1198 possumus,
2084 1152 2267 1187 scientiam

1273 1205 1566 1239 considerativam
1603 1204 1828 1249 quantitatis,
1868 1205 1967 1237 cuius
2001 1204 2214 1238 vocabulum
2248 1215 2268 1237 a

1275 1255 1421 1289 Graecis
1441 1261 1640 1288 mutuatum
1663 1255 1873 1300 accepimus,
1899 1251 2091 1299 μανθάνω
2108 1255 2203 1289 enim
2231 1254 2268 1287 in

1275 1305 1412 1340 Graeco
1431 1312 1551 1347 sonat,
1576 1306 1672 1339 disco
1694 1307 1787 1350 apud
1806 1305 1963 1341 Latinos.
2016 1305 2121 1340 Unde
2140 1301 2269 1351 μάθη-

1275 1369 1329 1397 σις
1355 1364 1387 1391 et
1414 1354 1680 1402 μαθηματικὴ,
1717 1357 1905 1401 disciplina
1932 1363 1966 1391 et
1987 1356 2272 1401 disciplinabilis.

1275 1408 1368 1443 Cum
1383 1415 1500 1442 antem
1518 1409 1588 1441 duo
1608 1408 1702 1441 iuxta
1720 1405 1980 1452 Philosophum
2003 1407 2074 1442 sint
2091 1407 2272 1453 quantita-

1276 1460 1319 1492 tis
1351 1471 1498 1502 genera,
1537 1459 1633 1491 aliud
1665 1459 1759 1491 enim
1793 1459 2023 1499 continuum,
2062 1458 2159 1492 aliud
2187 1469 2271 1492 vero

1277 1510 1467 1543 discretum
1495 1509 1684 1552 accipitur,
1719 1509 1791 1542 duo
1817 1521 1958 1554 quoque
1982 1510 2170 1554 praecipua
2189 1507 2273 1542 Ma-

1277 1558 1456 1594 thematici
1477 1559 1614 1603 generis
1630 1560 1807 1600 membra,
1833 1572 1907 1594 non
1930 1560 2060 1595 iniuria
2076 1559 2273 1604 distingue—

1277 1623 1367 1645 mus.
1421 1610 1545 1645 Solent
1569 1611 1661 1644 enim
1679 1623 1838 1656 quaeque
1856 1611 2003 1645 obiectis
2019 1611 2092 1646 suis
2108 1618 2199 1646 artes
2217 1610 2274 1645 di-

1277 1661 1503 1696 stinctionem
1520 1673 1670 1696 sumere.
1725 1661 1884 1695 Primum
1903 1662 2047 1705 quidem
2071 1662 2273 1697 membrum

1278 1713 1499 1753 Geometria‚
1534 1713 1729 1746 secundum
1751 1718 1869 1746 autem
1893 1710 2129 1747 Arithmetica
2153 1711 2274 1747 vocari

1278 1763 1472 1799 consuevit.
1499 1762 1593 1796 Ilinc
1610 1763 1710 1796 sacile
1726 1763 1911 1809 utriusque
1928 1763 2171 1797 definitionem
2186 1775 2275 1797 con-

1279 1815 1457 1848 ssabimus.
1501 1813 1705 1848 Geometria
1723 1813 1829 1853 enim.
1857 1815 2002 1848 scientia
2021 1815 2111 1849 circa
2130 1813 2275 1861 quanti-

1279 1873 1384 1900 tatem
1402 1865 1607 1899 continuam
1627 1865 1758 1898 versari
1774 1865 1888 1904 solita,
1913 1865 2112 1902 definietur.
2147 1861 2276 1900 Arith-

1279 1916 1422 1957 metica,
1457 1928 1687 1950 numerorum
1719 1923 1871 1950 tractans
1903 1916 2056 1951 rationes
2086 1915 2275 1962 disciplina

1280 1968 1553 2013 praedicabitur.

1383 2034 1594 2080 Appellatur
1618 2042 1733 2069 antem
1753 2033 1975 2076 Geometria,
2002 2048 2075 2069 non
2097 2035 2192 2081 quod
2217 2047 2276 2070 so-

1280 2087 1352 2119 lnm
1378 2094 1490 2121 terrac
1512 2086 1771 2121 dimensionem
1795 2087 1937 2126 doceat,
1971 2087 2274 2132 quemadmodum

1280 2138 1492 2171 vocabulum
1526 2138 1640 2182 ipsum
1668 2137 1844 2171 Graecum
1878 2140 2088 2181 portendere
2118 2138 2274 2172 videtur:

1279 2191 1325 2236 γῆ
1345 2189 1438 2221 enim
1462 2195 1590 2223 terrain
1614 2196 1733 2227 notat,
1759 2186 1896 2232 μίτρην
1921 2196 2036 2223 antem
2062 2200 2277 2229 mensuram,

1280 2241 1375 2273 unde
1393 2240 1658 2284 compositionis
1677 2240 1748 2281 lege
1770 2251 1898 2272 nomen
1917 2239 2142 2274 Geometriae
2165 2239 2277 2273 resul-

1281 2298 1348 2325 tat:
1378 2303 1499 2324 verum
1526 2291 1629 2325 etiam
1652 2290 1804 2323 alioruin
1828 2303 2015 2335 corporum
2040 2291 2276 2325 mensuratio-

1282 2355 1360 2375 nem
1390 2355 1428 2375 ac
1452 2342 1603 2375 aliorum
1621 2342 1857 2387 quantitatum
1872 2341 2123 2376 continuarum
2141 2341 2276 2387 passio-

1282 2405 1342 2426 nes
1362 2394 1591 2428 demonstrat.

1384 2461 1507 2494 Libeat
1524 2468 1638 2494 antem
1657 2461 1949 2501 animadvertere,
1966 2459 2194 2506 quamobrem
2212 2471 2276 2492 vo-
2308 2483 2312 2507 J

1283 2513 1447 2546 calvulum
1468 2513 1558 2545 istud
1579 2512 1742 2551 inolevit.
1770 2525 1810 2545 eo
1828 2512 1921 2545 enim
1938 2517 2038 2556 pacto
2055 2510 2274 2544 nativitatem
2308 2531 2311 2540 .

1282 2577 1424 2609 quoqne
1448 2561 1553 2596 huius
1579 2563 1787 2607 disciplinae
1812 2562 2061 2606 spectatissime
2088 2572 2276 2604 pernosce-
2307 2580 2311 2588 ‹

1283 2617 1336 2648 tis.
1390 2615 1481 2649 Dum
1512 2614 1583 2647 Nili
1612 2615 1743 2647 flumen
1770 2614 1874 2647 solito
1899 2610 2142 2646 vehementius
2164 2623 2275 2645 exun-

1283 2667 1387 2706 dans,
1423 2666 1551 2700 limites
1576 2677 1738 2708 agrorum
1766 2664 2019 2710 Aegyptiorum
2047 2669 2214 2703 vastaret.
2240 2669 2275 2696 et

1283 2729 1371 2762 pene
1399 2718 1582 2751 universos
1611 2715 1812 2756 delevisset,
1847 2716 2060 2750 contendere
2084 2720 2276 2760 coeperunt
