2338 2958
127 121 199 159 561
796 118 955 158 DECL.
997 119 1071 156 DE
1104 119 1476 161 POLYCARPO.
2073 138 2147 175 562

127 220 200 241 non
223 206 335 240 solum
358 211 396 238 ut
420 204 686 249 explorarentur
714 206 870 249 ingenia,
903 207 1110 247 voluntates,
1163 212 1278 239 tamen
1316 207 1441 241 talium
1473 209 1629 245 virorum
1661 214 1908 260 suffragatione
1937 221 2085 257 adiuvor
2110 233 2144 260 et

127 257 256 296 studia,
283 266 397 289 mores
411 266 531 288 eorum
547 256 607 300 qui
624 257 666 289 ad
683 257 863 290 doetrinae
886 257 1110 300 gubernatio-

126 320 204 341 nem
228 306 397 339 accessuri
421 313 519 346 sunt,
553 308 612 339 sed
639 307 741 339 etiam
766 314 805 340 ut
833 308 934 349 longa
958 308 1109 340 assuefa-

124 358 238 391 ctione
254 356 481 389 erudirentur
497 363 529 389 et
545 357 796 391 excolerentur.
850 357 950 390 Hanc
965 358 1010 390 ob
1025 370 1108 390 cau-

122 418 194 440 sam
212 407 330 446 initio,
357 404 495 439 scholae
511 407 694 440 adiunctae
712 408 854 441 fuerunt
870 406 1054 448 Ecclesiis,
1076 414 1109 441 et

121 457 208 491 utile
227 464 278 491 est
302 454 397 490 hune
421 469 554 490 morem
581 458 794 491 conservari.
848 457 967 501 Quare
991 457 1105 490 Deum

121 519 266 552 precor,
287 515 326 542 ut
342 507 414 551 ipse
432 514 465 541 et
479 508 594 541 studia
612 514 723 551 regat,
750 514 783 540 et
801 505 864 541 hos
883 505 1107 541 scholasticos

121 564 314 591 conventus
330 564 362 591 et
377 556 549 591 Ecclesias
565 564 716 591 tueatur:
742 555 809 591 hoc
826 557 916 591 veris
932 565 965 591 et
979 559 1107 591 arden—

121 608 214 642 tibus
233 608 324 641 votis
339 620 357 641 a
375 606 449 641 Deo
467 615 581 652 petere
598 620 719 642 omnes
737 620 797 640 vos
813 609 922 642 decet.

204 656 280 702 Ego
296 658 438 703 quidem
455 660 539 692 dum
558 658 698 692 intuens
715 655 809 691 hunc
827 665 965 692 coetum
982 659 1026 691 de
1042 671 1106 702 pu-

119 709 221 743 hlicis
240 709 402 752 periculis
419 709 543 752 cogito,
567 720 606 741 ac
620 714 738 752 repeto
756 709 925 742 memoria
945 709 1105 742 omniurn

119 766 270 793 aetatum
298 759 519 803 superiorum
547 759 723 803 exempla,
758 765 946 804 metuoque
974 759 1105 793 similes

118 807 295 843 Ecclesiae
311 808 553 853 dissipationes
570 817 746 851 venturas,
771 810 930 855 undique
947 817 1105 855 quassata

119 858 335 904 Republica,
371 871 460 904 pene
490 860 688 901 exanimor,
730 872 793 893 nec
828 861 1104 894 consolationem

118 910 226 944 ullam
244 908 431 943 humanam
448 910 598 954 reperio.
640 910 709 945 Sed
726 911 768 944 ad
789 908 879 944 hanc
895 923 1002 944 unam
1019 924 1104 944 con-

117 960 234 1003 fugio,
261 961 355 1005 quod
380 960 473 993 filius
495 960 561 994 Dei
586 961 720 1006 inquit,
749 973 783 994 se
808 973 1012 995 mansurum
1038 974 1104 995 no-

116 1011 253 1044 biscum
279 1022 390 1055 usque
414 1012 457 1044 ad
482 1012 607 1045 mundi
632 1013 757 1046 finem:
785 1024 957 1057 nusquam
985 1019 1102 1046 autem

116 1060 186 1094 nisi
216 1061 308 1094 inter
331 1059 515 1105 Evangelii
540 1062 731 1106 discipulos
761 1063 931 1097 manebit.
983 1062 1103 1105 Quare

115 1123 298 1145 mansuras
320 1123 391 1144 esse
415 1112 581 1157 reliquias
598 1111 774 1146 Ecclesiae
790 1124 986 1157 speremus,
1014 1120 1047 1146 et
1063 1120 1103 1147 ut

116 1161 203 1206 ipsi,
230 1169 349 1195 coetus
367 1162 427 1196 ille
450 1162 575 1204 simus,
601 1164 717 1196 studia
734 1161 921 1206 Evangelii
947 1175 1102 1197 amemus

115 1220 149 1246 et
164 1213 396 1254 retineamus,
423 1219 455 1246 et
472 1213 540 1256 piis
557 1213 714 1246 moribus
731 1225 908 1249 ornemuS.

216 1262 328 1296 Porro
348 1270 387 1296 ut
403 1264 541 1296 redeam
569 1264 611 1296 ad
632 1263 832 1297 institutum
857 1275 994 1305 meum,
1022 1275 1100 1297 cum

114 1313 262 1347 dixerim
295 1311 386 1345 hanc
410 1313 713 1347 renunciationem
743 1314 876 1357 publici
908 1314 1101 1347 testimonii

114 1374 236 1407 graves
254 1375 373 1396 causas
395 1361 544 1406 habere,
570 1364 685 1397 favere
704 1376 765 1397 vos
787 1362 842 1397 his
860 1365 1101 1407 congressibus

115 1415 227 1447 decet:
257 1420 290 1446 et
307 1413 474 1458 quoniam
496 1411 554 1446 hic
571 1414 624 1446 vel
641 1415 683 1447 de
699 1414 878 1455 doctrina,
905 1415 958 1447 vel
976 1416 1018 1447 de
1037 1416 1102 1448 bo-

113 1464 170 1497 uis
186 1463 346 1497 moribus
363 1464 497 1509 aliquid
513 1463 583 1496 dici
600 1465 697 1505 solet,
724 1465 767 1497 ad
784 1465 1101 1498 commonefacien-

114 1515 194 1548 dam
219 1515 454 1555 iuventutem,
481 1525 544 1557 ego
562 1515 643 1559 quia
667 1515 807 1557 longam
827 1514 1099 1559 disputationem

114 1576 210 1598 nunc
228 1565 370 1609 quidem
396 1565 578 1598 instituere
600 1576 672 1598 non
694 1565 810 1609 potui,
837 1562 1019 1598 historiam
1043 1563 1101 1599 hic

113 1615 258 1649 recitare
275 1615 395 1650 malui.

214 1665 285 1698 Nec
304 1666 493 1699 obscurum
519 1671 569 1698 est
591 1664 785 1709 plurimum
809 1666 1004 1699 conducere
1031 1665 1100 1710 piis

112 1717 157 1750 ad
182 1716 409 1750 iudicandum
427 1717 471 1749 de
488 1716 647 1749 doctrina
671 1722 704 1749 et
725 1716 768 1748 ad
785 1717 955 1759 regendos
974 1728 1099 1757 mores,

113 1765 339 1800 historiarum
356 1773 389 1800 et
405 1766 623 1811 antiquitatis
639 1765 885 1808 coguitionem.
937 1765 1032 1800 Utile
1049 1774 1099 1799 est

112 1817 207 1850 enim
226 1828 391 1861 quaerere
409 1817 544 1855 auimo,
573 1816 658 1860 quid
678 1817 736 1848 illa
762 1816 872 1860 prima
891 1822 984 1849 aetas
1001 1815 1098 1860 Apo-

112 1867 210 1901 stolis
227 1866 384 1910 proxima
399 1866 555 1899 senserit.
595 1865 695 1899 Hanc
710 1867 755 1899 ob
772 1878 909 1899 causam
928 1868 1096 1899 successio

112 1917 303 1951 illustrium
332 1917 488 1950 virorum
507 1917 686 1961 quondam
711 1916 812 1949 valde
836 1916 1005 1950 celebrata
1031 1924 1096 1951 est:

111 1967 305 2014 quaesitum
333 1967 392 2012 qui
416 1967 547 2000 fuerint
569 1966 763 2006 coaetanei,
797 1966 925 2011 quibus
951 1968 1097 2000 testibus

111 2019 239 2062 scripta
265 2018 518 2062 Apostolorum
541 2018 584 2050 ad
617 2023 773 2060 posteros
796 2017 994 2050 transmissa
1017 2018 1097 2059 sint,

111 2081 129 2103 a
153 2069 283 2114 quibus
307 2067 489 2102 autoribus
511 2078 588 2101 suas
612 2068 760 2113 quisque
788 2068 976 2100 sententias
1000 2080 1096 2102 acce-

110 2120 226 2164 pisset.

212 2167 264 2202 Ac
283 2168 436 2201 arbitror
457 2180 496 2201 eo
511 2167 619 2201 vitam
642 2173 862 2210 prorogatam
880 2179 951 2200 esse
967 2167 1095 2212 aliqui-

111 2219 178 2253 bus
203 2219 457 2262 praestantibus
481 2218 587 2258 viris,
615 2224 653 2250 ut
674 2218 807 2250 diutius
831 2226 1096 2252 conservaretur

111 2270 293 2303 doctrinae
314 2268 465 2311 puritas,
493 2275 525 2302 et
549 2275 641 2302 aetas
664 2267 834 2311 posterior
861 2266 1004 2303 haberet
1020 2281 1094 2302 cer—

111 2327 165 2354 tos
192 2326 224 2353 et
251 2319 338 2351 fidos
354 2325 454 2351 testes
468 2319 658 2352 sententiae
672 2318 891 2362 apostolicae.
940 2318 999 2352 Me
1014 2319 1094 2364 qui-

111 2371 190 2404 dem
211 2370 312 2402 valde
329 2369 535 2402 confirmant
551 2366 679 2402 horum
696 2369 786 2402 dicta
798 2395 807 2409 ,
834 2381 911 2402 cum
931 2367 1094 2402 Irenaeus

109 2421 213 2455 toties
239 2426 384 2453 testatur
405 2430 439 2452 se
457 2417 640 2464 Polycarpi
659 2419 801 2462 vestigia
827 2419 942 2464 sequi,
972 2426 1005 2453 et
1024 2419 1092 2453 Po-

111 2471 290 2516 lycarpum
315 2470 475 2503 adfirmat
499 2469 693 2502 auditorem
718 2470 821 2503 fuisse
837 2468 978 2502 loannis
993 2469 1091 2513 Apo—

112 2521 212 2562 stoli,
246 2521 360 2565 ipsum
389 2519 555 2553 loannem
581 2519 702 2552 audire
730 2520 871 2561 videor,
906 2519 1091 2566 Polycarpi

112 2578 171 2605 aut
190 2570 322 2604 Irenaei
343 2570 543 2604 testimonia
562 2570 718 2604 audiens.

212 2620 328 2663 Quare
355 2621 418 2654 etsi
443 2621 563 2654 literae
580 2619 830 2663 Apostolorum
856 2619 937 2653 satis
958 2620 1091 2664 perspi-

111 2682 173 2705 cue
198 2682 262 2704 nos
285 2672 327 2704 de
342 2669 406 2704 Dei
430 2671 501 2704 filio
530 2678 562 2703 et
591 2672 633 2703 de
651 2670 785 2715 Spiritu
801 2670 929 2704 Sancto
953 2672 1091 2713 docent,

161 2723 338 2755 Mamm.
357 2723 458 2754 Οιιι.
487 2723 568 2753 vm..
587 2723 649 2756 xl.

1160 256 1362 312 cpnfirmor.
1415 258 1515 293 Nunc
1542 274 1622 295 vero
1645 261 1810 311 Episcopi
1837 270 1987 313 allegant
2010 285 2143 309 succes—

1159 316 1293 361 sionem
1316 308 1548 351 ordinariam,
1574 319 1737 358 tanquam
1759 330 1902 352 nervum
1920 333 2002 355 suae
2018 331 2144 367 poten—

1159 362 1242 397 tiae,
1268 359 1447 391 doctrinae
1465 372 1546 393 vero
1565 364 1678 396 studia
1697 368 1816 401 multis
1833 369 1900 402 iam
1918 374 2042 406 seculis
2058 388 2143 408 con-

1159 412 1338 448 temnunt,
1365 409 1448 441 dum
1470 410 1615 454 imperia
1639 423 1805 458 appetunt
1830 426 1862 452 et
1883 419 2020 466 Regum
2045 437 2142 460 more

1158 456 1400 512 dominantur.
1466 459 1537 493 Nos
1569 469 1684 495 autem
1719 468 1961 513 antiquitatem
2000 483 2142 519 propter

1158 506 1278 540 divina
1303 508 1502 543 testimonia
1523 512 1762 557 requiramus,
1788 519 1833 552 ita
1855 527 1967 556 tamen
1991 533 2029 559 ut
2049 527 2144 560 dele—

1158 563 1234 590 ctus
1252 555 1471 594 adhibeatur.

1259 606 1340 641 Non
1366 611 1486 642 eadem
1509 611 1641 654 puritas
1666 620 1716 648 est
1730 617 1888 651 omnium
1909 629 2077 667 aetatum,
2104 640 2142 662 ac

1157 669 1201 690 ne
1241 658 1382 703 quidem
1424 661 1531 694 unius
1562 663 1682 696 aetatis
1718 668 1878 701 omnium
1921 674 2142 717 scriptorum.

1159 707 1273 750 Quam
1290 709 1400 743 multa
1421 712 1514 743 enim
1533 713 1682 747 absurda
1708 716 1871 759 leguntur
1891 721 1926 754 in
1942 721 2142 767 Origeuicis

1157 758 1269 792 libris.
1321 758 1372 793 Ac
1396 762 1549 804 profecto
1570 766 1735 808 temporis
1759 768 1854 802 illius
1876 774 2055 808 audaciam
2075 779 2142 811 rni-

1157 821 1235 847 ror,
1263 822 1331 854 quo
1350 810 1476 845 licebat
1500 813 1535 845 in
1553 811 1707 849 Ecclesia
1731 823 1800 851 tam
1826 830 2039 858 monstrosas
2063 829 2141 871 opi-

1155 859 1280 892 niones
1297 861 1437 904 publice
1455 874 1631 907 spargere,
1659 866 1731 900 sive
1756 868 1828 912 ipse
1852 878 1902 905 est
1922 882 2041 916 autor,
2068 879 2140 912 sive

1156 909 1363 953 impostores
1380 912 1491 957 aliqui
1516 916 1740 958 suppositicia
1760 923 1930 963 quaedam
1951 925 2052 960 libris
2068 929 2140 963 eius

1155 961 1428 995 admiscuerunt.
1458 963 1526 997 Sed
1547 977 1688 1011 quoquo
1707 970 1811 1003 modo
1830 969 1914 1006 haec
1930 977 2129 1013 acciderunt

1155 1010 1352 1053 deploravit
1375 1012 1447 1056 ipse
1470 1026 1566 1046 suam
1583 1028 1642 1049 seu
1663 1018 1927 1062 negligentiam,
1953 1037 2012 1060 seu
2033 1008 2141 1062 teme:

1154 1061 1292 1094 ritatem
1308 1061 1375 1094 iam
1394 1064 1562 1105 grandior
1577 1073 1673 1101 natu.

1256 1110 1361 1145 Forte
1394 1114 1487 1146 enim
1517 1127 1596 1149 cum
1624 1117 1659 1150 in
1684 1116 1839 1154 Ecclesia
1870 1123 2053 1160 lectionem
2084 1128 2140 1161 in-

1154 1159 1344 1195 choaturus
1359 1171 1463 1205 esset,
1490 1167 1579 1200 sedit
1597 1168 1658 1201 diu
1684 1180 1824 1212 gemens
1847 1184 1885 1206 ac
1906 1174 2128 1222 lachrymans

1154 1224 1192 1244 ac
1211 1214 1350 1245 tandem
1368 1215 1546 1251 exclamat.
1593 1216 1771 1253 Peccatori
1790 1229 1906 1257 autem
1925 1226 2011 1261 dixit
2027 1207 2140 1263 Densi

1154 1260 1272 1304 Quare
1289 1275 1429 1297 enarras
1450 1265 1604 1300 iusticias
1621 1270 1739 1302 meas?
1784 1270 1884 1306 Hanc
1903 1288 2021 1310 vocem
2040 1290 2140 1324 saepe

1155 1319 1325 1356 repetens,
1346 1322 1489 1358 questus
1506 1323 1554 1350 est
1572 1329 1605 1351 se
1622 1320 1730 1353 multa
1747 1321 2002 1360 inconsiderate
2017 1329 2139 1374 dispu-

1153 1368 1254 1403 tasse,
1280 1376 1318 1396 ac
1339 1365 1475 1398 veniam
1493 1374 1686 1402 erratorum
1707 1383 1778 1404 nou
1797 1374 1909 1407 solum
1928 1389 1946 1409 a
1965 1376 2051 1419 Deo,
2079 1382 2139 1414 sed

1154 1413 1258 1446 etiam
1282 1414 1325 1446 ab
1341 1413 1496 1449 Ecclesia
1515 1417 1653 1460 petivit,
1682 1433 1769 1466 quae
1787 1424 1943 1458 assidens
1958 1429 2054 1470 seni,
2088 1431 2139 1464 la-

1153 1460 1307 1508 chrymis
1337 1465 1536 1501 declarabat
1566 1480 1601 1501 se
1633 1470 1730 1505 luctu
1759 1473 1867 1517 ipsius
1893 1477 2003 1511 adfici.
2057 1479 2138 1514 Non

1131 1513 1245 1560 ⁴enim
1277 1514 1365 1546 aliae
1392 1514 1586 1562 Erinnyes,
1621 1532 1693 1553 non
1727 1523 1816 1556 alius
1852 1527 1954 1560 dolor
1982 1529 2017 1562 in
2046 1531 2138 1566 bona

1153 1570 1273 1620 mente·
1293 1565 1406 1597 acrior
1433 1567 1579 1601 existere
1607 1577 1739 1613 potest,
1770 1587 1874 1618 quam
1898 1578 1959 1621 qui
1988 1592 2026 1612 ex
2052 1593 2136 1615 con-

1151 1620 1294 1647 sclent1a
1326 1617 1583 1652 contaminatae
1613 1621 1771 1656 coelestis
1802 1625 1982 1661 doctrinae
2014 1632 2137 1666 oritur.

1150 1662 1244 1707 Ergo
1268 1671 1300 1697 et
1323 1665 1382 1698 ille
1406 1678 1478 1699 non
1503 1669 1578 1702 sine
1603 1682 1702 1704 causa
1726 1671 1983 1720 lachrvmabat,
2018 1688 2050 1715 et
2073 1695 2136 1716 nos

1152 1715 1308 1758 exemplo
1335 1717 1460 1750 moniti
1481 1718 1589 1752 simus
1615 1715 1952 1769 circumspectiores,
1979 1737 2012 1763 et
2028 1734 2136 1767 auda—

1151 1764 1237 1797 ciam
1255 1765 1408 1807 fingendi
1426 1768 1630 1811 opiniones,
1658 1779 1690 1805 et
1711 1775 1900 1810 cavillandi
1925 1787 2034 1814 rectas
2056 1795 2136 1816 sen-

1150 1816 1274 1847 tentias
1291 1816 1480 1858 fugiamus,
1505 1826 1537 1853 et
1555 1832 1766 1857 execremur.

1248 1863 1471 1900 Adhibeatur
1495 1870 1598 1903 etiam
1633 1871 1668 1904 iu
1696 1873 1844 1909 lectione
1866 1886 2021 1913 veterum
2050 1896 2134 1927 pru-

1150 1915 1268 1948 dentia
1296 1923 1330 1949 et
1359 1920 1529 1961 quaedam
1553 1932 1708 1958 censura.
1762 1925 1833 1960 Nec
1856 1935 1894 1961 ut
1916 1931 2056 1974 quidam
2075 1947 2134 1967 ve—

1149 1972 1261 1998 terum
1279 1974 1470 2001 statuarum
1487 1970 1727 2014 admiratores,
1745 1977 1869 2011 rudera
1888 1980 1990 2013 etiam
2008 1996 2133 2019 maeno

1149 2023 1285 2049 emunt:
1315 2017 1360 2051 ita
1387 2030 1449 2051 uos
1472 2021 1723 2064 amplectamur
1744 2038 1864 2061 omnes
1887 2032 2045 2066 omnium
2065 2011 2134 2068 the-

1149 2066 1234 2106 nias,
1262 2069 1366 2100 modo
1383 2072 1720 2107 commendationem
1739 2073 1887 2113 habeant
1904 2083 2133 2128 antiquitatis.

1148 2116 1227 2148 Non
1244 2118 1356 2150 solum
1374 2126 1524 2153 vetustas
1541 2123 1808 2159 admirationem
1825 2130 2053 2174 scriptoribus
2069 2149 2130 2179 pa-

1147 2167 1230 2205 riat,
1264 2170 1322 2200 sed
1349 2169 1464 2209 vides,
1497 2170 1533 2203 in
1560 2174 1791 2217 explicatione
1813 2179 2011 2225 diligentia,
2047 2198 2131 2219 con-

1147 2229 1266 2250 sensus
1290 2231 1367 2251 eum
1395 2218 1580 2264 Prophetis
1606 2231 1638 2257 et
1663 2223 1860 2270 Apostolis,
1901 2243 2004 2276 super
2027 2248 2114 2281 quos

1146 2275 1184 2301 ut
1201 2268 1247 2301 ait
1265 2268 1412 2309 Paulus,
1440 2278 1594 2306 extructa
1614 2281 1662 2307 est
1679 2274 1842 2314 Ecclesia.
2119 2266 2128 2277 l

1247 2318 1358 2351 Venio
1385 2320 1490 2362 igitur
1511 2323 1553 2355 ad
1581 2323 1762 2371 polycarpi
1787 2326 1978 2368 historiam.
2039 2334 2126 2370 Nam

1147 2365 1239 2401 hunc
1257 2369 1474 2413 potissimum
1503 2383 1543 2405 eo
1561 2375 1691 2416 delegi,
1717 2379 1798 2422 quia
1818 2393 1896 2414 cum
1917 2383 2018 2417 toties
2042 2387 2125 2420 cile-

1145 2425 1201 2451 tur
1216 2420 1310 2453 testis
1320 2421 1544 2463 Apostolicae
1559 2424 1749 2469 doctrinae,
1768 2432 1908 2473 prodest
1919 2446 1997 2467 eum
2014 2448 2125 2480 quan—

1145 2476 1218 2502 tum
1236 2470 1307 2502 lieri
1334 2478 1445 2515 potest
1473 2479 1593 2507 notum
1610 2487 1681 2509 esse
1696 2480 1861 2515 studiosis
1879 2490 1911 2517 et
1929 2484 2006 2528 piis.
2059 2488 2124 2521 At-

1144 2531 1211 2564 que
1227 2521 1360 2553 utinam
1385 2533 1455 2555 non
1474 2529 1609 2558 tantum
1628 2524 1717 2561 lianc
1733 2529 1873 2565 brevem
1896 2531 2123 2578 historiolam,

1143 2583 1246 2615 quam
1272 2571 1441 2610 recitalm,
1470 2574 1605 2609 adferre
1628 2590 1780 2621 possem,
1807 2584 1864 2615 sed
1893 2584 1999 2627 ipsius
2017 2587 2119 2619 etiam

1144 2619 1305 2654 exhibere
1329 2632 1575 2667 monumenta,
1608 2627 1643 2660 in
1662 2630 1788 2673 quibus
1811 2635 2008 2677 complexus
2033 2637 2119 2669 dici-

1145 2679 1201 2704 tur
1227 2684 1395 2705 summam
1422 2675 1602 2710 doctrinae
1625 2676 1860 2723 Christianae,
1897 2696 1983 2727 quae
2007 2684 2120 2721 adhuc

1447 2724 1494 2757 36
