2338 2958
270 93 289 105 ι,

181 137 256 172 947

196 222 262 256 No.
283 221 365 256 121.
1004 226 1052 246 an.
1071 214 1164 245 1550.

299 314 374 355 De
395 308 608 366 partibus
625 313 671 349 et
691 306 883 349 motibus
901 305 1064 346 cordis.

256 400 284 426 ln
299 399 387 425 select.
403 397 525 422 Declam.
542 394 628 421 T.lV.
648 404 672 428 p.
689 394 739 420 293
751 403 822 427 sqq„
840 392 955 418 serves«.
971 392 1003 416 Τ.
1019 392 1066 417 IV.
1087 402 1112 426 p.
1122 392 1182 418 965.

289 439 313 458 et
331 431 456 457 ttichard.
469 430 545 456 T.ll.
567 439 592 464 p.
608 430 663 455 191.
682 443 717 447 —
754 429 858 462 Mylius
878 430 904 452 in
925 427 1086 460 chronolog.
1104 426 1182 452 Scri-

290 473 398 501 ptorum
415 465 480 491 Mel.
494 465 586 491 retulit
602 464 671 490 banc
687 468 754 489 orat.
770 464 802 489 ad
817 471 919 489 annum
937 462 1013 487 1550.

190 549 316 582 Oratio
342 545 388 580 de
409 544 583 591 partibus
607 549 644 579 et
661 543 823 579 motibus
843 541 988 587 cordi33
1015 544 1182 576 recitata

407 609 430 631 α
459 598 505 632 D.
533 595 701 631 Iacobo
729 593 960 630 Milichie.

188 669 300 708 Initio
316 673 400 713 tibi,
426 673 681 717 omnipotenti,
711 671 791 704 vivo
809 678 842 704 et
859 681 940 702 vero
958 668 1045 706 Deo,
1074 675 1185 701 aeter-

189 738 236 758 no
272 725 360 768 patri
393 723 538 757 Domini
572 723 682 756 nostri
717 722 793 755 lesu
818 718 970 760 Christi,
1007 719 1183 752 conditori

189 776 278 810 coeli
297 782 329 808 et
345 782 477 813 terrae,
509 781 542 807 et
570 772 755 807 hominum
779 779 812 805 et
832 772 981 804 aliarum
1008 777 1185 803 creatura-

191 839 290 865 rum,
317 838 388 859 11113
406 838 484 859 cum
503 825 574 857 filio
591 835 650 857 1110
670 823 823 858 Domino
845 829 964 855 nostro
984 820 1059 854 Iesu
1079 818 1185 854 Chri-

190 884 259 916 sto,
293 877 458 910 crucifixo
493 888 554 919 pro
586 875 687 908 nobis
716 881 748 907 et
776 873 999 911 resuscitato,
1028 868 1127 919 λόγῳ
1154 879 1184 904 et

192 929 292 961 icone
315 935 392 967 tna,
420 933 453 960 et
469 926 604 970 Spiritu
620 932 761 965 sancto,
790 924 957 968 sapienti,
987 924 1099 962 bono,
1128 936 1185 955 ve-

193 979 282 1019 raci,
308 979 417 1017 iusto,
445 985 555 1018 casto,
583 977 709 1015 iudici,
743 974 982 1009 conservatori
1010 972 1187 1006 Ecclesiae

192 1037 291 1072 tuae,
318 1029 446 1072 gratias
464 1040 527 1071 ago
546 1035 617 1061 toto
638 1034 788 1072 pectore,
815 1027 910 1071 quod
930 1023 1099 1058 hactenus
1118 1025 1188 1057 cle-

193 1087 330 1114 menter
352 1091 416 1112 nos
438 1079 631 1124 protexisti.
687 1077 810 1122 Teque
829 1089 892 1110 oro
913 1083 1057 1120 propter
1076 1076 1186 1108 filium

194 1139 313 1171 tuum,
341 1137 373 1163 et
386 1137 466 1164 tuae
480 1130 611 1172 gloriae
627 1141 727 1162 causa
740 1156 748 1169 ‚
777 1140 820 1161 ne
837 1128 931 1160 sinas
948 1127 984 1159 in
1003 1124 1057 1158 his
1075 1127 1187 1170 regio—

196 1183 300 1215 nibus
319 1181 473 1223 extingui
493 1179 636 1213 ltonesta
654 1179 834 1212 doctrinae
851 1178 978 1212 studia.

298 1231 344 1265 Ut
363 1239 478 1265 autem
495 1232 536 1264 ad
557 1231 743 1263 utilitatem
761 1228 956 1262 iuventutis
979 1228 1115 1273 aliquid
1135 1229 1190 1260 di-

196 1295 333 1321 camus,
360 1282 472 1325 delegi
498 1279 563 1315 hoc
586 1289 744 1325 tempore
759 1280 1031 1323 descriptionem
1063 1280 1190 1317 cordis,

197 1346 302 1379 quam
325 1341 504 1377 utcunque
529 1333 728 1365 iunioribus
751 1343 940 1375 exponam,
967 1337 1005 1363 ut
1030 1331 1189 1363 conside-

198 1385 286 1418 ratio
305 1385 378 1417 eius
397 1385 439 1416 de
456 1383 520 1417 Dei
545 1384 711 1420 consilio,
740 1390 771 1416 et
790 1384 832 1415 de
855 1382 1044 1415 affectuum
1069 1382 1191 1414 mode-

198 1437 333 1469 ratione
358 1435 497 1480 aliquos
522 1434 824 1467 commonefaciat.
878 1432 982 1466 Scitis
1009 1433 1102 1465 enim
1126 1443 1192 1465 1105

199 1488 234 1520 111
252 1484 307 1520 1115
325 1487 584 1530 congressibus,
611 1486 696 1519 alias
713 1486 756 1517 de
773 1485 838 1517 alia
858 1491 1004 1517 naturae
1021 1491 1118 1528 parte
1137 1484 1192 1516 di—

199 1549 294 1578 cere,
328 1550 405 1570 cum
428 1537 464 1570 in
487 1543 581 1570 tanta
607 1536 842 1580 amplitudine
867 1541 1028 1575 naturae,
1066 1536 1192 1568 multas

200 1596 313 1632 partes
333 1589 437 1621 simul
464 1588 646 1631 complecti
672 1599 742 1619 non
769 1587 951 1631 possimus.
1008 1585 1059 1618 Ac
1080 1598 1193 1629 nuper

201 1640 237 1671 in
262 1651 386 1683 genere
411 1640 453 1671 de
476 1639 636 1671 doctrina
667 1637 861 1670 anatomica
890 1636 1062 1677 diximus,
1099 1643 1131 1669 et
1155 1643 1191 1669 111

201 1691 242 1723 ad
264 1702 338 1722 eam
359 1690 558 1722 discendam
585 1688 738 1721 iuniores
757 1685 1046 1727 adhortaremur,
1074 1698 1192 1720 causas

202 1753 273 1773 non
300 1741 391 1773 leves
417 1740 660 1776 recitavimus,
696 1732 886 1771 necessaria
911 1745 961 1771 est
985 1738 1078 1769 enim
1109 1735 1193 1770 llaec

201 1791 354 1833 cognitio
371 1791 554 1831 omnibus,
581 1797 611 1823 et
633 1791 674 1822 ad
695 1790 860 1823 tuendam
883 1788 1132 1827 valetudinem¹
1161 1795 1192 1821 et

201 1844 241 1875 ad
265 1842 492 1885 depellendos
519 1842 671 1875 morbos.
727 1839 877 1872 Mirifice
905 1851 986 1872 vero
1011 1840 1193 1872 confirmat

203 1894 238 1926 in
267 1894 397 1925 nostris
422 1892 599 1925 mentibus
625 1891 868 1924 adsensionem
895 1891 937 1922 de.
961 1890 1193 1934 providentia,

203 1957 283 1977 nam
304 1941 393 1976 hanc
418 1950 549 1976 tantam
572 1949 680 1975 artem
702 1942 737 1974 in
763 1939 925 1974 machina
948 1938 1094 1973 humani
1117 1953 1194 1973 cor-

203 1995 313 2040 poris,
350 2002 381 2027 et
404 1994 565 2027 ordinem
599 1993 818 2035 singularum
845 1992 996 2036 partium
1022 1999 1054 2025 et
1084 1991 1194 2024 actio-

203 2059 308 2080 num,
338 2045 502 2083 noticias,
531 2057 713 2082 numeros,
743 2044 849 2085 leges,
878 2043 1194 2080 ratiocinationem,

204 2097 385 2130 electionis
403 2096 618 2132 facultatem.
647 2107 725 2127 casu
745 2095 912 2133 extitisse,
940 2101 972 2127 et
990 2105 1070 2127 casu
1091 2094 1192 2126 talem

204 2159 344 2180 manere
364 2145 548 2179 hominu-n
570 2154 728 2178 naturam
746 2146 961 2189 impossibile
981 2151 1042 2179 est.

305 2196 369 2231 Est
394 2198 498 2239 igitur
522 2197 596 2229 sine
622 2197 692 2230 ulla
715 2196 936 2229 dubitatione.
962 2208 1060 2228 mens
1080 2191 1194 2228 archi—

206 2249 382 2286 tectatriz,
411 2249 565 2292 sapienS,
597 2249 705 2287 bona,
741 2260 859 2286 verax,
890 2247 995 2287 iusta,
1031 2246 1195 2284 benefica,

205 2308 316 2342 casta,
342 2300 539 2337 liberrima,
567 2311 713 2332 cernens
739 2306 769 2331 et
795 2299 954 2331 indicans
983 2298 1102 2330 (nimia
1130 2294 1194 2328 lio-

205 2351 340 2383 minum
367 2351 463 2383 sacta.
528 2349 596 2383 Noc
624 2351 842 2393 aspernanda
869 2357 918 2382 est
945 2347 1027 2382 ltaec
1051 2347 1194 2383 utilitas.

204 2403 296 2446 quod
318 2400 421 2434 liuius
438 2401 588 2433 mirandi
609 2402 746 2434 ordinis
764 2408 793 2433 et
813 2401 897 2434 artis
914 2400 1194 2433 consideratione

205 2454 245 2484 ad
271 2452 485 2492 agnitionem
507 2450 566 2483 l)ei
595 2453 813 2486 deducimur.
869 2451 910 2485 t't
935 2459 1051 2484 antem
1071 2463 1194 2484 accen-

205 2505 335 2536 dantur
365 2503 472 2535 animi
503 2503 703 2541 iuniorum,
745 2515 846 2545 saepe
870 2504 911 2534 de
943 2505 1064 2535 emlem
1092 2514 1194 2542 argn-

208 2562 324 2585 niento
349 2554 536 2585 dicendum
571 2562 637 2589 est,
676 2563 704 2587 et
738 2567 830 2586 1111111·
862 2555 904 2585 de
934 2556 1038 2586 eorde
1068 2554 1195 2591 dicam,

205 2607 297 2648 11111111
324 2605 412 2636 xitae
436 2605 567 2636 sontem
596 2607 748 2638 noiuiuat
778 2604 999 2645 ,Kristoteleffi
1034 2614 1062 2638 et
1093 2603 1192 2636 inulti

205 2657 344 2698 proprie
363 2657 476 2687 sedern
497 2663 524 2687 et
543 2657 762 2688 ‹tonuivitiom
782 2657 916 2687 animae
935 2669 1006 2689 esse
1027 2657 1193 2689 iudicant.

207 2704 278 2739 Etsi
304 2715 418 2739 antem
448 2707 584 2739 11111111111
619 2709 814 2740 1111·11111111111
847 2707 984 2749 penitus
1012 2706 1190 2750 introspiei
1216 2693 1221 2742 l

561 128 721 166 DECL.
755 126 829 163 DE
864 124 1159 162 PARTIBUS
1193 124 1266 160 ET
1303 121 1574 159 MOTIBUS
1608 121 1841 160 CORDlS.

2154 124 2228 160 948

1233 216 1356 256 potest,
1377 210 1438 244 sed
1455 210 1542 243 soris
1558 215 1739 254 utcunque
1753 211 1871 243 omnia
1887 210 2088 255 aspicimus,
2115 216 2148 243 et
2163 210 2231 243 ali-

1233 273 1302 307 qua
1329 273 1368 294 ex
1400 267 1498 305 parte
1522 266 1753 301 structuram,
1787 261 1972 305 qualitates
2001 267 2036 295 et
2065 261 2156 294 vires
2189 272 2230 293 ex

1235 312 1483 346 effectionibus
1516 312 1673 356 ipsorum
1704 311 1962 352 diiudicamuS,
1998 319 2117 345 tamen
2155 322 2229 345 non

1235 370 1419 408 propterea
1440 360 1526 395 haee
1543 361 1703 395 doctrina
1723 362 1921 395 abiicienda
1939 369 2001 397 est.
2055 361 2140 396 Vult
2165 373 2231 395 nos

1235 414 1330 448 Deus
1354 413 1496 447 exordia
1521 411 1627 446 huius
1644 413 1836 457 sapientiae
1854 413 1891 445 in
1916 410 1979 446 hae
1998 413 2068 446 vita
2085 413 2231 452 discere,

1236 472 1354 510 postea
1385 466 1562 498 intuentes
1592 463 1703 508 ipsam
1734 470 1882 497 naturae
1904 464 2018 497 ideam
2050 464 2088 496 in
2113 470 2230 497 mente

1237 517 1379 556 divina,
1414 527 1486 548 non
1511 515 1627 548 solum
1653 515 1904 559 perspiciemus
1928 525 2045 547 rerum
2068 515 2232 548 substan-

1237 567 1321 607 tias,
1356 568 1414 600 sed
1443 566 1546 599 etiam
1577 565 1722 598 consilia
1748 564 1813 598 Dei
1841 576 2110 609 cognoscemus,
2146 565 2232 610 quid

1238 630 1298 651 cor
1317 618 1363 651 ita
1380 619 1532 651 condere
1546 616 1674 650 rectius
1690 616 1806 650 fuerit.
1844 615 1899 649 Ad
1918 614 2008 649 hanc
2024 615 2232 660 sapientiam

1239 669 1314 702 vult
1333 681 1396 702 nos
1421 669 1458 701 in
1485 665 1570 708 hoc,
1596 675 1634 701 ut
1659 667 1706 700 ita
1726 668 1860 708 dicam,
1891 667 2065 713 tyrocinio
2087 678 2234 711 praepa-

1239 720 1321 752 rari.
1363 719 1414 752 Ac
1433 719 1545 752 multo
1562 718 1679 751 cordis
1696 718 1880 751 obscurior
1896 725 2021 752 natura
2039 725 2100 758 est,
2128 728 2232 763 quam

1239 771 1390 803 aliorum
1415 770 1666 804 membrorum.
1729 768 1837 811 Quod
1871 770 1908 802 in
1942 774 2040 813 epate
2073 768 2109 802 fit
2138 766 2235 813 cbyli

1240 822 1351 855 coctio
1375 828 1408 854 et
1435 831 1546 853 massa
1564 820 1755 863 sanguinea
1771 821 1944 863 gignitur,
1969 820 2087 853 minus
2102 819 2234 852 mirum

1240 873 1424 912 ducimus,
1461 878 1511 904 est
1536 871 1630 903 enim
1656 871 1816 914 cognatio
1839 872 1955 904 carnis
1980 878 2012 904 et
2043 869 2236 914 sanguinis.

1240 922 1287 956 Et
1312 923 1473 957 videmus
1500 921 1664 954 flosculos
1697 929 1900 955 convertere
1930 933 2045 955 rorem
2075 922 2111 954 in
2136 932 2234 954 snam

1241 981 1421 1014 naturam,
1445 973 1502 1006 sed
1523 972 1586 1017 qui
1602 972 1639 1005 fit
1662 979 1701 1006 ut
1723 984 1782 1005 cor
1801 973 1913 1006 subita
1933 972 2146 1016 cogitatione
2168 971 2236 1004 im-

1243 1026 1402 1069 pulsum,
1429 1023 1545 1057 statim
1565 1023 1798 1067 rapidissimis
1813 1024 1968 1057 motibus
1984 1023 2139 1057 cieatur‘?
2165 1022 2237 1055 lae-

1242 1076 1342 1114 ticia,
1370 1075 1510 1113 dolore,
1536 1086 1608 1118 spe,
1635 1081 1743 1114 metu,
1771 1075 1840 1113 ira,
1863 1075 2015 1108 flammis
2031 1073 2162 1107 amoris
2177 1078 2238 1106 aut

1243 1126 1336 1167 odii,
1363 1125 1543 1171 quomodo
1561 1136 1632 1163 cor,
1661 1126 1755 1169 quod
1773 1132 1823 1158 est
1839 1138 1918 1159 caro
1946 1125 2054 1170 spissa
2081 1131 2114 1158 et
2138 1125 2238 1163 dura,

1243 1177 1426 1211 dissimilis
1460 1183 1606 1208 naturae
1644 1175 1856 1219 intelligenti
1890 1189 1949 1209 seu
1980 1176 2066 1216 luci,
2102 1173 2240 1208 moveri

1244 1234 1356 1272 potest
1371 1226 1608 1270 cogitatione?
1636 1232 1670 1259 et
1686 1227 1780 1259 unde
1795 1233 1890 1260 tanta
1907 1234 2068 1261 motuum
2079 1253 2087 1266 ‚
2111 1225 2240 1259 videli-

1244 1285 1296 1312 cet
1315 1278 1504 1311 affectuum
1516 1304 1524 1318 ,
1548 1276 1732 1310 diversitas
1746 1284 1796 1311 est
1812 1277 1847 1310 in
1864 1290 1935 1311 una
1950 1285 1983 1312 et
1999 1277 2106 1310 simili
2124 1275 2239 1310 carnis

1245 1330 1380 1362 massa?
1405 1329 1594 1371 Quomodo
1612 1328 1707 1371 gigni
1725 1335 1871 1371 possunt
1886 1329 2022 1361 viribus
2038 1324 2144 1361 huius
2159 1338 2239 1360 cru-

1245 1382 1308 1414 dae
1326 1380 1440 1414 carnis
1468 1379 1611 1423 spiritus
1631 1379 1772 1417 vitales,
1800 1379 1860 1424 qni
1885 1386 1968 1413 sunt
1991 1378 2152 1412 flammae
2179 1389 2240 1411 su—

1245 1438 1406 1477 perantes
1422 1431 1498 1464 luce
1515 1437 1547 1464 et
1565 1429 1758 1463 subtilitate
1775 1430 1910 1463 solem?
1935 1428 2013 1464 Etsi
2027 1436 2142 1463 autem
2159 1434 2240 1462 tan-

1246 1490 1359 1516 tarum
1386 1494 1504 1515 rerum
1530 1493 1652 1514 causae
1675 1481 1813 1515 ostendi
1837 1493 1909 1515 non
1927 1487 2092 1525 possunt,
2121 1486 2239 1513 tamen

1246 1534 1513 1578 progrediamur
1530 1544 1599 1577 11110
1618 1544 1813 1576 possumus.
1868 1532 1909 1566 ln
1934 1545 1972 1566 ea
1999 1531 2157 1576 corporis
2171 1527 2240 1564 hu-

1246 1585 1341 1618 mani
1371 1590 1468 1628 parte
1495 1595 1583 1628 quae
1607 1590 1725 1627 pectus
1747 1583 1970 1623 nominatur,
1998 1583 2132 1616 inclusa
2152 1581 2241 1616 ossi—

1247 1637 1310 1668 bus
1326 1632 1480 1668 thoracis
1496 1645 1605 1678 nsque
1623 1635 1665 1666 ad
1684 1635 1924 1677 cartilaginem
1949 1631 2113 1680 ξιφοειὸῆ
2135 1640 2168 1667 et
2184 1644 2240 1666 re—

1246 1687 1384 1729 gionem
1396 1685 1598 1725 ventriculi,
1614 1697 1630 1717 a
1650 1697 1717 1729 qna
1733 1685 1916 1718 dirimitur
1935 1682 2140 1729 phrenibus,
2157 1689 2239 1717 sunt

1247 1748 1338 1776 ossa,
1366 1735 1568 1780 panniculi,
1595 1742 1633 1768 ut
1657 1748 1694 1768 ea
1716 1748 1804 1780 quae
1833 1735 2004 1778 succingit
2023 1741 2150 1775 costas,
2183 1734 2240 1766 in-

1248 1787 1439 1830 tersepiens
1472 1787 1544 1818 sive
1577 1786 1824 1826 mediastinus,
1865 1783 2116 1830 diaphragma,
2157 1784 2239 1818 item

1248 1839 1363 1871 cordis
1395 1837 1638 1876 involucrum,
1673 1843 1707 1870 et
1738 1849 1797 1869 cor
1826 1836 1939 1881 ipsum
1965 1849 2044 1869 cum
2078 1842 2177 1869 aorta
2206 1841 2241 1869 et

1249 1901 1416 1921 venarum
1444 1887 1645 1927 canalibus,
1679 1887 1762 1920 item
1788 1888 1909 1931 pulmo
1935 1899 2014 1920 cuin
2041 1887 2112 1919 suis
2138 1886 2241 1925 vasis,

1249 1948 1281 1974 et
1305 1939 1443 1984 aliquae
1469 1938 1621 1981 gutturis
1644 1945 1675 1971 et
1698 1938 1798 1981 gulae
1822 1945 1952 1983 partes:
1979 1939 2036 1971 sed
2061 1938 2104 1971 de
2123 1937 2240 1971 omni-

1250 1992 1312 2023 bus
1329 1991 1394 2022 iam
1412 1989 1480 2022 dici
1498 2001 1569 2021 non
1591 1995 1713 2032 potest.

1324 2040 1459 2074 Ordiar
1476 2041 1582 2083 igitur
1600 2040 1643 2072 ab
1660 2052 1697 2072 ea
1720 2047 1834 2084 parte,
1855 2051 1943 2085 quae
1962 2039 2167 2072 nominatur
2184 2039 2240 2071 in-

1250 2093 1431 2125 volucrum
1456 2091 1571 2125 cordis
1601 2097 1634 2123 et
1663 2087 1896 2136 περικάρδιος
1913 2088 2042 2135 χιτών,
2065 2091 2158 2135 quod
2179 2102 2240 2123 cor

1249 2145 1483 2189 undequaque
1508 2142 1621 2175 munit
1640 2154 1678 2175 ac
1697 2143 1801 2185 tegit,
1827 2149 1878 2175 est
1897 2142 1990 2174 enini
2007 2141 2098 2174 velut
2122 2141 2239 2174 cordis

1249 2195 1487 2235 domicilium,
1516 2193 1552 2226 in
1576 2205 1646 2237 quo
1666 2199 1698 2226 et
1724 2193 1884 2226 munitur
1901 2205 1961 2225 cor
1978 2199 2008 2225 et
2037 2192 2240 2225 sustinetur.

1251 2244 1307 2279 Est
1345 2254 1459 2279 antem
1495 2242 1561 2278 lior
1590 2245 1812 2277 involucrum
1846 2244 2049 2277 membrana
2082 2243 2240 2286 simplex,

1250 2297 1357 2329 nullis
1377 2297 1560 2330 intertexta
1579 2295 1693 2334 1111115,
1720 2295 1778 2327 sed
1797 2295 1894 2328 firma
1912 2302 1942 2328 et
1965 2295 2101 2333 valida,
2130 2295 2237 2334 figura

1250 2348 1347 2381 uncis
1365 2349 1508 2391 pineae,
1536 2347 1630 2380 intus
1646 2346 1826 2379 cavitatem
1847 2343 1992 2386 habens,
2017 2357 2104 2391 quae
2125 2345 2240 2378 cordis

1247 2400 1467 2433 domicilium
1494 2405 1560 2435 est,
1588 2403 1662 2431 orta
1689 2397 1732 2429 ab
1753 2397 1835 2440 ipsis
1850 2409 2019 2430 venarum
2046 2403 2078 2430 et
2095 2396 2238 2429 arteria-

1249 2463 1325 2483 rum
1352 2451 1497 2489 tunieis‚
1531 2461 1620 2493 quae
1644 2460 1706 2491 per
1731 2445 1820 2481 lianc
1844 2449 2084 2481 membranam
2113 2449 2238 2479 ductus

1249 2499 1374 2535 liabent
1388 2530 1395 2540 ,
1422 2501 1560 2541 alligata
1580 2500 1790 2533 mediastino
1808 2506 1839 2533 et
1855 2497 2109 2543 ‹liapliragmati
2131 2497 2239 2530 firmis

1249 2553 1406 2585 nexibus.
1436 2552 1510 2585 1101·
1529 2551 1750 2583 involucrum
1768 2551 2027 2583 nnlnimentum
2045 2555 2092 2581 est
2112 2548 2238 2588 cordis,

1248 2603 1370 2648 inquo
1390 2605 1434 2637 ita
1457 2604 1554 2639 latet.
1586 2609 1622 2635 nt
1643 2602 1828 2635 intervallo
1847 2609 1940 2634 certo
1956 2601 2054 2633 distet
2079 2599 2238 2644 undique

1246 2657 1365 2687 rorat»
1383 2657 1476 2699 ipse,
1505 2654 1548 2687 ita
1567 2661 1600 2686 nt
1621 2665 1683 2685 ner
1702 2653 1765 2695 ipsi
1784 2650 1982 2689 adhaereat,
2008 2663 2069 2683 ner
2087 2650 2236 2684 alterum

1246 2718 1282 2738 ex
1303 2707 1411 2739 altero
1431 2713 1549 2739 natum
1571 2705 1625 2738 sit.
1684 2703 1721 2736 lu
1742 2701 1804 2736 liac
1829 2715 1906 2735 arca
1930 2702 2149 2741 existimant,
2174 2712 2235 2735 sen
