2338 2958
183 124 254 161 747

181 220 293 246 strum
319 208 433 243 Iesum
458 201 640 238 Christum
667 197 878 243 placatorem
900 193 1107 236 constituit,
1141 201 1175 228 et

183 260 375 298 Ecclesiam
393 255 460 290 sibi
478 260 655 287 aeternam
673 261 711 282 ac
725 245 977 281 haereditatem
995 245 1067 279 filio
1091 257 1175 279 voce

183 310 366 355 Evangelii
390 304 534 348 colligit.
588 300 749 344 Denique
772 298 866 343 quod
886 297 922 330 in
942 309 1018 331 meo
1036 303 1176 340 pectore

186 359 371 404 Evangelii
405 358 518 389 lucem
553 351 723 386 accendit.
783 348 829 382 Et
855 360 938 399 orn,
973 355 1011 381 ut
1035 354 1178 392 propter

187 415 298 448 filium
329 420 431 442 suum
462 404 657 439 Dominum
691 401 805 435 lesum
841 396 1022 433 Christum
1066 410 1178 431 meam

189 468 360 500 mentem,
387 469 527 496 vocem,
554 454 689 493 studia,
715 450 861 485 consilia
882 450 1015 487 omnia,
1043 448 1179 493 Spiritu

189 526 251 547 suo
269 518 388 545 sancto
404 509 597 552 gubernet,
623 503 711 537 sicut
725 501 887 547 promisit
900 501 1007 534 filius:
1036 499 1180 542 Quanto

193 563 300 607 magis
312 568 410 606 pater
428 565 542 592 vester
558 551 1003 595 coelestisdabitSpiritum
1022 558 1180 583 sanctum

191 611 418 660 petentibus?
470 609 566 642 Haec
585 613 684 644 vota,
713 616 801 649 quae
818 615 917 646 saepe
933 602 1091 646 qnotidie
1110 613 1177 632 me.-

193 677 272 699 cum
290 669 430 707 repet0‚
456 671 551 693 nunc
568 658 660 691 clara
675 667 758 688 voce
783 654 819 685 iu
839 652 992 686 Ecclesia
1011 651 1077 685 Dei
1096 651 1185 683 reci-

193 724 249 755 to,
283 721 322 748 ut
347 725 409 757 pro
434 724 488 744 me
514 717 547 743 et
572 720 635 752 pro
665 718 737 738 sese
763 703 893 747 singuli
920 715 996 735 meo
1025 702 1184 745 exemplo

193 768 288 800 idem
308 770 513 809 precentur,
541 767 579 793 ut
595 758 687 791 filius
706 755 770 790 Dei
793 753 961 799 peculiari
979 753 1187 797 promissio-

194 830 239 850 ne
268 825 490 850 communem
523 808 758 855 precationem
785 804 944 844 ornavit,
979 804 1115 836 dicens:
1149 802 1187 836 Si

196 870 267 902 duo
287 879 328 900 ex
354 864 452 897 vobis
477 858 719 895 consenserint
742 856 778 889 in
801 863 910 894 terra,
941 854 1108 899 quicquid
1129 865 1189 898 pe-

197 925 288 958 tent,
315 915 458 950 dabitur
475 913 523 946 eis
541 924 558 944 a
578 916 674 954 patre
690 920 766 941 meo
784 905 936 940 coelesti.

301 967 402 1001 Nunc
421 964 524 997 venio
547 963 589 995 ad
608 961 752 993 alteram
778 958 846 990 mei
868 956 1022 989 muneris
1042 962 1188 1000 partem.

197 1019 309 1064 Saepe
332 1024 446 1051 autem
464 1015 504 1048 ad
522 1024 575 1046 me
590 1010 843 1045 consolandum
862 1014 894 1041 et
908 1007 1190 1040 confirmandum

198 1070 312 1113 cogito
347 1067 449 1101 Pauli
479 1065 633 1103 dictum,
666 1060 760 1106 quod
793 1065 885 1092 extat
911 1058 946 1090 in
975 1057 1120 1102 epistola
1147 1057 1190 1090 ad

201 1119 462 1164 Philippenses:
504 1114 599 1148 Deus
623 1120 690 1153 est,
726 1111 787 1156 qui
812 1109 917 1142 efficit
939 1109 975 1141 in
1001 1109 1122 1147 nobis,
1152 1114 1193 1141 ut

201 1171 334 1207 velitis,
362 1176 393 1203 et
408 1175 445 1202 ut
464 1164 668 1211 perficiatis,
692 1168 729 1194 ut
746 1161 863 1204 aliqua
880 1159 944 1203 ipsi
961 1166 1056 1202 grata
1074 1159 1167 1191 siant.

302 1220 396 1254 llaec
414 1215 584 1251 sententia
601 1225 679 1246 cum
697 1209 783 1244 mibi
803 1211 994 1243 admodum
1011 1208 1194 1241 familiaris

201 1274 244 1307 sit
258 1299 266 1310 ,
294 1282 388 1304 nunc
408 1278 547 1313 quoque
571 1266 612 1297 de
629 1269 834 1305 argumento
853 1260 1017 1303 cogitanti
1042 1271 1113 1292 sese
1129 1259 1193 1315 ob-

202 1323 294 1358 tulit.
348 1320 468 1363 Quare
486 1329 564 1350 cum
583 1313 858 1348 consolationem
876 1318 906 1345 et
925 1309 1011 1344 inibi
1031 1317 1062 1344 et
1079 1323 1195 1366 omni-

202 1375 268 1407 bus
294 1373 357 1417 piis
384 1371 568 1403 salutarem
596 1364 792 1403 contineat,
818 1362 961 1395 caeteris
980 1367 1195 1402 argumentis

203 1423 269 1459 hoc
288 1431 443 1466 tempore
461 1417 607 1456 relictis,
635 1413 725 1448 lianc
742 1413 981 1448 dulcissimam
992 1411 1093 1445 Pauli
1111 1424 1196 1445 con-

206 1477 342 1509 cionem
361 1482 524 1506 enarrare
543 1467 693 1501 decrevi.

305 1524 376 1559 Nec
397 1523 475 1555 volo
499 1519 666 1554 altissime
685 1516 816 1556 ordiri,
845 1516 901 1548 sed
922 1526 1099 1548 summum
1116 1525 1197 1547 sen-

206 1576 335 1612 tentiae
362 1574 515 1607 breviter
537 1580 721 1614 exponere.
782 1567 861 1600 'Non
886 1566 961 1599 vult
986 1565 1132 1603 Paulus,
1158 1570 1198 1597 ut

206 1638 377 1662 cessemus
396 1623 529 1666 ignavi,
561 1628 593 1653 et
612 1618 717 1652 veluti
739 1617 876 1650 inutilia
901 1624 1010 1649 terrae
1029 1617 1199 1659 pondera,

207 1686 342 1713 tantum
370 1687 492 1709 somno
519 1679 551 1705 et
576 1669 687 1703 ventri
713 1668 822 1702 dediti
847 1667 974 1705 simus,
1008 1673 1043 1698 ut
1070 1662 1199 1698 entliu-

207 1731 330 1763 siastae
354 1735 385 1760 et
414 1725 471 1757 alii
495 1723 626 1756 similes
652 1720 846 1755 finxerunt,
879 1717 1096 1762 quaerendas
1128 1727 1200 1748 esse

208 1780 376 1817 latebras,
409 1775 609 1819 fugiendam
642 1769 984 1804 administrationem
1014 1766 1202 1806 Ecclesiae,

211 1830 348 1876 politias
365 1835 397 1861 et
414 1823 636 1859 oeconomias
649 1846 656 1858 .
688 1827 719 1854 et
739 1821 774 1852 in
790 1819 866 1852 ocio
886 1819 1118 1861 expectandos
1136 1829 1201 1849 no-

210 1893 270 1915 vos
295 1880 443 1914 adflatus
456 1904 464 1916 ,
494 1876 527 1907 in
546 1873 674 1919 quibus
698 1883 769 1904 non
787 1871 871 1902 fides
891 1870 1032 1913 quidem
1051 1868 1202 1901 luctetur

210 1945 289 1966 cum
320 1937 436 1963 nostra
470 1924 723 1959 imbecillitate:
762 1928 795 1954 et
825 1927 1064 1954 sustententur
1093 1917 1228 1951 auimi'

211 1995 294 2016 voce
320 1979 611 2025 promissionum,
645 1975 702 2006 sed
727 1979 918 2006 cernantur
941 1971 1006 2003 alia
1032 1970 1202 2015 quaedam

212 2033 371 2068 coelestia
399 2027 605 2073 spectacula.
669 2023 825 2058 l'iemoxe
846 2020 929 2055 baec
950 2034 967 2054 a
992 2021 1091 2054 Pauli
1109 2020 1202 2053 dicto

212 2085 358 2118 somnia.
409 2081 498 2114 (juin
518 2077 630 2111 Deum
651 2074 825 2112 nou-inat,
861 2081 889 2105 et
908 2085 986 2105 cum
1002 2072 1068 2112 ait,
1094 2084 1111 2104 a
1130 2071 1203 2104 Deo

213 2145 372 2169 accensas
397 2144 468 2165 esse
495 2136 629 2162 nostras
657 2133 808 2164 mentes,
836 2124 993 2167 loquitur
1012 2125 1054 2155 de
1080 2122 1150 2156 [leo
1170 2132 1205 2154 se.

214 2185 439 2230 patefaciente
465 2193 524 2225 per
551 2177 793 2218 Evangelium.
854 2173 957 2207 lluuc
982 2173 1114 2211 Deum,
1145 2171 1203 2217 qui

215 2237 378 2281 pro-tiens
395 2247 432 2266 ex
451 2244 574 2265 arcana
594 2242 652 2261 sua
671 2229 762 2266 sede,
787 2238 859 2258 sese
877 2225 978 2257 nobis
996 2222 1206 2256 vom—Evan-
1229 2222 1231 2227 ⁴

214 2288 292 2331 getii
319 2284 495 2331 patefecit,
533 2282 602 2313 vult
639 2291 702 2311 uos
739 2289 924 2319 agnoscere
957 2282 987 2308 et
1027 2275 1204 2307 inxocare:

217 2338 309 2371 hunc
340 2337 384 2369 ait
416 2333 603 2367 Ecclesiam
636 2330 701 2362 sibi
733 2328 915 2368 colligere,
949 2339 986 2358 ac
1022 2325 1204 2358 bominum

216 2395 347 2422 mentes
367 2399 404 2418 ex
425 2386 482 2417 illa
502 2382 632 2425 ingenti
651 2379 858 2413 confusione
883 2385 914 2411 et
933 2377 1086 2410 tenebris
1103 2387 1207 2419 gene-

218 2441 265 2474 ris
285 2437 427 2471 humani
451 2437 490 2467 ad
516 2448 550 2467 se
569 2433 715 2464 flectere.

320 2488 392 2521 lloc
413 2500 489 2519 cuin
508 2486 546 2517 ¹wit
560 2511 567 2521 ,
596 2489 742 2516 sonante
759 2480 937 2517 doctrina,
963 2491 1067 2523 quain
1088 2475 1207 2510 Eccle-

216 2544 285 2576 siae
304 2553 383 2574 suae
404 2537 566 2571 tradidit,
595 2535 746 2577 prolecto
763 2532 834 2563 xult
854 2542 916 2562 nos
936 2542 1010 2562 eain
1031 2528 1207 2571 amplecti:

215 2607 286 2627 non
307 2599 538 2633 repugnemus
556 2585 584 2616 ei
599 2612 606 2622 ,
632 2597 702 2615 uon
734 2582 977 2622 indulgeamus
996 2579 1123 2611 nostris
1143 2579 1205 2610 du-

217 2642 448 2679 bitationibus
480 2645 508 2669 et
545 2634 811 2677 cupiditatibus,
847 2633 906 2664 sed
938 2631 1117 2663 doctrinae
1146 2630 1205 2660 ol»-

217 2702 459 2739 u.„.pereinus.
509 2689 607 2729 Quae
622 2685 763 2729 quidem
783 2695 845 2715 nos
862 2682 980 2716 statim
1000 2682 1034 2713 in
1054 2679 1208 2713 nwdimn

622 111 778 150 DECL.
819 107 895 144 DE
928 105 1110 144 DlCTO
1144 107 1336 146 PAULI:
1379 106 1530 144 DEUS
1562 106 1670 145 EST
1698 119 1782 148 ETC.

2138 112 2212 148 748

1224 201 1401 229 certamen
1418 201 1451 228 et
1468 193 1505 227 in
1523 193 1632 228 aciem
1647 194 1777 234 mittit,
1800 195 1862 230 ubi
1878 195 1964 230 alios
1978 195 2014 230 in
2032 197 2099 231 alia
2118 205 2216 242 parte

1225 244 1493 290 gubernationis
1517 244 1608 279 vitae
1634 257 1792 279 exercere
1812 255 1950 291 oportet
1968 248 2090 290 fidem,
2115 249 2218 282 invo-

1227 297 1421 334 cationem,
1457 296 1642 338 timorem,
1680 296 1930 330 obedientiam.
1995 297 2091 333 Ilaec
2115 299 2219 334 initia

1228 360 1270 381 an
1290 347 1326 379 in
1346 353 1484 391 pectore
1502 353 1562 380 tuo
1581 358 1722 380 accensa
1741 346 1830 387 sint,
1863 348 2044 383 manifeste
2063 350 2220 384 iudicare

1229 406 1338 443 potes,
1397 396 1492 437 Scis,
1525 409 1569 430 an
1595 403 1633 430 ut
1649 396 1822 442 Cyclopes
1841 405 1901 432 aut
1922 396 2107 442 Epicurei,
2134 413 2222 434 con-
2267 429 2274 435 .

1231 458 1364 484 temnas
1380 447 1509 481 Deum:
1539 460 1583 480 an
1598 455 1636 482 ut
1651 448 1711 481 alii
1729 449 1890 492 superbi,
1913 449 1972 493 qui
1985 447 2222 496 Philosopho-
2264 456 2269 459 ’

1233 512 1309 533 rum
1329 498 1515 543 opiniones
1531 499 1574 532 de
1589 497 1664 531 Deo
1681 507 1819 538 amant,
1846 501 2043 543 asperneris
2061 500 2223 545 Evange-
2270 522 2279 529 -
2323 502 2327 510 '

1233 552 1332 584 lium.
1393 549 1451 583 An
1479 561 1561 583 vero
1590 546 1679 582 banc
1709 562 1816 583 uuam
1844 550 2039 583 doctrinam
2069 553 2112 585 de
2137 551 2224 593 Deo,

1235 613 1294 645 per
1320 598 1533 645 Prophetas,
1566 597 1748 634 Christum
1780 606 1809 633 et
1838 598 2028 645 Apostolos
2053 614 2225 647 propaga—

1235 660 1323 692 tam,
1352 663 1468 685 veram
1487 662 1559 684 esse
1577 658 1723 692 statum,
1749 658 1783 684 et
1799 663 1843 684 an
1858 663 1930 684 eam
1950 665 2109 686 normam
2127 653 2227 699 sequi

1236 702 1321 735 velis
1346 702 1382 734 in
1406 702 1470 736 Dei
1491 702 1713 735 invocatione
1736 709 1768 736 et
1785 702 1929 735 caeteris
1945 703 2079 739 officiis.

1239 752 1408 794 intelligi,
1433 752 1527 785 cerni
1549 759 1582 786 et
1594 752 1744 786 iudicari
1766 759 1923 797 possunt.

1341 802 1462 848 ltaque
1492 803 1553 837 ubi
1586 804 1663 838 iam,
1681 811 1764 837 sunt
1797 801 1881 837 haec
1909 804 2042 839 semina
2074 802 2251 849 pietatis,

1239 855 1321 900 quia
1353 854 1540 887 difficultas
1567 854 1832 897 gubernationis
1862 855 1973 896 vitae,
2010 862 2043 890 et
2074 857 2230 901 pericula

1240 905 1409 950 paulatim
1432 904 1540 948 magis
1565 905 1852 949 conspiciuntur,
1877 906 2071 940 multorum
2093 908 2232 941 animos
2274 909 2280 917 '

1241 958 1288 991 ita
1306 956 1493 999 frangunt,
1519 962 1560 989 ut
1583 957 1734 1000 quadam
1759 957 1909 990 mollitie
1926 957 2093 992 abiiciant
2113 959 2231 1000 fidem,

1241 1014 1275 1041 et
1297 1004 1360 1039 bos
1383 1018 1528 1049 magnos
1549 1007 1705 1048 labores,
1732 1018 1819 1052 quos
1834 1006 2011 1041 Ecclesiae
2033 1009 2233 1053 propositos

1242 1058 1374 1091 vident.
1438 1057 1507 1090 Hic
1535 1069 1673 1090 necesse
1703 1064 1755 1091 est
1786 1057 2034 1101 languentibus
2061 1060 2233 1093 auxilium
2276 1071 2282 1081 ’

1243 1109 1446 1148 ostendere,
1471 1114 1505 1141 et
1522 1108 1735 1152 trepidantes
1753 1109 1972 1145 confirmare.

1345 1158 1404 1192 Sic
1434 1169 1516 1201 ergo
1550 1156 1640 1190 hanc
1670 1157 1771 1191 Pauli
1802 1160 2011 1193 sententiam
2037 1161 2235 1203 audiamus,

1245 1221 1317 1242 non
1349 1216 1388 1242 ut
1417 1209 1566 1242 stoicum
1597 1208 1727 1241 dictum
1762 1209 1941 1243 deterrens
1965 1223 2048 1251 nos,
2082 1223 2125 1245 ne
2148 1213 2235 1258 quid

1245 1271 1407 1303 agamus,
1435 1260 1494 1292 sed
1512 1265 1551 1292 ut
1566 1259 1841 1292 consolationem
1859 1260 1894 1293 in
1914 1262 2063 1294 maxima
2082 1262 2236 1297 difficul-

1246 1318 1315 1345 tate
1332 1309 1598 1353 gubernationis
1621 1310 1733 1351 vitae,
1763 1317 1793 1343 et
1818 1310 1853 1343 iu
1872 1312 2124 1346 certaminibus
2139 1325 2237 1347 acer·
2283 1339 2286 1347 .

1247 1361 1357 1395 rimis.
1418 1358 1554 1394 Omnes
1575 1360 1611 1393 in
1639 1361 1768 1405 quibus
1789 1361 1922 1394 semina
1949 1370 2030 1396 sunt
2055 1363 2238 1398 doctrinae

1249 1411 1422 1452 coelestis,
1456 1412 1587 1457 quique
1611 1423 1686 1444 eam
1709 1411 1854 1452 amatis,
1881 1420 1913 1447 et
1934 1411 2046 1446 Deum
2072 1421 2163 1448 recte
2180 1426 2239 1448 ce-

2131 703 2228 738 Haec

1249 1463 1379 1496 lebrari
1397 1462 1546 1507 optatis,
1574 1459 1736 1496 inchoata
1760 1463 1876 1496 studia
1896 1470 1929 1497 et
1949 1464 2086 1498 labores
2102 1471 2239 1509 urgete:
2283 1491 2299 1504 ι,
2334 1467 2338 1473 “

1248 1526 1312 1548 nec
1328 1525 1390 1547 vos
1402 1513 1571 1547 deterreri
1588 1513 1760 1547 malorum
1773 1513 1880 1554 odiis,
1905 1515 2148 1558 magnitudine
2166 1529 2241 1550 cer·
2289 1530 2297 1538 ⁸

1249 1565 1423 1599 taminum
1448 1571 1480 1598 et
1506 1564 1743 1608 periculorum
1774 1565 1994 1599 existimetis:
2029 1578 2093 1600 nec
2117 1568 2241 1612 despe-
2288 1586 2290 1588 ·

1250 1622 1323 1648 rate
1334 1622 1479 1648 eventus
1497 1615 1651 1648 etexitus
1668 1615 1839 1657 placidos,
1867 1623 1897 1649 et
1917 1617 2056 1656 scitote,
2083 1616 2197 1652 Deum
2209 1625 2242 1653 et

1251 1665 1507 1710 opitulaturum
1524 1676 1595 1697 esse
1614 1665 1712 1697 vobis
1733 1672 1764 1698 et
1781 1667 2059 1707 gubernaturum
2075 1669 2199 1704 exitus.

1352 1714 1452 1748 lianc
1470 1715 1744 1748 consolationem
1765 1716 1868 1750 tradit
1888 1714 1942 1750 bic
1960 1716 2110 1760 Paulus,
2136 1732 2241 1765 quam

1253 1766 1482 1800 necessariam
1515 1778 1587 1798 csse
1621 1766 1720 1799 vobis
1747 1767 1933 1809 omnibus,
1975 1769 2076 1802 sacile
2100 1782 2138 1803 ex
2171 1771 2243 1804 suis

1253 1818 1400 1862 quisque
1429 1817 1607 1849 aerumnis
1639 1823 1673 1850 et
1707 1817 1870 1858 periculis
1901 1818 2096 1862 intelligere
2120 1828 2244 1863 potest.

1252 1868 1379 1911 Coepit
1396 1867 1523 1912 aliquis
1541 1867 1765 1908 gubernator,
1788 1875 1826 1901 ut
1838 1868 2103 1909 Constantinus,
2123 1869 2245 1905 Evan-

1254 1919 1384 1962 gelium
1412 1918 1593 1962 amplecti,
1630 1918 1734 1963 idque
1760 1925 1796 1952 ut
1821 1917 1916 1953 Deus
1942 1927 2031 1954 recte
2050 1921 2245 1957 innotescat

1255 1976 1287 2002 et
1303 1969 1498 2002 celebretur
1511 1996 1518 2008 ,
1547 1981 1738 2012 propagare
1750 1970 1884 2010 studet,
1912 1978 1942 2005 et
1959 1978 2089 2006 statuas
2104 1980 2136 2007 et
2148 1986 2246 2007 com-

1256 2020 1419 2053 menticia
1436 2020 1582 2053 nuinina
1602 2020 1738 2053 euertit.
1803 2019 1901 2053 llanc
1921 2029 2052 2055 tantam
2071 2036 2144 2057 rem
2164 2037 2244 2058 cum

1258 2069 1414 2109 inclinat,
1444 2071 1551 2103 multa
1570 2070 1819 2114 impedimenta
1837 2072 2064 2107 obiiciuntur.
2111 2073 2247 2109 Diabo-

1257 2123 1310 2154 lus
1328 2123 1493 2154 adversus
1519 2133 1598 2154 eum
1625 2122 1738 2155 irritat
1762 2122 1907 2166 impios,
1932 2124 1991 2168 qui
2011 2131 2043 2158 et
2063 2125 2127 2169 ipsi
2147 2138 2247 2169 aegre

1258 2174 1371 2206 serunt
1392 2172 1665 2216 suasopinioues
1682 2173 1900 2213 labefactari,
1923 2181 1981 2208 aut
1997 2176 2131 2210 turbari
2148 2189 2247 2211 suain

1259 2224 1561 2268 tranquillitatem.
1610 2223 1678 2256 Nec
1699 2223 1776 2256 talis
1795 2224 1849 2256 vir
1868 2233 1957 2258 recta
1977 2227 2141 2269 moliens,
2170 2236 2248 2262 tan-

1259 2282 1332 2307 tum
1360 2275 1500 2317 angitur
1524 2275 1566 2307 de
1590 2275 1661 2307 suis
1686 2275 1868 2318 periculis,
1902 2278 1960 2309 sed
1990 2278 2112 2312 metuit
2136 2279 2248 2314 exitus

1259 2333 1383 2362 tetros,
1412 2326 1464 2358 vel
1478 2325 1558 2369 quia
1575 2325 1701 2358 frustra
1715 2338 1766 2357 res
1784 2333 1895 2360 tantas
1913 2336 2067 2369 moveat,
2095 2330 2148 2363 vel
2166 2331 2248 2375 quia

1260 2377 1487 2419 imperiorum
1520 2376 1788 2410 dilacerationes
1825 2384 1854 2411 et
1890 2379 2047 2421 gentium
2086 2382 2248 2415 vastatio-

1262 2440 1320 2459 nes
1337 2436 1517 2460 secuturae
1535 2427 1615 2460 sint.

1367 2478 1404 2510 ln
1426 2476 1486 2510 liar
1506 2478 1744 2511 sollicitudine
1761 2479 1845 2523 quid
1866 2479 1989 2514 saciet?
2025 2480 2098 2514 Hac
2113 2494 2148 2515 se
2165 2495 2250 2516 cnu-
2294 2475 2301 2499 Ἴ

1261 2529 1431 2561 ,solatione
1457 2536 1643 2565 snstentet,
1678 2542 1781 2573 quam
1809 2527 1864 2563 liic
1885 2530 1992 2564 Divus
2017 2530 2145 2565 Paulus
2164 2535 2251 2567 reci-

1263 2587 1325 2612 t.·t;
1361 2578 1462 2612 Dabit
1487 2578 1577 2611 Deus
1598 2587 1632 2612 ut
1655 2580 1861 2622 perficiatis.
1889 2589 2019 2616 meru-t
2040 2585 2251 2619 vastatione-s

1264 2643 1347 2672 «pias
1375 2631 1518 2667 metuis,
1555 2638 1590 2664 ut
1617 2631 1700 2663 alibi
1730 2631 1898 2673 scriptum
1927 2640 1993 2665 est:
2033 2633 2251 2670 commend·

1264 2680 1337 2714 Deo
1356 2695 1445 2714 viam
1463 2688 1575 2720 tuam,
1604 2689 1633 2713 et
1650 2681 1720 2725 ipsc
1736 2681 1847 2714 satiet.
