2338 2958
190 121 263 158 555
928 100 1086 139 DECL.
1125 101 1198 137 DE

193 207 400 253 quir-untur:
436 200 532 234 Haec
562 196 592 230 si
622 192 892 240 praestabimus,
930 189 1043 224 aderit
1078 189 1181 222 etiam

193 258 289 293 Deus
315 255 400 300 piis,
430 258 463 285 et
484 258 605 282 eorum
627 243 774 278 consilia
790 249 885 286 reget
906 248 940 275 et
958 240 1055 274 dabit
1071 240 1183 273 exitus

194 308 362 354 placidos.
422 301 558 344 Quare,
592 293 808 333 scholastici,
842 305 903 326 vos
925 290 1112 328 adhortor,
1145 296 1184 323 ut

194 353 422 404 professionis
436 349 542 384 huius
556 346 796 381 difficultatem
813 344 930 377 auimo
948 341 1185 380 consideretis,

194 418 234 444 ut
256 404 461 450 magnitudo
482 398 630 445 periculi
662 396 795 441 publici
823 401 854 428 et
885 394 1012 434 vestri,
1046 403 1106 426 vos
1141 391 1183 424 ad

196 457 352 494 discendi
377 464 496 488 curam
524 457 559 485 et
581 449 623 483 ad
649 446 855 481 modestiam
882 445 1008 478 invitet
1029 450 1063 477 et
1085 453 1186 476 exus-

196 511 290 545 citet.
350 505 447 540 Deus
474 514 557 536 voce
577 505 764 545 parentum
786 503 819 529 et
835 496 1101 539 magistratuum
1125 494 1188 526 de-

197 561 345 595 stinatos
370 557 412 590 ad
438 552 529 587 hanc
553 549 824 597 professionem,
850 554 952 580 vocat
976 547 1016 579 ad
1035 544 1188 588 Reipub,

198 607 511 656 gubernationem,
537 613 626 648 quae
645 607 695 633 est
717 610 771 631 res
793 610 909 637 sacra,
936 596 1095 629 omnium
1113 606 1190 627 ma-

198 663 312 700 xima,
345 656 551 691 difficillima
578 658 610 685 et
643 648 947 695 periculosissima.
1011 645 1191 680 Anniten-

200 714 284 747 dum
304 716 354 743 est
371 708 479 751 igitur
493 703 657 739 omnibus
676 701 828 739 viribus,
851 706 891 732 ut
907 699 948 731 ad
968 709 1039 730 rem
1057 702 1190 730 tantam

200 763 405 797 accedamus
421 769 492 790 non
513 750 705 800 prophanis
721 750 866 789 animis,
893 749 951 781 sed
975 747 1193 792 prospicien-

200 821 252 848 tes
275 800 554 854 magnitudinem
573 801 728 836 muneris
752 813 770 833 a
787 799 861 833 Deo
880 799 1054 844 impositi,
1080 804 1113 830 et
1131 797 1195 829 ad-

201 866 353 898 serentes
385 861 547 893 timorem
575 854 660 893 Dei,
699 852 924 890 modestiam,
957 849 1193 883 eruditionem

202 915 435 948 mediocrem,
471 915 504 942 et
518 905 672 940 studium
692 902 857 936 salutaria
876 901 1012 945 agendi.
1060 898 1137 932 Hoc
1156 905 1195 930 ut

202 966 263 999 fiat
280 976 298 997 a
315 961 433 1001 vobis,
457 959 562 993 faciat
579 955 674 990 Deus
695 961 857 987 aeternus
879 959 976 997 pater
999 949 1196 984 liberatoris

205 1014 317 1049 nostri
335 1013 413 1046 lesu
429 1009 574 1045 Christi.
625 1004 719 1040 Dixi.

219 1200 285 1236 No.
310 1197 371 1232 69.

211 1245 382 1261 w

997 1187 1062 1226 (an.
1089 1185 1200 1224 1542.)

993 1231 1198 1247 m

549 1293 623 1334 De
651 1289 860 1345 Physica.

278 1381 307 1406 ln
329 1378 481 1405 Declamat.
500 1373 533 1399 Τ.
549 1372 568 1399 l.
591 1381 617 1406 p.
640 1370 715 1402 354„
741 1369 768 1394 in
787 1367 904 1393 serven.
924 1366 942 1391 Ι.
961 1375 988 1400 p.
1002 1364 1062 1391 307.
1087 1368 1112 1389 et
1130 1362 1201 1397 apud

310 1412 436 1440 aiebat-d.
454 1410 489 1439 11.
511 1418 537 1442 p.
556 1410 578 1433 1.

287 1493 415 1528 Oratio
443 1487 490 1522 de
514 1484 696 1530 Physica,
724 1479 853 1515 habita
882 1476 1126 1523 Witeberyae.

212 1564 291 1605 Pax
310 1565 442 1610 optima
457 1571 574 1594 rerum
585 1584 593 1598 ‚

368 1617 451 1656 Ques
469 1613 585 1644 homini
602 1611 721 1639 novisse
740 1608 842 1637 datum
861 1613 920 1642 est,

408 1666 472 1696 Pax
488 1674 545 1693 uua
562 1660 733 1699 triumphis.

216 1781 268 1807 ter
286 1770 388 1803 cives.
442 1763 543 1796 Hane
567 1760 673 1803 igitur
695 1770 712 1790 a
728 1755 803 1789 Deo
821 1759 1022 1798 perpetuam
1040 1757 1208 1794 petr-mus,

216 1828 359 1868 propter
376 1813 548 1851 Ecclesias
564 1808 697 1853 alioqui
715 1807 797 1839 satis
811 1804 900 1837 male
918 1803 1086 1840 adfectas,
1113 1807 1146 1832 et
1164 1800 1205 1832 ad

217 1873 280 1908 has
304 1866 632 1916 quantulascunque
656 1857 824 1902 reliquias
850 1855 1032 1888 literarum
1051 1851 1209 1884 retinen-
1235 1863 1237 1903 j
1263 1862 1322 1888 ant
1356 1854 1537 1897 diligentia
1571 1860 1735 1897 possunt,
1771 1860 1887 1886 tamen
1920 1865 1992 1886 non
2018 1853 2256 1887 existimemus

219 1927 298 1961 das,
333 1931 372 1953 ae
405 1927 500 1950 nunc
530 1912 605 1947 Deo
637 1909 725 1954 patri
759 1905 958 1940 liberatoris
984 1902 1096 1936 nostri
1134 1901 1208 1934 lesu

219 1971 352 2011 Christi
374 1967 501 2013 gratias
528 1973 688 2007 agamus,
720 1958 812 2004 quod
839 1955 1030 1989 tumultum
1053 1949 1210 1986 ,πανικὸν

221 2027 258 2060 in
276 2021 403 2056 vicinia
420 2025 536 2052 ortum
553 2012 706 2050 sedavit,
733 2011 775 2043 de
792 2020 861 2053 quo
880 2019 919 2038 eo
937 2006 1016 2037 dico
1035 2003 1211 2048 pauciora,
1236 2008 1239 2014 '

221 2076 303 2123 quia
328 2083 422 2105 nunc
448 2066 642 2112 optandum
669 2069 755 2094 esset
779 2055 988 2102 ἀμνηστίαν
1020 2055 1126 2088 totius
1162 2053 1210 2085 rei

223 2134 398 2162 aeternam
423 2131 494 2153 esse
507 2114 554 2160 ⁸).
616 2114 683 2146 Sed
708 2109 833 2144 moniti
859 2106 923 2140 hoc
946 2106 1120 2149 periculo,
1149 2114 1212 2136 nos

224 2177 366 2223 quidem
379 2171 492 2204 Deum
505 2166 636 2200 maiore
655 2165 779 2207 pietate
796 2167 826 2193 et
845 2157 1025 2200 diligentia
1043 2155 1213 2211 colamus,

224 2236 263 2262 ut
288 2230 402 2271 pareat
423 2217 608 2255 Ecclesia„
637 2223 666 2247 et
689 2212 742 2246 his
768 2210 893 2244 studiis
915 2220 1003 2253 quac
1022 2217 1212 2261 neccssaria

226 2286 304 2312 suut
332 2272 448 2317 generi
474 2269 641 2302 lnunauo.
699 2263 735 2297 ld
761 2262 896 2295 facilius
916 2260 1159 2302 impetramus,
1186 2268 1212 2288 si

228 2341 299 2363 non
326 2328 508 2358 aliutemur
530 2319 605 2351 ocio
634 2317 674 2349 ad
705 2315 844 2349 lnxtnn,
882 2319 911 2343 ct
939 2311 1128 2342 obscoenas
1154 2320 1213 2337 vo-

229 2382 394 2422 luptate-s,
428 2374 484 2406 sed
514 2372 616 2403 linem
646 2364 914 2410 prospiciemus,
946 2366 1088 2416 propter
1112 2370 1213 2402 quem

227 2429 322 2465 Deus
341 2437 455 2470 paca-m
483 2420 614 2466 politiis
631 2415 810 2454 concedit,
846 2420 882 2446 ut
908 2413 1047 2467 educari
1073 2422 1109 2442 ac
1137 2421 1215 2465 eru-

227 2481 295 2515 diri
324 2479 500 2511 iuventus,
535 2480 564 2504 et
594 2469 662 2510 regi
690 2465 876 2509 disciplina
900 2468 1024 2506 possit,
1051 2468 1081 2493 et
1107 2472 1217 2492 mato-

231 2544 303 2565 rem
321 2526 563 2561 adsiduitatvm
584 2522 618 2553 in
632 2518 693 2552 hac
712 2523 828 2550 nostra
844 2520 959 2557 togata
975 2511 1100 2545 militia
1119 2522 1217 2554 prac-

265 2666 290 2693 0,
315 2663 426 2686 ndei-nr
442 2666 496 2682 ‘ne
519 2657 618 2680 bellum
637 2654 668 2677 de
693 2650 793 2685 oppido
818 2647 963 2676 Wunen.
990 2647 1063 2680 quod
1085 2655 1126 2672 nn.
1146 2645 1217 2669 15⁴².

296 2697 459 2723 imminebat.

1234 99 1495 136 Pursicsx.
2149 97 2224 134 556

1236 185 1417 221 stabimus.
1470 182 1519 218 Ut
1536 183 1644 228 igitur
1659 181 1727 218 hoc
1742 185 1819 219 loco
1837 185 1887 219 in*
1900 182 1956 219 his
1971 184 2228 228 congressibus,

1237 238 1280 271 ad
1298 233 1537 270 cohortandos
1559 245 1620 268 vos
1644 234 1730 267 alias
1752 237 1795 268 de
1812 236 1890 269 aliis
1906 249 1966 270 seu
1985 237 2139 275 artibus,
2165 247 2228 269 seu

1237 286 1429 321 virtutibus
1451 285 1523 319 dici
1545 285 1651 326 solet,
1685 285 1734 318 ita
1771 293 1803 319 et
1835 297 1897 329 ego
1931 287 2126 320 orationem
2162 284 2229 319 hoc

1239 348 1412 382 tempore,
1458 337 1502 370 de
1534 335 1705 370 Doctrina
1742 333 1889 381 Physica
1921 334 2107 372 habiturus
2140 348 2230 371 sum.

1211 406 1213 417 ·
1238 389 1334 423 Ilaec
1356 395 1387 421 et
1413 387 1513 420 initia
1538 387 1650 431 prima
1671 386 1779 420 sumit
1794 399 1811 419 a
1829 383 2074 429 Mathematis,
2101 394 2134 421 et
2152 398 2230 432 pas—

1239 441 1305 474 sim
1332 439 1376 472 ab
1401 438 1472 471 illis
1497 437 1815 471 demonstrationes
1839 444 2033 471 mutuatur.
2086 437 2169 472 Ideo
2187 438 2232 470 de

1241 487 1470 525 Mathematis
1494 495 1528 522 et
1547 499 1649 532 saepe
1664 487 1750 520 alias
1768 494 1801 520 et
1826 499 1938 532 nuper
1954 488 2038 522 dixi.
2090 487 2233 522 Fortas—

1242 543 1288 575 sis
1312 548 1427 574 antem
1455 546 1495 573 ut
1519 539 1670 579 milites,
1701 550 1773 571 non
1788 544 1859 571 tam
1876 539 2010 577 verbis,
2044 550 2150 583 quam
2172 549 2234 571 sua

1243 600 1388 632 natura,
1415 602 1479 623 suo
1503 590 1628 623 dolore
1656 596 1690 622 et
1715 600 1838 622 causae
1852 589 2097 632 magnitudine
2113 600 2236 622 aceen-

1245 644 1401 683 duntur,
1441 640 1541 674 Sicut
1574 641 1668 684 apud
1694 639 1886 674 Salustium
1911 639 2051 673 dicitur.
2119 638 2237 672 verba

1246 694 1411 726 virtutem
1429 703 1501 724 non
1519 691 1658 724 addere.
1715 689 1766 723 Ita
1786 687 1850 723 hae
1867 697 2007 723 nostrae
2022 689 2238 724 conciuncu-

1246 745 1299 777 lae
1325 744 1368 776 ad
1400 743 1600 775 incitandos
1621 741 1777 782 animos,
1811 753 1884 774 non
1914 741 1960 774 ita
1986 741 2137 774 multum
2162 752 2239 773 mo-

1247 793 1357 828 menti
1381 793 1556 827 adferunt.
1617 791 1684 825 Sed
1704 798 1820 825 tamen
1845 791 1947 824 bonis
1962 791 2113 835 ingeniis
2131 790 2241 835 prod-

1248 856 1319 879 esse
1335 855 1391 876 eas
1406 843 1571 882 arbitror,
1593 843 1636 875 ad
1652 842 1880 876 iudicandum
1893 843 1935 875 de
1946 842 2100 882 artibus,
2122 848 2241 875 osten-

1249 897 1338 930 dunt
1355 895 1460 934 fines,
1489 895 1616 926 docent
1639 905 1709 937 quo
1727 893 1825 937 quasi
1849 905 1975 926 manus
1993 892 2177 936 dirigenda
2196 891 2242 924 sit

1250 948 1286 980 in
1303 945 1490 985 discendo,
1517 955 1606 989 quae
1621 943 1787 977 materiae
1804 943 1952 976 maxime
1967 944 2149 987 eligendae
2160 942 2242 977 sint.
2288 935 2291 938 Ι

1251 997 1326 1030 Hae
1345 997 1440 1040 ipsae
1454 994 1716 1028 admonitiones
1732 1000 1849 1027 tamen
1867 995 1909 1027 ad
1931 994 2151 1027 excitandum
2167 1000 2242 1026 stn—

1251 1049 1350 1081 dium
1375 1047 1477 1080 eti.·m
1503 1046 1720 1079 conducunt.
1779 1043 1851 1078 Nec
1873 1044 2002 1088 opinor
2017 1056 2150 1077 morem
2167 1042 2244 1076 Du-

1252 1111 1331 1132 cum
1348 1109 1492 1141 prorsus
1511 1096 1673 1129 inutilem
1689 1107 1780 1133 esse,
1809 1095 1869 1140 qui
1888 1107 1960 1127 non
1981 1095 2095 1128 solnm
2113 1094 2245 1127 oratio-

1252 1160 1317 1189 ne,
1344 1149 1402 1181 sed
1422 1147 1525 1181 etiarn
1544 1147 1627 1179 tuba
1644 1145 1773 1178 milites
1791 1145 1993 1179 exuscitant.
2043 1144 2190 1178 Habetis
2207 1144 2245 1177 in

1253 1197 1318 1232 hac
1334 1197 1526 1232 Academia
1543 1195 1610 1230 Dei
1628 1195 1815 1236 beneficio,
1841 1196 2098 1230 eruditissimos
2122 1195 2246 1229 Lecto—

1253 1261 1319 1289 res,
1347 1245 1593 1293 quiPhysicen
1610 1246 1803 1290 explicant,
1829 1247 1890 1291 qui
1906 1253 1938 1280 et
1954 1259 2071 1280 rerum
2089 1245 2246 1279 bonitate

1255 1299 1405 1333 invitare
1431 1309 1599 1341 generosa
1630 1297 1771 1339 ingenia
1806 1303 1840 1330 et
1876 1308 1937 1330 sua
1963 1297 2123 1330 oratione
2151 1308 2246 1329 com-

1256 1361 1397 1383 movere
1423 1348 1538 1382 studia
1561 1348 1691 1381 solent:
1725 1345 1852 1380 horum
1874 1355 1906 1380 et
1932 1347 2072 1381 iudiciis
2092 1353 2124 1380 et
2147 1353 2248 1380 auto-

1256 1401 1359 1434 ritate
1384 1399 1526 1433 accendi
1552 1411 1625 1431 non
1651 1397 1816 1432 distortas
1840 1405 1984 1431 naturas
2011 1410 2083 1431 non
2110 1397 2248 1431 dubito.

1255 1450 1346 1486 Cum
1364 1457 1481 1484 autem
1499 1450 1566 1482 iam
1583 1450 1626 1482 de
1643 1449 1750 1482 totius
1771 1449 1907 1492 collegii
1924 1449 2094 1482 sententia
2114 1445 2250 1481 haben-

1258 1504 1300 1535 da
1320 1501 1363 1535 sit
1379 1501 1511 1541 oratio,
1536 1501 1578 1533 de
1596 1500 1718 1532 eodem
1741 1506 1948 1542 argumento
1972 1499 2162 1533 dicendum
2178 1509 2251 1532 esse

1258 1553 1363 1592 duxi,
1390 1558 1428 1585 ut
1444 1551 1603 1584 omnium
1624 1550 1814 1583 sententias
1831 1551 1874 1583 de
1893 1547 1959 1583 hoc
1976 1550 2051 1594 ipso
2070 1549 2251 1583 doctrinae

1259 1614 1384 1646 genere
1414 1613 1607 1644 congruere
1633 1601 1848 1644 intelligatiS.
1906 1600 2019 1635 Notus
2038 1608 2087 1635 est
2111 1599 2251 1644 Virgilii

1232 1668 1233 1674 ¹
1260 1664 1399 1692 versus,
1426 1654 1460 1684 in
1479 1664 1547 1696 quo
1567 1651 1713 1683 dicitur:

217 1715 418 1756 Innumeris
438 1713 570 1757 potior,
598 1708 713 1752 inquit
731 1705 856 1743 Poeta,
881 1701 1031 1735 maxime
1048 1710 1130 1731 vero
1151 1698 1206 1730 in-
1232 1701 1235 1725 ἒ

1362 1706 1469 1735 Foelix
1485 1708 1535 1746 qui
1553 1707 1648 1744 potuit
1666 1715 1763 1733 rerum
1783 1715 1960 1743 cognoscere
1977 1714 2086 1733 ceusu.

1261 1753 1337 1788 Etsi
1354 1761 1467 1787 autem
1483 1751 1635 1785 humana
1652 1759 1776 1785 natura
1797 1752 1972 1784 imbecilla
1989 1750 2057 1791 est,
2085 1764 2147 1785 nee
2163 1753 2252 1785 vita-

1262 1817 1298 1838 re
1321 1816 1443 1837 omnes
1468 1815 1526 1836 sen
1551 1803 1686 1841 morbi,
1720 1814 1779 1836 seu
1805 1803 1925 1835 fatales
1951 1813 2049 1835 casus
2067 1802 2254 1846 prudentia

1264 1907 1390 1939 frustra
1407 1912 1456 1938 tot
1475 1905 1609 1938 artibus
1620 1905 1727 1937 vitam
1745 1904 1950 1937 instructam
1968 1915 2051 1943 esse,
2077 1916 2166 1949 quae
2176 1903 2255 1949 qui-

1264 1959 1342 1989 dem
1362 1956 1533 1988 «livinitus
1550 1953 1706 1988 humano
1725 1955 1841 1997 generi
1859 1961 2070 1987 monstratae
2088 1961 2180 1987 sunt.

1368 2006 1548 2039 Interdum
1566 2017 1620 2038 ars
1643 2006 1780 2038 rniutica
1798 2005 1952 2037 vinciun-
1975 2005 2256 2048 tempestatibus:

1266 2070 1329 2090 nec
1353 2064 1467 2090 tamen
1497 2058 1574 2088 ideo
1600 2057 1725 2089 frustra
1751 2063 1885 2088 ostensa
1910 2062 1959 2088 est
1981 2067 2035 2088 ars
2061 2055 2255 2089 fabricandi

1268 2119 1390 2147 naves,
1415 2120 1452 2140 ac
1471 2107 1677 2150 remigandi.
1733 2105 1913 2139 interdurn
1936 2113 2066 2149 segetes
2091 2106 2144 2139 vel
2161 2114 2257 2140 aestu

1269 2158 1512 2203 intempestivo
1536 2158 1733 2194 intereunt,
1761 2157 1814 2189 vol
1841 2157 2014 2189 imbribus
2035 2157 2259 2200 strangulan-

1268 2218 1341 2243 tur:
1378 2221 1441 2241 ucc
1472 2216 1587 2242 tamen
1622 2209 1700 2240 ideo
1732 2207 1943 2249 agricultura
1977 2208 2167 2241 deserenda
2198 2215 2259 2241 est.

1272 2260 1402 2293 Eodem
1422 2261 1525 2291 modo
1543 2260 1585 2291 dc
1601 2258 1744 2291 cacteris
1761 2257 1894 2290 artibus
1910 2258 2076 2291 omnibus
2092 2258 2160 2290 dici
2181 2265 2259 2302 pot—

1270 2319 1330 2343 est.
1384 2311 1494 2354 Saepe
1511 2309 1704 2352 opitulatur
1728 2309 1817 2341 xitae
1837 2308 2033 2346 Medicina,
2060 2321 2098 2341 ac
2116 2309 2259 2353 depellit

1271 2361 1451 2404 pestiferos
1477 2361 1635 2397 morbos,
1677 2359 1812 2392 tametsi
1845 2359 2018 2392 interdum
2049 2359 2148 2392 docta
2182 2360 2260 2402 plus

1272 2413 1359 2444 mle-t
1384 2420 1455 2444 arte
1480 2412 1622 2445 malum.
1684 2409 1743 2443 Est
1767 2418 1881 2443 antem
1909 2407 2086 2442 inchoatio
2111 2409 2260 2443 Medici-

1273 2476 1337 2495 nan-
1365 2461 1448 2495 haec
1477 2461 1636 2494 doctrina
1664 2459 1829 2505 Physica,
1864 2472 1952 2504 qnae
1982 2460 2261 2493 adolescentibus

1274 2521 1414 2557 propter
1431 2513 1556 2545 multas
1575 2512 1742 2545 utilitates
1759 2511 1847 2543 tradi
1869 2511 1954 2544 solet
1967 2537 1975 2549 ,
2002 2518 2033 2544 et
2049 2512 2092 2543 de
2107 2523 2174 2555 qua
2192 2511 2260 2543 i.=m

1244 2590 1245 2596 ,
1273 2565 1430 2597 distortis
1446 2575 1534 2597 snm.

1376 2615 1540 2648 Doctrina
1569 2612 1788 2646 Medicorum
1815 2611 2064 2653 amplissimam
2090 2612 2261 2645 eruditio-

1273 2679 1351 2697 nen·
1364 2674 1393 2698 et
1407 2666 1592 2698 salutarem
1611 2665 1700 2697 vitae
1716 2660 1888 2695 humanae
1903 2662 2158 2705 complectitur.
2192 2662 2259 2696 Sed
