2338 2958
207 131 277 166 147

203 217 263 251 sed
288 222 459 262 quantum
488 215 635 261 quisque
663 219 794 258 potest,
828 219 1069 247 monstrosum
1101 212 1195 247 facit.

203 267 256 302 Ac
274 274 349 301 tum
367 268 507 300 demum
524 266 590 298 sibi
605 266 712 298 fortes
728 264 814 305 viri,
842 271 916 298 tum
937 271 1106 308 satrapae,
1134 264 1196 296 de-

204 319 313 364 nique
335 318 438 362 plane
459 316 550 349 beati
573 315 760 356 videntur,
785 327 864 348 curn
888 315 1040 348 maxime
1062 326 1196 347 novum

203 367 364 403 habitum
393 367 611 411 maximeque
643 363 891 400 abhorrentem
924 366 969 399 ab
997 365 1110 399 oculis
1130 365 1196 397 bo-

204 432 331 454 norum
355 419 512 451 virorum
539 418 792 461 excogitarunt.
848 416 1028 460 Quasdam
1054 416 1196 455 formas,

204 471 286 516 quia
311 482 383 502 non
406 479 548 513 possum
571 469 767 502 verecunde
800 468 1006 508 nominare,
1040 473 1195 510 praeter-

203 522 317 555 mitto.
356 518 458 553 Esset
473 520 567 552 enim
585 520 780 563 optandum
802 525 842 552 ut
857 519 1027 551 abderent
1047 530 1086 551 ac
1103 525 1197 560 tege-

203 578 281 605 rent
300 570 504 613 diligentius
519 581 575 603 eas
590 577 723 615 partes,
752 581 837 614 quas
856 576 982 602 natura
999 569 1073 613 ipsa
1094 568 1197 601 abdi-

203 623 274 662 dit,
299 633 343 655 ne
361 621 399 654 in
417 629 581 666 promptu
600 622 750 665 positae,
779 620 963 653 ambitiose
979 631 1014 652 se
1032 620 1197 652 ostende-

203 680 292 708 rent.
339 671 421 707 Non
436 673 666 715 neglexerunt
686 670 776 704 lianc
795 679 928 715 partem
947 669 1197 715 sapientissimi

202 723 449 768 legumlatores
471 724 508 755 in
528 722 673 756 Graecis
690 722 906 756 civitatibus.
951 720 1084 755 Scribit
1101 721 1196 753 enim

202 772 406 819 Xenophon
425 775 460 806 in
479 773 650 807 institutis
662 772 1037 812 Lacedaemoniorum,
1062 771 1198 817 Lycur-

201 837 284 869 gum
309 825 543 869 praecepisse,
572 832 609 857 ut
628 824 725 868 pueri
748 824 784 856 in
810 823 973 867 publico,
999 822 1199 856 manusin—

201 885 254 911 tra
271 883 380 909 vestes
396 875 636 915 continerent,
662 882 700 908 ut
718 874 815 908 taciti
832 875 1046 915 incederent,
1067 885 1111 906 ne
1129 873 1197 906 cir-

201 933 497 971 cumspectarent,
524 938 588 959 nec
613 926 806 959 deiicerent
828 926 948 958 oculos
967 925 1011 958 ab
1036 922 1092 957 his
1110 936 1198 969 quae

201 985 284 1012 ante
312 979 417 1023 pedes
440 984 566 1010 esseut.
625 975 672 1010 Et
695 977 839 1022 quidem
869 974 955 1009 haec
990 987 1198 1019 magnarum

201 1029 373 1064 virtutum
402 1028 574 1074 tyrocinia
593 1028 764 1073 quaedam
789 1039 861 1060 esse
880 1027 1098 1061 existimant:
1137 1026 1198 1059 Ait

201 1081 296 1114 enim
322 1076 524 1123 Xenophon
552 1079 631 1111 ideo
664 1076 749 1112 llaec
776 1078 935 1112 instituta
967 1089 1059 1118 esse,
1093 1083 1131 1110 ut
1155 1077 1197 1110 ad

200 1131 461 1170 verecundiam,
489 1131 661 1174 pudorem
680 1142 717 1163 ac
734 1129 942 1162 modestiam
960 1140 978 1162 a
997 1128 1110 1173 prim‘a
1127 1135 1199 1161 sta—

201 1183 264 1216 tim
290 1181 438 1226 pueritia
461 1181 703 1214 adsuefierent.
756 1180 900 1223 Quanto
918 1181 1028 1223 magis
1053 1191 1118 1212 nos
1137 1178 1198 1223 qui

201 1234 237 1266 iu
254 1230 390 1266 scholas
414 1232 511 1264 missi
536 1243 675 1271 sumus,
702 1238 742 1264 ut
758 1243 830 1263 nou
855 1231 963 1263 modo
983 1231 1102 1263 literas
1119 1241 1198 1273 per-

201 1285 414 1328 ciperemus,
441 1284 500 1315 sed
524 1289 564 1316 ut
587 1284 630 1315 ad
654 1282 774 1315 omnia
800 1279 946 1314 honesta
964 1281 1077 1314 officia
1096 1281 1199 1313 insti-

200 1334 405 1369 tueremur'?
438 1332 534 1366 Haec
551 1333 765 1365 incunabula
781 1332 985 1372 modestiae,
1014 1332 1051 1363 in
1068 1332 1198 1364 vestitu

201 1393 306 1431 atque
330 1385 466 1417 incessu
492 1395 631 1416 servare
650 1383 816 1426 oportuit.
871 1381 1007 1415 Verum
1026 1382 1111 1426 quid
1132 1379 1199 1414 hoc

200 1436 350 1470 monstri
373 1442 442 1475 est,
474 1435 570 1468 aliud
594 1434 706 1467 oratio
730 1431 1041 1473 scholasticorum,
1075 1432 1198 1476 dispu-

200 1488 351 1522 tantium
368 1487 411 1519 de
433 1483 591 1519 honestis
613 1484 757 1524 officiis,
783 1484 879 1516 aliud
897 1484 1003 1517 vestis
1029 1483 1198 1527 loquitur,

200 1551 289 1584 quae
307 1549 479 1572 summam
506 1535 763 1578 impudentiam
788 1545 870 1578 prae
887 1545 922 1566 se
939 1535 1015 1567 sert.
1069 1533 1199 1567 Plane-

200 1602 268 1635 que
291 1589 403 1622 miror
421 1587 505 1632 quid
533 1587 604 1619 illis
626 1586 662 1618 in
687 1592 840 1618 mentem
865 1585 1004 1625 veniat,
1033 1596 1112 1618 cum
1139 1596 1197 1617 co-

200 1641 312 1684 gitant
338 1645 510 1684 quantum
537 1650 555 1670 a
581 1649 617 1670 se
640 1637 706 1681 ipsi
730 1635 957 1674 dissentiant,
991 1648 1096 1681 quam
1125 1648 1197 1668 non

201 1691 388 1725 conveniat
407 1690 449 1722 ad
469 1688 664 1722 orationem
682 1699 800 1727 suam,
827 1688 871 1720 ad
896 1687 1032 1727 studia,
1059 1684 1115 1720 hic
1133 1683 1198 1720 ha-

200 1743 307 1777 bitus.
360 1740 461 1775 Stin
485 1751 586 1773 scena
614 1739 773 1783 prodiret
801 1750 881 1771 cum
909 1736 1033 1771 habitu
1057 1749 1197 1771 scurrae

201 1793 466 1837 Agamemnon,
500 1803 604 1823 nemo
629 1802 701 1823 non
729 1789 982 1823 vociferaretur
1005 1789 1108 1823 illum
1131 1788 1198 1821 Hi-

200 1845 370 1879 strionem
388 1843 508 1876 decori
523 1842 673 1876 oblitum
691 1852 776 1882 esse,
801 1841 935 1874 nescire
951 1852 1085 1879 scenae,
1102 1841 1196 1885 quod

201 1896 320 1936 aiunt,
356 1894 503 1927 serviro-2
539 1900 609 1927 tam
641 1904 780 1925 morose
809 1892 1006 1926 iudicamus
1032 1891 1067 1923 in
1093 1891 1197 1925 ludis.

202 1947 299 1990 Quid
319 1945 450 1990 putatis
467 1955 588 1988 graves
604 1943 698 1976 viros
725 1943 878 1977 iudicare
896 1943 930 1976 in
957 1943 1056 1976 seriis
1080 1943 1198 1983 rebus,

202 2005 374 2043 quantum
393 1993 476 2030 huic
498 2006 620 2028 scenae
635 2006 699 2028 nos
724 1994 854 2027 servire
873 1995 1001 2035 velint,
1028 1994 1065 2026 in
1081 2006 1198 2039 quam,

203 2049 284 2094 quia
304 2048 427 2082 ludum
449 2044 544 2080 hunc
560 2058 650 2087 esse,
677 2058 750 2079 non
775 2047 882 2079 modo
910 2046 1111 2087 literarum,
1138 2046 1196 2078 sed

203 2099 363 2133 omnium
404 2098 574 2131 virtutum
619 2097 925 2142 percipiendarum
969 2097 1198 2136 arbitrantur,

205 2151 284 2183 ideo
301 2149 440 2183 deducti
459 2160 595 2189 sumus,
623 2156 661 2183 ut
679 2146 762 2181 hinc
779 2148 911 2192 optima
930 2147 1117 2192 disciplina
1135 2149 1198 2180 ad-

203 2201 345 2236 suefacti
363 2201 475 2234 bonos
494 2212 608 2233 mores
625 2201 666 2232 ad
683 2199 859 2245 Rempuli.
879 2198 1074 2233 afferamus.
1127 2199 1195 2233 Sed

204 2253 322 2299 quales
342 2263 455 2284 mores
472 2252 628 2284 adn-rent
651 2252 700 2283 illi
721 2253 760 2283 ad
780 2250 936 2295 Respul).
952 2250 1010 2296 qui
1030 2257 1197 2295 tanquam

206 2305 240 2337 in
267 2303 504 2347 impudentiae
524 2303 607 2336 ludo
627 2303 753 2335 versati
774 2310 908 2341 essent,
938 2302 1066 2335 indicia
1085 2303 1197 2335 bono-

206 2368 281 2388 rum
307 2355 462 2387 virorum
489 2361 714 2386 contemnere
738 2360 1016 2392 consueverunt,
1044 2353 1104 2398 qui
1132 2366 1198 2397 pu-

205 2408 327 2439 dorem
345 2413 375 2438 ct
388 2405 636 2438 uerecundiam
654 2405 792 2448 penitus
808 2418 846 2437 vx
864 2404 993 2438 animis
1010 2405 1198 2442 eiecerunt,

206 2457 265 2503 qui
282 2457 396 2498 legum
415 2463 508 2489 metu
527 2455 698 2499 deposito,
718 2456 820 2488 licere
838 2456 903 2489 silvi
920 2456 1093 2501 quidquid
1114 2456 1195 2489 lilwt

206 2508 431 2541 existimant?
486 2507 599 2541 Multa
625 2507 736 2546 enim,
768 2514 803 2540 ut
828 2507 920 2546 dixi,
948 2508 1031 2539 vitia
1051 2507 1111 2541 alit
1138 2507 1196 2539 illa

206 2559 417 2603 ineptiarum
437 2559 634 2593 adfectatio.
669 2559 786 2600 Quam
807 2571 901 2601 spem
917 2559 960 2590 de
977 2571 1012 2591 sc
1033 2559 1198 2603 praebere

205 2611 309 2644 bonis
328 2609 411 2642 viris
428 2616 536 2652 potest
557 2609 605 2649 is,
633 2609 692 2654 qui
716 2609 750 2641 iu
770 2610 880 2653 prima
898 2610 1045 2654 pucritia
1064 2610 1198 2653 legibus

207 2674 240 2694 se
265 2659 442 2695 coherceri
468 2667 571 2705 atquc
596 2661 782 2701 gubernari
810 2669 947 2695 nonest
973 2672 1113 2705 passus,
1138 2662 1195 2693 scd

207 2713 266 2757 qui
301 2720 468 2757 tanquam
503 2711 727 2756 tyrannidem
760 2719 911 2750 tom-ret,
954 2724 1018 2745 suo
1048 2712 1197 2746 arbitrio

928 124 1092 163 DECL.
1125 124 1202 161 DE
1236 124 1511 161 VESTITU.

2173 125 2243 162 148

1249 212 1396 250 vestire,
1428 222 1491 245 suo
1514 221 1613 244 more
1635 209 1754 246 vivere
1778 210 1917 244 voluit?
1949 209 2062 244 Nemo
2083 211 2241 255 profecto

1250 263 1350 296 illum
1379 262 1416 294 in
1441 262 1512 295 ulla
1535 261 1626 294 vitae
1650 267 1748 305 parte
1773 262 2015 301 moderatum,
2042 268 2101 296 aut
2127 262 2244 306 legum

1249 319 1464 347 metuentem
1481 313 1557 345 fore
1573 312 1705 346 credet.
1753 310 1801 345 Et
1819 309 1883 345 hac
1903 313 2122 356 impudentia
2137 313 2247 357 pleri-

1250 376 1317 409 que
1341 370 1423 397 sunt
1441 364 1502 408 qui
1527 375 1567 396 ex
1594 359 1724 395 scholis
1748 370 1888 406 postea,
1923 375 1995 396 non
2015 370 2152 397 tantum
2171 376 2246 398 am·

1250 415 1354 448 biunt
1378 414 1720 448 administrationem
1746 413 1946 455 civitatum,
1973 415 2032 447 sed
2050 415 2162 448 multo
2179 412 2244 448 ho-

1250 466 1440 499 nestiorem
1482 465 1701 509 provinciam
1742 465 1922 498 docendae
1962 465 2162 508 religionis,
2202 467 2247 499 ad

1250 529 1355 562 quam
1384 516 1522 550 adferre
1557 516 1771 559 singularem
1806 516 2013 549 modestiam
2049 517 2246 560 oportebat.

1250 567 1385 601 Audivi
1410 567 1447 600 in
1474 574 1565 601 terra
1584 566 1731 601 Suevica
1755 565 1956 611 Principem
1980 567 2086 600 fuisse
2110 579 2247 601 summa
2288 601 2296 610 χ

1251 619 1438 663 prudentia
1456 631 1493 651 ac
1510 619 1636 663 pietate
1651 617 1862 662 praeditum,
1883 615 2249 652 EberardumBarha-

1250 677 1344 711 tum,
1371 670 1419 703 sic
1443 669 1536 702 enim
1563 675 1708 709 vocant3
1736 669 1777 702 ad
1799 666 1894 702 hunc
1918 669 2019 702 aiunt
2032 669 2169 702 venisse
2192 669 2249 703 iu-

1251 732 1375 754 venem
1394 722 1571 766 quendam
1589 726 1764 764 petentem
1783 720 2030 760 sacerdotium,
2057 720 2148 754 forte
2165 717 2249 754 huic

1251 779 1376 805 ventus
1393 772 1531 814 aperuit
1554 777 1703 811 vestem,
1729 778 1768 804 ut
1785 771 1919 804 videret
1935 770 2104 815 Princeps
2126 771 2250 804 scissas

1253 822 1399 856 militari
1424 816 1522 855 more
1548 823 1686 865 caligas.
1742 820 1781 854 ld
1806 833 1901 854 nunc
1917 834 2022 855 nemo
2040 829 2154 866 tegere
2175 828 2249 855 stu-

1252 874 1327 914 det,
1354 879 1451 907 tanta
1469 881 1517 907 est
1537 873 1776 916 impudentia,
1804 872 1840 905 in
1859 873 1921 905 illo
1945 884 2044 906 casus
2060 879 2248 907 retexerat:

1252 924 1303 957 ibi
1319 923 1506 967 Princeps,
1529 929 1569 957 ut
1591 930 1665 956 erat
1689 923 1879 957 acerrimus
1899 931 2040 958 exactor
2063 931 2249 969 custosque

1253 975 1463 1020 discipliuae
1486 986 1646 1015 morum,
1682 974 1729 1008 ita
1755 981 1952 1008 commotus
1977 982 2047 1015 est,
2073 982 2112 1009 ut
2134 987 2251 1020 quan-

1253 1038 1357 1072 quam
1375 1026 1474 1071 loqui
1491 1025 1618 1059 Latine
1642 1037 1713 1058 non
1739 1025 1882 1065 soleret,
1909 1032 2026 1058 tamen
2044 1026 2094 1059 ira
2113 1027 2145 1059 ei
2164 1023 2249 1059 haec

1252 1078 1359 1110 verba
1386 1076 1608 1121 expresserit:
1639 1075 1734 1110 Vade
1758 1077 1821 1111 ira.
1876 1075 1934 1110 Sic
1961 1076 2081 1115 illum,
2111 1077 2192 1121 quia
2218 1076 2250 1109 ei

1253 1135 1470 1162 succenseret
1489 1140 1506 1161 e
1523 1134 1713 1172 conspectu
1729 1139 1792 1160 suo
1810 1127 1908 1161 abire
1930 1128 2040 1162 iussit.
2095 1125 2147 1161 Ac
2172 1135 2250 1162 tan-

1253 1187 1326 1212 tum
1351 1179 1480 1219 abfuit,
1514 1185 1552 1211 ut
1578 1178 1814 1212 sacerdotium
1841 1178 2036 1218 conferret,
2076 1186 2115 1212 ut
2143 1179 2248 1212 etiam

1252 1228 1480 1263 vehementer
1503 1229 1730 1273 obiurgatum
1750 1229 1940 1270 dimiserit,
1968 1230 2061 1275 quod
2088 1229 2124 1262 iu
2141 1228 2250 1263 Prin-

1252 1281 1340 1325 cipis
1357 1287 1582 1325 conspectum
1603 1281 1724 1313 venire
1743 1293 1822 1313 cum
1839 1293 1979 1314 scurrae
1996 1278 2131 1320 habitu,
2154 1281 2250 1325 quod

1252 1332 1386 1365 ambire
1403 1331 1637 1365 sacerdotium
1654 1343 1759 1365 ausus
1777 1338 1875 1370 esset,
1895 1344 1974 1365 cum
1991 1329 2056 1364 hae
2075 1331 2250 1375 significa-

1252 1383 1349 1416 tione
1368 1382 1626 1426 impudenfiae,
1654 1394 1693 1415 ac
1717 1382 1887 1422 levitatis,
1915 1395 1932 1415 a
1956 1394 2024 1427 qua
2047 1382 2251 1426 longissime

1253 1433 1371 1466 abesse
1388 1433 1586 1466 sacerdotes
1604 1433 1714 1466 decet.
1752 1430 1788 1466 Ο
1806 1445 1988 1466 censuram
2008 1433 2151 1477 dignam
2172 1434 2250 1467 lau-

1253 1485 1314 1522 de,
1360 1484 1575 1528 dignamque
1610 1484 1780 1517 memoria
1822 1490 1935 1517 vestra
1977 1484 2250 1521 commilitones.

1253 1533 1385 1568 Merito
1410 1535 1504 1567 enim
1528 1534 1616 1568 tanti
1636 1534 1722 1574 viri,
1749 1535 1805 1568 cui
1832 1535 1922 1568 sama
1947 1541 1998 1568 est
2022 1535 2059 1567 in
2083 1532 2149 1568 hoc
2175 1542 2249 1570 toto

1253 1584 1466 1618 Germaniae
1490 1585 1660 1629 imperio,
1691 1597 1864 1618 summam
1891 1585 2084 1629 sapientiae
2107 1585 2250 1620 laudem

1252 1637 1421 1670 tributam
1440 1648 1526 1676 esse,
1554 1637 1768 1669 commoveri
1789 1636 1922 1670 iudicio
1940 1637 2120 1671 debemus.
2156 1636 2250 1671 Huic

1252 1687 1347 1721 enim
1372 1699 1494 1721 omnes
1520 1687 1664 1732 populi,
1700 1700 1779 1721 cum
1805 1700 1927 1721 omnes
1951 1688 2092 1722 ordines
2109 1688 2146 1721 in
2164 1700 2249 1722 con-

1252 1739 1342 1772 ciliis
1376 1739 1590 1783 populorum
1627 1738 1842 1772 Germaniae
1875 1739 1918 1771 de
1950 1739 2113 1773 maximis
2144 1740 2249 1775 rebus

1251 1802 1353 1834 saepe
1376 1790 1513 1823 adsensi
1537 1789 1624 1829 sint,
1650 1790 1893 1824 adsentiamur
1916 1797 1947 1823 et
1972 1802 2038 1823 nos
2054 1787 2118 1824 hae
2139 1797 2249 1835 parte,

1252 1848 1285 1875 et
1302 1847 1496 1875 statuamus
1513 1841 1547 1873 id
1568 1841 1661 1886 quod
1681 1853 1734 1873 res
1751 1848 1818 1881 est,
1847 1841 1938 1874 nulli
1957 1853 2028 1873 non
2046 1841 2165 1875 ordini
2181 1839 2248 1875 ho-

1251 1892 1389 1925 minum
1415 1889 1478 1925 lias
1501 1892 1671 1936 ineptias,
1698 1893 1756 1925 sed
1780 1892 1931 1925 maxime
1955 1889 2173 1926 scholasticis
2192 1893 2248 1926 in-

1252 1945 1396 1976 decoras
1422 1955 1506 1976 esse.
1560 1941 1683 1988 Neque
1703 1955 1786 1977 vero
1811 1943 1860 1976 sic
1886 1943 1946 1976 ille
1967 1944 2095 1983 sensit,
2122 1951 2154 1978 et
2173 1955 2246 1978 non

1251 1995 1408 2028 sentiunt
1427 1995 1520 2027 idem
1537 2005 1660 2027 omnes
1677 1995 1761 2027 boni
1780 1995 1864 2035 viri,
1891 1994 2052 2027 omnium
2080 1991 2248 2029 honesto-

1252 2058 1330 2079 rum
1349 2044 1534 2079 hominum
1554 2042 1618 2078 hac
1633 2046 1676 2078 de
1692 2057 1728 2079 re
1745 2045 1870 2078 calculi
1887 2045 2124 2081 consentiunt.
2158 2045 2250 2089 Quis

1252 2097 1346 2130 enim
1364 2103 1537 2136 vestrum,
1563 2096 1623 2141 qui
1647 2097 1753 2129 modo
1773 2096 1966 2130 liberaliter
1988 2096 2170 2131 institutus
2186 2104 2248 2139 est,

1252 2148 1311 2194 qui
1332 2148 1398 2181 uisi
1417 2148 1462 2182 sit
1479 2147 1825 2192 impudentissimus,
1853 2147 1941 2181 ausit
1967 2147 2002 2180 in
2021 2154 2245 2193 conspectum

1252 2200 1304 2233 sui
1332 2199 1439 2244 patris
1462 2211 1541 2233 cum
1565 2199 1730 2232 inusitata
1751 2206 1844 2233 veste
1862 2199 2008 2232 venire?
2041 2198 2148 2241 Quod
2166 2211 2245 2233 cum

1253 2252 1297 2285 ita
1324 2251 1384 2289 sit.
1412 2257 1531 2295 putate
1555 2249 1639 2283 haec
1663 2250 1746 2283 vitia
1767 2250 1802 2283 in
1827 2249 2006 2283 communi
2027 2251 2110 2283 odio
2133 2251 2247 2284 bono-

1253 2315 1330 2335 rum
1355 2303 1513 2335 virorum
1545 2301 1705 2334 omuium
1737 2313 1818 2335 esse.
1888 2301 2104 2347 Quanquam
2130 2309 2246 2336 autem

1253 2354 1378 2387 merito
1398 2366 1460 2398 pro
1479 2353 1614 2395 legibus
1631 2350 1752 2385 habi-ri
1771 2353 1907 2391 delicat,
1934 2353 2108 2398 quidquid
2124 2365 2248 2387 omnes

1253 2405 1336 2437 boni
1355 2405 1421 2437 viri
1447 2405 1601 2438 sentiunt
1615 2429 1623 2440 .
1652 2411 1767 2437 tame-u
1788 2404 1815 2436 si
1841 2404 1958 2437 minus
1974 2404 2065 2448 apud
2083 2415 2144 2437 vos
2160 2404 2247 2437 alie-

1252 2469 1378 2489 norum
1397 2455 1566 2490 autoritas
1583 2455 1669 2488 valet
1683 2483 1690 2492 ,
1719 2456 1829 2490 valcat
1846 2456 1937 2499 apud
1956 2466 2246 2501 unumquemque

1252 2508 1303 2540 sui
1325 2508 1433 2552 [nutris
1449 2506 1636 2546 autoritas,
1665 2519 1769 2552 quam
1790 2514 1838 2541 est
1856 2507 1965 2550 pietas
1981 2506 2152 2551 quaedam
2171 2518 2246 2539 ma-

1252 2559 1379 2592 ximam
1399 2566 1430 2592 et
1447 2558 1686 2601 gravissimam
1703 2558 1842 2593 dum-rc.
1878 2557 1998 2599 Quare
2013 2557 2039 2589 si
2060 2564 2245 2601 parentum

1251 2610 1360 2642 animi
1376 2610 1420 2643 al)
1439 2607 1493 2643 liis
1510 2609 1651 2653 ineptiis
1671 2609 1705 2642 in
1726 2609 1851 2643 vestitu
1874 2605 2086 2643 abhorrent.
2115 2605 2247 2642 ablior-

1252 2668 1327 2694 r‹=nt
1355 2669 1471 2695 autem
1494 2658 1587 2694 haud
1611 2660 1735 2700 dubie,
1769 2661 1986 2693 voluntatem
2015 2659 2156 2693 illorum
2182 2671 2247 2704 pro

1253 2712 1325 2754 loge
1344 2710 1545 2748 habeamus.
1596 2712 1718 2757 Neque
1740 2711 1834 2745 cuim
1860 2711 2058 2745 existimare
2078 2711 2246 2745 debemus
