2338 2958
214 138 286 175 315

218 232 296 260 rent
314 235 411 258 suam
428 220 653 266 impietatem.
694 214 832 250 Deinde
848 221 1019 262 qnantum
1037 215 1142 248 decus
1159 221 1209 248 est

219 275 422 320 magnitudo
447 270 571 310 animi,
598 268 692 313 quod
719 279 823 301 ausus
844 274 894 301 est
923 266 1045 311 procul
1070 266 1107 298 in
1126 265 1209 299 Asia

222 337 388 373 ‹plaerere
418 322 576 363 hostem,
612 326 645 352 et
676 330 813 352 sumere
846 317 1091 352 difficillimam
1126 315 1210 349 belli

222 385 374 423 partem,
402 373 495 419 quod
521 382 594 404 non
619 369 789 403 deterruit
814 381 892 402 eum
913 368 1083 401 foelicitas
1111 366 1211 400 Sala-

222 429 309 463 dini.
349 425 466 467 Quare
485 420 705 456 Fridericum
722 432 795 454 non
814 418 1059 452 existimabitis
1077 418 1213 451 medio-

226 539 299 567 tus,
326 534 359 560 et
376 527 412 558 iu
430 524 536 558 armis
556 522 744 562 foelicitas,
770 521 854 554 satis
872 521 1082 559 ostendunt,
1107 519 1212 552 fuisse

225 576 424 614 Achilleam
450 581 623 608 naturam.
679 571 729 605 Ita
754 572 848 604 euim
866 570 1026 604 Saladini
1048 570 1211 602 virtutem

225 639 257 664 et
282 627 504 662 foelicitatem
532 624 726 658 conterruit
749 621 967 661 Fridericus,
994 627 1033 653 ut
1059 631 1129 652 non
1156 631 1214 652 so-

227 682 299 714 lum
320 680 542 722 languescere
565 674 680 708 statim
699 672 859 707 Saladini
884 672 1024 704 animus
1051 670 1216 714 coeperit,

226 733 286 765 sed
311 730 415 763 etiam
446 734 563 772 postea
589 725 649 758 diu
673 735 728 756 res
744 721 1029 757 Christianorum
1057 722 1093 753 in
1113 720 1216 766 Syria

226 781 359 816 suerint
375 778 584 823 superiores.
621 774 890 819 potuissentque
907 780 980 806 turn
1000 771 1139 816 penitus
1155 772 1216 804 de-

228 833 311 873 leri,
338 837 396 864 aut
412 835 503 862 certe
521 839 560 860 ex
577 826 678 871 Syria
696 831 730 859 et
747 824 907 870 Aegypto
929 823 1009 867 pelli
1032 819 1217 855 Mahome-

229 884 329 919 tistae
349 894 387 915 ac
402 878 530 917 Turci,
557 888 708 922 quornm
726 888 857 909 nomen
876 882 960 908 tunc
983 873 1135 917 primum
1155 884 1218 905 au-

230 935 344 969 ditum
369 937 438 971 est,
466 929 493 962 si
512 927 713 961 Fridericus
737 926 869 959 diutins
893 931 1066 969 superstes
1086 923 1218 957 suisset.

229 985 298 1022 Sed
325 984 410 1022 sata,
445 987 482 1013 ut
504 991 566 1022 ego
601 978 742 1023 quidem
776 977 1004 1020 interpretor,
1044 975 1219 1017 urgebant

231 1036 372 1074 Asiam,
397 1030 538 1065 etDeus
563 1041 710 1073 poenam
729 1027 869 1060 differre
893 1025 1119 1071 aliquandiu,
1146 1035 1219 1057 non

232 1097 373 1131 prorsus
400 1082 574 1116 remittere
599 1079 723 1113 voluit.
1152 1126 1159 1132 ι

230 1135 354 1171 Cilicia
379 1131 579 1167 Fridericus
607 1140 828 1173 progressus,
864 1127 1025 1162 Saladini
1049 1133 1220 1159 exercitus

697 127 857 166 DECL.
891 125 967 164 DE
999 124 1331 166 FRIDERICO
1357 123 1766 167 BARBAROSSA.

1233 219 1239 327 1

775 1077 864 1112 Cum
891 1077 997 1123 igitur
1018 1081 1220 1119 recuperata

231 1200 269 1222 ex
295 1184 465 1220 Armenia
494 1181 624 1214 minori
647 1180 853 1224 expulisset,
881 1191 959 1212 cum
985 1179 1074 1211 forte
1094 1176 1220 1209 desati·
1246 1194 1249 1206 t

231 1245 330 1282 gatus
352 1236 471 1269 labore
493 1240 596 1277 atque
620 1239 715 1264 aestu
731 1242 835 1274 quem
855 1228 1023 1262 Germani
1043 1240 1114 1260 non
1139 1226 1221 1260 satis

232 1341 303 1374 dio.

2180 131 2253 167 316

1261 228 1339 249 cum
1357 215 1394 248 in
1411 215 1518 248 armis
1533 215 1639 249 foelix
1658 216 1761 249 etiam
1778 215 1893 257 fuerit,
1919 223 1951 250 et
1969 215 2160 260 profligatis
2177 215 2255 249 bel-

1263 267 1323 308 lis,
1350 267 1538 299 diuturnae
1558 267 1653 310 pacis
1669 274 1701 300 et
1721 267 1847 310 optimi
1862 273 1971 301 status
1988 274 2090 300 autor
2110 267 2145 299 in
2163 266 2256 300 Ger-

1263 317 1380 350 mania
1395 323 1429 350 et
1447 316 1545 350 ltalia
1563 317 1681 354 suerit,
1709 317 1861 362 denique
1876 329 1953 349 cum
1973 317 2174 361 represserit
2189 317 2256 351 Sa-

1265 368 1435 407 ladiuum,
1455 367 1530 400 iure
1549 368 1651 401 bonis
1670 366 1954 412 imperatoribus,
1975 375 2008 401 et
2026 365 2164 402 heroica
2183 368 2258 401 vir-

1238 459 1241 466 ·
1266 426 1338 452 tute
1356 418 1614 462 praestantibus
1630 417 1851 451 Fridericum
1868 429 2151 455 annumeremus.
2187 418 2257 452 Po-

223 490 313 513 crem
331 476 483 520 aliquem
499 472 632 506 Ducem
650 470 768 507 fuisse.
813 468 997 503 Excellens
1015 468 1124 513 ipsius
1141 468 1213 500 vir—
1238 469 1241 480 '

1265 469 1416 503 stulabat
1433 466 1490 501 hic
1509 469 1622 509 locus,
1649 475 1687 502 ut
1709 469 1812 503 etiam
1829 469 1872 501 (le
1889 468 2078 502 domestica
2095 469 2169 502 eius
2186 469 2257 503 vita

1267 527 1299 553 et
1320 520 1478 552 moribus
1494 519 1706 559 diceremus,
1734 531 1822 564 quos
1847 519 1982 561 egregie
2008 519 2181 562 praedicat
2195 519 2258 553 Li-

1268 571 1426 613 guriuus.
1481 568 1528 604 Et
1549 571 1754 613 magnitudo
1779 582 1894 602 rerum
1919 576 2065 602 testatur
2081 581 2160 603 eum
2185 581 2259 603 non

1267 621 1373 654 ruisse
1395 621 1552 654 deditum
1575 621 1692 660 luxui,
1727 627 1786 654 aut
1811 620 2066 664 voluptatibus:
2102 619 2207 653 fuisse
2221 619 2260 652 in

1269 684 1308 704 eo
1328 673 1554 716 praecipuum
1570 671 1725 705 studium
1744 671 1941 714 religionis,
1968 673 2160 704 ostendunt
2186 682 2262 704 mo-

1269 729 1437 756 numenta
1459 722 1620 766 plurima.
1675 721 1790 755 Multa
1821 722 1915 754 enim
1941 722 2084 765 collegia
2106 720 2263 764 Regula-

1270 774 1380 810 rinm,
1408 781 1447 806 ut
1466 781 1608 813 vocant,
1635 773 1814 813 condidit,
1842 779 1880 806 ut
1902 772 1938 804 in
1966 772 2036 806 illis
2061 771 2263 805 colerentur

1271 823 1385 856 studia
1415 823 1596 857 doctrinae
1619 821 1862 864 Christianae,
1894 835 1982 868 quae
2013 829 2096 856 tnnc
2121 822 2263 856 videbat

1271 873 1399 916 negligi
1419 873 1455 905 in
1474 874 1543 906 illis
1561 874 1735 907 veteribus
1753 881 1785 907 et
1808 873 2091 918 opulentioribus
2106 872 2264 916 collegiis

1271 931 1304 958 et
1322 924 1552 958 monasteriis.
1594 923 1680 957 Tria
1696 924 1841 957 memini
1857 924 2001 967 collegia
2020 925 2064 957 ab
2084 924 2158 969 ipso
2177 935 2265 957 con·
2293 955 2296 958 .
2317 931 2319 936 '

1271 975 1364 1015 dita,
1394 973 1679 1018 Adelburgense,
1714 974 1923 1018 Hagonense
1948 982 1982 1009 et
2007 972 2266 1015 Gelhusanum,

1272 1032 1404 1060 caetera
1423 1037 1495 1058 non
1513 1026 1670 1060 memini.
1721 1024 1851 1059 Curam
1875 1025 1989 1068 legum
2011 1033 2044 1059 et
2059 1025 2266 1070 disciplinae

1273 1077 1436 1121 publicae
1451 1088 1625 1109 summam
1643 1077 1679 1109 in
1698 1088 1738 1110 eo
1761 1077 1866 1110 fuisse
1884 1082 1917 1109 et
1936 1076 2026 1119 leges
2044 1076 2119 1109 eius
2134 1083 2266 1110 testan-

1274 1135 1350 1166 tur,
1377 1134 1410 1160 et
1427 1128 1599 1172 quaedam
1618 1127 1786 1170 exempla.
1838 1126 2038 1160 Palatinum
2058 1126 2267 1171 principem,

1275 1185 1457 1222 propterea
1481 1178 1575 1222 quod
1600 1190 1635 1211 se
1660 1178 1803 1211 absente
1821 1178 1992 1222 quaedam
2016 1183 2203 1221 occuparat:
2228 1177 2266 1210 in

1247 1230 1249 1267 J
1277 1228 1528 1261 tvormacensi
1544 1227 1778 1272 Episcopatu,
1807 1240 1924 1261 severe
1948 1228 2087 1272 punivit
2112 1235 2144 1262 et
2159 1228 2268 1261 veteri

231 1291 321 1323 serre
346 1292 498 1323 norunt,
526 1282 705 1315 descendit
732 1281 768 1313 in
793 1281 946 1317 flumen,
982 1278 1123 1311 lavandi
1147 1284 1222 1310 stu-
1247 1273 1249 1289 ¹

359 1337 410 1370 lbi
435 1335 495 1368 alii
512 1334 630 1366 serunt
648 1344 727 1365 eum
746 1332 928 1374 abreptum
946 1329 1078 1363 vortice
1098 1328 1134 1360 in
1154 1328 1222 1360 ssu-
1247 1350 1250 1375 ἶ

1274 1291 1372 1312 more
1387 1279 1498 1322 coegit
1520 1291 1580 1323 per
1601 1286 1710 1312 totam
1728 1278 1973 1312 WVormatiam
1997 1291 2118 1312 canem
2138 1279 2175 1312 in
2198 1276 2268 1311 bu—

1275 1329 1381 1362 merIs
1410 1337 1561 1373 gestare,
1602 1330 1782 1373 prioribus
1815 1327 2072 1373 apprehensum
2105 1330 2268 1374 pedibus.

233 1391 327 1424 :nine
353 1387 512 1432 periisse;
549 1383 610 1416 alii
636 1384 753 1415 ferunt
776 1380 938 1414 redeunti
962 1392 1001 1413 ex
1025 1390 1114 1423 aqua
1140 1389 1223 1421 epar
1248 1381 1251 1418 t
1275 1381 1412 1414 Literas
1438 1380 1565 1413 latinas
1583 1379 1630 1412 sic
1645 1380 1728 1412 satis
1745 1380 1885 1420 calluit,
1912 1391 1950 1412 ac
1973 1391 2105 1412 amasse
2121 1391 2160 1413 ac
2183 1392 2269 1424 pro-

233 1441 323 1474 male
355 1438 516 1471 affectum
543 1445 636 1473 esse,
669 1439 706 1466 ut
738 1433 790 1473 fit;
828 1430 1038 1464 meministis
1064 1429 1159 1462 enim
1185 1428 1222 1460 in
1249 1431 1250 1434 ’

232 1490 355 1526 Cilicia
385 1489 558 1521 lavantem
587 1485 622 1517 in
646 1483 812 1522 flumine,
838 1482 1003 1514 incidisse
1027 1480 1064 1512 in
1083 1479 1223 1513 letalem
1248 1472 1252 1514 i
1277 1494 1354 1515 nus.

234 1542 410 1576 morbum.
445 1537 586 1571 Dicitur
602 1535 730 1579 itaque,
752 1532 954 1566 Fridericus
975 1531 1082 1575 epatis
1101 1530 1223 1562 morbo
1250 1535 1251 1538 ’

234 1594 325 1626 intra
346 1600 472 1635 paucos
490 1587 564 1620 dies
582 1585 753 1618 extinctus
771 1595 852 1617 esse.
896 1581 963 1615 Hic
982 1582 1047 1615 finit
1062 1581 1224 1613 interitus

236 1641 406 1677 friderici
423 1636 596 1682 imprimis
614 1636 785 1678 lugendus
800 1633 953 1677 Reipub.
991 1632 1072 1675 Quo
1090 1632 1125 1663 in
1148 1631 1224 1663 loco

235 1694 329 1728 subit
349 1689 525 1725 recordari
545 1688 610 1720 fata
631 1686 821 1719 multorum
847 1683 1098 1728 praestantium
1115 1681 1226 1714 bella-

236 1753 372 1782 torum,
412 1740 473 1785 qui
500 1750 579 1772 cum
605 1737 735 1770 virtute
761 1747 897 1769 summa
928 1733 1075 1778 praediti
1102 1739 1226 1771 essent,

237 1803 352 1829 tamen
372 1789 557 1825 levissimis
575 1788 713 1821 casibus
731 1786 862 1826 afflicti,
881 1785 1072 1829 perierunt.
1102 1780 1227 1816 Achil-

236 1847 285 1879 les
309 1846 393 1878 dum
419 1847 561 1886 apparat
588 1838 744 1883 nuptias,
774 1849 835 1881 per
859 1836 1004 1869 iusidias
1023 1835 1066 1868 ab
1082 1831 1226 1867 homine

236 1897 365 1940 ignavo
402 1891 621 1925 interficitur.
689 1889 850 1933 Denique
885 1886 1052 1921 Aeandae
1086 1884 1225 1927 caeteri,

236 1947 344 1984 Aiax,
371 1941 546 1990 Pyrrhus,
572 1947 746 1984 postremo
767 1938 968 1972 Alexander
990 1936 1103 1970 subita
1120 1942 1151 1968 et
1172 1935 1225 1966 in-

237 1999 342 2041 digna
370 2001 480 2028 morte
505 1993 695 2036 perierunt.
758 1989 853 2032 Quid
881 1989 993 2021 dicam
1018 1987 1224 2021 Samsonem

239 2049 374 2092 ipsum,
409 2053 441 2079 et
474 2044 560 2076 alios
588 2043 735 2081 multos,
770 2052 921 2085 quorum
954 2039 1064 2071 exitus
1087 2035 1225 2079 indigni

238 2106 332 2133 tauta
352 2098 478 2130 virtute
496 2096 649 2127 suerunt.
706 2093 825 2134 Quare
846 2096 987 2134 propter
1004 2099 1113 2131 genus
1131 2099 1226 2119 mor-

238 2151 299 2189 tis,
330 2146 418 2181 nibil
438 2148 478 2179 de
505 2146 606 2177 laude
625 2143 764 2176 virtutis
782 2140 950 2174 Friderici
970 2137 1225 2173 detrahendum

239 2201 314 2233 erit.
370 2199 437 2231 Sed
456 2197 499 2230 sit
517 2196 550 2228 id
569 2207 709 2240 <pioque
726 2192 922 2236 exemplum
937 2218 944 2230 ,
973 2192 1066 2236 quod
1087 2201 1150 2222 nos
1164 2189 1226 2221 ad—

239 2257 376 2283 moueat
397 2246 570 2281 humanae
590 2245 767 2282 miseriae,
791 2244 885 2287 quod
905 2240 1036 2275 heroici
1055 2248 1088 2274 et
1110 2240 1227 2273 sortis—

239 2302 316 2334 simi
344 2300 427 2339 xiri,
458 2310 557 2341 sai-pe
589 2297 725 2328 levibus
752 2293 939 2326 momentis
965 2291 1139 2336 oppressi,
1174 2290 1226 2322 iu-

239 2352 343 2393 digna
362 2357 472 2382 morte
494 2354 651 2392 pereunt.
697 2346 758 2379 llla
779 2357 861 2377 vero
878 2343 1058 2377 foelicitati
1075 2343 1149 2375 eius
1164 2341 1227 2374 tri-

240 2403 406 2440 buamus,
436 2400 527 2444 quod
553 2411 623 2431 non
643 2404 721 2430 ante
742 2396 914 2428 extinctus
938 2401 1006 2434 est,
1033 2406 1137 2439 quain
1158 2393 1226 2425 sra-

240 2460 314 2486 ctus
346 2459 431 2484 esset
460 2450 665 2487 saladinus,
700 2456 731 2481 et
763 2446 843 2479 Asis·
881 2446 1025 2478 liberata
1060 2443 1227 2488 periculo.

240 2503 343 2537 Domi
371 2503 472 2534 etiam
492 2500 635 2543 iio-spui)
665 2497 852 2542 tranquilla
877 2497 960 2535 suit,
987 2496 1226 2539 designaverat

240 2555 333 2588 enirn
360 2564 588 2585 successorem
612 2550 742 2588 filium,
772 2561 814 2580 ne
841 2548 925 2592 quid
947 2547 1069 2579 electio
1097 2545 1227 2579 turnul-

240 2613 313 2639 tum
343 2610 474 2647 pare-ret
504 2603 576 2645 ipso
608 2602 743 2633 amisso,
810 2598 929 2642 ltaqtu·
955 2610 1033 2630 cum
1063 2596 1167 2630 suerit
1193 2596 1227 2627 iu

1276 1430 1408 1464 vexisse
1424 1442 1503 1463 eum
1519 1436 1693 1464 testantur
1709 1428 1808 1463 Otho
1826 1429 2060 1473 Frisingensis
2077 1436 2110 1463 et
2124 1429 2269 1474 Liguri-

2330 1300 2338 1306 ,
2330 1245 2334 1261 -
2330 1191 2335 1210 ...
2331 1156 2333 1164 ᾼ

2332 1344 2338 1364 ...
2331 1098 2336 1103 ,
2330 1039 2338 1058 ,,

1414 1480 1502 1514 Nam
1537 1478 1637 1514 Otho
1666 1479 1862 1525 Episcopus
1896 1480 2154 1524 frisingensis,
2188 1493 2268 1514 cnm
2314 1491 2316 1521 ζ

1277 1532 1419 1577 quidem
1437 1531 1542 1565 fuerit
1562 1532 1636 1565 eius
1652 1539 1829 1575 cognatus,
1847 1531 1895 1564 ait
1910 1544 1989 1565 eum
2005 1545 2022 1564 a
2041 1543 2076 1564 se
2095 1531 2270 1576 petivisse,
2314 1530 2316 1534 ὗ

1278 1590 1314 1615 ut
1332 1580 1513 1615 historiam
1531 1583 1709 1618 scriberet.
1762 1581 1807 1616 Et
1825 1582 2018 1626 Ligurinns
2037 1582 2141 1616 Poeta
2158 1583 2271 1626 signi-

1250 1675 1252 1682 Ι
1278 1634 1353 1666 fucat
1373 1632 1590 1666 Fridericum
1609 1645 1681 1665 non
1703 1633 1817 1666 solum
1834 1634 1961 1666 fovisse
1988 1633 2104 1666 literas
2121 1640 2153 1666 et
2172 1634 2271 1677 inge-

1277 1685 1334 1716 nia
1348 1711 1357 1725 ,
1385 1685 1442 1716 sed
1463 1682 1564 1716 etiam
1585 1695 1740 1724 curasse,
1767 1691 1805 1717 ut
1824 1684 1896 1716 filio
1920 1685 2029 1728 probe
2047 1685 2271 1719 traderentur

1279 1735 1416 1774 literae3
1445 1734 1492 1767 sic
1510 1735 1602 1767 enim
1625 1735 1758 1780 inquit:

1382 1797 1412 1827 O
1429 1799 1503 1826 bene
1520 1798 1601 1837 qnod
1620 1799 1708 1826 tatem
1727 1798 1827 1826 divina
1845 1800 1976 1837 potentia
1994 1796 2108 1836 Regem

1383 1848 1532 1884 instituit,
1561 1851 1611 1888 qui
1630 1851 1670 1877 sic
1688 1849 1793 1878 studiis
1812 1850 1942 1878 imbutus
1962 1850 2104 1886 honestis,

1381 1899 1473 1929 'Novit
1489 1901 1524 1928 ab
1543 1900 1672 1939 insipido
1689 1900 1811 1929 doctum
1826 1911 1974 1929 secernere
1990 1902 2092 1939 vulgo,

1382 1950 1504 1990 Iamque
1520 1951 1570 1979 diu
1589 1959 1684 1980 mutas
1696 1975 1702 1987 ,
1728 1953 1888 1991 solitasque
1905 1953 1990 1980 silere
2005 1951 2169 1981 (amoenas

1382 2001 1499 2031 Excitat
1512 2024 1520 2037 ‚
1549 2003 1584 2031 ad
1602 2010 1729 2031 veterem
1749 2004 1837 2040 digna
1858 2003 1990 2031 mercede
2009 2003 2151 2032 laborem.

1705 2049 1798 2083 Dixi.

1294 2218 1357 2254 No.
1378 2219 1425 2253 43
1884 2223 1948 2262 (nn.
1969 2223 2060 2254 1536.
2077 2231 2109 2252 ut
2126 2223 2271 2262 videtur.)

1912 2268 2260 2285 mes-r

1460 2325 1530 2365 De
1548 2324 1849 2377 Sigisnmmlo
1871 2323 2092 2379 Imperat.

1352 2404 1430 2436 Apud
1447 2403 1558 2429 Craton.
1582 2403 1651 2435 Myt.
1674 2412 1698 2436 p.
1713 2403 1762 2429 3136
1776 2412 1849 2438 sqq..

1384 2439 1411 2464 in
1424 2440 1544 2465 Servat.
1557 2438 1589 2465 Τ.
1606 2439 1638 2464 ΙΙ.
1655 2448 1679 2472 p.
1691 2439 1749 2463 515.
1767 2444 1792 2463 et
1809 2439 1878 2472 apud
1896 2437 2023 2464 luctata.
2037 2437 2069 2464 T.
2083 2437 2116 2464 ΙΙ.
2136 2446 2161 2472 p.
2176 2439 2236 2465 827.

1253 2491 1256 2561 i
1287 2516 1665 2565 DeSiqismundo
1693 2521 1919 2563 Imperatore
1934 2516 2180 2561 declamatio,
2209 2530 2272 2554 re·
2312 2539 2315 2542 ⁴

1281 2572 1400 2605 citata
1425 2582 1447 2604 a
1475 2569 1680 2604 lohanne-
1704 2567 1962 2614 ΟοΙΙιαΓοη,
1991 2569 2272 2617 Nora'bvryensn'.
2310 2594 2314 2600 -

240 2655 418 2689 Fridcrico
437 2653 606 2685 fortitudo
629 2659 657 2683 vt
680 2650 822 2683 scientia
845 2649 894 2682 rei
912 2649 1074 2681 militaris
1092 2647 1228 2683 minua,
1254 2639 1256 2680 i
1286 2641 1363 2679 Etsi
1383 2646 1487 2677 laudo
1506 2646 1662 2678 studium
1682 2657 1822 2683 eorum,
1850 2644 1909 2689 qui
1929 2641 1995 2677 huc
2013 2652 2144 2678 veteres
2160 2652 2193 2679 et
2211 2658 2270 2689 pi·-

238 2715 266 2741 et
287 2717 488 2752 quanquam
509 2704 579 2747 ipsc
598 2701 702 2734 variis
723 2702 866 2734 iat-tatus
883 2707 931 2733 cst
947 2700 1094 2740 casibus,
1113 2705 1228 2732 tamen
1253 2693 1257 2738 1
1282 2696 1438 2740 regrinas
1457 2693 1621 2729 historias
1638 2696 1802 2736 afferunt,
1831 2708 1909 2729 nain
1930 2696 2009 2728 illae
2026 2696 2129 2729 etiam
2149 2707 2212 2729 nos
2228 2697 2271 2730 de

1869 2403 1895 2429 in
1913 2403 2032 2429 nectam.
2052 2404 2085 2429 T.
2102 2382 2138 2429 ΙΙἿ
2153 2411 2178 2437 p.
2195 2403 2252 2431 59&
2264 2423 2272 2437 ,
2312 2422 2315 2426 A
