2338 2958
93 134 168 171 705

481 126 639 168 DECL.
684 130 756 167 DE
789 129 1032 167 OFFICIO
1067 130 1499 171 MINISTRORUM
1533 133 1744 173 EVANG.

2057 143 2129 180 706

93 232 112 252 a
146 217 292 253 caeteris
326 216 588 255 animantibus,
623 224 655 251 et
680 215 795 251 Deum
826 218 1030 251 invocantes
1065 228 1084 250 a
1108 217 1113 275 J
1136 217 1258 261 spicit,
1285 226 1319 252 et
1333 219 1375 252 ad
1394 216 1488 254 bunc
1506 221 1627 265 dirigit
1643 234 1804 264 cursum,
1838 227 1925 260 etin
1944 227 2013 261 alto
2032 232 2120 263 mari

93 267 398 312 contemptoribus
412 266 477 301 Dei
495 268 675 302 differunt.
732 267 806 301 lmo
824 269 892 301 nisi
908 266 1011 301 aDeo
1031 273 1082 300 te-

92 330 272 362 geremur,
306 325 338 351 et
357 315 441 351 hine
458 319 501 351 ad
517 325 692 352 aeternam
709 317 774 351 D‹·i
791 318 1081 352 consuetudinem

91 381 174 403 voce
205 366 390 412 Evangelii
422 369 702 409 traduceremur,
744 381 852 412 genus
886 367 1080 401 humanum

89 421 236 459 frustra,
277 426 310 452 et
336 421 377 452 ad
404 419 548 453 exitium
574 426 710 453 tantum
743 427 864 454 natum
899 425 1005 458 esset,
1048 425 1081 452 et

89 481 190 510 vere,
216 476 256 503 ut
273 468 377 503 etiam
394 470 568 514 sapientes
585 467 730 503 Ethnici
745 470 978 514 scripserunt,
1013 469 1081 501 mi-

89 520 256 553 serrimus
282 526 369 553 esset
395 521 555 553 omnium
579 519 813 553 animantium
847 518 972 560 homo,
1018 518 1079 564 qui

89 583 162 603 non
182 570 295 603 solnm
313 583 501 614 corporum
525 570 658 604 morbis
686 577 719 603 et
745 570 868 608 morti,
904 576 941 602 ut
975 581 1079 613 pecu-

88 622 168 661 des,
195 621 370 654 obnoxius
388 628 456 662 est,
482 622 541 654 sed
561 621 664 655 etiam
682 621 803 653 multis
825 620 902 653 aliis
925 620 1079 662 ingenti-

89 672 156 705 bus
171 671 355 705 doloribus
372 671 408 704 in
425 669 490 704 hac
505 671 576 704 vita
599 671 838 711 excruciatur,
876 670 935 715 qui
958 671 1078 704 bestiis

88 722 200 766 ignoti
218 728 311 757 sunt.
341 722 492 765 Quantis
510 721 807 762 contentionibus,
827 727 859 754 et
876 733 981 766 quam
1000 722 1077 755 ina-

89 773 196 807 nibus
219 772 430 816 franguntur
451 772 578 805 summi
603 771 670 804 viri
685 772 722 805 in
740 771 915 815 imperiis,
941 770 1077 805 Hercu-

88 824 160 864 les,
183 822 392 867 Pompeius,
420 821 551 863 Iulius,
580 820 680 863 Cato,
707 828 740 855 et
754 822 815 855 alii
833 822 1078 856 innumerabi-

88 874 151 914 les,
175 873 235 918 qui
252 885 331 906 cnm
347 879 418 906 tota
438 872 488 905 eis
505 873 573 906 vita
593 872 629 905 in
648 873 783 916 magnis
798 873 976 906 aerumnis
992 885 1077 907 con-

90 931 228 967 sumpta
264 929 370 964 esset,
410 924 554 957 tandem
589 923 834 967 indignissima
866 931 979 957 morte
1012 936 1077 968 op-

86 973 216 1018 pressi,
242 985 346 1018 quem
366 974 533 1007 viderunt
550 981 690 1018 portum
704 1001 714 1014 ,
739 974 775 1006 in
794 986 864 1019 qno
880 974 1076 1019 acquiesce-

85 1024 189 1058 rent?
217 1022 384 1063 Nullum,
407 1025 491 1069 qnia
507 1025 584 1058 luce
602 1023 786 1067 Evangelii
804 1025 979 1058 carebant.
1017 1024 1076 1059 Sic

85 1075 195 1118 igitur
220 1074 274 1107 illi
299 1074 365 1107 viri
392 1081 606 1118 praestantes
630 1075 759 1108 virtute
782 1075 925 1118 periisse
950 1075 1075 1108 viden-

86 1133 163 1166 tur,
190 1132 229 1158 ut
244 1136 345 1168 saepe
370 1122 626 1168 pulcherrimae
648 1125 760 1158 violae
782 1125 820 1158 in
846 1132 938 1158 terra
963 1126 1075 1159 calca-

85 1183 141 1210 tae
165 1175 331 1219 pedibus,
365 1175 554 1209 intereunt.
612 1173 659 1208 Et
683 1182 799 1208 tamen
823 1175 882 1209 isti
909 1173 974 1208 hoc
999 1177 1075 1210 fue-

86 1233 171 1260 runt
198 1226 416 1267 miseriores,
443 1226 538 1271 qnod
562 1238 641 1259 cum
668 1237 795 1270 magno
816 1237 920 1260 sensu
942 1227 1075 1260 doloris

86 1276 230 1311 extincti
251 1283 343 1310 sunt.

189 1326 411 1369 Aspiciamus
428 1326 534 1369 igitur
550 1323 738 1359 bominum
755 1327 881 1367 vitam,
913 1326 1075 1360 conside-

86 1388 203 1411 remus
218 1387 306 1422 quae
324 1388 378 1409 res
392 1388 456 1410 nos
472 1389 490 1409 a
507 1376 626 1410 bestiis
639 1377 824 1418 discernat,
846 1377 973 1410 deinde
989 1377 1073 1422 qnid

86 1433 263 1472 praestent
291 1427 376 1460 boni
414 1427 532 1467 malis,
580 1427 675 1460 unde
702 1427 772 1461 sint
803 1435 942 1461 aeterna
969 1428 1074 1461 bona.

85 1476 247 1522 Cumque
290 1474 374 1511 haec
417 1477 544 1510 donari
581 1489 664 1510 voce
697 1475 880 1521 Evangelii
914 1478 1074 1519 sciamus,

86 1527 370 1572 magnitudinem
388 1528 500 1561 divini
517 1528 673 1561 muneris
689 1540 930 1571 agnoscamus,
956 1536 989 1562 et
999 1528 1073 1562 Deo

85 1579 214 1621 gratias
236 1589 395 1621 agamus,
434 1579 526 1623 quod
553 1575 619 1611 hoc
645 1578 880 1612 ministerium
908 1579 1073 1619 instituit,

85 1635 116 1663 et
132 1636 290 1662 nostrum
306 1629 460 1662 officium
476 1629 664 1671 diligenter
679 1636 712 1662 et
727 1629 877 1662 fideliter
894 1629 1073 1662 faciamus.

185 1678 311 1712 Nostra
337 1691 404 1712 vox
429 1691 502 1712 non
524 1685 659 1712 tantum
685 1686 786 1713 sonat
818 1686 999 1724 praecepta
1029 1680 1073 1713 de

83 1729 262 1770 moribus,
296 1736 332 1762 ut
352 1729 548 1770 Socratica,
580 1735 639 1762 aut
657 1728 856 1768 Platonica,
890 1742 979 1774 qnae
999 1742 1072 1762 non

84 1777 230 1813 inchoat
251 1779 360 1813 vitam
384 1787 580 1819 aeternam,
623 1781 682 1812 sed
717 1787 768 1813 est
799 1792 970 1823 organum
1001 1793 1072 1824 quo

84 1828 183 1864 Deus
215 1841 294 1863 vere
329 1836 363 1863 et
395 1831 470 1862 sine
490 1830 562 1862 ulla
589 1829 811 1862 dubitatione
835 1830 871 1863 in
895 1829 1073 1863 mentibus

85 1880 304 1913 credentium
321 1885 373 1913 est
396 1880 514 1913 efficax
535 1886 680 1923 propter
701 1880 810 1913 silium
824 1907 833 1920 ‚
868 1887 901 1914 et
926 1881 1073 1923 largitur

1137 269 1258 310 procul
1282 276 1376 302 extra
1403 277 1512 304 terrae
1539 280 1761 317 conspectum
1786 284 1923 311 avectus
1950 286 2047 312 notat
2071 281 2119 313 si-

1135 318 1236 354 dera.
1270 318 1416 359 Ursam,
1451 319 1643 364 Orionem,
1678 323 1856 368 Pleiadas,
1889 335 1922 361 et
1949 329 2035 362 alias
2063 331 2118 363 in-

1133 368 1304 411 signiores
1327 369 1460 409 stellas,
1502 383 1586 416 quas
1612 380 1777 419 tanquam
1809 378 1914 411 duces
1944 388 2118 424 sequatur,

1133 418 1180 451 ita
1204 430 1268 452 nos
1291 416 1375 452 haec
1407 421 1477 453 duo
1509 431 1688 467 praecepta
1724 426 1759 459 in
1793 435 1911 462 nostra
1941 431 2117 472 guberna-

1134 468 1230 502 tione
1257 469 1441 513 praecipua
1467 481 1540 504 esse
1564 473 1742 510 ducamus,
1796 476 1889 512 Haec
1915 491 2050 525 semper
2078 483 2115 516 in

1132 525 1320 563 conspectu
1337 519 1426 560 sint,
1450 518 1534 554 haec
1552 530 1671 565 regant
1691 537 1812 560 omnes
1828 529 2028 572 conci-anes,
2054 534 2116 566 de-

1132 569 1376 611 liberationes,
1404 577 1438 604 et
1455 572 1620 606 actiones.
1674 574 1792 609 Vitato
1811 577 1846 610 in
1865 580 2022 615 docendo
2039 584 2116 628 opi-

1133 620 1274 660 niones,
1304 632 1389 665 quas
1412 621 1477 654 scis
1503 623 1594 656 veris
1609 621 1785 659 Ecclesiae
1812 627 1949 662 iudiciis
1973 633 2114 668 reiectas

1131 681 1219 704 esse:
1254 669 1334 704 Non
1353 679 1500 716 pagnato
1519 673 1561 706 de
1577 675 1742 708 omnihus
1761 677 1884 717 rebus,
1917 687 1949 714 et
1974 682 2002 714 si
2030 686 2114 729 qnid

1131 721 1282 761 incidet,
1316 722 1360 754 de
1382 735 1451 767 quo
1477 723 1648 758 iudicabis
1673 729 1878 762 certandum
1903 741 1991 772 esse,
2026 736 2115 769 refer

1130 772 1171 805 ad
1190 772 1406 817 superiores,
1439 780 1478 807 ut
1500 773 1575 808 sine
1594 775 1741 809 dissidio
1758 779 1899 822 publico
1920 785 2113 818 remedium

1129 829 1308 867 quaerant.

1231 872 1361 917 Magna
1377 880 1426 907 est
1444 881 1591 909 naturae
1607 872 1782 912 humanae
1800 879 2004 923 infirmitas,
2039 896 2113 918 ma-

1129 935 1217 967 gnae
1246 930 1278 957 et
1300 924 1417 957 variae
1441 932 1524 959 sunt
1548 925 1772 969 ingeniorum
1797 931 2113 977 dissimilitudines,

1128 975 1259 1008 multae
1294 981 1439 1008 naturae
1474 975 1641 1017 biliosae,
1685 978 1892 1021 iracundae,
1943 996 2112 1027 morosae,

1130 1036 1314 1068 pugnaces.
1369 1024 1437 1059 Sed
1455 1037 1539 1067 nos,
1571 1027 1632 1073 qui
1651 1029 1729 1061 aliis
1743 1031 1924 1075 diligentia
1942 1038 2112 1078 regendo-

1128 1087 1206 1108 rum
1233 1087 1371 1109 morum
1396 1076 1603 1111 antecellere
1626 1079 1814 1121 debemus,
1849 1095 1950 1118 nosse
1971 1087 2113 1121 morbos

1128 1132 1266 1159 nostros
1296 1133 1452 1170 oportet,
1491 1139 1535 1160 ne
1560 1130 1759 1163 errantibus
1784 1132 1966 1168 affectibus
1995 1137 2112 1171 frenos

1127 1176 1294 1212 laxemus.
1332 1176 1412 1210 *Non
1432 1185 1544 1221 potest
1560 1179 1634 1212 fieri
1651 1180 1688 1213 in
1707 1178 1770 1214 bac
1786 1185 1994 1219 confusione
2011 1187 2111 1230 vitae,

1127 1227 1214 1271 qnin
1241 1227 1351 1260 multa
1377 1228 1523 1272 indigna
1548 1230 1726 1271 accidant,
1758 1244 1866 1277 quae,
1898 1236 1966 1269 nisi
1993 1245 2111 1273 nostra

1127 1277 1271 1311 lenitate
1289 1286 1474 1319 sanentur,
1501 1291 1639 1313 causam
1659 1283 1794 1325 magnis
1811 1285 1995 1320 discordiis
2012 1300 2112 1332 prae-

1127 1328 1210 1361 bere
1230 1335 1385 1372 possunt.
1437 1328 1506 1363 Sed
1529 1331 1682 1374 profecto
1709 1334 1876 1368 omnibus
1896 1338 2110 1380 gubernato-

1127 1378 1226 1411 ribus
1253 1379 1362 1412 multa
1388 1379 1540 1422 ingentia
1563 1381 1786 1417 incommoda
1811 1386 1993 1421 toleranda
2017 1399 2109 1429 sunt,

1126 1436 1165 1462 ut
1186 1427 1281 1462 Deus
1304 1429 1412 1463 multa
1437 1438 1469 1464 et
1494 1442 1619 1474 magna
1643 1432 1726 1467 vitia
1755 1434 1791 1467 in
1818 1437 1919 1470 nobis
1942 1439 2110 1475 immensa

1127 1479 1366 1513 misericordia
1384 1480 1520 1516 tolerat.
1563 1481 1664 1516 Hanc
1679 1484 1878 1519 animorum
1896 1491 2109 1525 moderatio-

1126 1541 1207 1562 nem
1225 1530 1292 1563 nisi
1311 1530 1515 1571 induemus,
1541 1532 1689 1576 cogitate
1707 1547 1846 1580 quaeso,
1873 1539 1951 1583 quis
1971 1540 2015 1574 sit
2034 1554 2112 1576 mo-

1126 1580 1211 1620 dus,
1239 1581 1316 1625 quis
1332 1581 1411 1614 finis
1430 1581 1583 1615 rixarum
1601 1584 1767 1618 futurus?
1817 1586 1856 1620 Si
1879 1590 1922 1622 de
1944 1592 2109 1626 omnibus

1125 1631 1248 1670 relius,
1274 1642 1363 1676 qnae
1378 1631 1480 1665 nobis
1498 1632 1754 1677 displicebunt,
1782 1636 1870 1671 bella
1891 1651 2030 1675 movere
2050 1656 2111 1677 vo-

1125 1680 1305 1715 luerimus.

1225 1730 1315 1765 Cum
1332 1738 1446 1766 autem
1466 1733 1509 1766 de
1526 1730 1580 1767 his
1597 1735 1734 1770 duabus
1750 1738 1951 1783 virtutibus,
1977 1743 2020 1777 de
2037 1751 2110 1779 stu-

1125 1780 1184 1813 dio
1229 1782 1384 1815 veritatis
1437 1789 1471 1817 et
1513 1795 1633 1818 amore
1675 1790 1902 1832 concordiae,
1956 1793 2108 1836 plurima

1125 1831 1192 1865 dici
1218 1832 1371 1876 possint,
1400 1839 1433 1867 et
1452 1833 1562 1868 multa
1587 1836 1745 1881 quotidie
1773 1839 1895 1883 legatis
1918 1841 2004 1886 ipsi,
2037 1857 2110 1880 non

1125 1894 1184 1915 ero
1201 1883 1382 1926 prolixior.
1436 1882 1593 1919 Tantum
1616 1899 1728 1921 unum
1754 1899 1999 1933 argumentum
2023 1897 2112 1930 reci-

84 1932 180 1965 bona
198 1937 357 1970 aeterna,
390 1942 498 1976 quae,
533 1938 570 1964 ut
588 1941 708 1963 omnes
724 1937 874 1969 norunt,
908 1932 1073 1964 omnibns
1097 1918 1100 1957 Ι
1125 1934 1225 1973 tabo,
1252 1934 1347 1978 quod
1364 1931 1451 1967 mihi
1467 1934 1532 1978 ipsi
1552 1937 1710 1980 quotidie
1728 1939 1876 1977 inculco.
1910 1943 2019 1979 Nulla
2035 1947 2110 1981 dies

85 1981 282 2015 interituris
297 1981 491 2013 commodis
517 1986 551 2013 et
574 1981 790 2014 ornamentis
815 1981 916 2024 longe
940 1982 1072 2014 antefe-

85 2033 194 2065 renda
213 2038 306 2066 sunt.
359 2029 405 2065 Ut
424 2031 531 2074 igitur
547 2031 638 2063 bona
656 2038 792 2064 aeterna
812 2032 996 2076 praecipue
1012 2044 1071 2065 ex-

84 2083 235 2127 petenda
254 2088 354 2122 sunt,
391 2081 438 2115 ita
465 2082 614 2115 sciamus
634 2081 868 2115 ministerium
885 2081 1070 2126 Evangelii

86 2144 262 2167 summum
280 2133 427 2176 gradum
449 2144 521 2165 esse
538 2132 697 2165 omnium
717 2133 950 2167 functionum.

187 2182 282 2217 Haec
300 2188 483 2228 postquam
501 2182 676 2227 praefatus
693 2195 790 2223 snm,
825 2195 919 2217 nunc
943 2195 1004 2217 vos
1028 2184 1072 2217 de

84 2234 224 2267 duobus
241 2233 452 2277 praeceptis,
479 2246 567 2278 qnae
584 2240 666 2266 sunt
682 2233 840 2266 omnium
858 2245 991 2267 summa
1003 2261 1010 2275 ‚
1039 2241 1071 2268 et

87 2283 271 2317 continent
291 2284 477 2329 plaeraque
497 2284 564 2317 alia
577 2308 586 2323 ,
623 2284 950 2325 commonefaciam,
983 2297 1072 2330 quo-

85 2346 164 2368 rum
189 2334 341 2378 primum
370 2341 440 2374 est,
469 2341 509 2368 nt
526 2332 710 2378 Evangelii
736 2334 942 2378 puritatem,
976 2337 1071 2381 quod

78 2397 180 2426 ,nunc
196 2383 260 2418 Dei
280 2384 447 2418 beneficio
466 2385 503 2417 in
523 2386 651 2418 nostris
665 2383 832 2418 Ecclesiis
847 2392 968 2425 sonat,
996 2399 1069 2420 non

85 2435 208 2469 sinatis
226 2435 403 2478 corrumpi
420 2442 478 2468 ant
502 2435 712 2476 adulterari,
748 2437 806 2468 sed
833 2436 1070 2480 incorruptam

85 2486 266 2520 veritatem
284 2485 466 2520 tueamini.
521 2483 683 2519 Alterum
703 2493 927 2530 praeceptum
944 2493 1010 2528 est,
1032 2494 1073 2521 ut

85 2536 272 2579 diligenter
287 2537 446 2576 caveatis,
473 2547 529 2576 ne,
559 2543 618 2569 ant
635 2536 837 2579 dogmatum
855 2538 1073 2581 corruptelis,

86 2593 146 2620 aut
160 2586 237 2620 aliis
253 2587 418 2620 inanibus
441 2586 525 2620 rixis
547 2586 770 2620 concordiam
796 2587 972 2631 publicam
997 2595 1072 2622 tur-

86 2636 188 2672 betis.
228 2635 304 2670 Etsi
320 2637 430 2670 multa
446 2636 512 2670 alia
532 2648 672 2682 qnoque
689 2637 841 2681 praecipi
859 2649 995 2672 necesse
1012 2646 1074 2681 est,

87 2694 222 2727 tamen,
245 2693 282 2720 ut
299 2688 514 2730 gubernator
531 2688 565 2720 in
586 2687 667 2720 navi
687 2694 801 2721 mente
828 2695 968 2733 portum
990 2701 1073 2734 pro-

138 2739 312 2771 Mrnxrn.
332 2740 435 2771 Orza.
451 2740 533 2772 Vol..
550 2739 610 2772 XI.

1125 1983 1196 2016 abit
1212 1984 1298 2028 quin
1317 1984 1464 2026 cogitem
1480 1987 1523 2018 de
1540 1986 1602 2019 filii
1617 1986 1682 2022 Dei
1699 1998 1821 2032 morte,
1853 1999 1885 2026 et
1901 1995 2108 2032 admirando

1125 2045 1252 2077 agone,
1294 2034 1330 2067 in
1363 2047 1434 2080 quo
1459 2043 1540 2070 ante
1568 2045 1716 2072 mortem
1741 2040 1877 2076 luctans
1897 2044 1970 2088 ipse
1992 2058 2107 2081 secum

1125 2085 1330 2127 sangninem
1348 2084 1499 2120 sudavit.
1557 2086 1650 2121 Eum
1676 2102 1823 2134 agonem
1848 2093 2021 2137 ingressus
2046 2111 2108 2142 pro

1123 2133 1278 2169 Ecclesia
1294 2143 1473 2180 precatur,
1501 2150 1580 2171 cum
1604 2151 1706 2173 sunm
1723 2143 1951 2187 sacrificium,
1984 2155 2022 2182 ut
2046 2161 2109 2193 po-

1124 2186 1230 2219 stulat
1246 2186 1435 2220 sacerdotis
1453 2187 1626 2230 officium,
1647 2191 1762 2226 offert.

1224 2235 1293 2269 llic
1310 2237 1396 2270 duas
1414 2249 1468 2271 res
1485 2238 1571 2282 petit
1593 2240 1629 2273 in
1648 2238 1803 2276 Ecclesia
1829 2246 1981 2287 servari,
2005 2246 2109 2281 Veri-

1125 2293 1229 2320 tatem
1249 2293 1282 2320 et
1299 2286 1546 2323 Concordiam.
1599 2289 1652 2324 De
1671 2293 1815 2327 veritate
1833 2295 1965 2338 inquit:
1994 2296 2107 2339 Pater,

1125 2337 1299 2370 sanctifica
1317 2349 1375 2370 eos
1401 2338 1438 2370 in
1465 2340 1621 2376 veritate.
1677 2339 1726 2376 Et
1751 2356 1855 2389 quam
1881 2346 2010 2381 iudicet
2033 2361 2106 2382 esse

1124 2388 1316 2427 veritatem,
1337 2389 1503 2429 ostendit,
1532 2389 1712 2435 inquiens:
1741 2394 1864 2428 Sermo
1883 2405 1962 2430 tuus
1979 2405 2027 2431 est
2046 2412 2106 2432 ve-

1124 2439 1219 2473 ritas.
1245 2436 1298 2471 De
1309 2439 1496 2472 concordia
1514 2452 1596 2474 vero
1614 2442 1715 2476 dicit:
1744 2443 1847 2479 Pater
1863 2456 1991 2487 sancte,
2009 2460 2107 2483 serva

1125 2500 1183 2522 eos
1209 2489 1246 2521 in
1270 2489 1414 2521 nomine
1439 2496 1520 2530 tuo,
1561 2503 1648 2536 quos
1675 2494 1802 2529 dedisti
1827 2495 1931 2537 mihi,
1977 2506 2012 2533 ut
2037 2500 2105 2533 sint

1124 2551 1254 2580 unum,
1279 2539 1367 2573 sicut
1384 2551 1466 2581 nos,
1492 2540 1528 2574 id
1544 2548 1614 2583 est,
1641 2543 1775 2579 sincera
1793 2546 2036 2583 benevolentia
2052 2550 2107 2582 in-

1124 2598 1176 2625 ter
1190 2602 1226 2623 se
1243 2589 1395 2624 devincti
1412 2590 1499 2631 sint,
1520 2604 1584 2626 nec
1604 2595 1752 2630 excitent
1767 2597 1920 2633 dissidia.

1227 2639 1285 2674 Ad
1319 2638 1424 2675 huius
1454 2642 1567 2676 nostri
1598 2646 1727 2678 summi
1760 2647 1957 2682 Sacerdotis
1991 2660 2106 2693 preces

1126 2691 1359 2734 adiungamus
1374 2702 1439 2726 nos
1457 2705 1597 2739 quoque
1616 2696 1814 2731 voluntates
1833 2705 1865 2732 et
1882 2706 1979 2732 vota:
2013 2708 2109 2744 peta-

1628 2744 1676 2780 45
