2338 2958
223 136 293 171 511

225 219 381 256 censium
410 224 445 251 et
468 209 839 254 Lunaeburgensium:
865 205 923 242 hic
943 213 1077 251 patrem
1093 203 1220 239 habuit

226 272 418 315 Magnum,
458 262 774 298 Brunsvicensium
797 259 1011 304 principem,
1046 257 1106 303 qui
1133 268 1220 314 eon-

226 322 418 365 sanguineo
439 314 603 349 successit
613 310 841 352 &vilhelmm
867 310 1220 352 Lunaeburgensium

227 373 319 408 duci.
370 368 522 411 Magnus
540 372 672 409 patrem
692 361 817 397 habuit
835 359 1022 394 Albertum
1043 358 1222 398 Crassum,

226 425 337 458 filium
356 417 494 453 Alberti
514 415 660 459 Magni,
686 413 786 448 cuius
804 419 902 456 pater
913 408 1001 444 Otto
1021 410 1102 451 fuit,
1129 409 1222 442 filius

227 470 444 508 N'Vilhelmi,
478 467 553 500 nati
577 478 618 499 ex
635 464 794 498 Henrico
815 462 966 503 Leione,
993 461 1055 507 qui
1075 467 1221 494 matrem

228 522 353 558 habuit
387 518 632 557 Gerdrudem,
664 516 773 548 filiam
808 512 1034 558 Imperatoris
1063 508 1223 546 Lotharii

228 573 398 612 saxonis,
425 570 525 604 cuius
542 580 630 603 uxor
644 565 736 600 Rixa
759 571 793 598 et
812 571 908 608 patre
923 562 1080 596 Henrico
1097 562 1223 596 Crasso

229 632 309 658 nata
333 623 418 664 fuit,
442 621 515 654 filio
541 617 705 657 ottonis,
740 615 840 648 ducis
864 614 1045 648 Bavariae.
1107 611 1226 645 Huius

231 674 378 709 Ottonis
409 679 507 717 patre
539 667 677 713 reperio
702 666 898 699 Henricum
926 665 1052 705 fuisse,
1082 664 1225 696 fratrem

231 725 376 760 Ottonis
401 722 525 768 primi,
552 720 771 753 Bavarorum
802 717 946 755 ducem,
972 715 1083 748 filium
1105 713 1228 746 claris-

230 776 309 810 simi
331 772 554 819 lmperatoris
568 768 717 803 Henrici
736 766 859 811 primi,
884 766 946 811 qui
970 778 1010 798 ex
1028 764 1228 799 Saxonibus

231 828 366 872 primus
404 823 499 857 hune
537 827 675 855 tantum
709 817 850 861 imperii
880 814 1053 849 honorem
1085 822 1229 860 propter

232 877 404 922 egregiam
424 872 563 907 virtutis
581 870 807 914 opinionem,
834 875 884 901 est
902 874 1088 901 assecutus.
1136 864 1227 922 Cum

233 930 350 973 itaque
368 938 406 960 ex
425 923 492 958 boc
511 919 812 967 praestantissimo
838 917 1055 962 Imperatore
1071 916 1228 950 Henrtco

233 980 368 1024 primo,
406 977 551 1019 eiusque
589 969 865 1006 bellicosissimis
900 969 982 1002 filiis
1014 967 1230 1012 Imperatore

235 1029 371 1063 Ottone
388 1027 523 1071 primo,
549 1030 583 1057 et
598 1022 756 1056 Henrico
770 1019 992 1053 Bavarorum
1015 1020 1103 1052 duce
1118 1017 1232 1051 excel—

237 1079 434 1113 lentissimo
462 1075 628 1119 Principe
660 1073 735 1106 sitis
769 1083 832 1104 vos
871 1070 1065 1115 procreati,
1111 1068 1232 1112 legetis

238 1129 404 1164 historias
426 1127 601 1160 maiorum
624 1131 842 1161 vestrorum,
867 1122 927 1166 qui
945 1120 1136 1165 praestanti
1152 1131 1233 1152 eru-

238 1181 373 1215 ditione
389 1177 571 1214 instructi,
594 1175 730 1206 nullam
749 1182 891 1214 operam
909 1172 1000 1213 passi
1019 1166 1234 1201 suntEccle-

238 1233 307 1265 siae
324 1232 452 1263 deesse.
505 1224 710 1268 Quinetiam
730 1222 822 1253 inter
836 1232 931 1252 arma
954 1220 989 1251 id
1007 1218 1159 1251 maxime
1176 1229 1235 1249 co-

239 1282 309 1315 nati
329 1286 409 1313 sunt
425 1278 580 1315 efficere,
606 1281 644 1307 ut
661 1273 898 1305 illustraretur
915 1270 1074 1302 doctriua
1090 1266 1236 1306 Christi,

239 1330 440 1366 constitutis
453 1328 489 1360 in
506 1323 701 1359 Germania
717 1322 934 1366 pastoribus,
961 1320 1020 1365 qui
1037 1324 1236 1363 praeessent

240 1381 423 1419 Ecclesiis‚
451 1385 554 1422 atque
574 1375 761 1417 religiones
777 1373 1105 1416 interpretarentur.
1160 1368 1237 1402 Hoc

241 1435 386 1478 inquam
406 1429 558 1464 Ottones
575 1427 806 1464 studuerunt,
832 1423 914 1456 fecit
927 1421 1123 1465 Imperator
1138 1419 1239 1453 Hen-

241 1486 334 1518 ricus
367 1480 514 1515 Ottonis
550 1477 657 1522 primi
699 1486 841 1519 parens,
882 1472 1053 1518 praestitit
1089 1470 1239 1505 Carolus

243 1534 414 1575 Magnus,
439 1530 499 1576 qui
521 1541 583 1562 vos
601 1534 757 1572 posteros
784 1532 818 1558 et
848 1534 1130 1566 consanguineos
1158 1532 1240 1554 suos

243 1588 286 1619 ad
305 1581 590 1617 honestissimum
610 1577 677 1611 hoc
694 1576 947 1619 praescriptum
967 1586 1068 1607 suum
1088 1574 1241 1616 impera-

244 1644 343 1670 turos
365 1645 437 1666 esse
461 1643 533 1664 non
559 1628 746 1661 dubitavit.
801 1625 946 1659 Decebit
968 1625 1076 1667 igitur
1102 1631 1134 1656 te
1152 1635 1241 1667 quo-

710 121 872 159 DECL.
923 119 998 156 DE
1033 113 1432 154 IMPERATORE
1466 113 1714 152 OTTONE
1747 117 1776 154 Ι.

2182 117 2257 155 512

1269 214 1315 236 ne
1335 199 1556 235 incommodi
1576 201 1744 246 accipias,
1769 209 1873 248 atque
1889 203 1919 237 si
1937 203 2080 249 quando
2100 199 2258 237 Ecclesia

1270 251 1338 287 hoc
1355 252 1423 286 sibi
1440 264 1459 286 a
1474 258 1508 285 te
1526 251 1565 284 in
1582 252 1660 286 loco
1677 252 1788 297 patris
1803 253 1854 287 tui
1873 254 2082 295 constituto,
2109 254 2261 288 voluerit

1271 303 1441 349 praestari
1456 302 1613 336 officium
1625 329 1635 343 ,

1424 356 1570 396 Ignavum
1587 357 1673 386 fucos
1689 367 1780 396 pecus
1796 367 1812 386 a
1828 359 2016 398 praesepibus
2030 370 2106 390 arce.

1375 403 1588 439 Hortabitur
1607 411 1642 438 te
1658 406 1701 438 ad
1720 416 1796 438 eam
1814 416 1888 438 rem
1905 405 2009 439 etiam
2025 406 2193 440 autoritas
2208 405 2266 439 di-

1274 455 1348 489 vini
1365 455 1537 489 mandati:
1564 454 1614 489 Et
1627 467 1723 489 nunc
1738 467 1834 499 reges
1849 455 2054 499 intelligite,
2073 456 2266 491 erudimini

1275 507 1338 552 qui
1361 506 1524 540 iudicatis
1545 513 1694 547 terram,
1728 506 1856 541 servite
1880 505 2036 540 Domino
2068 507 2106 540 in
2127 509 2266 542 timore.

1276 557 1348 592 Nec
1366 557 1574 591 dubitabitis
1591 557 1713 598 etiam,
1739 557 1848 603 quin,
1873 558 1901 590 si
1924 554 1990 591 hoc
2006 564 2188 602 praecepto
2211 559 2268 592 di-

1276 608 1507 652 ligentissime
1525 608 1730 649 observato,
1760 608 1934 642 rationem
1954 606 2149 642 habueritis
2162 608 2269 642 officii

1277 659 1403 698 vestri,
1431 671 1654 704 nequaquam
1672 659 1709 691 in
1727 671 1808 693 eum
1825 659 2049 693 deducamini
2068 670 2206 700 casum,
2230 666 2272 694 ut

1278 710 1439 755 quamvis
1462 711 1643 743 fortunam
1669 710 1714 743 ab
1740 707 1902 743 hostibus
1927 710 1998 755 pati
2024 709 2217 754 cogamini,
2243 709 2273 742 si

1279 761 1323 794 ad
1342 773 1438 794 arma
1455 768 1599 795 ventum
1614 761 1739 799 suerit,
1758 759 1921 795 Christus
1936 773 1999 805 pro
2011 773 2073 795 sua
2088 759 2274 795 clementia

1281 819 1418 856 praeter
1440 812 1603 845 omnium
1627 808 1783 845 hostium
1811 812 2036 856 opinionem,
2068 819 2102 846 te
2125 819 2275 857 tuosque

1281 868 1551 895 conservaturus
1567 869 1636 903 est,
1664 860 1757 895 nihil
1779 863 1880 896 vobis
1902 864 1995 897 inter
2012 875 2109 897 arma
2125 862 2191 896 erit
2207 863 2275 895 im-

1282 913 1461 957 peditum,
1488 910 1650 946 hostibus
1671 910 1763 945 nihil
1788 920 1924 954 tutum,
1959 921 1999 948 ut
2021 914 2081 960 qui
2098 926 2117 947 a
2133 914 2277 947 fortuna
2296 953 2299 956 Α

1281 963 1382 996 facile
1406 970 1440 996 et
1466 963 1596 997 virtute
1621 964 1839 998 deserentur.
1892 962 2026 998 Omnia
2046 975 2276 1010 quaecunque

1283 1014 1337 1047 illi
1353 1014 1582 1059 reliquerint,
1609 1014 1679 1048 tuis
1696 1015 1988 1054 reservabuntur,
2015 1023 2157 1049 tuorum
2173 1021 2278 1049 erunt

1284 1066 1423 1110 praeda.
1475 1064 1624 1109 Semper
1640 1065 1734 1097 enim
1750 1065 1965 1109 praesidium
1981 1065 2019 1099 iu
2038 1066 2162 1100 divino
2179 1065 2279 1099 auxi-

1284 1116 1331 1149 lio
1360 1127 1465 1157 quam
1491 1116 1764 1155 amicissimum,
1792 1116 1819 1146 si
1839 1116 1925 1159 quid
1947 1129 2035 1161 opus
2054 1117 2145 1150 sacto
2163 1115 2281 1157 suerit,

1285 1164 1365 1197 estis
1388 1161 1554 1197 habituri.
1616 1163 1721 1204 Illos,
1753 1177 1955 1210 quanquam
1981 1165 2074 1199 nihil
2102 1174 2182 1200 ante
2206 1178 2280 1199 non

1286 1214 1525 1258 providerint,
1551 1215 1670 1247 omnia
1696 1215 1841 1248 deficere
1863 1216 2098 1257 videbuntur,
2127 1216 2281 1261 pertina-

1287 1265 1339 1297 cia
1356 1265 1513 1307 ipsorum
1534 1264 1712 1307 augebunt
1731 1265 1944 1308 periculum,
1971 1268 2082 1301 donec
2100 1268 2282 1312 desperata

1286 1315 1398 1348 salute
1414 1314 1606 1359 impietatis
1623 1327 1705 1348 suae
1724 1328 1871 1359 poenam
1898 1317 2150 1360 persolverint,
2175 1331 2282 1364 quam

1289 1366 1440 1408 effugere
1467 1378 1525 1399 eos
1546 1378 1619 1398 non
1643 1367 1820 1410 oportuit,
1855 1369 1948 1412 quod
1975 1369 2145 1412 scriptum
2169 1369 2215 1402 sit
2238 1369 2283 1402 ab

1286 1415 1407 1450 Esaia:
1436 1415 1475 1449 Si
1498 1417 1620 1449 audire
1641 1417 1843 1458 nolueritis,
1871 1424 1902 1451 et
1925 1430 1981 1451 me
1997 1420 2041 1452 ad
2063 1419 2284 1453 iracundiam

1291 1467 1582 1512 provocaveritis,
1609 1468 1746 1511 gladius
1764 1469 1948 1502 devorabit
1967 1481 2039 1504 vos.
2083 1468 2173 1504 Rem
2191 1469 2285 1504 nosti

1292 1525 1468 1562 praeterea
1500 1519 1703 1552 testimonio
1729 1531 1821 1560 esse,
1853 1520 1947 1564 quod
1980 1532 2045 1564 pro
2079 1520 2284 1554 defensione

1291 1569 1446 1601 nominis
1463 1569 1513 1601 sui
1532 1570 1694 1612 gloriosis
1711 1582 1812 1612 saepe
1830 1571 1985 1604 victoriis
2000 1571 2286 1606 ornaveritDeus

1292 1619 1480 1659 Davidem,
1505 1620 1750 1661 Salomonem,
1769 1619 1976 1660 Erecliimn,
2000 1621 2288 1663 Constantinum,

245 1699 330 1732 que,
372 1681 562 1717 clarissime
586 1679 775 1721 princeps,
810 1676 984 1709 maiorum
1021 1681 1164 1707 tuorum
1188 1685 1241 1705 res
1265 1659 1269 1723 ἱ
1293 1670 1462 1704 Ottonem
1492 1671 1664 1714 primum,
1700 1678 1731 1704 et
1759 1678 1875 1705 nostra
1910 1673 2078 1706 memoria
2104 1671 2287 1717 Principes

246 1743 358 1781 gestas
383 1743 610 1776 cognoscere,
639 1736 677 1762 ut
698 1728 847 1761 lectione
868 1727 992 1760 talium
1011 1723 1240 1757 historiarum

247 1787 360 1821 maior
390 1782 559 1828 paulatim
590 1781 794 1813 innascatur
823 1777 984 1811 alacritas
1015 1775 1100 1816 tibi,
1140 1782 1243 1819 atque

247 1837 403 1872 studium
422 1832 585 1867 imitandi
610 1832 697 1864 sacta
713 1828 1086 1862 excellentissimorum
1105 1824 1244 1858 Princi-

249 1900 351 1933 pum,
377 1896 528 1931 quorum
549 1890 584 1916 ut
603 1883 696 1926 apud
715 1887 747 1913 te
765 1880 957 1924 plurimum
983 1877 1096 1910 valeat
1111 1876 1244 1932 autori—

249 1949 318 1979 tas,
354 1938 390 1970 in
423 1946 525 1969 causa
557 1933 621 1967 tibi
654 1932 721 1965 erit
751 1931 856 1965 etiam
891 1927 978 1969 hoc,
1011 1940 1090 1961 cum
1123 1927 1246 1970 legeris

249 1993 372 2035 poetae
390 1997 545 2020 carmen:

329 2041 445 2082 Ecquid
464 2043 494 2069 in
513 2041 666 2079 antiquam
680 2038 820 2066 virtutem
835 2037 1011 2074 animosque
1027 2034 1126 2061 viriles

330 2093 367 2122 lit
386 2100 467 2132 pater
483 2092 600 2120 Aeneas
614 2113 621 2126 ,
650 2096 677 2117 et
694 2089 859 2117 avunculus
877 2089 985 2115 excitet
1002 2084 1123 2113 Hector.
1170 2129 1177 2136 .

256 2143 333 2175 Non
356 2141 474 2173 minus
504 2139 595 2171 idem
621 2135 685 2169 hoc
709 2135 896 2169 consilium
922 2132 1103 2166 adiuvabit
1133 2137 1249 2168 ettam,

255 2193 347 2238 ‹ptod
385 2190 478 2224 Deus
518 2196 630 2222 totum
663 2188 834 2219 nmndum
875 2184 1031 2228 imperiis
1066 2181 1249 2223 magistra-

255 2253 354 2277 tuum
385 2243 627 2283 obtemperare
654 2244 836 2281 propterea
861 2234 1034 2273 soluerit,
1064 2240 1099 2267 ut
1126 2233 1160 2264 in
1186 2229 1249 2264 bac

256 2293 433 2328 rounnnni
458 2292 620 2323 societate
643 2294 896 2321 conserventur
919 2283 1142 2318 Christianae
1168 2282 1249 2315 reli-

258 2346 377 2386 giones
417 2350 449 2375 et
482 2341 678 2379 Ecclesiae,
715 2339 808 2383 quod
842 2337 900 2381 qui
934 2338 968 2369 in
1004 2333 1058 2368 his
1092 2333 1250 2367 maximis

259 2405 286 2429 et
309 2394 453 2427 infinitis
470 2390 738 2425 difficultatibus
755 2401 890 2421 summa
911 2389 976 2420 fule
994 2399 1064 2419 non
1079 2391 1248 2430 praestant

263 2446 461 2488 Principes,
490 2440 579 2475 nihil
598 2441 892 2474 existimabuntur
908 2438 1079 2472 institutis
1096 2444 1125 2469 et
1148 2448 1251 2469 cona-

261 2498 353 2530 tibus
380 2495 495 2537 impiis
519 2494 661 2525 ‹litlerre
688 2505 707 2524 a
732 2491 963 2533 Gigantibus,
996 2500 1147 2533 quorum
1176 2494 1251 2519 tan-

261 2557 328 2580 tam
348 2547 382 2578 in
403 2545 529 2578 tabulis
546 2553 591 2577 e>t
613 2544 718 2576 fuisse
735 2542 945 2578 amentiam.
973 2548 1009 2573 ut
1035 2539 1130 2573 coelo
1149 2538 1251 2571 etiam

262 2600 392 2631 bellum
420 2597 547 2627 inf-*rre-
568 2593 656 2626 nituit
685 2593 785 2626 set-iti
805 2593 886 2625 sint.
944 2590 1087 2624 'saliunt
1106 2596 1195 2622 certe
1217 2596 1251 2620 tu

263 2645 630 2688 clarissimel’rinceps
647 2645 781 2678 aditum
800 2655 1068 2687 setinum-nique
1088 2640 1252 2683 defugit-s„

263 2712 296 2734 ut
321 2698 474 2733 bmnium
490 2693 828 2730 1¹2·:ct«·‚ia··(.‘t1risii,
859 2695 1003 2739 nequid
1023 2706 1060 2726 ex
1073 2691 1251 2734 contagio-

1278 2730 1281 2735 ·
1306 2691 1354 2724 dit
1381 2696 1523 2735 propter
1547 2688 1739 2724 Pharaonis
1761 2691 1970 2725 caecitatem.

1294 1720 1628 1765 periculosissimum
1664 1722 1797 1755 bellum
1832 1735 1912 1756 cum
1950 1723 2088 1756 rusticis
2116 1731 2288 1767 gerentes,

1294 1784 1397 1816 quam
1417 1769 1481 1804 Dei
1500 1772 1718 1806 voluntatem
1735 1785 1813 1816 erga
1832 1785 1894 1806 vos
1911 1785 2050 1819 qnoque
2069 1771 2163 1808 haud
2181 1774 2289 1808 dubie

1268 1845 1271 1862 ι.
1295 1823 1528 1865 cogtiosceti5‚
1563 1823 1700 1868 quoties
1723 1823 1896 1868 praesidio
1927 1831 1958 1858 et
1987 1833 2195 1859 ornamento
2218 1823 2289 1859 Ec-

1296 1873 1419 1905 clesiae
1436 1885 1508 1905 esse
1526 1874 1740 1907 studueritis.

1401 1922 1472 1956 lam
1492 1925 1586 1969 quod
1606 1924 1745 1968 inopiae
1764 1925 1811 1957 rei
1830 1925 2095 1964 frumentariae,
2123 1927 2291 1962 aliarum-

1298 1986 1364 2019 que
1385 1986 1499 2006 rerum
1518 1975 1676 2007 onmium
1689 2000 1696 2013 ‚
1725 1989 1792 2021 qua
1811 1976 1968 2021 plerique
1985 1984 2128 2021 propter
2147 1978 2291 2020 ingrati-
2314 2015 2317 2022 Ι

1298 2025 1458 2058 tudinem
1483 2022 1589 2058 hodie
1616 2026 1822 2071 plectimur,
1855 2027 1992 2062 facilius
2027 2035 2137 2062 vestra
2164 2029 2291 2074 pietate
2315 2043 2317 2051 ¹

1299 2077 1430 2109 mederi
1472 2089 1612 2122 quoque
1653 2077 1852 2121 potueritis,
1895 2079 2016 2112 eodem
2049 2079 2294 2115 existimabitis

1300 2127 1485 2172 pertinere.
1547 2127 1654 2169 Nam,
1690 2130 1782 2174 quod
1812 2129 1941 2170 nmlta,
1976 2129 2106 2175 quibus
2129 2143 2216 2176 opus
2243 2139 2293 2166 cst

1300 2179 1341 2211 ad
1362 2179 1580 2212 tolerandam
1599 2179 1744 2219 famem,
1773 2176 1837 2213 lior
1856 2193 1948 2213 :inno
1963 2182 2089 2225 partim
2107 2189 2292 2226 tempesta-

1301 2230 1393 2263 tibus
1417 2230 1648 2273 depeiierint,
1688 2231 1812 2274 partim
1833 2239 1974 2275 propter
1998 2232 2167 2267 siccitates
2183 2246 2294 2277 angu-

1301 2281 1387 2313 stius
1416 2281 1660 2324 prou-norint,
1686 2294 1906 2327 nequaquam
1932 2283 2138 2318 dubitabitis
2157 2283 2293 2318 Princi-

1303 2345 1385 2376 pum
1409 2332 1508 2376 culpa
1542 2332 1577 2364 id
1603 2333 1751 2365 maxime
1785 2333 1959 2367 accidisse.
2022 2333 2176 2369 Maxima
2199 2334 2292 2368 enim

1303 2395 1381 2427 pars
1401 2382 1622 2427 Principum,
1650 2391 1680 2417 et
1709 2384 1956 2418 sceleratorum
1974 2383 2231 2431 Episcopornm
2250 2387 2293 2419 ad

1304 2435 1436 2467 rabiem
1453 2448 1471 2467 a
1489 2432 1642 2467 Diabolo
1662 2437 1814 2476 redacta,
1842 2437 2038 2469 doctrinam
2056 2438 2098 2470 de
2118 2437 2294 2470 remissio-

1305 2499 1346 2517 ne
1374 2496 1592 2529 peccatorum
1621 2499 1692 2519 non
1719 2487 1805 2520 ridet
1835 2487 1970 2528 solum,
1993 2488 2051 2521 sed
2072 2488 2233 2527 damnat,
2260 2495 2295 2522 et

1304 2537 1492 2569 crudeliter
1527 2537 1561 2569 in
1599 2537 1743 2571 miseros
1770 2535 2010 2579 Christianos,
2050 2551 2128 2571 cum
2165 2547 2295 2583 potest.

1305 2588 1435 2621 statuit.
1491 2586 1582 2621 lliue
1601 2589 1725 2622 accidit
1747 2586 1869 2628 bodie,
1899 2598 1931 2622 nt
1957 2590 2122 2634 quiequid
2144 2591 2296 2624 delirant

1306 2638 1434 2681 lii-ges,
1464 2639 1659 2683 plectantur
1675 2637 1816 2673 Arbisi:
1845 2641 1936 2684 ‹puvd
1958 2648 1988 2673 et
2010 2640 2097 2686 Aeg>
2110 2641 2189 2686 ptiis
2205 2641 2294 2674 :icci-

2029 2691 2180 2730 Yerum.
2212 2691 2294 2738 quia
