2338 2958
25 301 38 438 *ἱ

34 440 39 571 1

96 166 172 203 817

95 252 162 288 Νο.
190 249 274 285 108.

105 297 275 314 w

233 352 309 394 De
334 350 541 392 Iohanne
566 350 948 408 Reyiomontano.

163 432 192 458 ln
219 431 312 458 select.
336 431 488 459 Declamat.
516 430 547 456 T.
570 430 617 457 ΙΙΙ.
641 440 666 464 p.
688 430 740 456 252
756 439 829 464 sqq.,
856 428 995 455 ‘aicbat-d.
1019 426 1051 454 T.
1070 426 1090 451 Ι.

214 484 221 492 .
237 467 313 498 605.,
343 466 460 492 Seu-est.
479 465 511 493 T.
529 465 573 492 ΙΙΙ.
593 476 619 500 p.
634 464 694 491 239.
713 470 738 491 et
759 464 785 489 in
808 463 887 490 Tom.
908 462 954 488 ΙΙΙ.
982 460 1089 487 Ersord.

193 476 237 526 lit.
253 500 289 533 U,
311 502 337 526 5.
367 514 402 520 -
447 500 535 526 Etiam
555 500 697 533 separatim
719 499 789 525 edita
812 497 909 524 VVitb.
934 496 1010 522 1549.
1046 494 1090 521 Cf.

193 535 325 562 strobetii
340 534 404 561 bibl.
418 535 484 560 Mel.
501 535 554 561 No.
569 534 630 561 334.

95 616 224 651 Oratio
263 614 308 650 de
349 617 528 649 Ioanne
568 616 956 661 Regiomontano,
1002 611 1090 645 Ma-

95 666 317 709 themastco,
344 668 385 701 in
408 667 692 700 renunciatione
712 663 852 712 gradus
874 663 1090 710 BIayisterii

91 717 342 764 philosophici
365 719 529 752 recitata
548 715 593 750 ab
608 718 763 750 Erasmo
784 714 978 756 Reae‘nholt,
1006 713 1091 748 Sal-

223 768 410 811 veldensi,
437 767 717 802 Mathematum
737 765 962 812 professore.

95 837 207 879 Initio
225 845 354 889 gratias
372 854 435 887 ago
451 842 526 876 Deo
546 850 688 877 aeterno
708 843 797 887 patri
815 841 961 876 Domini
977 840 1089 874 nostri

97 895 176 930 Iesu
192 894 337 936 Christi,
361 894 540 928 conditori
557 894 646 928 coeli
663 902 697 928 et
713 901 836 934 terrae,
865 900 899 927 et
913 891 1090 926 Ecclesiae

95 958 178 981 suae
193 946 370 990 angelicae
386 953 419 979 et
437 943 630 986 humanae,
656 957 728 978 una
744 957 824 978 cum
842 944 914 978 filio
930 956 993 978 suo
1013 943 1090 977 Do-

95 998 195 1031 mino
229 1004 349 1032 nostro
375 995 451 1030 Iesu
477 993 619 1031 Christo
655 1003 688 1029 et
710 995 847 1039 Spiritu
873 1007 936 1029 suo
959 1001 1091 1035 sancto,

96 1050 190 1094 quod
212 1046 296 1082 haec
311 1048 493 1081 doctrinae
507 1047 623 1081 studia
641 1059 713 1080 non
730 1046 840 1080 deleri
857 1046 951 1081 sinit.
977 1044 1091 1079 Eum-

98 1111 166 1145 que
186 1106 260 1134 toto
286 1105 424 1144 pectore
443 1111 525 1137 oro,
553 1105 592 1132 ut
612 1110 675 1130 nos
699 1098 889 1140 gubernet,
916 1103 949 1130 et
974 1095 1090 1130 studia

97 1151 259 1191 adiuvet,
292 1162 330 1183 ac
358 1150 451 1183 inter
481 1161 545 1182 nos
576 1149 718 1191 colligat
742 1145 992 1182 haereditatem
1017 1146 1091 1179 filio

97 1213 161 1235 suo
179 1200 336 1234 Domino
353 1206 475 1234 nostro
494 1198 571 1233 lesu
587 1197 743 1238 Christo,
762 1199 926 1232 crucifixo
945 1210 1011 1243 pro
1026 1209 1092 1231 no·-

96 1252 153 1286 bis
180 1259 214 1286 et
240 1251 466 1292 resuscitato,
501 1263 590 1296 quae
613 1250 723 1295 ipsius
748 1249 906 1283 bonitate
929 1250 967 1282 in
994 1249 1092 1282 omni

97 1302 304 1337 aeternitate
320 1303 470 1343 fruatur,
497 1308 531 1336 et
548 1314 628 1334 eum
643 1301 805 1334 celebret.
843 1299 939 1334 Haec
954 1311 1092 1333 mecum

100 1366 162 1388 vos
179 1365 302 1387 omnes
316 1353 533 1386 <ardentibus
549 1353 639 1386 votis
659 1358 775 1396 petere
791 1353 900 1386 decet.
954 1350 1043 1384 Nam
1060 1356 1094 1383 et

98 1405 137 1438 in
155 1402 210 1438 his
224 1403 441 1438 scholasticis
458 1404 701 1447 congressibus
720 1403 896 1436 miscenda
914 1408 997 1435 sunt
1012 1407 1093 1435 vota

99 1455 500 1489 commonefactionibus
516 1456 558 1488 de
575 1454 746 1489 doctrina.

201 1522 291 1557 Cum
318 1530 433 1557 autem
459 1523 626 1556 usitatum
652 1522 697 1556 sit
720 1519 786 1555 hoc
810 1522 886 1555 loco
915 1521 1094 1554 interdum

101 1575 248 1609 recitare
280 1574 456 1607 clarorum
481 1573 638 1607 virorum
670 1570 852 1611 historias,
891 1571 1095 1616 praesertim

101 1626 335 1666 eruditorum,
363 1625 444 1670 quia
461 1626 502 1658 de
519 1622 573 1657 his
589 1623 672 1668 ipsis
688 1624 823 1658 artibus
839 1636 924 1668 quas
942 1622 1096 1655 illustra-

101 1684 185 1711 runt
208 1676 316 1710 multa
335 1683 499 1716 monent,
527 1682 561 1708 et
583 1675 778 1708 recordatio
796 1675 918 1708 talium
937 1673 1095 1706 virorum

102 1727 204 1762 bonis
227 1727 405 1760 mentibus
435 1733 529 1770 grata
554 1733 620 1760 est:
655 1726 780 1769 collegi
813 1737 908 1759 nunc
939 1725 1096 1770 qualem-

102 1790 240 1824 cunque
276 1777 515 1810 narrationem
552 1778 595 1810 de
635 1776 765 1809 Ioanne
799 1775 1097 1819 Regiomontano,

103 1830 230 1874 partim
248 1841 287 1861 ex
307 1828 416 1872 ipsius
434 1827 588 1871 scriptis,
615 1827 742 1870 partim
762 1839 801 1859 ex
821 1827 886 1859 viri
903 1825 1095 1859 doctissimi

107 1879 250 1914 loannis
275 1876 448 1912 Schoneri
475 1889 657 1920 sermone,
686 1889 775 1922 quae
802 1877 936 1910 etiamsi
958 1876 1098 1909 brevior

104 1937 173 1970 est,
202 1942 265 1964 nec
289 1929 492 1962 aviditatem
516 1935 664 1962 vestram
692 1928 864 1972 explebit,
902 1934 1020 1960 tamen
1044 1927 1097 1959 iu-

106 1981 242 2015 ventuti
269 1981 439 2013 tradenda
465 1986 533 2020 est,
566 1986 605 2012 ut
630 1990 732 2011 nosse
758 1985 791 2012 et
815 1979 981 2011 admirari
1003 1975 1098 2011 hunc

105 2040 242 2068 tantum
258 2031 374 2065 virum
401 2030 564 2075 incipiat,
590 2035 623 2063 et
640 2027 766 2062 harum
791 2029 946 2073 ipsarum
970 2029 1097 2062 artium

105 2084 239 2118 semina
264 2094 353 2128 quae
377 2082 521 2127 sparsit,
555 2087 706 2125 appetat.
759 2078 805 2113 Et
823 2092 1024 2125 quanquam
1043 2080 1097 2112 in-

106 2135 200 2180 genii
224 2133 276 2166 vis
307 2139 340 2166 et
369 2133 477 2173 acin-s,
519 2131 672 2165 eruditio
707 2138 739 2164 et
773 2131 894 2165 iudicii
927 2131 1098 2165 rectitudo

107 2185 293 2231 praecipue
319 2184 356 2216 in
375 2184 448 2217 eius
474 2182 714 2216 monumentis
733 2182 1017 2226 conspiciuntur,
1044 2194 1101 2215 ea-

108 2249 176 2283 que
204 2235 463 2269 animadversio
492 2234 647 2267 solorum
678 2233 850 2267 artificum
879 2240 943 2267 est:
984 2239 1100 2267 tamen

109 2286 195 2321 haec
212 2286 502 2320 commemoratio
521 2286 564 2318 de
583 2284 779 2325 sedulitate,
806 2285 848 2317 de
865 2284 969 2317 editis
986 2283 1101 2328 operi-

110 2339 196 2378 bus,
223 2337 266 2370 de
286 2336 535 2370 certaminibus
554 2348 641 2380 quae
659 2336 689 2368 ei
714 2348 792 2368 cum
813 2335 1005 2369 artificibus
1027 2335 1103 2368 sue-

110 2395 214 2429 runt,
241 2388 284 2420 de
309 2387 670 2432 peregrinationibus,
698 2387 740 2419 de
766 2397 983 2419 summorum
1008 2386 1104 2419 viro-

110 2452 190 2474 rum
226 2438 409 2479 amicitiis,
451 2449 530 2470 cum
560 2437 645 2470 alias
670 2437 797 2471 multas
826 2437 862 2469 in
890 2449 930 2470 eo
957 2436 1104 2470 virtutes

110 2491 218 2524 fnisse
244 2489 418 2529 ostendit,
440 2495 514 2522 tum
539 2499 622 2520 vero
648 2495 682 2521 et
705 2488 838 2531 ingenii
858 2487 947 2527 vim,
974 2494 1008 2522 et
1029 2486 1105 2522 En-

113 2539 345 2575 tbusiasmum
372 2539 545 2574 divinitus
569 2538 720 2572 inditum
749 2541 791 2572 ad
824 2536 886 2571 has
910 2545 999 2572 artes
1022 2539 1107 2572 illu·
1129 2568 1133 2589 ι

113 2592 293 2632 strumas,
340 2591 375 2624 in
411 2603 451 2623 eo
486 2590 593 2622 fuisse
629 2590 748 2634 aliquo
787 2591 891 2622 modo
925 2590 1133 2633 significatu,

114 2641 289 2687 Equidem
310 2650 348 2676 ut
373 2641 534 2676 acumine
563 2640 638 2673 eius
663 2641 818 2674 delector
845 2641 881 2673 in
907 2641 1024 2682 libris,
1059 2641 1107 2675 ita
1131 2635 1134 2675 l

115 2695 277 2727 ardorem
304 2693 414 2726 animi
441 2692 608 2726 admiror.
670 2691 784 2725 Simul
812 2698 844 2725 et
869 2703 967 2725 mens
984 2692 1107 2726 volitat
1132 2693 1135 2732 ἰ

116 2756 178 2788 per
204 2743 403 2777 universam
428 2755 546 2777 rerum
572 2750 752 2783 naturam,
788 2741 932 2776 metitur
962 2743 1049 2777 coeli
1075 2749 1108 2776 et
1133 2740 1135 2754 ³

174 2794 358 2828 ΒῙῑιΛςτκ,
388 2797 491 2827 Oeta.
521 2796 602 2826 Vox..
633 2795 692 2826 XI.

551 160 711 200 DECL.
753 160 828 197 DE
863 159 1129 197 IOHANNE
1162 159 1678 197 REGIOMONTANO.

2065 165 2137 200 818

902 261 950 280 an.
976 249 1069 281 1549.
1113 255 1117 268 ¹
1142 253 1315 280 terrarum
1339 247 1474 291 spacia,
1502 255 1533 282 et
1561 260 1687 293 corpus
1706 247 1872 282 discurrit
1900 259 1961 292 per
1983 247 2134 293 Germa,-

1141 297 1256 337 niam,
1287 297 1442 337 ltaliam,
1468 297 1708 340 Pannoniam,
1736 299 1838 333 discit
1863 298 2033 334 Graecam
2062 301 2132 334 lin-

1141 359 1256 391 guam,
1279 355 1311 382 et
1322 349 1466 393 quidem
1481 349 1582 383 illum
1601 351 1812 394 peculiarem
1829 362 2024 383 sermonem
2037 349 2132 385 Geo-

1141 399 1262 432 metris
1282 399 1480 443 proprium:
1509 401 1646 434 confert
1662 412 1741 434 suas
1756 401 1944 435 sententias
1959 413 2037 435 cum
2053 402 2131 435 aliis

1140 449 1298 483 eruditis.
1351 449 1430 483 'Non
1454 451 1567 483 solum
1595 451 1716 485 scribit
1743 452 1816 495 ipse
1839 453 1948 486 multa
1972 452 2050 485 usui
2074 454 2132 486 su-

1140 507 1219 534 tura
1236 500 1401 544 posteris,
1427 502 1487 534 sed
1503 501 1607 534 etiam
1624 499 1803 535 machinas
1821 515 1927 536 manu
1944 515 2004 536 sua
2019 503 2131 537 fabri-

1141 558 1211 592 cat,
1240 551 1383 585 instruit
1407 552 1524 594 praela
1550 550 1814 597 typographica.
1874 553 1975 587 Hanc
1998 561 2131 587 tantam

1142 602 1340 636 varietatem
1358 602 1532 643 laborum,
1560 603 1685 646 ignava
1703 610 1828 636 natura
1846 616 1959 649 neque
1977 605 2133 649 suscipit,

1141 665 1255 699 neque
1271 653 1444 687 sustinere
1464 660 1587 697 potest.
1640 653 1708 688 Sed
1728 655 1983 700 qualiscunque
2007 657 2133 690 umbra

1141 705 1312 738 virtutum
1334 704 1444 748 ipsius
1470 705 1507 737 in
1532 705 1593 738 tali
1618 706 1820 738 narratione
1849 706 1986 739 ostendi
2011 713 2134 750 potest,

1140 762 1272 800 gratam
1290 755 1389 789 vobis
1406 753 1497 789 hanc
1514 756 1884 789 commemorationem
1902 757 1975 789 fore
1993 769 2105 801 spero,

1242 806 1353 840 Natus
1373 814 1422 840 est
1445 806 1592 841 loannes
1610 805 1917 850 Regiornontanus
1942 807 1978 840 in
2001 809 2132 852 oppido

1140 857 1326 896 Frauciae,
1355 857 1411 891 cui
1435 870 1566 892 nomen
1591 865 1640 892 est
1664 857 1771 892 Mons
1790 857 1940 902 Regius,
1969 861 2133 904 quodque

1141 915 1284 953 propter
1301 908 1515 942 vicinitatem
1540 909 1716 954 plerisque
1743 906 1894 943 vestrum
1920 916 2042 942 notum
2071 916 2131 943 est.

1141 959 1307 993 Parentes
1331 960 1437 993 audio
1459 960 1565 993 fuisse
1592 958 1777 1001 honestos,
1808 967 1839 994 et
1864 961 2044 994 facultates
2069 958 2133 993 ha·

1141 1010 1258 1044 buisse
1274 1011 1478 1051 mediocres,
1503 1017 1542 1044 nt
1556 1017 1638 1044 sunt
1653 1023 1708 1044 res
1723 1011 1760 1043 in
1777 1011 1905 1044 nostris
1921 1011 2135 1054 municipiis,

1141 1062 1237 1095 unde
1262 1068 1452 1107 utcumque
1475 1062 1606 1095 liberos
1631 1063 1780 1095 educare
1797 1068 1828 1094 et
1853 1062 1992 1095 erudire
2010 1069 2135 1106 potue-

1141 1119 1236 1146 runt.
1291 1111 1370 1146 Scio
1389 1120 1422 1146 et
1440 1114 1609 1158 quosdam
1629 1113 1665 1146 in
1681 1125 1717 1146 ea
1734 1113 1867 1146 familia
1886 1120 1997 1154 natos,
2028 1113 2135 1145 colle-

1142 1163 1193 1207 gis
1214 1163 1344 1196 nostris
1368 1171 1470 1197 notos
1488 1164 1605 1197 fuisse.
1656 1162 1702 1197 Et
1720 1164 1801 1209 quia
1826 1175 1880 1197 res
1904 1165 2057 1198 ostendit
2080 1165 2135 1196 in-

1143 1214 1243 1258 genia
1268 1225 1404 1247 sumere
1427 1214 1578 1258 impetus
1600 1215 1735 1260 aliquos
1753 1228 1770 1247 a
1788 1215 1997 1248 coelestibus
2013 1215 2137 1255 causis,

1144 1265 1297 1298 recitabo
1315 1265 1418 1298 etiam
1437 1272 1585 1309 tempus,
1613 1278 1683 1310 quo
1700 1265 1735 1298 in
1754 1266 1864 1298 lucem
1885 1266 1998 1299 editus
2015 1273 2075 1306 est,
2102 1272 2135 1299 et

1144 1316 1299 1349 siderum
1317 1316 1468 1360 positum
1483 1343 1492 1356 ‚
1518 1328 1608 1360 quae
1626 1316 1780 1350 nascenti
1799 1316 1985 1352 fulserunt.
2025 1316 2136 1350 'Natus

1145 1373 1195 1401 est
1222 1367 1314 1400 iuxta
1332 1367 1495 1400 usitatam
1513 1367 1724 1400 numerandi
1749 1367 1920 1401 rationem
1938 1380 2032 1401 anno
2055 1368 2137 1400 mit-

1146 1417 1267 1451 lesimo
1285 1418 1644 1462 quadringentesimo,
1667 1425 1762 1452 sexto
1778 1425 1810 1452 et
1828 1419 2016 1460 tricesimo,
2041 1425 2136 1452 sexto

1146 1469 1203 1502 die
1223 1468 1335 1507 lunii,
1357 1476 1479 1514 quarta
1498 1467 1582 1502 hora
1599 1476 1676 1514 post
1693 1469 1894 1508 meridiem,
1922 1470 2059 1503 minuto
2077 1469 2137 1503 40.

1146 1519 1223 1554 Etsi
1251 1526 1364 1553 autem
1390 1520 1541 1564 optarim
1568 1521 1604 1553 in
1630 1521 1796 1554 omnibus
1823 1518 1979 1553 historiis
2005 1521 2139 1564 integra

1147 1569 1300 1605 themata
1317 1582 1438 1604 eorum
1456 1578 1580 1611 extare,
1608 1571 1644 1603 in
1661 1571 1790 1616 quibus
1809 1572 1862 1604 vel
1881 1572 2021 1605 bonitas
2035 1579 2139 1605 natu-

1146 1633 1205 1655 rae
1232 1621 1415 1662 excelluit,
1443 1621 1498 1654 vel
1522 1628 1721 1656 monstrosa
1745 1623 1954 1666 perversitas
1977 1623 2058 1655 suit:
2087 1629 2140 1655 ta-

1149 1685 1229 1706 men
1249 1684 1328 1705 cum
1347 1679 1459 1706 totum
1477 1670 1594 1706 thema
1617 1673 1728 1706 oculis
1747 1673 1894 1706 iudicari
1912 1673 2037 1706 melius
2060 1685 2140 1716 pos—

1148 1724 1210 1762 sit,
1238 1735 1334 1756 nunc
1351 1730 1487 1757 tantum
1512 1721 1748 1768 horoscopum
1767 1731 1799 1758 et
1826 1724 1899 1757 loca
1923 1725 2141 1768 planetarum

1149 1775 1270 1808 recito.
1324 1773 1407 1808 Fuit
1435 1772 1650 1819 horoscopus
1668 1775 1814 1820 quintus
1832 1775 1987 1808 decimus
2013 1776 2141 1818 gradus

1150 1824 1307 1868 scorpii,
1335 1824 1417 1865 Sol,
1444 1824 1545 1858 Luna
1559 1853 1568 1866 ,
1596 1825 1694 1859 Mars
1710 1832 1742 1858 et
1760 1824 1959 1859 Mercurius
1977 1826 2080 1859 simul
2105 1826 2141 1858 iu

1151 1874 1325 1914 Geminis,
1346 1877 1439 1921 quod
1459 1876 1597 1919 signum
1611 1877 1755 1909 minime
1772 1877 1942 1920 significat
1960 1877 2142 1917 feritatem,

1150 1929 1208 1960 sed
1235 1934 1395 1960 naturam
1418 1928 1654 1968 moderatam,
1681 1928 1851 1968 docilem,
1880 1935 1912 1961 et
1935 1928 2141 1971 discipliuae

1151 1979 1333 2015 idoneam,
1369 1978 1406 2010 in
1428 1991 1495 2023 qua
1523 1991 1602 2011 cum
1627 1985 1659 2012 et
1690 1979 1823 2012 lumina
1853 1980 2082 2012 convenerint
2110 1986 2143 2011 et

1152 2028 1249 2062 Mars
1273 2035 1306 2062 et
1334 2028 1552 2070 Mercurius,
1586 2030 1652 2063 fuit
1676 2030 1856 2073 ingenium
1888 2042 2002 2075 neque
2028 2028 2144 2067 hebes,

1151 2091 1265 2125 noque
1281 2090 1394 2121 segne.
1447 2078 1493 2114 Et
1517 2081 1710 2114 bonitatem
1730 2081 1995 2125 temperamenti
2019 2087 2145 2124 augent

1154 2130 1286 2174 lupiter
1303 2131 1337 2163 iu
1354 2129 1476 2171 Libra,
1506 2138 1539 2165 et
1555 2131 1674 2165 Venus
1691 2132 1727 2164 in
1744 2130 1893 2166 Cancro.
1929 2131 1998 2165 Nec
2016 2134 2141 2164 addam

1153 2182 1348 2224 longiorem
1368 2182 1641 2226 expositionem,
1668 2185 1725 2216 sed
1752 2183 1898 2215 eruditis
1919 2183 2145 2215 consideran-

1153 2234 1232 2265 dam
1249 2232 1429 2277 relinquo,
1457 2234 1516 2278 qui
1536 2234 1675 2274 vident,
1703 2234 1762 2278 qui
1784 2234 1915 2277 positus
1932 2234 2022 2266 vitae
2041 2234 2145 2265 mini-

1153 2290 1283 2317 tentur.
1337 2283 1405 2316 Sed
1431 2284 1563 2327 ingenii
1581 2292 1614 2318 et
1633 2297 1770 2317 morum
1795 2285 2065 2327 significationes
2086 2297 2145 2316 ne-

1154 2346 1329 2379 quaquam
1361 2342 1599 2378 praeposteras
1622 2347 1694 2368 esse
1720 2336 1935 2370 fatebuntur.
1998 2336 2146 2369 Fuerint

1155 2397 1236 2419 sane
1254 2385 1339 2419 laeta
1360 2392 1505 2418 naturae
1529 2386 1681 2427 semina,
1707 2386 1815 2419 fuerit
1838 2386 2016 2427 ingenium
2035 2386 2147 2419 docile

1156 2443 1189 2470 et
1204 2448 1297 2469 acre:
1327 2448 1441 2481 neque
1460 2443 1574 2470 tamen
1595 2437 1669 2470 siue
1684 2437 1815 2470 adflatu
1833 2437 1954 2470 divino
1973 2445 2032 2477 tot,
2062 2444 2149 2470 tam-

1157 2499 1224 2532 que
1259 2487 1371 2520 varias
1406 2494 1496 2520 artes
1525 2489 1662 2531 penitus
1699 2489 1894 2532 percipere,
1934 2495 1982 2520 tot
2015 2489 2149 2527 lingum

1159 2539 1310 2577 discere,
1346 2545 1460 2571 tantos
1487 2539 1638 2582 perferre
1664 2540 1817 2580 labor-vs,
1846 2540 1948 2571 simul
1979 2539 2148 2574 discendi„

1158 2590 1328 2628 docendi,
1364 2589 1557 2622 fabricandi
1589 2588 1787 2627 machinas,
1823 2590 1998 2633 spectandi
2031 2589 2148 2620 sti-ll:-

1160 2652 1237 2674 rum
1275 2641 1363 2679 loca,
1401 2641 1578 2673 scribendi
1615 2642 1865 2674 eruditissimas
1900 2639 2150 2676 enarrationes,

1161 2691 1346 2725 evolvendi
1368 2697 1417 2724 tot
1436 2690 1673 2731 labvrintbos,
1701 2692 1826 2725 edendi
1848 2691 1982 2724 tabulas
2002 2701 2091 2729 suas,
2119 2697 2151 2722 et

1160 2743 1310 2781 alienas,
1341 2742 1422 2775 item
1448 2740 1700 2784 Ephemerides
1730 2742 1914 2786 potuisset,
1950 2741 2152 2784 praesertim

1451 2791 1498 2826 52
