2338 2958
159 120 234 156 839

160 207 325 242 lacticum
353 203 545 240 Ptolemaei
585 202 800 243 construxit,
835 201 935 235 cuius
967 201 1039 236 duo
1074 207 1157 235 sunt

161 257 320 304 aequalia
354 257 463 290 latera
505 253 635 298 pedum
680 253 854 287 denorum
891 259 926 286 et
962 259 1157 287 ternorum.

162 308 270 348 Item,
305 307 547 351 Quadrantem
581 304 724 348 circuli,
760 304 859 338 cuius
888 304 1158 344 semidiameter,

162 372 235 394 non
259 359 377 392 minor
402 356 516 391 tribus
544 355 691 395 cubitis,
724 355 772 389 ita
795 362 835 389 ut
857 354 999 400 utrique
1023 355 1158 388 instru-

162 417 281 444 mento
304 406 595 453 perpendiculum
623 417 684 440 seu
705 404 912 453 κωνάριον,
939 406 1083 440 cistulae
1101 405 1157 438 in-

163 462 298 495 clusum
325 466 446 493 contra
470 458 574 491 flatus
597 464 783 492 ventorum
802 457 988 491 artificiose
1005 457 1158 490 adfixum

164 513 226 552 sit,
263 510 463 555 gubernans
491 509 592 542 istam
622 509 902 544 collocationem.
968 506 1160 552 Coepimus

163 562 271 606 igitur
293 573 363 595 nna
388 561 543 606 primurn
563 560 684 594 multis
708 559 1016 593 observationibus
1040 558 1160 603 explo-

164 625 242 647 rare
264 624 382 646 veram
409 611 634 645 latitudinem
659 608 765 645 huius
790 611 932 655 oppidi,
967 622 1073 655 quam
1099 610 1161 642 de-

164 661 419 710 prehendimus
434 674 507 696 esse
523 663 694 706 graduum
712 661 818 695 unius
837 668 870 695 et
892 660 1161 707 quinquaginta,

166 723 199 750 et
215 715 461 759 scrupulorum
480 721 633 759 quatuor
654 720 686 747 et
703 712 971 758 quinquaginta.
1022 710 1161 745 Deinde

165 773 198 800 et
224 773 359 800 motum
384 764 478 799 Solis
504 771 536 798 et
559 771 717 808 tempora
744 762 1073 808 aequinoctiorum,
1099 761 1161 795 ubi

166 814 465 862 deprehendimus
480 826 628 848 vernum
649 815 914 860 aequinoctium
933 814 1082 847 sedecim
1101 825 1162 857 pe—

166 880 211 901 ne
234 867 379 911 integris
409 864 507 900 horis
535 865 610 899 fieri
643 865 796 906 tardius,
833 877 937 911 quam
971 864 1163 898 ostendunt

166 919 314 953 usitatae
331 917 628 962 computationeS,
652 917 710 950 sed
723 916 885 951 autumni
899 915 1162 961 aequinoctium

166 982 292 1015 pamm
311 981 329 1003 a
347 968 481 1002 calculo
502 968 711 1013 discrepare.

270 1019 337 1054 His
359 1027 392 1054 et
416 1019 593 1053 similibus
620 1019 930 1053 observationibus
954 1018 1059 1059 moti,
1092 1016 1163 1051 Co-

167 1071 352 1118 pernicum
389 1071 500 1114 magis
542 1070 710 1104 admirari
753 1077 787 1104 et
822 1082 939 1103 amare
973 1068 1163 1113 coepimus.

167 1121 333 1168 Eumque
359 1122 486 1162 secuti,
513 1129 650 1156 nostras
668 1121 931 1155 observationes
948 1132 1027 1154 cum
1047 1119 1163 1153 omni—

168 1175 235 1209 bus
252 1172 546 1218 praecedentibus
561 1173 597 1205 in
615 1169 682 1205 boc
697 1183 822 1216 genere
842 1171 1068 1206 contulimus,
1122 1169 1163 1203 In

169 1237 238 1272 qua
269 1223 550 1258 consideratione
581 1223 895 1256 animadvertimus
925 1222 1010 1255 anni
1045 1232 1163 1254 veram

169 1288 229 1310 seu
246 1276 472 1319 adparentem
490 1273 772 1318 magnitudinem
789 1273 881 1314 eius,
908 1284 1013 1318 quam
1030 1270 1164 1316 Coper-

168 1327 269 1360 nicus
297 1325 548 1370 temporalem,
585 1323 714 1358 Graeci
739 1321 910 1364 τοπικὸν,
944 1323 1064 1357 Latini
1084 1335 1164 1358 ver-

169 1384 301 1412 tentem
320 1377 462 1416 dicunt,
487 1388 583 1410 nunc
601 1376 729 1410 iterum
748 1375 917 1408 maiorem
941 1386 1030 1416 esse,
1057 1386 1163 1420 quam

169 1429 224 1462 vel
240 1426 446 1471 Albategnii
469 1427 525 1460 vel
549 1424 727 1472 Alphonsi
752 1426 989 1470 temporibus:
1019 1437 1057 1459 ac
1074 1437 1164 1470 pene

169 1491 292 1514 rursus
302 1479 483 1524 aequalem
500 1478 628 1512 factam
646 1478 697 1519 ei,
720 1490 826 1523 quam
843 1476 1064 1511 Ptolemaeus
1082 1488 1163 1521 pro-

169 1531 278 1572 didit,
315 1530 478 1563 videlicet
501 1536 640 1575 praeter
672 1529 747 1562 dies
776 1529 930 1571 integros
954 1527 1028 1563 365
1058 1525 1164 1561 hora-

169 1594 248 1616 rum
264 1579 288 1616 5
310 1588 344 1615 et
365 1581 612 1625 scrupulorum
631 1580 828 1625 primorum
844 1578 893 1613 55
915 1580 1021 1613 unius
1046 1576 1164 1613 horae.

169 1632 259 1667 Cum
285 1632 419 1666 reditus
441 1631 535 1666 Solis
558 1632 600 1664 ad
628 1631 783 1664 medium
808 1630 1070 1675 aequinoctium
1091 1641 1163 1662 non

170 1689 310 1728 superet
337 1680 443 1716 horas
464 1680 487 1716 5
523 1682 687 1726 scrupula
711 1681 760 1714 49
792 1693 870 1714 cum
906 1681 1034 1714 triente
1057 1680 1164 1714 unius

170 1733 338 1779 scrupuli.
406 1732 454 1767 At
483 1733 617 1766 reditus
648 1732 742 1766 Solis
774 1732 817 1765 ad
852 1732 998 1765 eandem
1028 1732 1163 1765 stellam

171 1786 272 1819 fixam
315 1784 447 1818 excedit
481 1784 713 1829 quadrantem
757 1782 827 1816 diei
872 1794 960 1826 pene
1009 1789 1165 1816 sextante

170 1836 277 1870 unius
304 1833 412 1868 horae
441 1835 722 1880 aequinoctialis.
784 1834 900 1877 Quem
924 1846 1057 1867 annum
1085 1833 1165 1866 licet

165 1883 439 1932 ’ίστεροτίριδα
456 1886 652 1920 nominare.
706 1884 796 1919 Belli
816 1891 972 1928 ternpore
991 1897 1069 1918 cum
1092 1896 1163 1917 non

171 1939 403 1983 impediretur
425 1937 740 1982 praelectionibus,
775 1942 812 1969 ut
835 1935 1050 1970 moesticiam
1075 1935 1164 1968 leni-

171 1997 243 2030 ret,
264 1989 343 2034 plus
360 1989 528 2033 temporis
543 1988 668 2022 tribuit
683 1986 1010 2027 observationibus,
1037 1987 1072 2019 iu
1086 1986 1166 2032 qui—

171 2041 238 2074 bus
261 2052 334 2073 non
359 2039 473 2073 solum
507 2039 636 2073 nostris
663 2036 836 2072 machinis
858 2038 1069 2076 maioribus,
1105 2038 1163 2070 sed

172 2091 275 2125 etiam
299 2091 376 2124 aliis
400 2091 601 2124 minoribus
623 2091 807 2128 utebatur,
844 2101 929 2133 quas
949 2096 1032 2122 tunc
1057 2089 1166 2121 sabri-

172 2142 241 2176 cari
275 2148 464 2176 curaverat.
533 2141 626 2175 Loca
665 2141 772 2184 igitur
804 2140 984 2174 stellarum
1018 2140 1164 2172 lixarum

172 2193 364 2226 multarum
383 2191 601 2232 observavit,
628 2204 718 2238 quae
744 2191 852 2236 ipsius
875 2203 979 2225 manu
996 2197 1164 2225 annotata

172 2242 352 2278 habemns.
420 2241 574 2288 Opticen
609 2244 711 2277 etiam
753 2243 863 2288 probe
891 2242 1085 2281 intellexit,
1128 2248 1165 2275 ut

173 2307 277 2339 opera
302 2295 374 2329 eius
401 2295 538 2337 generis
562 2294 671 2339 ipsius
705 2307 812 2327 manu
842 2294 1015 2338 descripta
1047 2301 1165 2327 osten-

173 2348 273 2381 dunt.
326 2345 415 2379 Nam
438 2353 469 2379 et
495 2343 635 2380 Rbetici
658 2345 938 2379 lucubrationem
958 2351 989 2378 et
1008 2342 1165 2378 Albasen

172 2409 233 2431 sua
273 2410 378 2429 manu
416 2397 618 2441 descripsit,
660 2397 720 2429 ubi
755 2396 865 2431 multa
896 2392 1165 2443 διαγράμματα

172 2460 261 2494 quae
278 2449 419 2481 (lec-rant
438 2448 588 2482 addidit.

276 2499 344 2533 Sed
377 2499 458 2544 quia
484 2500 678 2541 longiorem
705 2499 1073 2532 commemorationem
1099 2495 1165 2531 hoc

175 2558 310 2595 tempus
337 2550 439 2583 nobis
470 2563 540 2582 non
565 2550 743 2588 concedit,
778 2562 886 2594 pauca
913 2551 956 2583 de
987 2555 1164 2593 postremo

172 2602 247 2635 eins
265 2609 342 2635 actu
361 2601 485 2634 dicam.
540 2601 754 2635 Meministis
769 2613 847 2634 eum
866 2601 1075 2635 decumbere
1087 2600 1165 2644 plus

172 2653 285 2687 tribus
308 2653 506 2690 mensibus,
534 2653 608 2685 sim·
630 2664 688 2695 spe
714 2653 972 2696 recuperandae
991 2651 1164 2685 valetudi—

173 2705 236 2738 nis.
297 2702 409 2738 Erant
444 2703 537 2737 enim
569 2703 739 2737 extinctae
774 2704 864 2737 vires
892 2703 1097 2742 ventriculi,
1133 2708 1165 2736 et

745 114 910 151 DECL.
951 112 1025 149 DE
1058 114 1212 150 CASP.
1245 112 1610 152 CRUCIGERO.

2125 116 2201 153 840

1208 201 1469 235 nutrimentum
1503 200 1541 234 in
1571 197 1758 234 humorem
1786 199 2083 237 melancholicum
2122 216 2203 239 ver-

1210 252 1368 292 tebatur,
1402 263 1506 297 quem
1535 251 1676 295 copiose
1704 251 1894 287 reiiciebat.
1956 252 2009 288 Ita
2031 255 2204 299 paulatim

1211 303 1394 336 contabuit
1405 329 1414 343 ,
1440 314 1520 336 cum
1537 302 1681 348 quidem
1698 303 1832 337 cerebri
1848 304 1939 337 vires
1952 317 2063 350 usque
2078 307 2121 340 ad
2143 318 2204 340 ex·

1211 361 1362 387 tremum
1386 351 1538 387 halitum
1561 353 1807 397 integerrimae
1830 361 1954 390 essent.
2007 355 2074 390 His
2091 357 2205 391 tribus

1211 404 1392 438 mensibus
1423 404 1526 449 quale
1557 401 1735 438 theatrum
1768 405 1912 439 fuerunt
1939 406 2013 439 eius
2035 408 2208 443 virtutes?

1211 455 1311 490 Nulli
1334 455 1496 488 fremitus
1518 462 1635 496 erant,
1668 455 1768 489 nulla
1790 456 2006 499 indignatio:
2039 460 2099 492 sed
2124 459 2207 505 qnia

1212 518 1312 540 mens
1334 505 1478 540 obedire
1503 504 1578 540 Deo
1604 507 1826 548 decreverat,
1850 513 1884 540 et
1905 507 1994 541 laeta
2016 517 2207 544 consuetu-

1213 558 1333 591 dinem
1351 557 1509 591 coelestis
1525 555 1704 591 Ecclesiae
1725 558 1946 603 expectabat,
1974 571 2089 593 mores
2109 568 2208 595 erant

1214 609 1364 653 placidi,
1391 608 1512 654 quales
1528 619 1601 642 esse
1618 608 1797 651 solebant,
1821 620 2000 643 sermones
2017 610 2121 645 etiam
2134 611 2209 656 ple-

1214 660 1252 692 ni
1269 659 1408 704 pietatis
1425 666 1458 693 et
1473 659 1670 694 suavitatis.

1316 709 1390 744 Nec
1405 711 1522 744 studia
1541 721 1685 755 prorsus
1702 709 1835 745 omisit.
1874 710 1957 745 Dies
1974 711 2021 746 ita
2039 712 2071 746 ei
2088 712 2209 747 distri-

1214 761 1300 795 buta
1318 767 1409 802 erat,
1436 768 1608 806 quantum
1634 762 1672 794 in
1695 761 1755 794 illa
1782 762 1897 796 morbi
1914 762 2036 797 sevitia
2053 763 2128 797 fieri
2145 775 2210 808 po-

1216 812 1295 848 tuit.
1353 811 1462 845 Mane
1485 812 1612 846 filiolas
1634 813 1722 846 duas
1744 813 1787 845 ad
1809 824 1844 846 se
1860 814 2026 855 vocabat,
2051 826 2091 848 ac
2109 814 2210 848 iube-

1215 863 1275 897 bat
1290 862 1437 897 recitare
1453 862 1685 907 precationes.
1729 861 1807 907 Ipse
1821 876 1921 898 suam
1939 864 2212 908 invocationem,

1216 926 1297 948 suos
1312 914 1462 958 gemitus
1477 921 1511 948 et
1526 911 1724 960 lachrymas
1734 926 1798 958 pro
1808 912 1977 955 Ecclesia,
2004 928 2068 961 pro
2086 917 2212 962 seipso,

1215 977 1280 1010 pro
1299 965 1391 999 natis
1408 965 1594 1006 miscebat,
1619 977 1721 1010 saepe
1739 961 1825 999 haec
1839 966 1946 1000 verba
1961 973 2132 1012 repetens.

1318 1015 1450 1050 Invoco
1463 1023 1496 1050 te
1513 1016 1739 1061 omnipotens
1754 1015 1870 1056 Deus,
1897 1024 2038 1052 aeterne
2056 1025 2088 1052 et
2105 1019 2211 1053 unice

1216 1074 1315 1113 pater
1341 1066 1488 1101 Domini
1511 1067 1622 1101 nostri
1646 1066 1723 1101 lesu
1750 1064 1903 1110 Christi,
1937 1070 2102 1104 conditor
2122 1069 2210 1104 coeli

1217 1126 1250 1153 et
1283 1126 1396 1153 terrae
1429 1125 1463 1152 et
1490 1115 1697 1159 hominum,
1733 1125 1765 1152 et
1794 1116 1973 1154 Ecclesiae
2008 1126 2105 1161 tuae,
2140 1133 2213 1155 una

1217 1182 1297 1203 cum
1313 1169 1387 1203 filio
1414 1175 1474 1202 tuo
1491 1175 1676 1202 coaeterno
1694 1168 1850 1203 Domino
1868 1177 1991 1205 nostro
2010 1170 2087 1206 lesu
2105 1169 2213 1206 Chri-

1216 1228 1290 1261 sto,
1317 1227 1349 1254 et
1370 1219 1508 1264 Spiritu
1531 1227 1668 1260 sancto,
1694 1220 1852 1264 sapiens,
1876 1221 1990 1263 bone,
2017 1222 2124 1263 iuste,
2153 1235 2212 1257 ve-

1217 1283 1296 1312 rax,
1335 1270 1552 1309 misericors,
1585 1277 1694 1312 caste,
1729 1271 1910 1306 liberrime
1947 1280 2062 1307 custos
2088 1272 2213 1308 Eccle-

1217 1322 1307 1363 siae,
1340 1321 1505 1355 miserere
1532 1321 1620 1360 mei,
1655 1328 1688 1356 et
1715 1322 1855 1356 remitte
1880 1320 1970 1356 mihi
1994 1323 2113 1357 omnia
2136 1336 2215 1359 mea

1218 1379 1376 1418 peccata,
1410 1380 1556 1417 propter
1591 1371 1705 1406 Iesum
1738 1370 1922 1407 Christum
1950 1374 2062 1408 filium
2099 1381 2214 1415 tuum,

1218 1424 1423 1458 crucifixum
1448 1436 1512 1468 pro
1536 1424 1639 1457 nobis
1661 1430 1694 1458 et
1719 1425 1982 1465 resuscitatum,
2018 1421 2131 1474 λόγον
2151 1424 2215 1461 καὶ

1218 1471 1342 1511 ἔικόιά
1365 1484 1433 1510 σου
1458 1472 1583 1510 ἀΐδιον
1590 1500 1602 1516 ,
1638 1486 1743 1520 quem
1766 1475 1911 1510 voluisti
1934 1488 1998 1521 pro
2019 1477 2125 1511 nobis
2141 1488 2215 1511 esse

1218 1526 1416 1567 victimam,
1450 1524 1512 1560 καὶ
1541 1523 1696 1571 μεσίτην
1727 1522 1791 1560 καὶ
1811 1525 1953 1572 ἱκέτην,
1989 1527 2153 1562 mirando
2180 1535 2216 1563 et

1218 1577 1450 1611 inenarrabili
1469 1577 1635 1611 consilio:
1670 1578 1846 1612 sanctifica
1865 1590 1922 1612 me
1939 1577 2077 1623 Spiritu
2095 1586 2214 1614 sancto

1218 1635 1299 1669 tuo,
1335 1639 1433 1661 serva
1458 1627 1495 1660 in
1526 1625 1580 1661 his
1608 1628 1812 1671 regionibus
1834 1627 2013 1663 Ecclesiae
2038 1630 2216 1676 reliquias,

1219 1691 1291 1712 non
1307 1679 1401 1712 sinas
1418 1678 1574 1722 extingui
1590 1679 1703 1712 lucem
1719 1677 1903 1723 Evangelii
1920 1680 1985 1714 tui.
2021 1679 2090 1714 Fac
2108 1681 2213 1715 etiam

1220 1741 1316 1763 meos
1346 1727 1526 1774 orphanos
1555 1741 1635 1763 vasa
1664 1730 1938 1764 misericordiae.
2010 1729 2140 1765 Invoco
2180 1738 2215 1766 te

1219 1793 1420 1826 quanquam
1447 1780 1614 1823 languida
1643 1788 1675 1814 et
1692 1781 1868 1813 imbecilla
1886 1781 1973 1822 fide,
1999 1782 2058 1814 sed
2075 1782 2143 1816 fide
2161 1789 2215 1817 ta-

1219 1844 1312 1866 men.
1374 1829 1490 1865 Credo
1515 1831 1565 1864 fili
1589 1829 1655 1865 Dei
1679 1829 1832 1865 Domine
1861 1830 1938 1865 lesu
1960 1829 2102 1867 Christe
2131 1845 2215 1878 pro-

1220 1883 1378 1916 missioni
1396 1890 1493 1923 tuae,
1523 1895 1626 1927 quam
1646 1883 1817 1926 sanguine
1833 1889 1892 1916 tuo
1909 1890 1942 1917 et
1960 1885 2217 1919 resurrectione

1219 1933 1425 1978 obsignasti.
1488 1931 1630 1967 Adiuva
1649 1946 1724 1974 me,
1753 1933 1846 1977 erige
1864 1946 1981 1967 meum
2001 1942 2120 1979 pectus
2137 1936 2215 1972 fide.

1320 1983 1392 2018 llas
1409 1985 1500 2028 ipsas
1519 1997 1619 2018 voces
1638 1997 1740 2029 saepe
1758 1997 1837 2018 eum
1855 1993 2010 2029 repetere
2030 1986 2133 2021 multi
2150 1999 2216 2021 au-

1220 2036 1383 2070 divimus.
1436 2033 1574 2068 Deinde
1596 2035 1684 2069 filias
1710 2036 1976 2081 alloquebatur,
2002 2044 2033 2070 et
2060 2037 2216 2072 lnculca-

1221 2088 1279 2121 bat
1297 2087 1451 2132 aliquam
1469 2086 1650 2120 doctrinae
1666 2093 1811 2130 partem.
1860 2085 1924 2120 llis
1941 2087 2114 2128 dimissis,
2141 2088 2215 2133 ipse

1220 2138 1357 2172 redibat
1373 2138 1415 2171 ad
1434 2149 1556 2181 operas
1575 2137 1764 2174 institutas.
1817 2137 1905 2171 Nam
1923 2139 2037 2172 morbi
2058 2146 2215 2184 tempore

1220 2189 1370 2223 absolvit
1392 2188 1590 2221 versionem
1619 2189 1701 2222 libri
1720 2186 1866 2223 Lutheri
1887 2190 1930 2222 de
1945 2190 2080 2223 ultimis
2097 2190 2215 2224 verbis

1220 2240 1346 2274 David.
1399 2238 1593 2285 Reliquum
1620 2247 1756 2284 tempus
1772 2240 1949 2274 tribuebat
1967 2241 2053 2274 alias
2070 2241 2215 2276 lectioni

1221 2292 1460 2329 psalmorum,
1495 2291 1582 2324 alias
1606 2289 1826 2332 Ptolemaeo,
1863 2290 2024 2331 Theoni,
2060 2289 2216 2333 Euclidi,

1220 2341 1406 2388 Epitomae
1433 2340 1722 2385 Regioniontani.
1785 2340 1829 2376 Et
1852 2355 1931 2375 cum
1949 2343 2009 2377 diu
2026 2343 2112 2377 soris
2129 2356 2214 2378 con-

1221 2395 1408 2438 templatus
1431 2400 1518 2427 esset
1542 2393 1698 2431 coelum,
1732 2394 1872 2426 tandem
1899 2406 2019 2428 rursus
2044 2394 2140 2429 velut
2158 2394 2215 2428 in-

1220 2457 1356 2488 gressus
1372 2444 1526 2484 coelum,
1554 2444 1664 2477 filium
1681 2443 1746 2477 Dei
1763 2443 1958 2478 Dominum
1982 2453 2141 2479 nostrum
2160 2443 2212 2479 lez

1219 2509 1294 2530 sum
1313 2494 1493 2530 Christum
1510 2495 1740 2539 compellabat
1753 2523 1761 2535 ,
1786 2503 1817 2530 et
1836 2496 1999 2530 usitatam
2018 2496 2214 2530 invocatio-

1221 2561 1300 2580 nem
1332 2555 1363 2581 et
1388 2546 1643 2581 consessionem
1670 2547 1857 2591 repetebat.
1918 2546 2106 2581 Sermones
2132 2560 2212 2581 rum

1220 2599 1340 2632 :unicis
1370 2605 1488 2637 erant,
1532 2598 1651 2643 quales
1681 2605 1781 2632 antea
1812 2598 1950 2631 fuerant
1980 2599 2022 2630 de
2045 2598 2214 2633 omnibus

1219 2650 1399 2683 doctrinae
1414 2649 1572 2693 partibus
1583 2676 1591 2687 ,
1617 2650 1660 2682 de
1677 2649 1837 2683 miranda
1847 2646 2023 2682 Ecclesiae
2037 2649 2209 2690 guberna-

1219 2702 1332 2739 tione,
1361 2702 1403 2734 de
1419 2700 1699 2740 immortalitate,
1726 2700 1770 2733 ‹le
1785 2712 1844 2744 spe
1867 2707 2007 2734 nostrae
2023 2708 2212 2736 consuetu-
