2338 2958
76 110 152 147 533

75 193 278 240 Agricolae,
302 202 365 226 sua
383 190 535 238 quisque
552 203 617 237 pro
632 192 801 238 opinione
825 193 881 237 (ut
898 199 948 228 est
964 191 1064 236 inge-

75 246 175 280 nium
190 241 374 278 hominum
392 243 436 276 ad
460 254 534 277 rem
551 243 630 288 plus
645 244 728 278 satis
744 241 939 290 attentum)
962 254 1063 287 agros

74 306 156 331 suos
172 293 319 328 definire
338 293 518 338 cupiebat,
543 294 675 340 quique
695 295 769 328 sive
785 306 964 334 sermone,
989 294 1062 327 sive

73 345 207 379 viribus
231 344 312 388 plus
336 344 481 378 caeteris
502 345 632 384 valuit,
665 345 803 380 tametsi
828 352 927 380 antea
951 356 1063 388 angu-

70 402 163 430 stum
181 391 327 429 haberet
344 406 485 439 agrum,
512 408 576 440 pro
592 396 695 430 libito
713 396 881 430 terminos
898 395 1061 431 instituit.

71 445 172 489 Quae
196 457 250 479 res
276 458 355 479 cum
381 453 518 490 praeter
533 459 684 493 aequum
701 453 735 481 et
758 448 893 481 bonum
910 453 1061 480 vertere-

70 503 147 536 tur,
173 496 217 530 ad
233 495 437 541 Principem
463 498 538 532 eius
558 497 689 543 patriae
708 498 872 532 devoluta
896 504 962 532 est:
997 496 1058 542 qui

69 547 160 581 iusta
184 547 336 592 quadam
362 548 516 589 ratione,
555 548 798 593 mensurisque
819 548 940 589 certis,
978 559 1059 580 suos

70 597 197 643 cuique
212 598 389 642 reparavit
408 599 546 634 limites.
591 598 649 633 Sic
668 598 823 642 generali
839 606 871 632 et
890 598 1059 632 inusitato

69 649 224 695 quodam
255 649 411 694 impulsu
439 649 641 683 mortalium
669 649 779 682 animi
805 649 849 682 ad
877 661 1059 683 mensuras

69 700 270 734 tractandas
292 700 471 741 conversi,
496 711 641 744 coepere
658 700 747 734 alter
762 700 864 734 alteri
881 700 1058 745 quaestio-

68 761 132 784 nes
151 762 364 795 proponere:
392 757 424 784 et
446 750 613 795 quicquid
638 750 676 783 in
697 748 942 784 huiuscemodi
960 763 1057 784 exer-

69 800 161 835 citiis
189 801 278 834 bene
300 801 483 835 inventum
507 802 700 849 putabant,
733 802 894 847 quamvis
922 802 1059 846 indige-

69 858 162 886 stum
173 879 182 892 ‚
209 858 249 886 ut
264 851 312 886 ita
328 852 474 897 loquar,
500 850 615 885 adhuc
631 853 738 894 foret,
764 852 876 886 literis
891 854 1059 886 mandare

68 903 291 938 studuerunt.
342 901 518 936 Paulatim
542 915 682 948 quoque
701 903 738 936 iu
753 903 880 938 vicinis
903 904 1058 948 regioni-

66 952 134 986 bus
152 953 275 986 itidem
294 959 410 987 actum
428 960 489 989 est.

169 1002 272 1036 Talia
295 1004 423 1048 scripta
449 1005 600 1049 plurima
625 1006 668 1039 ad
684 1017 809 1039 manus
826 1006 967 1039 tandem
983 1003 1059 1039 Eu-

67 1052 170 1088 clidis
193 1052 409 1098 Megarensis
434 1068 641 1100 pervenere,
676 1057 805 1101 quibus
829 1063 861 1090 et
886 1056 960 1100 ipse
984 1068 1057 1089 non

66 1115 177 1150 pauca
196 1116 260 1149 pro
278 1106 439 1139 acumine
455 1107 587 1149 ingenii
603 1107 657 1140 sui
674 1107 824 1141 addidit.
872 1106 924 1140 Ne
941 1114 1056 1140 autem

66 1161 181 1194 tanta,
206 1162 347 1201 tamque
363 1157 531 1191 diuturna
548 1158 742 1201 priscorum
763 1155 948 1191 hominum
967 1158 1058 1201 vigi-

67 1206 176 1240 lantia
197 1207 418 1250 perderetur,
445 1208 559 1252 coepit
578 1208 616 1241 in
635 1208 802 1242 tredecim
824 1209 944 1250 libris,
971 1221 1058 1253 quos

67 1257 156 1291 iuste
180 1258 318 1291 vocavit
333 1255 536 1299 Elementa,
561 1260 656 1304 quod
680 1271 719 1292 ex
743 1259 792 1292 eis
812 1271 933 1293 omnes
951 1259 1057 1292 disci-

67 1308 187 1352 plinae
207 1309 402 1352 pendeant,
433 1310 676 1343 conclusiones
700 1310 825 1353 passim
846 1310 950 1343 lectas
973 1322 1058 1343 con-

68 1358 238 1398 scribere,
261 1359 512 1404 scientiamque
535 1361 644 1394 totius
669 1360 798 1394 codicis
818 1359 1056 1394 Geometriam

68 1408 256 1453 appellare,
283 1410 378 1453 quod
396 1410 485 1443 circa
502 1418 614 1445 terrae
631 1411 886 1444 dimensionem
905 1412 1057 1455 primor-

68 1460 128 1492 dia
158 1470 220 1492 sua
250 1456 447 1500 habuisset,
481 1461 537 1494 cui
568 1461 732 1504 deinceps
758 1460 941 1506 Hypsicles
970 1463 1058 1494 duos

68 1510 180 1543 libros
198 1509 342 1550 adiecit,
370 1522 457 1555 quos
477 1511 666 1555 appellavit
690 1511 871 1551 relativos,
896 1513 990 1556 quod
1014 1512 1056 1544 ad

68 1560 236 1595 tredecim
255 1558 415 1594 Euclidis
434 1561 544 1595 libros
567 1562 741 1595 referendi
765 1568 896 1602 essent,
924 1562 960 1594 in
978 1562 1057 1606 qui-

68 1611 135 1646 bus
170 1611 397 1655 proportione
425 1612 581 1657 quinque
616 1624 804 1656 corporum
832 1612 1058 1655 regularium,

67 1661 384 1706 inscriptionesque
415 1670 553 1696 mutuas
583 1670 687 1708 atque
717 1663 1058 1708 circumscriptiones

67 1711 226 1747 tradidit.
279 1712 427 1746 Boetius
451 1721 566 1747 autem
593 1721 712 1747 noster
737 1714 774 1746 in
790 1713 954 1747 Latinum
980 1726 1058 1746 ver-

68 1770 146 1798 tens
170 1760 330 1797 Euclidis
355 1764 538 1805 tredecim,
573 1772 603 1798 et
623 1764 802 1809 Hypsiclis
824 1765 912 1797 duos
937 1765 1059 1803 libros,

68 1814 235 1848 volumen
253 1825 366 1847 unum
384 1814 550 1848 latinitati
565 1815 761 1853 contexuit,
787 1815 947 1859 quamvis
963 1826 1058 1847 com-

70 1872 229 1898 mentum
263 1876 357 1903 non,
398 1872 437 1898 ut
466 1865 501 1897 in
530 1865 666 1898 Graeco
695 1865 800 1903 iacet,
840 1865 1058 1909 expresserit.

70 1914 166 1948 Hinc
188 1911 431 1954 Adelhardus‚
460 1922 491 1948 et
516 1915 700 1955 Alfredus,
729 1927 767 1948 ac
792 1914 937 1948 tandem'
954 1915 1058 1949 Cam-

70 1977 184 2010 panus
207 1976 265 1998 eos
283 1966 485 2010 quindecim
510 1966 619 1999 libros
639 1973 804 2010 tanquam
821 1966 895 1999 solo
909 1964 1058 1999 Euclide

70 2017 183 2051 editos
207 2023 394 2050 retractare
417 2017 492 2049 ausi
517 2024 611 2050 sunt:
641 2017 693 2049 illi
715 2016 857 2061 quidem
885 2017 1060 2060 eleganter

71 2079 112 2101 ac
125 2067 347 2104 brevissime,
377 2067 439 2100 iste
457 2079 538 2100 vero
555 2067 781 2101 lucidissime.
825 2066 920 2100 Haec
936 2069 979 2101 de
999 2079 1059 2110 pa—

71 2125 124 2152 tre
141 2118 301 2151 omnium
322 2116 591 2151 Geometrarum
610 2116 769 2154 Euclide,
797 2117 852 2150 cui
870 2119 1060 2151 succedunt

72 2165 306 2202 Archimedes
324 2167 564 2213 Syracusanus
581 2169 677 2209 civis,
703 2175 735 2202 et
746 2167 959 2212 Apollonius
974 2168 1060 2202 Per-

73 2229 196 2262 gaeus,
222 2219 268 2252 ob
286 2218 418 2261 ingenii
436 2220 658 2253 altitudinem
679 2219 821 2252 divinus
838 2220 953 2252 vocari
976 2219 1060 2253 soli-

75 2276 145 2303 tus:
172 2281 323 2313 quorum
346 2276 424 2302 uter
441 2270 541 2303 alteri
560 2270 808 2314 praeferendus
825 2270 886 2309 sit,
914 2282 986 2304 non
1009 2270 1061 2303 sa-

75 2319 141 2353 cile
157 2319 292 2352 dixero.
325 2318 413 2352 Nam
431 2321 493 2353 etsi
510 2319 724 2364 Apollonius
742 2318 924 2354 Elementa
941 2321 1059 2354 conica

76 2370 114 2403 in
136 2376 214 2404 octo
238 2369 356 2407 libris,
381 2382 468 2415 quos
485 2372 644 2405 nondum
663 2371 751 2405 vidit
776 2371 952 2411 latinitas,
978 2372 1062 2405 sub-

75 2420 231 2455 tilissimi
247 2420 510 2465 conscripserit,
539 2419 786 2455 Archimedem
807 2429 924 2456 tamen
943 2421 1062 2456 Siculo

75 2472 225 2506 varietas
259 2483 375 2505 rerum
407 2472 580 2505 editarum
611 2473 845 2517 principatum
876 2473 1063 2506 contulisse

77 2522 236 2563 videtur,
264 2534 369 2567 quem
389 2523 454 2555 suh
471 2522 616 2556 *Nicolao
641 2524 764 2568 quinto
786 2535 922 2557 summo
939 2523 1063 2558 Ponti-

78 2572 140 2606 fice
175 2571 322 2606 lacobus
357 2573 500 2617 quidam
528 2573 776 2608 Cremonensis
803 2574 989 2615 Latinum,
1025 2586 1064 2608 ex

80 2620 216 2657 Graeco
249 2623 419 2657 reddidit:
462 2625 549 2657 duos
586 2625 628 2657 de
663 2622 808 2669 sphaera
837 2632 870 2658 et
904 2625 1065 2671 cylindro

80 2673 192 2708 libros
218 2675 430 2718 composuit:
458 2676 501 2709 de
520 2673 777 2710 Conoidalibus
801 2682 834 2709 et
852 2673 1067 2720 Spheroida-

749 105 909 144 DECL.
943 104 1018 142 DE
1051 102 1428 140 ALFRAGANO.

2032 109 2106 146 554

1114 189 1209 224 libus
1224 191 1324 232 duos,
1345 192 1492 226 totidem
1508 193 1552 227 de
1566 192 1667 238 aequi
1685 194 1972 238 ponderantibus,
2009 194 2105 230 Scri-

1114 240 1183 285 psit
1199 241 1283 275 item
1299 242 1341 275 de
1358 242 1462 276 lineis
1485 244 1692 288 spiralibus,
1718 245 1780 279 ubi
1803 245 2105 281 circumferentiae

1113 291 1236 325 circuli
1261 293 1440 337 aequalem
1463 301 1594 329 rectam
1617 295 1799 340 designare
1823 303 1989 338 conatur,
2016 309 2104 342 qua-

1112 347 1214 375 tenus
1234 343 1402 377 circulum
1421 345 1593 389 quadrare
1608 346 1726 387 liceat,
1753 347 1847 392 quod
1867 348 2009 393 quidem
2028 348 2102 391 ple-

1111 392 1229 437 risque
1244 394 1490 427 vetustissimis
1509 393 1735 441 Philosophis
1751 398 1945 443 quaesitum
1962 405 2031 439 est,
2057 399 2101 432 ad

1111 449 1269 487 tempora
1290 456 1401 489 usque
1427 444 1628 480 Aristotelis
1655 455 1770 481 autem
1796 461 1814 481 a
1840 449 1981 483 nemine
2004 461 2099 482 com-

1111 500 1266 538 pertum:
1295 496 1393 528 cuius
1410 496 1460 528 rei
1479 496 1626 539 gloriam
1644 499 1809 531 nonnulli
1827 507 1945 534 nostra
1966 507 2101 544 tempe-

1111 551 1196 578 state
1215 545 1282 577 viri
1298 545 1482 579 clarissimi
1500 548 1768 590 praestolantur.
1810 548 1867 583 Ab
1886 548 2100 584 Archimede

1111 595 1256 640 insuper
1269 597 1568 631 mensurationem
1584 598 1705 632 circuli
1721 600 1930 644 accepimus,
1947 603 2100 646 quadra-

1110 652 1225 680 turam
1243 648 1432 690 parabolae
1444 675 1453 689 ‚
1481 655 1515 682 et
1532 660 1658 682 arenae
1678 661 1878 687 numerum.
1928 651 2021 686 Sunt
2038 651 2099 697 qui

1111 697 1288 741 scripsisse
1311 710 1391 731 eum
1415 706 1571 733 asserant
1586 697 1849 742 Mechanicam,
1877 702 1938 735 ubi
1963 703 2099 736 electis-

1111 748 1197 782 sima
1222 749 1265 781 ad
1283 749 1399 782 varios
1423 762 1507 784 usus
1530 751 1668 794 collegit
1686 751 1844 794 ingenia,
1871 753 1914 785 de
1931 753 2098 796 ponderi-

1111 799 1194 840 bus,
1221 800 1264 832 de
1287 811 1397 845 aquae
1422 801 1604 843 ductibus,
1631 808 1663 835 et
1687 803 1849 842 caeteris,
1876 815 1964 848 quae
1988 815 2097 849 usque

1110 847 1176 883 hac
1201 850 1321 884 videre
1343 863 1416 884 non
1448 852 1559 886 licuit.
1613 852 1763 897 Specula
1788 860 1905 887 tamen
1929 854 2004 887 eius
2028 866 2097 899 quo

1110 907 1211 945 pacto
1228 901 1330 940 fiant,
1357 903 1460 946 plene
1482 903 1679 937 didicimus.
1733 903 1771 938 Si
1789 905 1851 949 qui
1870 901 2022 938 vestrum
2045 917 2099 938 se-

1111 958 1284 985 cretarum
1300 964 1418 986 rerum
1432 954 1583 987 cultores
1598 954 1760 995 existunt,
1782 956 1901 989 omnia
1919 956 1986 989 iam
2003 968 2098 989 nunc

1110 1010 1380 1036 commemorata
1401 1005 1605 1049 propediem
1622 1005 1740 1038 videre
1758 1012 1934 1050 poterunt.
1987 1005 2099 1050 Apol-

1110 1053 1227 1086 Ionius
1249 1066 1409 1099 quoque,
1432 1056 1494 1088 ubi
1517 1056 1554 1088 in
1576 1055 1743 1089 Latinum
1766 1068 1806 1089 ex
1824 1055 1961 1090 Graeco
1979 1068 2099 1091 versus

1110 1104 1233 1145 fuerit,
1272 1105 1409 1138 nemini
1432 1101 1587 1140 vestrum
1617 1119 1690 1140 non
1719 1107 1947 1141 admirandus
1971 1107 2099 1142 veniet.

1110 1154 1178 1189 Sed
1195 1166 1334 1194 vereor,
1362 1168 1406 1189 ne
1424 1157 1462 1189 in
1481 1157 1570 1190 mari
1590 1164 1658 1190 tam
1681 1158 1834 1201 spacioso
1854 1158 2005 1192 nimium
2021 1159 2098 1192 vela

1110 1205 1352 1242 distenderim.
1391 1206 1574 1241 Resumite
1590 1220 1718 1253 quaeso
1736 1216 1891 1253 coeptam
1911 1209 1949 1242 in
1965 1221 2021 1243 me
2036 1210 2098 1243 be-

1110 1256 1369 1295 nevolentiam,
1400 1269 1462 1301 ego
1486 1258 1618 1292 interea
1643 1260 1686 1291 ad
1712 1259 1810 1293 littus
1835 1271 1953 1293 secure
1972 1272 2098 1294 conce-

1110 1308 1201 1339 dam.
1237 1307 1326 1340 Nam
1346 1315 1425 1352 post
1442 1307 1632 1342 Eutocium
1650 1308 1888 1344 Ascalonitam
1906 1309 2099 1344 Commen-

1110 1357 1238 1391 tarium
1264 1356 1505 1398 Archimedis,
1547 1366 1625 1403 post
1647 1357 1839 1393 Theodosii
1868 1362 1910 1394 de
1940 1359 2097 1405 sphaeris

1111 1415 1180 1442 tres
1202 1408 1329 1449 libros,
1362 1417 1439 1453 post
1466 1409 1669 1443 'Menelaum
1696 1411 1738 1444 de
1762 1409 1952 1456 sphaericis
1978 1412 2097 1456 figuris

1110 1459 1280 1502 plurimos
1303 1460 1477 1494 adducere
1498 1473 1633 1504 possem
1660 1461 1695 1493 in
1711 1462 1858 1496 diversis
1879 1462 2009 1506 linguis
2027 1463 2098 1496 cla-

1110 1509 1265 1541 rissimos
1285 1507 1508 1543 Geometriae
1533 1512 1738 1556 scriptoreS,
1766 1513 1834 1546 nisi
1855 1513 2020 1558 temporis
2034 1526 2098 1547 an-

1109 1559 1221 1602 gustia
1242 1566 1384 1595 vetaret.
1430 1561 1669 1603 Quamobrem
1686 1565 1729 1595 ad
1748 1565 1939 1597 secundum
1957 1562 2098 1598 Mathe-

1110 1609 1255 1642 maticae
1277 1621 1387 1653 genus
1410 1612 1625 1645 veniendum
1650 1625 1792 1652 censeo,
1827 1616 1922 1659 quod
1946 1615 2054 1648 veluti
2078 1627 2097 1648 a

1109 1672 1258 1693 numero
1276 1661 1363 1694 solet
1379 1662 1622 1704 denominari,
1649 1664 1695 1697 ita
1712 1665 1749 1697 in
1767 1677 1995 1699 numerorum
2013 1678 2098 1698 con-

1110 1711 1338 1755 templatione
1375 1721 1542 1757 perpetuo
1576 1722 1747 1749 versatur.
1809 1714 1970 1761 ἀριθλιιὸς
2004 1717 2098 1749 enim

1111 1760 1261 1802 Graece,
1289 1775 1457 1797 numerus
1478 1764 1604 1799 Latine
1626 1766 1771 1799 dicitur:
1800 1768 1894 1800 unde
1918 1765 2099 1811 domium,

1110 1812 1145 1844 id
1163 1819 1214 1845 est
1230 1824 1394 1846 numero:
1423 1821 1456 1848 et
1475 1815 1558 1848 inde
1582 1813 1825 1861 ἀριθμητικὴ,
1854 1818 1953 1862 quasi
1973 1830 2098 1851 nume-

1111 1863 1219 1896 rativa
1239 1871 1472 1908 nuncupatur.
1527 1865 1596 1900 [jbi
1614 1874 1728 1900 autem
1747 1868 1902 1910 gentium
1924 1868 2098 1912 principio

1111 1913 1177 1946 coli
1202 1915 1355 1958 coeperit
1385 1913 1469 1949 haec
1494 1917 1677 1950 rationalis
1701 1918 1906 1962 disciplina,
1939 1926 1971 1952 et
1995 1931 2097 1964 quem

1112 1964 1265 2008 primum
1301 1965 1374 1998 eius
1408 1968 1583 2010 egregium
1621 1969 1838 2011 proferamus
1874 1970 2099 2013 scriptorem,

1112 2013 1204 2047 haud
1221 2014 1304 2048 satis
1323 2018 1510 2060 comperio.
1551 2017 1640 2051 Nam
1659 2019 1722 2052 etsi
1742 2017 1959 2065 Pythagorae
1975 2033 2101 2054 nume-

1112 2077 1232 2098 rorum
1258 2066 1381 2109 peritia
1405 2069 1497 2111 apud
1520 2075 1676 2112 posteros
1701 2070 1997 2105 immortalitatem
2016 2072 2100 2105 reli-

1112 2116 1246 2161 querit,
1271 2123 1345 2149 tum
1364 2119 1458 2162 quod
1476 2119 1668 2163 peregrinis
1685 2121 1967 2165 praeceptoribus
1985 2120 2100 2168 Aegy-

1113 2167 1195 2211 ptiis
1209 2173 1312 2212 atque
1330 2167 1527 2210 Arabibus,
1563 2171 1622 2215 qui
1648 2171 1839 2214 plurimum
1863 2172 1899 2205 in
1925 2185 1965 2206 eo
1983 2174 2100 2207 studio

1114 2218 1318 2259 valuerunt,
1345 2230 1380 2251 se
1404 2221 1623 2260 submiserit,
1652 2228 1725 2255 tum
1750 2224 1843 2267 quod
1870 2235 2099 2257 numerorum

1113 2275 1204 2302 certa
1238 2270 1442 2313 compagine
1469 2271 1586 2304 omnia
1616 2278 1761 2306 naturae
1797 2280 1925 2307 secreta
1953 2275 2100 2308 scrutari

1114 2319 1313 2361 tentaverit,
1333 2321 1435 2364 longe
1451 2328 1566 2355 tamen
1584 2322 1744 2365 digniora
1755 2321 1922 2358 Euclides
1938 2324 2019 2359 iecit
2033 2338 2101 2359 nu-

1114 2381 1292 2403 merorum
1319 2370 1546 2405 fundamenta
1571 2373 1606 2405 in
1626 2373 1738 2407 tribus
1761 2374 1860 2408 libris
1877 2375 1968 2415 suis,
1995 2376 2101 2420 septi-

1114 2434 1171 2454 mo
1184 2445 1193 2459 ‚
1219 2428 1342 2455 octavo
1362 2429 1395 2456 et
1409 2435 1523 2456 nono:
1551 2424 1644 2457 unde
1663 2431 1695 2458 et
1712 2424 1883 2459 Iordanus
1899 2427 2016 2460 decem
2034 2439 2102 2460 nu-

1115 2483 1292 2505 merorum
1311 2473 1481 2507 elementa
1496 2475 1676 2518 decerpsit.
1730 2474 1825 2510 Hinc
1842 2483 1911 2511 tres
1934 2477 2044 2511 libros
2059 2478 2101 2510 de

1117 2522 1206 2556 datis
1230 2535 1458 2557 numerorum
1482 2523 1737 2568 pulcherrimos
1755 2527 1882 2568 edidit,
1908 2526 2100 2572 Diophanti

1117 2581 1230 2607 autem
1257 2574 1420 2607 tredecim
1444 2576 1552 2608 libros
1577 2577 1840 2616 subtilissimos,
1866 2591 1969 2611 nemo
1995 2589 2102 2622 usque

1119 2622 1181 2657 hac
1207 2636 1246 2656 ex
1271 2624 1416 2658 Graecis
1437 2625 1582 2660 Latinos
1606 2627 1704 2668 fecit,
1740 2629 1776 2661 in
1794 2629 1920 2673 quibus
1946 2630 2008 2661 ssos
2032 2629 2102 2672 ipse

1119 2675 1226 2710 totius
1245 2673 1497 2710 Arithmeticae
1521 2678 1622 2719 latet,
1648 2690 1702 2711 ars
1718 2679 1879 2712 videlicet
1900 2679 1947 2712 rei
1972 2686 2003 2712 et
2023 2692 2104 2713 cen—

1394 2724 1475 2760 34*
