2338 2958
256 106 271 119 Q

163 127 238 164 803

555 119 718 157 DECL.
755 114 831 154 DE
863 115 1062 153 DICTO:
1106 113 1285 152 POSUI
1320 111 1516 150 VERBA
1553 111 1679 149 ΜΕΑ
1712 122 1796 152 Ετο.

2120 113 2196 150 804

265 209 387 246 Redeo
404 215 518 243 autem
536 207 579 240 ad
594 205 746 246 dictum,
774 203 869 250 quod
891 216 932 238 ex
947 200 1051 237 Esaia
1067 200 1154 236 cita·
1203 200 1374 245 significo,
1401 211 1472 244 quo
1487 198 1641 241 dictum,
1668 199 1762 245 quod
1785 210 1825 234 ex
1842 196 1946 234 Esaia
1961 197 2119 241 recitavi,
2145 210 2202 233 re-

164 263 292 298 vimus.
347 259 524 303 lmprobat
539 257 634 291 Deus
655 255 808 289 alienam
824 254 1022 289 doctrinam
1043 265 1062 287 a
1083 264 1157 292 sua,

165 326 245 348 cum
272 312 336 345 ait:
366 309 444 343 Mea
466 308 572 341 verba
598 307 700 340 vobis
723 306 991 340 commendabo,
1044 302 1159 338 Addit

167 372 283 399 antem
307 362 450 394 diserte:
486 358 526 392 ln
551 370 611 391 ore
631 364 704 393 tuo.
757 355 827 390 Hic
858 356 1038 401 publicum
1063 353 1158 388 vocis

168 422 304 449 nostrae
322 410 556 444 ministerium
575 408 739 449 instituit,
768 414 801 441 et
819 408 860 441 ad
877 405 969 443 hanc
985 417 1106 439 vocem
1121 405 1160 438 in

168 463 318 510 publicis
347 461 591 502 congressibus
618 458 831 492 audiendam
850 468 974 491 omnes
998 454 1161 489 homines

170 521 278 548 vocab
331 511 407 545 Hac
425 523 506 545 voce
528 510 619 544 Deus
635 517 687 543 est
703 509 821 542 efficax
839 509 875 542 iu
893 519 1019 553 genere
1036 505 1161 541 hnma-

170 578 235 605 no,
268 570 305 597 ut
330 563 459 596 Paulus
482 561 616 606 inquit:
656 558 892 603 Evangelium
924 565 975 593 est
1005 557 1162 603 potentia

168 615 233 650 Dei
252 616 293 648 ad
313 614 457 647 salutem
475 613 572 646 omni
591 611 758 644 eredenti.

258 673 467 708 Ridiculum
486 672 626 704 videtur
640 682 712 702 non
730 667 913 712 Epicureis
930 674 1083 707 tantum,
1103 667 1161 700 sed

170 726 273 759 etiam
292 724 477 757 universae
497 720 681 755 bominum
703 719 913 764 sapientiae,
941 730 1030 764 quae
1049 718 1164 751 aliena

170 784 217 810 est
236 789 254 808 a
271 774 358 815 Deo,
387 774 593 806 miserorum
615 769 799 804 hominnm
818 770 1020 803 docentium
1040 769 1076 801 in
1096 766 1166 801 Ec-

172 827 274 860 clesia
289 838 372 859 voce
391 825 423 857 iu
445 823 619 856 mentibus
637 820 842 862 hominum,
869 818 1030 854 inchoari
1053 827 1166 853 aeter-

171 890 253 911 nam
270 877 396 915 lucem,
425 874 598 907 iusticiam
616 880 650 907 et
664 872 784 905 vitam.
826 870 894 905 Sed
914 868 998 904 haec
1018 877 1068 904 est
1083 882 1166 914 pro-

171 928 248 974 pria
265 925 434 971 sapientia
452 923 627 958 Ecclesiae
643 922 733 967 Dei,
761 922 935 956 divinitus
953 921 1135 967 patefacta.

275 993 437 1028 Affirmat
463 989 559 1024 Deus
583 1002 617 1023 se
641 1001 713 1022 non
733 989 821 1022 velle
840 996 953 1023 totum
971 1001 1080 1033 genus
1100 987 1168 1023 hu-

174 1057 318 1080 manum
335 1043 496 1077 funditus
522 1041 654 1086 perire,
681 1041 739 1074 sed
765 1036 833 1074 hoc
855 1042 961 1074 modo
984 1040 1169 1074 restituere

174 1095 346 1131 iusticiam
372 1101 404 1128 et
421 1093 528 1126 vitam
552 1099 729 1125 aeternam
755 1092 941 1132 omnibus,
968 1091 1027 1136 qui
1049 1089 1170 1124 Evan-

174 1148 303 1192 gelium
322 1145 592 1188 amplectuntur.
645 1141 721 1175 Hac
737 1141 814 1175 luce
830 1142 902 1185 regi
927 1153 991 1175 nos
1012 1141 1169 1175 sinamus

175 1200 213 1232 in
230 1196 294 1231 hac
310 1195 399 1230 tristi
420 1194 569 1237 caligine
587 1191 693 1226 liuius
706 1192 814 1233 vitae3
842 1190 906 1226 hac
926 1191 1169 1225 consolatione

176 1261 240 1283 nos
263 1248 299 1280 in
320 1245 456 1287 magnis
473 1243 650 1277 aerumnis
667 1249 701 1276 et
719 1242 904 1276 doloribus
925 1249 1171 1284 sustentemus,

177 1313 213 1334 ac
239 1306 332 1332 certo
359 1303 552 1329 statuamus
569 1306 650 1327 vere
674 1293 858 1327 nobiscum
881 1293 1037 1339 colloqui
1053 1291 1169 1327 Deum

177 1361 260 1383 voce
285 1346 492 1386 ministerii,
519 1352 613 1378 certo
637 1343 739 1377 nobis
755 1345 838 1378 dare
855 1344 970 1385 hona,
997 1356 1086 1389 quae
1103 1356 1170 1377 vox

177 1398 362 1435 ministerii
384 1397 486 1430 nobis
503 1395 685 1441 promittit.
738 1393 900 1441 Denique
919 1402 957 1429 ut
973 1395 1086 1430 foetus
1103 1395 1171 1427 im-

177 1459 335 1485 maturus
353 1449 388 1481 in
405 1449 483 1481 alvo
498 1447 630 1486 matris,
656 1453 843 1491 antequam
861 1446 980 1480 editur
995 1446 1030 1479 in
1048 1446 1172 1487 lucem,

179 1503 273 1536 sedet
299 1500 479 1534 involutus
505 1497 658 1531 fasciolis
679 1497 772 1538 suis,
800 1504 835 1531 et
850 1496 911 1530 illo
927 1508 991 1530 suo
1007 1497 1170 1530 mirando

179 1551 380 1594 dori-icum,
408 1558 440 1583 et
470 1549 604 1582 victitat
626 1560 748 1585 succo,
775 1560 880 1592 quem
905 1545 1089 1581 attrahunt
1101 1546 1171 1581 Co-

179 1605 381 1642 tvledones,
409 1602 454 1634 ita
473 1612 536 1633 nos
554 1600 590 1632 in
609 1597 672 1632 lxac
688 1599 760 1632 vita
781 1598 931 1632 sciamus
947 1599 1043 1631 velut
1067 1598 1171 1631 invo-

180 1646 272 1689 lutos
296 1654 402 1686 verbo
427 1651 488 1684 Dei
524 1662 596 1683 csse
625 1656 805 1693 oportere,
841 1655 873 1682 et
897 1649 1055 1682 coelestis
1081 1648 1172 1682 vitae

178 1717 319 1740 succum
336 1700 509 1736 attrahere
527 1713 589 1745 per
605 1712 725 1733 vocem
741 1699 941 1735 ministerii.

280 1763 399 1805 Quare
426 1774 497 1793 non
527 1760 641 1793 solum
666 1757 833 1803 Epicurei
863 1758 1047 1792 execrandi
1081 1765 1174 1800 sunt,

181 1816 241 1860 qui
263 1821 372 1848 totam
392 1813 433 1845 de
453 1811 527 1845 Deo
544 1810 742 1843 doctrinam
765 1809 960 1842 fabulosam
987 1821 1060 1843 esse
1076 1809 1174 1843 voci-

181 1869 355 1904 ferantur,
383 1864 440 1896 sed
468 1862 570 1895 etiam
590 1858 793 1906 hypocritae
815 1859 959 1894 fanatici
975 1860 1171 1894 damnandi

181 1923 280 1954 sunt,
307 1915 426 1961 quales
442 1914 585 1946 suerunt
602 1911 686 1945 olim
704 1907 972 1952 Enthnsiastae‚
1000 1918 1034 1945 et
1060 1923 1174 1955 nuper

182 1966 443 2010 Anabaptistam
471 1964 531 2009 qui
548 1975 626 1996 cnm
646 1963 807 2006 ignorent
824 1962 910 2008 quid
925 1962 970 1997 sit
987 1962 1085 2003 fides,
1110 1975 1172 1995 nec

183 2019 312 2051 discant
347 2016 564 2061 acqui-scere
598 2013 633 2046 in
668 2013 900 2057 promissione
931 2013 1070 2051 divina,
1104 2013 1171 2046 sibi

184 2070 245 2113 ipsi
265 2070 396 2109 fingunt
418 2067 572 2104 adflatus,
600 2072 633 2098 et
653 2077 691 2097 ex
712 2063 782 2097 suis
801 2063 1113 2107 imaginationibus
1130 2065 1173 2097 de

182 2121 245 2154 Dei
267 2121 444 2152 voluntate
461 2122 629 2150 statuuut.
683 2114 755 2148 llas
781 2115 942 2149 tenebras
966 2114 1113 2157 intelligi
1140 2122 1173 2149 et

184 2186 196 2202 x
209 2171 283 2203 itari
305 2182 440 2202 necesse
459 2175 518 2207 est,
545 2175 576 2201 et
593 2173 714 2199 contra
734 2178 799 2199 vox
818 2165 1003 2199 ministerii
1023 2167 1172 2199 amanda

184 2231 212 2255 οι
233 2223 428 2253 tenet-anda
450 2227 521 2257 est,
545 2231 582 2251 ac
612 2218 712 2251 lectio
742 2217 914 2250 librorum
940 2217 1114 2251 audienda
1140 2224 1174 2251 et

184 2273 365 2311 cogitanda
391 2279 458 2306 est,
496 2277 598 2314 atque
628 2268 672 2300 ita
706 2268 790 2301 fides
820 2268 1061 2308 accendenda,
1093 2280 1172 2301 cum

183 2330 314 2355 run-‘ntes
348 2323 382 2353 in
413 2319 706 2364 promissionilms
735 2318 978 2364 acquiescunt,
1011 2331 1049 2352 ac
1078 2326 1173 2352 certo

183 2381 336 2407 statuunt
359 2370 445 2404 liam·
466 2383 536 2405 esse
555 2370 771 2403 xolnntatem
792 2369 866 2408 Dei,
894 2382 997 2414 qnam
1016 2370 1173 2403 coelestis

547 2421 641 2454 llaec
667 2420 956 2454 cmmnonel'actio
981 2434 1086 2466 quam
1110 2434 1171 2454 ne-

183 2476 325 2508 cessari.-
351 2474 390 2506 >it
420 2476 462 2506 «le
489 2473 658 2513 dignitate
682 2471 891 2513 ministerii,
929 2479 961 2505 et
989 2485 1053 2505 usn
1079 2472 1172 2505 voris

183 2527 333 2563 dixinae,
363 2525 408 2568 pii
426 2524 555 2567 experti
577 2523 737 2556 mvn-itia
757 2522 1006 2565 poenitentiae,
1034 2531 1066 2557 et
1087 2536 1171 2556 con—

182 2578 370 2611 solationi-s
389 2575 422 2607 in
445 2575 530 2606 aeris
549 2575 732 2607 doloribus
753 2573 966 2616 intelligunt.

182 2438 294 2457 >ιϊιιιιι
319 2423 492 2467 proponit.

286 2645 361 2677 ,Non
387 2655 525 2686 possum
550 2641 584 2673 in
609 2648 702 2674 taut-n
730 2654 845 2674 rerum
871 2641 1105 2684 amplitudine
1129 2644 1171 2676 dc
1196 2659 1197 2662 ¹

1203 252 1389 286 ferendum
1411 250 1467 285 sit.

1306 300 1432 336 Restat
1457 307 1574 334 autem
1601 297 1688 333 haec
1715 310 1811 344 pars:
1847 298 1894 334 Et
1920 301 2046 334 umbra
2075 311 2203 334 manus

1207 366 1304 387 meae
1327 358 1506 396 protegam
1525 358 1568 385 te.
1621 350 1735 384 Antea
1756 350 1846 384 dixit
1864 351 1983 395 colligi
2006 350 2204 385 Ecclesiam

1208 416 1292 438 voce
1327 403 1450 437 divina
1484 402 1658 436 ministris
1699 402 1958 436 commendata.
2015 402 2086 437 Sed
2122 413 2205 435 cum

1209 466 1336 498 magna
1359 465 1439 498 pars
1455 453 1592 496 generis
1614 450 1762 486 humani
1785 464 1858 485 non
1882 453 2099 495 obtemperet
2118 451 2206 494 Deo,

1211 513 1244 540 et
1262 517 1336 539 non
1352 504 1468 538 solum
1488 505 1650 537 doctores
1667 501 1873 546 Evangelii,
1899 504 1958 536 sed
1985 503 2091 536 etiam
2114 511 2207 538 totos

1211 555 1422 591 discentium
1448 562 1567 589 coetus
1593 555 1710 588 delere
1736 561 1904 595 conetur,
1930 554 2024 587 inter
2045 554 2207 588 saevissi-

1213 619 1287 641 mos
1303 605 1437 646 hostes,
1464 618 1553 650 quae
1570 605 1661 639 vitae
1677 616 1756 649 spes
1771 616 1843 638 esse
1859 604 1996 649 potest?
2022 604 2083 638 uhi
2102 611 2209 639 erunt

1212 655 1364 702 hospitia
1389 657 1626 695 discentibus,
1659 656 1797 700 pueris,
1831 655 2064 689 mulieribus?
2108 654 2209 698 Quo-

1213 710 1319 743 modo
1352 708 1395 741 ad
1422 715 1579 752 posteros
1612 706 1797 751 propagari
1821 706 1982 740 doctrina
2014 712 2146 750 potest,
2179 705 2209 739 si

1214 760 1312 793 nulla
1357 765 1448 792 certa
1490 765 1524 792 et
1563 758 1736 791 durabilis
1777 757 1978 791 studiorum
2019 758 2118 790 sedes
2158 763 2210 790 est

1215 822 1384 856 unquam.

1316 859 1392 894 Hac
1417 859 1660 894 sollicitudine
1683 859 1763 902 angi
1787 870 1851 892 nos
1877 857 2074 893 humanum
2101 865 2134 893 et
2154 859 2211 893 iu-

1215 919 1308 946 stum
1324 918 1385 945 est.
1434 909 1550 954 Erigit
1567 911 1674 954 igitur
1689 908 1784 943 Deus
1801 909 1922 944 anxias
1940 917 2075 944 mentes
2090 909 2211 944 addita

1216 965 1257 996 ad
1280 962 1569 996 constitutionem
1594 961 1804 1001 ministerii,
1831 961 2063 1005 promissione
2080 960 2211 994 dulcis-

1215 1015 1315 1049 sima.
1368 1012 1464 1056 Ego,
1492 1012 1626 1058 inquit,
1651 1012 1778 1046 umbra
1797 1013 1938 1045 dextrae
1956 1024 2051 1045 meae
2074 1019 2107 1046 te
2125 1024 2209 1056 pro-

1218 1072 1341 1108 tegam.
1395 1061 1643 1097 prohibebunt
1664 1063 1778 1106 spargi
1798 1075 1918 1096 vocem
1936 1060 2123 1106 Evangelii
2138 1060 2212 1096 Re-

1216 1128 1274 1159 ges
1305 1123 1338 1149 et
1360 1113 1568 1153 Pontifices,
1600 1114 1662 1159 qui
1690 1114 1768 1147 ideo
1794 1114 1990 1147 defendunt
2014 1125 2076 1147 sua
2101 1112 2213 1156 idola,

1217 1167 1299 1212 quia
1325 1166 1423 1198 nervi
1448 1172 1530 1198 sunt
1555 1164 1733 1208 potentiae
1759 1171 1794 1197 et
1809 1177 1930 1209 opum.
1982 1163 2054 1198 Nec
2075 1170 2214 1198 tantum

1217 1217 1392 1260 expellent
1409 1228 1470 1249 vos
1484 1228 1525 1249 ex
1541 1216 1666 1249 vestris
1683 1216 1844 1256 sedibus,
1873 1215 1932 1248 sed
1958 1215 2063 1249 etiam
2081 1214 2213 1248 multos

1217 1267 1439 1301 interficient.
1493 1265 1632 1299 Interea
1667 1272 1784 1299 tamen
1815 1267 1889 1309 ipse
1922 1273 2041 1299 coetus
2074 1265 2214 1310 aliquos

1218 1330 1354 1362 semper
1369 1317 1516 1350 servabo
1528 1344 1537 1358 ,
1565 1324 1600 1351 ct
1618 1314 1769 1361 hospitia
1788 1316 1978 1350 attribuam
1993 1317 2120 1350 studiis
2137 1315 2214 1360 piae

1218 1369 1419 1411 doctrinae,
1447 1368 1551 1401 etiam
1567 1380 1646 1401 cum
1667 1369 1814 1401 deerunt
1835 1365 1986 1400 bumana
2006 1367 2190 1411 praesidia.

1319 1419 1420 1452 Texit
1438 1418 1535 1452 Deus
1549 1419 1626 1452 sine
1645 1419 1828 1463 praesidiis
1848 1416 2012 1451 humanis
2029 1419 2066 1451 in
2086 1416 2214 1452 Iudaea

1219 1478 1417 1512 matronas,
1458 1464 1629 1513 ingeniis,
1662 1469 1811 1510 virtute,
1849 1470 1961 1502 forma
1993 1469 2216 1510 excellentes,

1222 1521 1392 1560 Mariam,
1428 1518 1632 1561 Elizabetb,
1672 1519 1836 1562 Annam,
1873 1527 1908 1554 et
1932 1517 2057 1554 harum
2084 1520 2217 1553 similes

1219 1573 1306 1606 alias
1326 1573 1475 1616 multas,
1496 1584 1575 1605 cum
1601 1579 1718 1605 tamen
1745 1571 1807 1605 illo
1828 1572 1903 1615 ipso
1929 1579 2086 1615 tempore
2110 1583 2216 1614 vaga-

1221 1630 1344 1656 rentur
1380 1623 1416 1655 in
1448 1629 1520 1656 tota
1545 1623 1689 1665 regione
1713 1623 1883 1656 exercitus
1907 1622 2099 1656 multarum
2130 1633 2216 1665 gen-

1221 1674 1329 1713 tium,
1358 1686 1508 1718 quarum
1535 1673 1724 1715 singularis
1747 1680 1796 1707 est
1822 1673 2034 1716 petulantia,
2066 1673 2216 1717 Syriaci,

1222 1724 1404 1769 Aegyptii,
1433 1722 1597 1763 Arabici,
1623 1722 1798 1765 Parthici,
1824 1722 1998 1764 Romani,
2025 1722 2154 1761 etalii,
2182 1731 2215 1756 et

1221 1775 1342 1809 onmia
1366 1774 1414 1807 ibi
1441 1775 1708 1808 latrociniorum
1735 1782 1769 1808 et
1798 1781 2001 1817 stuprorum
2032 1774 2135 1818 plena
2161 1785 2215 1807 es-

1221 1832 1310 1861 sent.
1363 1824 1510 1859 Interim
1539 1822 1744 1866 Elizabeth‚
1786 1825 1823 1858 in
1854 1836 1918 1858 suo
1954 1825 2031 1858 vico
2066 1825 2216 1858 filiolum

1224 1876 1392 1911 loannem
1417 1876 1613 1910 collocabat
1639 1876 1674 1909 in
1698 1887 1825 1914 cinnas,
1852 1884 1885 1910 et
1908 1875 2082 1909 basiolnm
2106 1875 2216 1909 fronti

1221 1935 1282 1962 aut
1297 1929 1394 1971 genis
1409 1927 1580 1970 affligebat,
1605 1934 1636 1960 et
1653 1927 1769 1971 operis
1779 1927 1980 1961 domesticis
1996 1935 2075 1961 vota
2093 1927 2217 1960 misce-

1221 1980 1299 2019 bat,
1328 1985 1423 2021 septa
1440 1979 1542 2011 castis
1556 1979 1706 2020 angelis,
1733 1978 1792 2023 qui
1814 1978 1850 2011 iu
1868 1977 2024 2012 excubiis
2043 1984 2155 2017 erant,
2182 1984 2216 2011 et

1223 2038 1364 2073 propter
1379 2027 1444 2061 boc
1459 2029 1674 2071 tuguriolum
1691 2042 1710 2062 a
1730 2036 1802 2062 toto
1817 2029 1893 2062 rico
1910 2035 2105 2071 grassantes
2120 2028 2217 2062 rnili-

1222 2088 1272 2114 tes
1289 2081 1465 2114 arcebant.
1495 2080 1543 2113 lta
1564 2092 1658 2113 nnnc
1673 2079 1842 2114 custodiet
1854 2078 1948 2112 Deus
1962 2079 2098 2125 aliquas
2113 2080 2216 2116 funti-

1223 2132 1286 2165 lias
1304 2139 1335 2165 et
1356 2132 1533 2174 regiones,
1562 2131 1596 2163 in
1615 2131 1744 2176 quibus
1761 2143 1839 2164 vera
1862 2131 1896 2164 fit
1915 2130 2101 2165 invocatio.

1324 2181 1404 2215 Non
1437 2183 1675 2215 existimemus
1706 2194 1816 2224 genus
1852 2177 2046 2214 humanum
2077 2188 2215 2215 tantum

1222 2231 1377 2267 lnnnana
1402 2233 1571 2277 sapientia
1597 2233 1667 2277 regi
1693 2245 1732 2265 ac
1761 2234 1910 2271 servari,
1945 2239 1980 2266 ut
2006 2230 2216 2276 Philosophi

1222 2285 1415 2328 disputant.
1478 2285 1546 2317 Sed
1573 2285 1721 2317 sciamus
1746 2282 1859 2317 Deum
1888 2284 2119 2327 inspectorem
2141 2295 2215 2317 csse

1223 2337 1383 2368 ιιιιιιιίιιιιι
1406 2336 1542 2378 piorum
1561 2343 1590 2368 et
1612 2335 1821 2378 impiorum,
1850 2342 1880 2367 et
1898 2347 2100 2380 quanquam
2118 2347 2215 2368 sutu-

1223 2400 1277 2420 tua
1299 2387 1444 2430 imperia
1464 2388 1534 2419 lere
1557 2399 1694 2429 semper
1717 2393 1838 2420 tentent
1864 2386 1982 2428 impii,
2017 2394 2130 2419 tanuen
2158 2385 2215 2418 in—

1223 2445 1312 2471 terea
1328 2451 1396 2470 nou
1410 2438 1492 2470 sinit
1508 2436 1599 2470 Dens
1612 2437 1645 2469 in
1665 2445 1737 2470 toto
1754 2449 1880 2479 genere
1893 2435 2212 2479 lnnnanoextingui

1223 2489 1386 2523 noticiam
1407 2489 1465 2521 lilii
1483 2489 1547 2527 sui,
1575 2499 1605 2521 et
1626 2501 1742 2521 seram
1762 2488 2033 2526 inxocationeun„
2060 2489 2118 2520 sed
2138 2500 2211 2520 ser-

1223 2549 1278 2574 xat
1305 2541 1448 2585 aliquod
1473 2554 1590 2572 seint-n
1622 2547 1803 2577 sanctuni,
1837 2547 1872 2573 ιιι
1899 2539 2054 2571 nominat
2081 2536 2214 2579 Esaias,

1223 2592 1327 2636 idque
1349 2593 1440 2624 inter
1458 2603 1580 2631 inagna
1600 2591 1752 2635 pericula
1773 2590 1942 2623 mirandis
1961 2590 2075 2622 modis
2091 2592 2211 2623 delen—

1221 2643 1290 2680 dit,
1319 2650 1354 2675 ut
1380 2643 1520 2685 agnosci
1547 2642 1740 2686 praesentia
1758 2639 1821 2674 Dei
1843 2640 1960 2683 possit.
2018 2641 2098 2673 ldeo
2120 2642 2210 2676 lib'us

182 2697 326 2735 ,sinffiuliN
347 2695 501 2737 p-utibus
521 2692 602 2724 satis
620 2693 757 2735 copiose
775 2692 908 2733 «licere,
938 2694 996 2726 sed
1018 2693 1171 2728 brexiter
1194 2693 1198 2728 l
1221 2694 1289 2728 Dei
1324 2693 1418 2727 iubet
1452 2707 1515 2726 nos
1545 2700 1724 2737 expectare
1757 2692 1996 2724 defensionen·
2030 2693 2212 2729 «Ιὶιὶιιῑῑυῡι
