2338 2958
68 109 144 146 315

69 194 238 228 accidisse
266 199 403 237 praeter
429 192 645 236 opinionem.
708 194 825 228 Homo
853 194 1062 234 Germanus,

72 245 288 289 minimeque
311 244 487 287 suspicax,
513 256 586 277 non
612 247 837 289 praevidebat
854 245 1060 279 Pontificem

71 301 166 329 tanta
185 306 331 328 usurum
349 305 420 327 esse
439 295 602 338 superbia
621 303 651 329 et
669 297 873 330 crudelitate
891 308 969 339 erga
987 293 1061 329 Re-

69 356 146 388 gem
169 345 379 388 supplicem,
413 345 688 393 cuius-consilia
717 347 835 380 onmia
859 347 1060 389 spectabant

68 396 138 429 iani
156 397 197 429 ad
217 395 456 428 defensionem
475 395 782 430 totius(]lu·istiani
800 398 966 434 nominis,
985 408 1058 429 non

69 445 306 479 arbitrabatur
325 446 409 485 fore,
434 453 470 479 ut
489 447 716 481 insultaretur
732 456 834 492 atque
852 447 1060 480 illuderetur

68 496 136 529 sibi
154 497 249 529 velut
270 494 457 539 iugurthae
472 497 508 530 in
528 496 718 542 triumpho.
774 499 834 531 llla
859 497 1059 530 immanitas

68 547 172 581 credo
192 545 328 580 homini
345 546 525 580 Germano
543 561 613 581 non
634 549 729 582 venit
748 549 783 581 in
802 555 965 586 mentem,
990 560 1058 581 un-

67 609 173 642 quam
212 598 305 638 fore,
350 605 387 631 ut
421 600 596 639 sacerdos,
639 599 699 644 qui
736 600 838 633 debet
869 599 1057 632 modestiae

67 648 264 691 exemplum
290 660 380 688 esse,
415 649 539 681 cervici
567 648 790 693 Imperatoris
813 650 918 693 pedes
944 649 1058 693 impo—

67 704 177 738 neret,
194 706 225 731 et
238 700 381 732 adderet
397 699 663 732 acclamationes
675 700 1056 733 contumeliosissimas.

65 747 161 782 Haec
191 749 219 782 si
250 750 492 792 praevidisset,
529 757 567 783 ut
592 762 653 793 ego
679 751 821 795 quidem
855 751 1057 790 ratiocinor,

67 797 221 843 pertrahi
250 800 286 832 in
310 799 397 832 illud
424 802 657 844 spectaculum
684 814 757 834 non
783 802 969 845 potuisset:
997 808 1056 834 aut

65 849 95 882 si
121 850 310 893 praevidit,
337 847 427 882 [mut
455 851 561 883 dubie
587 852 683 885 nulla
709 865 762 885 res
780 853 865 892 alia,
900 852 967 884 nisi
991 849 1055 884 ho-

65 908 162 933 nesta
189 901 231 932 de
260 901 430 942 religione
456 902 600 944 opinio,
643 903 799 936 animuin
824 915 904 936 vere
930 900 1056 936 Achil-

64 950 157 984 leuun
178 951 322 983 inflexit.
376 951 443 984 Sed
471 952 554 996 quid
581 964 641 996 ego
661 953 882 987 Fridericum
906 953 1056 986 excuso?

63 1001 124 1046 qui
142 1001 276 1034 etiarnsi
295 1002 434 1035 videtur
449 1003 655 1045 dignitatem
676 1017 748 1037 non
765 1005 847 1037 satis
865 1001 1054 1036 vehemen-

63 1059 116 1086 ter
138 1052 354 1091 defendisse,
383 1060 500 1086 tamen
530 1055 628 1097 culpa
654 1062 704 1088 est
730 1055 846 1098 potius
862 1054 1054 1092 pontificis,

63 1114 81 1135 a
100 1114 169 1146 quo
186 1110 263 1135 orta
283 1110 333 1136 est
353 1104 499 1136 iniuria:
528 1117 635 1148 quare
658 1106 774 1149 potius
793 1106 986 1138 accusanda
1005 1112 1054 1138 est

62 1151 243 1186 pontificis
265 1154 428 1197 superbia
445 1161 476 1187 et
497 1156 696 1191 crudelitas,
750 1156 931 1198 Quantum
959 1156 1052 1189 enim

62 1203 159 1236 sitin
181 1201 247 1236 hoc
265 1204 353 1237 facto
374 1205 511 1237 sceleris
531 1214 560 1238 et
582 1207 831 1250 turpitudinis,
858 1219 898 1239 ex
920 1219 959 1239 eo
981 1207 1054 1239 exi-

61 1254 197 1288 stimari
218 1261 345 1297 potest,
373 1257 466 1299 quod
492 1257 629 1289 nullum
648 1258 762 1290 simile
781 1258 976 1301 exemplum
994 1269 1053 1290 us-

62 1317 166 1350 quam
183 1304 220 1337 in
240 1305 312 1338 ulla
331 1303 476 1338 historia
493 1307 600 1339 ullius
614 1308 736 1350 gentis,
758 1309 888 1341 nedum
905 1306 1053 1351 Episco—

62 1367 188 1399 porum
201 1382 209 1393 ,
236 1356 423 1398 reperitur.
474 1355 633 1389 Primum
653 1370 753 1390 causa
772 1359 1053 1391 excommunica-

63 1405 169 1438 tionis
195 1405 324 1438 iniusta
350 1407 434 1446 suit;
467 1408 524 1439 sed
559 1408 649 1449 finge
680 1409 786 1441 fuisse
821 1409 1053 1452 probabilem,

61 1455 219 1499 oportuit
249 1463 365 1488 tamen
389 1455 595 1490 Pontificem
623 1459 752 1501 petenti
785 1459 922 1491 veniam
949 1460 1051 1498 dare;
1076 1493 1078 1499 k

1076 1504 1078 1531 s
1106 1507 1326 1550 lntelligebat
1352 1507 1404 1539 sui
1429 1507 1534 1539 officii
1561 1519 1652 1546 esse,
1680 1515 1806 1541 uttam
1826 1510 1968 1542 crudele
1989 1510 2098 1544 latro-

61 1507 189 1540 deinde
214 1506 376 1540 Pontifex
407 1519 480 1540 non
516 1509 637 1542 debuit
670 1510 806 1542 afficere
837 1509 1050 1542 contumelia

60 1557 256 1591 dominum.
316 1557 384 1590 Sed
411 1558 535 1591 omitto
568 1556 658 1592 hanc
688 1560 850 1593 subtilem
881 1560 924 1592 de
945 1557 1052 1593 Cliri—

60 1607 173 1641 stiana
208 1608 376 1641 modestia
412 1608 708 1652 disputationem,
743 1622 832 1655 quae
865 1610 934 1642 iam
965 1610 1050 1642 olim

59 1656 197 1693 Romae
219 1658 357 1702 explosa
385 1665 490 1703 atque
518 1659 682 1694 exibilata
713 1668 783 1702 est,
815 1672 879 1693 nec
908 1667 1051 1704 putatur

60 1708 170 1752 magis
186 1709 374 1742 convenire
389 1708 625 1753 Principibus,
654 1724 758 1757 quam
780 1711 862 1744 illae
880 1711 1050 1744 ridiculae

59 1759 259 1793 Stoicorum
279 1761 488 1799 sententiae,
510 1761 546 1793 iu
565 1762 694 1806 quibus
710 1763 856 1796 dicitur:
887 1762 978 1795 solos
996 1773 1051 1794 sa-

59 1811 193 1854 pientes
210 1822 281 1842 esse
299 1810 472 1844 formosos
489 1812 627 1847 divites.
679 1811 876 1846 Commune
894 1813 948 1845 ius
966 1824 1047 1855 gen-

60 1861 147 1894 tium
171 1861 371 1900 videamus,
399 1862 492 1906 quod
519 1875 640 1896 omnes
663 1863 796 1907 Reges,
823 1863 890 1896 nisi
915 1864 1050 1896 malunt

60 1922 132 1944 esse
150 1911 312 1956 tyranni,
338 1923 476 1944 servare
495 1913 619 1947 solent.
669 1913 805 1947 Violari
823 1914 979 1947 creditur
996 1914 1050 1946 ius

59 1961 228 2006 gentium,
249 1963 276 1994 si
294 1962 438 1995 veniens
453 1961 530 1997 Rex
546 1964 586 1996 ad
607 1977 725 2008 pacem
743 1965 942 2008 petendam,
965 1976 1049 1997 con-

59 2012 204 2046 tumelia
222 2012 410 2052 afficiatur3
438 2020 472 2047 at
486 2013 686 2048 Fridericus
706 2028 783 2048 cuin
803 2016 943 2060 quidem
962 2022 1048 2048 esset

59 2063 190 2103 victor,
216 2063 314 2096 venit
338 2075 411 2096 non
434 2065 475 2097 ad
499 2077 616 2108 pacem
638 2068 842 2109 petendam,
868 2067 926 2098 sed
947 2067 1048 2098 abso-

58 2113 249 2153 lutionem,
275 2113 312 2146 in
332 2127 399 2159 qua
417 2116 529 2148 maior
553 2116 654 2149 etiam
682 2117 804 2159 religio
830 2117 928 2149 inest.
981 2115 1048 2149 Hic

58 2163 220 2197 Pontifex
235 2164 403 2197 victorem
419 2166 618 2199 venientem
644 2167 679 2199 in
701 2167 916 2211 colloquium
933 2179 970 2200 ac
987 2169 1049 2199 de-

57 2214 301 2247 liberationem
328 2216 370 2248 de
397 2218 576 2250 communi
607 2218 717 2250 salute
748 2218 844 2250 orbis
876 2225 1046 2251 terrarum

59 2277 133 2298 non
158 2265 260 2298 aliter
280 2272 420 2305 tractat,
447 2279 551 2311 quam
569 2267 729 2313 Ulyssem
749 2266 984 2313 Polyphemus
1009 2269 1045 2301 in

57 2322 159 2349 antro
176 2315 392 2351 conclusum,
427 2315 541 2351 Addit
555 2319 767 2352 absolutioni
788 2326 907 2352 contra
925 2319 1044 2352 divina

58 2373 92 2400 et
121 2361 274 2400 hur'nana
303 2366 379 2400 iura
412 2368 622 2413 cyclopicam
653 2370 916 2403 immanitatem.
977 2370 1045 2404 Sed

59 2413 113 2450 bis
139 2417 307 2461 exemplis
327 2418 592 2452 immoderatam
616 2421 807 2463 potentiam
831 2432 868 2453 ac
886 2421 1045 2465 tyranni—

58 2467 135 2501 dem
148 2479 254 2508 ,suam
275 2468 481 2501 confirmare
497 2469 682 2505 Pontifices
701 2471 817 2505 conati
834 2478 934 2510 sunt,
959 2483 1046 2516 quae
1070 2485 1071 2502 1

58 2529 137 2551 cum
156 2519 216 2551 diu
236 2518 304 2551 iam
321 2519 426 2553 fuerit
441 2518 618 2553 Ecclesiae
634 2523 822 2565 pernicies,
852 2524 1044 2565 optandum
1069 2536 1071 2544 ⁴

59 2575 128 2608 est,
162 2576 200 2601 ut
225 2570 366 2603 tandein
402 2570 593 2615 aliquando
621 2571 844 2617 Syuodoruui
878 2573 1045 2606 autoritas

59 2618 182 2652 liberet
200 2619 327 2653 iniusta
345 2628 378 2653 et
399 2621 504 2664 impia
532 2623 697 2655 servitute
714 2621 917 2657 Ecclesiam.

56 2679 114 2711 ges
131 2670 273 2704 decebat
290 2671 471 2714 dignitatis
494 2685 576 2707 suae
593 2686 693 2707 causa
715 2674 938 2718 impatienter
955 2671 1044 2708 hanc

540 107 700 144 DECL.
753 107 826 144 DE
861 105 1192 145 FRIDERICO
1226 105 1631 144 BARBAROSSA.

973 2622 1045 2657 Re-
1069 2613 1071 2633 ³

2033 110 2114 147 314

1111 192 1314 226 servitutem
1331 193 1432 235 ferre,
1455 200 1485 227 et
1504 194 1625 227 ulcisci
1645 194 1791 227 iniurias
1808 194 1965 238 Regibus
1981 196 2098 231 saetas.

1111 244 1180 278 Sed
1207 243 1234 275 si
1257 240 1341 275 baec
1366 255 1466 276 causa
1491 242 1581 277 nibil
1606 253 1723 279 movet
1745 257 1821 284 eos,
1856 246 2032 279 debebant
2052 254 2104 280 ta-

1111 306 1190 327 men
1216 293 1398 326 consulere
1419 291 1594 328 Ecclesiae
1616 296 1741 334 saluti,
1770 303 1802 329 et
1827 294 2013 329 cohercere
2037 297 2103 329 im-

1109 345 1326 377 moderatam
1347 344 1557 387 potentiam,
1586 347 1682 378 nulla
1702 347 1794 379 enim
1819 359 1872 380 res
1898 348 2007 390 magis
2033 347 2102 380 ini-

1109 395 1197 427 mica
1223 401 1328 438 atque
1354 394 1476 427 infesta
1504 402 1553 428 est
1574 393 1767 437 Ecclesiae,
1802 410 1904 442 quam
1930 399 2102 443 tyrannis.

1110 445 1241 478 Verum
1264 444 1352 477 lianc
1369 445 1644 488 disputationem
1670 448 1868 481 reiiciauius
1885 449 1926 481 ad
1948 449 2101 481 suturam

1109 495 1312 540 Synodum,
1341 496 1367 528 si
1389 496 1472 540 quid
1491 503 1606 529 tamen
1624 497 1670 528 ibi
1689 498 1754 530 loci
1772 499 1836 531 erit
1858 499 1948 532 veris
1966 499 2101 532 delibe—

1108 547 1320 580 rationibus.
1357 545 1460 579 Nunc
1480 548 1521 579 ad
1545 546 1762 580 Fridericum
1780 551 1901 589 redeo,
1928 550 1987 594 qui
2007 557 2100 593 post-

1108 609 1212 641 quam
1238 609 1274 629 ea
1293 609 1381 641 quae
1405 598 1447 629 ad
1468 609 1606 640 pacem,
1633 610 1668 630 se
1689 599 1851 639 absente,
1878 600 2098 633 retinendam

1108 648 1144 680 in
1171 646 1363 681 Germania
1396 655 1429 681 et
1462 647 1559 681 ltalia
1589 649 1780 681 necessaria
1813 657 1928 689 eraut,
1962 662 2100 683 summo

1107 699 1254 731 consilio
1280 698 1435 741 providit
1459 705 1562 743 atque
1593 699 1794 740 constitnit,
1836 700 1968 742 legibus
1995 701 2098 734 etiarn

1107 750 1248 793 optimis
1283 749 1382 788 latis,
1416 750 1588 782 contraxit
1622 750 1778 792 ingentes
1805 751 1941 795 copias,
1975 763 2100 796 easque

1106 812 1229 842 inagna
1267 799 1444 833 celeritate
1470 798 1679 844 Byzantium
1717 801 1833 839 duxit,
1875 808 1913 835 ut
1947 801 2028 834 inde
2064 803 2099 834 in

1107 850 1228 883 Asiam
1249 850 1434 885 traiiceret.
1488 850 1588 883 Hauc
1613 852 1869 893 expeditionem
1890 864 1960 884 non
1988 853 2099 884 ambi-

1106 902 1201 933 tione
1231 901 1348 945 aliqua
1381 908 1439 933 aut
1464 902 1711 944 superstitione
1743 910 1935 946 susceptam
1963 910 2100 946 putate;

1106 964 1186 984 nain
1217 951 1408 985 Saladinus
1439 959 1536 995 capta
1569 951 1835 998 Hierosolyma,
1875 960 1907 986 et
1934 960 2099 997 occupata

1105 1004 1176 1034 sere
1201 1009 1271 1036 tota
1297 1001 1418 1046 Syria,
1448 1002 1514 1034 iarn
1539 1000 1700 1035 Ciliciam
1727 1010 1759 1036 et
1785 1001 1989 1043 Armenias,
2015 1015 2100 1048 quas

1105 1054 1147 1085 ad
1168 1053 1200 1085 id
1228 1060 1363 1095 tempus
1388 1059 1575 1085 tenuerant
1596 1053 1827 1097 Imperatores
1847 1053 2099 1087 Constantino-

1107 1104 1274 1146 politani,
1308 1104 1502 1141 invaserat,
1538 1102 1766 1137 Emanuelern
1793 1105 1897 1138 etiam
1923 1103 2101 1138 Constan-

1106 1154 1379 1198 tinopolitauuin
1402 1154 1650 1198 [inperatorem
1673 1162 1819 1199 ceperat.
1861 1154 2002 1188 Nullius
2021 1155 2100 1188 Ma-

1106 1203 1267 1238 ltometici
1288 1203 1396 1237 Ducis
1415 1212 1514 1237 antea
1534 1205 1646 1238 virtus
1665 1218 1703 1238 ac
1721 1206 1891 1239 foelicitas
1908 1213 2002 1240 tanta
2023 1207 2099 1239 fue-

1105 1262 1175 1296 rat,
1214 1255 1343 1288 multos
1379 1256 1546 1288 exercitus
1575 1254 1797 1289 Christianos
1833 1257 1980 1289 diversis
2016 1258 2100 1290 locis

1105 1307 1315 1340 conciderat.
1369 1305 1488 1348 Quare
1516 1306 1582 1338 nisi
1611 1308 1880 1349 reprimeretur,
1908 1308 2007 1341 facile
2027 1315 2098 1341 tota

1107 1356 1189 1389 Asia
1209 1357 1386 1400 potiturus
1403 1356 1598 1390 videbatur.
1638 1356 1713 1390 Hoc
1735 1364 1870 1390 tantum
1890 1358 2099 1401 periculum,

1105 1413 1136 1439 et
1163 1414 1203 1440 ut
1231 1419 1293 1450 ego
1323 1406 1502 1446 existimo,
1539 1407 1642 1439 etiam
1672 1408 1841 1452 quaedam
1870 1405 2012 1441 heroica
2042 1410 2098 1441 in-

1104 1457 1260 1499 dignatio
1299 1457 1460 1489 excitavit
1498 1457 1675 1499 ingentem
1716 1458 1874 1491 animum
1912 1458 2097 1494 Friderici.

1103 1557 1235 1590 ciuium
1252 1569 1269 1589 a
1286 1554 1571 1590 Christianorum
1590 1558 1719 1591 finibus
1745 1559 1950 1605 ubicunque
1971 1568 2097 1604 posset,

1102 1608 1304 1652 depelleret.
1349 1605 1583 1641 Existimabat
1601 1609 1704 1642 etiam
1724 1609 1791 1641 sibi
1811 1617 1912 1654 turpe
1930 1610 2004 1644 fore
2023 1611 2096 1644 bel-

1104 1659 1205 1692 latori
1230 1665 1346 1699 tanto‚
1371 1658 1398 1690 si
1418 1659 1514 1691 domi
1538 1659 1675 1692 ociosus
1693 1666 1864 1703 spectaret
1882 1670 2096 1704 grassantem

1102 1709 1258 1742 victoriis
1284 1706 1419 1741 hostem
1445 1706 1637 1742 Christiani
1663 1710 1833 1743 nominis.
1898 1710 2019 1757 Itaque
2042 1713 2096 1745 iu-

1102 1767 1192 1793 stum
1212 1766 1243 1792 et
1265 1761 1360 1802 pium
1386 1760 1515 1792 bellum
1535 1760 1666 1802 ingenti
1690 1761 1809 1793 animo
1835 1762 1953 1796 movit.
2009 1761 2096 1796 Per-

1100 1810 1181 1843 secit
1214 1810 1334 1849 etiam,
1374 1817 1413 1843 ut
1442 1807 1642 1843 Ricbardus
1670 1810 1745 1844 Rex
1774 1809 1923 1853 Angliae
1953 1813 2096 1846 duceret

1101 1861 1290 1894 exercitum
1329 1861 1365 1892 in
1392 1859 1533 1901 Asiam,
1573 1862 1614 1893 ad
1651 1863 1888 1905 recuperanda
1918 1863 2095 1897 maritima

1100 1913 1186 1946 loca.
1227 1911 1426 1944 Fridericus
1444 1924 1520 1943 cum
1537 1912 1609 1944 suis
1626 1912 1735 1955 copiis
1753 1912 1788 1944 in
1805 1913 1954 1945 mediam
1974 1912 2095 1946 Asiam

1101 1964 1275 2005 ingressus
1298 1969 1363 2003 est:
1400 1974 1463 1994 nec
1488 1962 1601 1995 defuit
1626 1961 1722 1995 Deus
1747 1960 1903 1996 honestis
1927 1964 2095 1997 consiliis.

1101 2013 1214 2046 Tanta
1233 2013 1325 2044 enim
1343 2012 1458 2045 subito
1479 2013 1637 2045 omnium
1658 2025 1774 2045 rerum
1791 2015 1938 2047 mutatio
1957 2014 1992 2046 in
2009 2013 2093 2047 Asia

1099 2071 1132 2097 et
1158 2063 1258 2108 Syria
1287 2064 1373 2095 sacta
1399 2070 1466 2102 est,
1496 2070 1532 2095 ut
1551 2063 1759 2103 Saladinus,
1788 2064 1849 2108 qui
1877 2072 1977 2097 autea
1999 2066 2095 2098 dele-

1100 2122 1193 2148 verat
1215 2114 1345 2147 multos
1366 2111 1652 2146 Christianorum
1676 2113 1848 2147 exercitus
1878 2115 2016 2160 lateque
2036 2129 2094 2148 va-

1099 2172 1197 2208 gatus
1214 2171 1288 2198 erat
1308 2165 1343 2196 in
1361 2165 1451 2197 bona
1471 2171 1568 2207 parte
1585 2163 1696 2203 Asiae,
1725 2176 1819 2197 nunc
1837 2165 1927 2198 tueri
1947 2178 1982 2198 ea
2005 2178 2094 2211 quae

1099 2217 1258 2255 tenebat,
1292 2227 1363 2247 non
1391 2221 1524 2258 posset,
1559 2213 1760 2247 Fridericus
1786 2215 1814 2247 ei
1841 2214 2000 2249 Ciliciam
2023 2218 2093 2250 eri-

1099 2267 1184 2310 puit,
1212 2265 1298 2298 fusis
1317 2273 1350 2298 et
1369 2265 1490 2298 deletis
1508 2264 1667 2304 Saladini
1686 2265 1912 2306 exercitibus;
1942 2267 2027 2299 alibi
2049 2269 2092 2300 ad

1099 2319 1195 2350 littus
1221 2315 1296 2350 Rex
1321 2314 1470 2358 Angliae
1497 2316 1624 2348 multas
1648 2315 1679 2348 ei
1713 2316 1817 2348 urbes
1843 2317 1988 2350 ademit.
2043 2317 2092 2351 lta

1098 2381 1175 2401 cuin
1204 2367 1240 2399 in
1267 2367 1341 2410 ipso
1361 2365 1587 2399 victoriarum
1613 2378 1715 2399 cursu
1740 2366 1930 2400 saladinus
1955 2380 2092 2411 repres-

1098 2431 1155 2452 sus
1170 2424 1267 2457 esset,
1292 2417 1375 2450 Asia
1393 2416 1571 2450 servitutis
1589 2424 1682 2450 metu
1701 2417 1847 2450 liberata
1869 2425 1930 2452 est.
1968 2418 2094 2461 Quan-

1097 2477 1170 2503 turn
1198 2475 1312 2501 autem
1344 2479 1443 2500 verae
1468 2467 1581 2499 laudis
1607 2475 1780 2500 mereatur
1803 2464 1858 2500 hic
1878 2467 2093 2509 fridericus,

1097 2534 1168 2553 non
1187 2530 1325 2563 possum
1347 2530 1409 2561 pro
1430 2518 1599 2561 dignitate
1619 2517 1801 2562 explicare.
1848 2518 2007 2552 Primum
2031 2533 2092 2553 xo·

1098 2573 1211 2604 luntas
1234 2569 1302 2602 suit
1326 2568 1476 2612 optima,
1503 2569 1596 2613 quod
1618 2569 1874 2601 occurrendum
1897 2581 1968 2602 esse
1988 2569 2091 2603 Sala-

1097 2623 1183 2655 (lino
1199 2620 1346 2659 censuit,
1373 2631 1416 2652 ne
1433 2620 1469 2652 in
1487 2620 1688 2653 servitutem
1707 2620 1866 2653 venirent
1882 2617 2094 2659 Christiani,

1096 2680 1130 2707 et
1154 2685 1196 2705 ne
1215 2669 1483 2705 Maliometistae
1510 2670 1620 2704 auctis
1637 2669 1771 2703 viribus
1796 2670 1826 2702 la
1837 2670 1903 2703 tius
1922 2680 2094 2713 propaga-
