2338 2958
59 113 134 149 281

63 205 97 232 et
113 203 205 231 recta
221 194 275 228 via
291 193 441 239 inquirit
456 199 489 226 et
507 193 678 237 patefacit.

63 250 153 283 bene
175 245 374 283 assuefacti,
410 242 482 282 ἕξιν
507 244 575 278 sibi
599 251 830 288 paraverunt,
862 243 1050 277 revocandi

62 297 181 333 omm’a
200 297 244 329 ad
261 292 485 333 methodum,
511 307 599 340 quae
619 295 814 338 intelligere
837 302 897 329 aut
914 295 1050 328 tradere

61 348 138 382 aliis
161 346 330 390 cupiunt,
363 343 400 378 hi
420 353 552 380 norunt
573 346 676 379 etiam
695 346 730 378 in
751 345 1050 389 disputationibus

61 397 240 441 religionis
259 397 450 430 informare
469 394 675 440 methodos,
702 397 862 430 evolvere
877 397 1050 435 intricata,

61 448 225 492 dissipata
241 444 467 488 contrahere,
494 447 652 481 obscuris
671 453 705 480 et
727 447 900 491 ambiguis
922 448 1050 480 addere

61 500 194 534 lumen.

159 548 290 591 Magna
317 554 350 581 et
377 547 516 592 copiosa
541 548 700 582 doctrina
725 548 768 581 ad
796 548 940 581 alteram
965 559 1050 587 rem,

59 600 206 640 scilicet,
242 599 282 631 ad
313 598 533 631 formandam
563 599 757 632 orationem
783 610 871 643 opus
900 605 968 638 est,
1011 604 1049 631 ut

60 657 192 684 norunt
221 661 343 682 omnes
377 649 431 682 vel
454 649 678 683 mediocriter
704 650 832 683 versati
861 650 896 682 in
929 649 1049 682 literis.

59 701 128 736 Sed
145 707 185 734 ut
200 697 291 733 hanc
308 698 380 738 ἕξιν
397 697 553 732 methodi
572 700 817 733 informandae
834 700 936 733 nobis
953 712 1050 733 com-

60 762 241 795 paremu5‚
269 763 342 783 non
361 751 496 783 minore
511 751 628 783 studio
645 763 732 795 opus
748 758 809 787 est.
850 750 921 784 Nec
939 757 1050 794 potest

60 800 146 836 haec
172 802 375 843 contingere
400 801 460 841 iis,
496 801 556 845 qui
581 814 653 834 non
676 803 865 835 assuefiunt
885 802 921 834 in
939 802 1049 845 pluri—

58 854 124 886 bus
154 849 405 895 Philosophiae
435 852 611 894 partibus,
654 853 690 885 in
727 853 856 898 quilius
890 853 950 897 qui
978 864 1048 885 non

59 910 277 942 exercentur,
306 902 438 934 etiamsi
457 902 905 945 attigeruntDialecticam‚
935 911 1047 937 tamen

61 961 193 988 tantum
215 953 373 986 umbram
392 954 569 998 quandam
592 951 750 990 methodzi
775 961 1050 999 consequuntur.

58 1004 130 1038 Nec
159 1003 219 1036 alii
252 1003 390 1047 saepius
428 1003 552 1037 vitiosa
583 1011 616 1038 et
636 1002 835 1049 Sophistica
866 1005 1049 1048 colligunt,
1074 1018 1075 1023 ¹

60 1068 165 1100 quam
185 1054 253 1089 isti.
305 1053 466 1099 Cumque
490 1067 525 1086 se
549 1055 695 1088 artifices
719 1054 875 1090 methodi
895 1068 966 1089 esse
987 1069 1050 1099 pu-

59 1158 166 1190 verbo
201 1162 298 1193 utar,
341 1151 576 1190 ἀ).αόσκο..·ιοι
651 1156 763 1190 Porro
801 1170 874 1190 non
915 1165 1049 1191 tantum

61 1214 204 1252 propter
226 1203 450 1247 methodum,
481 1218 542 1240 seu
574 1213 613 1240 ut
635 1206 734 1241 Plato
758 1216 858 1242 vocat
883 1205 980 1256 ἀνά)
983 1221 1040 1253 κη]
1031 1221 1052 1242 1¹

59 1254 357 1306 λογογραιμκὴν,
387 1269 475 1300 opus
492 1264 540 1290 est
555 1255 804 1302 Philosophi„
779 1273 802 1292 ι·
833 1261 892 1292 sed
917 1267 955 1292 ut
972 1267 1051 1293 ante

57 1309 153 1349 dixi,
187 1309 290 1342 etiam
315 1308 423 1340 multa
449 1310 657 1341 assumenda
690 1317 771 1343 sunt
802 1309 986 1352 Theologo
1012 1323 1048 1342 ex

61 1407 134 1449 his,
168 1409 230 1453 qui
255 1408 402 1440 solidam
421 1409 618 1442 doctrinam
645 1417 832 1454 expetunt,
868 1423 939 1443 non
969 1411 1052 1443 satis

58 1461 103 1493 sit
138 1472 244 1503 pauca
280 1460 450 1502 quaedam
487 1471 689 1503 excerpere,
733 1462 791 1493 sed
821 1473 876 1494 ars
905 1461 1052 1503 integra,

58 1517 230 1556 quantum
257 1509 330 1541 lieri
359 1515 485 1552 potest,
523 1512 763 1551 cognoscenda
791 1519 852 1546 est.
915 1511 1049 1554 Magno

59 1561 294 1594 instrumento
317 1559 504 1593 destitutus
529 1567 579 1593 est
605 1558 825 1604 Theologus,
855 1562 916 1606 qui
941 1562 1052 1594 nescit

58 1612 138 1645 illas
160 1610 413 1644 eruditissimas
437 1610 713 1654 disputationes,
756 1613 799 1645 de
831 1613 969 1651 anima,
1007 1614 1051 1645 de

58 1662 236 1702 sensibus,
262 1662 306 1694 de
319 1661 432 1694 causis
449 1661 707 1705 appetitionum
725 1669 758 1696 et
773 1663 981 1702 affectuum,
1008 1664 1051 1696 de

58 1713 208 1752 noticia,
234 1713 277 1745 de
302 1712 492 1745 voluntate.
550 1710 597 1746 Et
614 1721 820 1756 arroganter
842 1714 963 1753 faciet,
989 1714 1050 1759 qui

59 1777 95 1799 se
113 1764 296 1808 profitetur
311 1762 564 1804 Dialecticum,
591 1764 620 1796 si
645 1764 753 1798 nescit
772 1765 850 1797 illas
868 1777 1050 1797 causarum

59 1815 283 1860 partitiones,
318 1826 406 1859 quae
433 1815 622 1847 traduntur
653 1822 788 1848 mutum
822 1815 857 1847 in
882 1813 1053 1860 ΡΙηδίςίε,

59 1874 93 1901 et
111 1865 260 1908 intelligi
285 1877 358 1897 non
376 1871 520 1907 possunt
544 1865 611 1898 nisi
630 1878 647 1898 a
667 1864 836 1911 Physicis.
890 1855 1050 1899 Orinnino

59 1923 111 1951 est
131 1916 229 1950 orbis
252 1915 396 1960 quidam
422 1915 569 1956 artium,
600 1927 671 1961 quo
697 1916 789 1950 inter
811 1929 846 1949 se
870 1917 1051 1950 devinctae

59 1968 312 2012 copulataeque
333 1974 417 2000 sunt
442 1978 583 2006 omnes,
617 1974 654 2000 ut
680 1968 723 1999 ad
757 1967 912 2010 singulas
939 1968 1052 2012 perci—

60 2018 227 2063 pimdas,
261 2017 371 2050 multa
395 2029 436 2050 ex
460 2017 539 2049 aliis
563 2017 692 2050 assumi
725 2025 898 2061 oporteat:
944 2031 1051 2064 quare

60 2067 236 2104 Ecclesiae
254 2080 342 2112 opus
358 2074 409 2102 est
427 2074 498 2100 toto
517 2068 578 2100 illo
594 2068 834 2102 doctrinarum
853 2069 948 2103 orbe.

161 2119 242 2153 Non
268 2118 398 2162 opinor
424 2131 626 2164 quenquam
653 2121 740 2151 adeo
770 2119 941 2152 insulsum
966 2131 1050 2158 esse,

61 2177 102 2204 ut
117 2182 190 2202 non
215 2170 491 2209 animadvertat,
528 2181 586 2202 eos
609 2170 669 2215 qui
686 2170 846 2203 instructi
865 2178 946 2204 sunt
965 2168 1050 2203 Phi-

62 2217 223 2263 losophia
238 2219 381 2259 morali,
409 2220 536 2253 multas
552 2229 666 2264 partes
683 2221 862 2254 doctrinae
880 2220 1050 2254 Christia-

62 2283 128 2304 nae
144 2269 303 2303 foelicius
322 2277 471 2303 tractare
487 2283 597 2313 posse.
651 2270 740 2304 Nam
761 2283 839 2304 cum
854 2272 961 2305 multa
981 2272 1049 2305 sint

61 2320 209 2361 similia,
235 2321 278 2353 de
295 2320 449 2363 legibus,
471 2322 583 2366 deque
601 2322 751 2364 politicis
764 2323 941 2362 moribus,
965 2336 1048 2356 con-

62 2371 248 2411 tractibus,
270 2378 303 2404 et
319 2371 440 2404 multis
454 2371 545 2404 vitae
561 2372 702 2413 officiis,
723 2373 953 2414 adiuvamur,
977 2386 1048 2407 non

60 2423 175 2456 solum
203 2421 328 2456 ordine
362 2434 401 2454 ac
435 2419 602 2455 methodo
629 2423 668 2456 in
699 2421 948 2468 Philosophia,
989 2427 1046 2458 sed

61 2474 162 2507 etiam
188 2473 293 2506 rebus
318 2472 402 2516 ipsis
427 2471 615 2513 diligenter
640 2474 830 2518 perceptis;
864 2481 897 2508 et
927 2475 953 2507 si
979 2488 1048 2519 qua

62 2531 144 2557 sunt
182 2523 384 2563 dissimilia,
438 2523 588 2557 multum
625 2524 712 2558 lucis
748 2526 860 2557 adfert
896 2526 1047 2559 collatio.

60 2573 172 2608 Porro
196 2582 233 2608 ut
255 2575 400 2607 claudus
421 2574 529 2618 pilam
555 2581 666 2615 tenet,
702 2575 749 2609 ita
782 2574 1046 2620 Philosophiam

60 2625 361 2659 moralemtractat
378 2625 422 2665 is,
450 2638 553 2670 quem
566 2623 711 2670 Physica
727 2627 934 2661 destituunt.
971 2626 1044 2660 lam

700 106 860 143 DECL.
910 104 984 142 DE
1022 104 1385 142 PHILOSOPHI
1394 105 1436 141 A.

731 192 830 236 Qui'
821 205 857 226 in
876 205 916 227 eo
932 191 1049 227 studio
1073 190 1077 255 l
1099 189 1387 226 Mathematicen.

344 1104 351 1111 ·
997 1107 1005 1113 .
1073 1079 1330 1114 :Theotooiam
1364 1078 1483 1113 invehi
1515 1080 1550 1111 in
1584 1077 1787 1111 Ecclesiam.

58 1112 149 1146 tent,
177 1112 293 1138 tamen
321 1118 372 1136 via
399 1107 579 1146 deerrant‚
615 1114 647 1139 et
675 1114 776 1145 sunt,
804 1114 842 1140 ut
859 1107 1050 1140 Homerico
1073 1122 1075 1140 2
1240 1105 1258 1123 ὓ
1592 1130 1598 1136 .

1074 1154 1075 1158 =
1100 1145 1184 1165 voco
1211 1144 1282 1164 non
1306 1132 1421 1163 solum
1448 1131 1551 1163 rudes
1576 1130 1776 1168 literarum,
1811 1137 1848 1163 ut
1883 1137 1962 1163 sunt
1991 1129 2088 1162 Ana-

1073 1607 1077 1650 1

59 1356 236 1404 Physicis,
268 1358 329 1390 ubi
344 1370 382 1390 ea
399 1364 449 1390 est
467 1358 683 1400 singularum
705 1361 857 1403 partium
878 1361 986 1400 ratio,
1014 1368 1047 1392 ut
1100 1347 1216 1368 rerum
1250 1347 1320 1367 ”⁰¹¹
1347 1342 1428 1367 saus
1453 1341 1590 1373 tenent'

2010 107 2083 141 282

1445 192 1514 227 Sed
1540 199 1572 226 et
1594 189 1678 225 haec
1708 204 1788 236 pars
1817 205 1896 227 cum
1927 189 2084 237 Physicis

1098 243 1342 285 coniungenda
1359 249 1421 277 est.
1474 242 1560 276 Inde
1578 243 1672 276 enim
1689 244 1784 277 velut
1802 256 1840 276 ex
1858 244 1953 277 fonte
1970 245 2083 287 plera—

1099 294 1219 339 quein
1240 291 1398 338 Physicis
1425 293 1597 328 oriuntur.
1648 292 1696 328 Et
1718 294 1894 328 barbaries
1911 295 2083 338 quaedam

1099 351 1166 385 est,
1194 351 1232 378 ut
1258 341 1350 377 nihil
1377 344 1474 376 aliud
1500 344 1632 384 dicam,
1669 352 1892 378 contemnere
1910 346 1987 377 illas
2005 345 2084 388 pul-

1098 392 1289 428 cherrimas
1305 402 1412 435 artes,
1438 395 1481 427 de
1498 395 1650 428 motibus
1667 397 1849 440 syderum,
1876 408 1965 441 quae
1982 396 2084 428 nobis

1098 458 1209 479 annos
1248 453 1281 480 et
1322 453 1519 489 temporum
1563 445 1766 480 discrimina
1799 447 2006 486 conficiunt,
2050 454 2084 479 et

1098 497 1229 530 multas
1253 508 1306 529 res
1330 497 1497 529 maximas
1514 503 1676 529 venturas
1691 498 1924 538 denunciant,
1951 509 2085 542 nosque

1098 547 1233 581 utiliter
1248 554 1406 583 monent.

1200 621 1272 655 'Nec
1304 634 1365 665 ego
1394 622 1516 665 ignoro
1548 622 1643 654 aliud
1677 622 1858 655 doctrinae
1883 634 1990 665 genus
2014 635 2086 656 esse

1098 670 1382 717 Philosophiam,
1417 673 1514 706 aliud
1538 670 1782 715 'theologiam
1841 672 1912 706 'Nec
1937 686 1997 716 ego
2026 675 2085 707 illa

1098 726 1143 758 ita
1169 724 1306 757 misceri
1334 724 1432 764 volo,
1467 730 1505 757 ut
1522 724 1708 756 confundit
1724 724 1832 756 multa
1851 724 1925 757 iura
1944 737 2086 769 coquus,

1098 777 1157 809 sed
1182 775 1343 808 adiuvari
1368 772 1590 817 Theologum
1616 774 1696 806 volo
1721 774 1758 806 in
1782 775 1986 807 oeconomia
2015 788 2086 807 me-

1098 824 1208 860 thodi.
1264 825 1382 858 Multa
1397 826 1501 857 etiam
1520 825 1670 865 mutuari
1693 837 1772 857 eum
1800 837 1839 858 ex
1858 823 2086 868 Philosophia

1098 888 1236 910 necesse
1268 877 1344 909 erit.
1415 876 1453 910 Si
1483 876 1560 921 quis
1593 873 1674 908 huic
1703 876 1857 909 orationi
1888 874 2087 909 nonhabet

1099 930 1220 966 fidem,
1250 927 1278 960 is
1302 927 1500 960 consideret
1525 927 1747 959 indoctorum
1775 924 2028 969 Theologiam,
2056 933 2088 959 et

1099 980 1190 1023 apud
1209 991 1243 1010 se
1259 985 1414 1022 reputet,
1441 990 1486 1010 an
1504 978 1666 1021 expedire
1687 977 1857 1010 existimet
1881 978 1958 1010 orbi
1979 985 2087 1010 terra—

1099 1042 1175 1063 rum
1197 1030 1300 1063 talem
1328 1030 1574 1061 confusaneam
1599 1026 1854 1071 Sophisticam,
1889 1029 2088 1071 ambiguam

1846 1076 1892 1112 Et
1929 1079 2088 1112 indoctos

1099 1183 1288 1227 baptistae,
1312 1183 1369 1214 sed
1387 1182 1492 1215 etiam
1510 1181 1755 1224 illosiiieptOS‚
1784 1181 1934 1225 quicum
1954 1181 2088 1223 magni-

1099 1234 1159 1267 fice
1177 1233 1421 1272 declamitent,
1449 1239 1564 1266 tamen
1582 1232 1665 1265 certi
1684 1229 1773 1263 nihil
1792 1232 1932 1271 dicunt,
1960 1238 1993 1265 et
2006 1232 2088 1275 quia

1099 1287 1140 1318 ad
1161 1282 1366 1317 methodum
1394 1296 1464 1316 non
1490 1290 1574 1316 sunt
1597 1283 1797 1323 assuefacti,
1827 1289 1859 1315 et
1874 1283 1957 1327 quia
1976 1284 2088 1315 sontes

1624 1340 1804 1376 propterea
1832 1333 1913 1377 quia
1940 1345 2017 1365 cum
2051 1333 2088 1365 in

1099 1383 1329 1428 Philosophia
1352 1397 1424 1417 non
1451 1385 1521 1417 sint
1544 1384 1714 1420 instituti,
1751 1396 1823 1416 non
1845 1384 1927 1415 satis
1945 1383 2089 1416 videant

1100 1443 1158 1469 aut
1177 1436 1260 1480 quid
1280 1433 1476 1477 Theologia
1498 1436 1718 1478 profiteatur,
1745 1441 1804 1467 aut
1820 1441 1992 1479 quatenus
2008 1446 2087 1466 cum

1100 1483 1331 1529 Philosophia
1353 1486 1560 1518 consentiat.

1200 1558 1299 1593 Nihil
1316 1572 1404 1603 opus
1423 1567 1473 1593 est
1487 1557 1544 1593 hic
1561 1567 1692 1593 veteres
1711 1559 1790 1593 illos
1805 1571 1998 1598 recensere,
2027 1560 2088 1605 qui

1099 1611 1296 1645 doctrinam
1311 1609 1548 1644 Christianam
1568 1611 1809 1644 insulsissimis
1827 1611 1971 1653 argutiis
1989 1611 2090 1655 peni-

1101 1670 1155 1696 tus
1171 1663 1379 1696 obruerunt.
1438 1660 1625 1695 Eruditam
1650 1659 1918 1705 Philosophiam
1937 1662 2090 1706 requiro,

1074 1710 1075 1716 ¹
1101 1726 1172 1746 non
1192 1713 1270 1746 illas
1286 1712 1545 1751 cavillationes,
1573 1713 1702 1757 quibus
1726 1713 1844 1745 nullae
1861 1724 1912 1745 res
1928 1713 2089 1747 subsunt.

1072 2652 1073 2657 ,
1097 2628 1190 2673 quod
1216 2627 1276 2672 qui
1303 2627 1416 2660 facere
1440 2628 1601 2667 student,

58 2673 241 2717 historiae,
266 2683 463 2721 temporum
481 2683 595 2711 exacta
612 2677 832 2721 supputatio,
859 2679 1046 2724 requirunt
1070 2674 1073 2715 l
1096 2676 1284 2724 sophistice
1315 2677 1488 2721 colligere.

1103 1765 1182 1797 ldeo
1209 1764 1281 1797 dixi
1306 1775 1415 1796 unum
1433 1765 1609 1808 quoddam
1635 1760 1886 1806 Philosophiae
1903 1775 2010 1805 genus
2026 1764 2091 1796 eli—

1100 1816 1251 1859 gendum
1269 1826 1359 1855 esse,
1383 1815 1476 1859 quod
1494 1827 1598 1858 quam
1617 1814 1802 1846 minimum
1817 1811 1940 1846 habeat
1959 1812 2090 1857 Sophi-

1099 1867 1217 1906 stices,
1243 1873 1275 1899 et
1294 1866 1420 1898 iustam
1437 1863 1641 1897 methodum
1661 1865 1823 1897 retineat:
1852 1864 1930 1897 talis
1943 1873 1990 1897 est
2006 1863 2089 1897 Ari-

1099 1917 1233 1950 stotelis
1250 1916 1421 1949 doctrina.
1475 1915 1544 1949 Sed
1565 1914 1646 1948 lmic
1661 1923 1775 1948 tamen
1796 1915 1938 1947 aliunde
1953 1916 2090 1947 adden-

1100 1969 1143 2001 da
1171 1974 1220 2001 est
1245 1967 1305 1999 illa
1333 1967 1624 2009 praestantissima
1654 1963 1903 2009 Philosophiae
1925 1978 2020 2009 pars,
2045 1967 2089 1998 de

1102 2018 1256 2051 metibus
1274 2018 1495 2050 coelestibus.
1547 2016 1636 2050 Nam
1663 2018 1816 2061 reliquae
1835 2023 1945 2049 sectae
1967 2017 2088 2060 plenae

1100 2077 1181 2103 sunt
1199 2066 1434 2112 Sophistices,
1468 2076 1500 2101 et
1520 2070 1750 2101 absurdarum
1775 2075 1806 2101 et
1826 2068 1989 2099 falsarum
2009 2067 2088 2110 opi-

1100 2121 1269 2159 nionum,
1296 2131 1386 2164 quae
1401 2119 1505 2152 etiam
1526 2118 1684 2151 moribus
1703 2125 1839 2151 nocent.
1893 2117 1981 2150 Nam
2009 2118 2089 2150 illae

1099 2169 1314 2216 hyperbolae
1345 2169 1544 2203 Stoicorum
1570 2176 1652 2202 sunt
1687 2169 1836 2201 omnino
1858 2166 2088 2213 Sophisficae,

1099 2222 1227 2254 bonam
1247 2220 1506 2258 valetudinem,
1539 2231 1621 2263 opes
1638 2227 1670 2253 et
1692 2219 1820 2252 similia
1842 2232 1913 2252 non
1933 2231 2003 2252 esse
2025 2219 2088 2251 ho-

1100 2285 1156 2307 na.
1215 2270 1463 2305 Commentitia
1478 2278 1529 2304 est
1546 2278 1578 2304 et
1595 2267 1776 2311 ἅπάθεια,
1808 2270 1893 2303 falsa
1919 2278 1951 2303 et
1969 2270 2088 2313 perni-

1099 2323 1190 2356 ciosa
1213 2322 1335 2366 opinio
1358 2323 1401 2355 de
1423 2322 1505 2357 fato.
1562 2320 1739 2365 Epicurus
1763 2333 1835 2354 non
1859 2318 2087 2364 philosopha-

1100 2381 1175 2414 tur,
1203 2374 1260 2406 sed
1277 2379 1475 2411 scurratur‚
1503 2385 1582 2406 cum
1598 2373 1745 2405 affirmat
1764 2372 1882 2405 omnia
1904 2383 1983 2404 casu
2000 2371 2088 2404 exti-

1100 2425 1196 2458 tisse:
1224 2424 1315 2458 tollit
1332 2423 1481 2467 primam
1504 2436 1660 2463 causam,
1689 2430 1721 2457 et
1737 2423 1898 2455 dissentit
1915 2422 1951 2455 in
1974 2429 2085 2456 totuin

1097 2489 1115 2509 a
1147 2487 1228 2508 vera
1259 2472 1490 2519 Physicorum
1525 2472 1697 2508 doctrina.
1764 2473 1945 2516 Fugienda
1975 2480 2025 2506 est
2054 2479 2087 2505 et

1098 2525 1309 2565 Academia,
1337 2538 1425 2570 quae
1444 2537 1514 2558 non
1531 2532 1646 2559 servat
1673 2523 1899 2565 methodum,
1923 2530 1958 2557 et
1980 2523 2086 2556 sumit

1097 2577 1162 2610 sibi
1199 2576 1375 2609 licentiam
1419 2575 1685 2609 immoderatam
1730 2575 1846 2609 omnia
1888 2573 2086 2607 evertendi:

1636 2627 1700 2659 hos
1731 2637 1868 2659 necesse
1898 2632 1947 2657 est
1978 2623 2084 2655 multa

1557 2678 1770 2723 Quanquam
1803 2677 1831 2709 is
1869 2675 1927 2720 qui
1963 2675 2086 2707 ducem
