2338 2958
97 132 171 170 598

95 217 267 259 fastigium
284 214 379 248 orbis
396 220 566 248 terrarum
583 221 736 248 evectum
756 227 845 255 esse,
873 228 935 248 nec
951 215 978 248 is
998 222 1075 248 tan-

96 275 166 300 tum
185 266 367 299 autoritate
384 265 571 304 antecellit,
594 266 650 297 scd
670 265 771 298 etiam
786 266 965 309 sapientia,
990 276 1075 296 con-
1098 299 1099 302 Ἴ

1097 315 1102 324 ⁴
1126 318 1196 344 tota
1215 310 1270 344 hic
1286 312 1422 344 recitari
1442 325 1511 344 non
1529 321 1648 356 potest.
1688 314 1817 360 Estque
1834 330 1957 350 arcana
1975 325 2005 351 et
2025 331 2105 362 pro-

95 317 191 355 silio,
218 314 414 356 vigilantia,
449 315 668 354 assiduitate,
703 323 735 348 et
761 316 796 348 in
820 315 1073 358 gubernatione

93 363 227 408 imperii
249 364 377 396 invicto
400 365 517 397 animo
537 365 666 408 perfert
684 365 838 405 labores,
865 367 992 409 quibus
1008 362 1074 397 hu-

91 425 191 447 mana
209 420 353 453 natura,
381 414 456 447 sine
474 413 537 447 Dei
561 426 641 457 ope,
669 427 732 457 par
753 426 823 448 esse
849 427 919 447 non
945 420 1073 458 potest:

92 462 184 496 hunc
201 464 322 496 ducem
343 463 474 507 publici
492 465 628 497 consilii
649 464 831 497 intuentur
855 471 1012 506 senatus,
1041 470 1074 497 et

90 513 349 557 provinciarum
367 521 515 547 rectores
531 521 604 547 toto
621 514 704 547 orbe
721 521 902 547 terrarum.
957 512 998 546 ln
1017 511 1072 545 his

90 563 291 596 multi'sunt
308 563 372 595 viri
391 564 595 597 excellentes
613 564 751 602 virtute,
779 571 811 597 et
826 563 972 603 utiliter,
1001 563 1071 596 imo

90 612 260 646 divinitus
277 625 354 645 cum
371 613 406 645 in
425 620 523 656 toga,
553 621 624 646 tum
643 613 677 645 in
695 613 800 645 armis
819 611 990 645 humanae
1015 624 1071 645 so-

90 662 203 695 cietati
222 663 420 703 servientes,
445 669 578 696 tuentes
594 662 828 705 disciplinam,
855 662 1072 706 pudicitiam,

90 712 275 749 iustitiam,
315 725 442 756 pacem.
495 712 590 754 Quid
615 710 682 744 boc
706 712 851 755 collegio
878 711 1070 756 pulchrius,

90 762 174 805 quid
200 759 253 795 his
275 762 453 795 laboribus
469 762 624 794 divinius
642 762 786 804 cogitari
806 765 943 806 potest?

192 826 263 860 lam
282 839 300 860 e
316 828 456 870 regione
480 828 616 861 intuere
634 826 839 872 Apostolos,
865 830 924 874 qui
944 829 1069 872 passim

89 884 278 920 vagantur,
304 878 398 910 velut
412 877 519 910 ociosi
533 876 708 919 Errones,
736 891 800 911 nec
815 879 924 912 ullam
941 877 1069 912 hahent

89 935 215 960 certam
233 928 347 959 sedem
371 925 508 960 scholae
524 939 622 968 suae,
650 941 751 973 quam
776 935 954 973 tantopere
974 941 1069 971 prae-

88 977 224 1015 dicant,
251 974 449 1010 distrahunt
475 975 658 1010 homiuum
679 979 891 1019 voluntates,
918 980 1070 1023 denique

88 1027 242 1058 confecto
263 1027 381 1070 aliquo
407 1028 602 1067 curriculo,
627 1035 790 1072 tanquam
813 1030 937 1062 deserti
961 1041 977 1061 a
998 1029 1068 1062 Deo

88 1075 360 1109 interficiuntur.
417 1076 487 1110 Nec
514 1084 647 1111 tantum
673 1079 825 1121 potentia
850 1077 931 1111 huic
955 1079 1069 1111 coetui

88 1127 199 1166 deest,
226 1127 283 1158 sed
308 1127 411 1159 etiam
431 1127 507 1167 illa,
535 1139 622 1171 quae
646 1128 793 1160 maxime
809 1128 929 1161 divina
953 1128 1070 1162 existi-

87 1182 244 1214 mantur,
271 1176 456 1216 autoritas,
482 1179 590 1216 ordo,
617 1189 816 1218 consensus,
843 1178 923 1223 quia
943 1180 1070 1211 desunt

87 1226 208 1265 duces,
235 1237 306 1257 non
332 1233 414 1259 sunt
434 1228 562 1269 gradus
585 1228 874 1270 gubernatorum,
901 1228 985 1261 socii
1004 1228 1069 1271 ipsi

87 1275 238 1308 distracti
256 1288 326 1308 non
351 1277 436 1309 locis
451 1283 605 1317 tantum,
635 1278 693 1310 sed
709 1278 811 1310 etiam
830 1278 1069 1321 opinionIbus.

186 1339 275 1373 Cum
296 1341 400 1382 igitur
417 1341 518 1383 longe
536 1339 715 1384 pulchrior
731 1342 775 1375 sit
790 1343 901 1375 forma
916 1341 1070 1376 Romani

89 1396 245 1431 senatus,
282 1402 385 1434 quam
411 1389 606 1431 Ecclesiae,
646 1392 748 1424 multi
777 1393 958 1432 dubitant,
995 1400 1070 1426 uter

87 1447 203 1473 coetus
226 1438 301 1472 Deo
325 1440 466 1483 proprie
489 1441 621 1473 dicatus
645 1441 698 1475 sit.
761 1441 828 1475 Sed
854 1442 974 1482 nobis,
1010 1443 1070 1487 qui

88 1501 203 1522 veram
228 1497 261 1523 et
286 1496 487 1533 perpetuam
509 1491 550 1523 de
574 1490 647 1523 Deo
674 1492 870 1524 doctrinam
895 1499 1068 1532 tenemus,

87 1538 170 1572 haec
189 1539 392 1573 diiudicatio
420 1552 492 1572 non
513 1540 664 1572 difficilis
688 1548 747 1575 est.
800 1541 937 1574 Scimus
955 1541 1069 1574 Deum

87 1601 151 1631 pro
176 1601 236 1623 sua
261 1590 428 1622 immensa
453 1589 626 1630 bonitate,
657 1597 696 1624 ut
716 1597 940 1624 conservetur
961 1602 1069 1634 genus

87 1637 292 1678 humanum,
318 1639 528 1672 constituere
551 1639 707 1683 imperia,
733 1647 764 1673 et
783 1638 849 1673 hoc
865 1641 969 1673 decus
986 1640 1070 1673 alias

87 1689 164 1722 aliis
182 1689 342 1731 gentibus
362 1689 515 1728 tradere,
542 1695 581 1722 ut
600 1689 637 1722 in
656 1687 720 1722 hac
744 1690 817 1734 ipsa
840 1690 1068 1734 imperiorum

85 1739 279 1772 mutatione
297 1739 456 1772 ostendat
472 1751 507 1772 se
522 1739 655 1773 bonum
673 1747 706 1773 et
723 1740 853 1773 iustum
870 1751 959 1781 esse,
985 1752 1071 1773 con-

87 1789 199 1822 sulere
215 1789 305 1822 vitae
328 1786 532 1830 hominum,
558 1795 591 1823 et
615 1790 818 1834 tyrannides
844 1801 882 1823 ac
904 1790 1070 1823 libidines

86 1850 223 1882 punire.

187 1900 378 1936 Ecclesiam
395 1914 477 1936 vero
494 1914 582 1948 quae
596 1903 709 1946 ipsum
728 1914 807 1936 vere
826 1902 976 1940 invocat,
1001 1902 1070 1935 mi-

87 1953 191 1987 rabili
210 1953 357 1986 consilio
381 1953 457 1986 vult
481 1952 680 1995 ingentibus
698 1953 873 1986 aerumnis
891 1953 1000 1996 premi
1018 1959 1071 1985 at-

87 2016 154 2049 que
174 2003 336 2037 exerceri.
387 2000 433 2037 Et
451 2003 580 2036 multae
597 2009 678 2035 sunt
695 2014 825 2035 causae.
877 2002 984 2036 Novit
1000 2001 1069 2035 Ec-

87 2054 188 2087 clesia
207 2065 312 2097 quare
329 2065 437 2095 genus
452 2050 647 2085 humanum
665 2052 770 2088 morti
789 2059 819 2085 et
836 2053 913 2085 aliis
929 2052 1069 2085 calami—

88 2104 218 2138 tatibus
235 2103 429 2136 subiectum
446 2103 508 2140 sit,
535 2103 691 2145 agnoscit
716 2103 802 2135 iram
821 2101 885 2135 Dei
905 2104 1070 2136 adversus

88 2153 189 2186 vitia:
218 2160 250 2186 et
265 2159 304 2186 ut
318 2159 480 2195 agnoscat
495 2153 705 2185 admonetur
720 2153 861 2185 duriore
875 2151 1067 2195 disciplina.

88 2202 227 2236 Deinde
247 2200 310 2235 hae
333 2203 426 2246 ipsae
451 2213 639 2235 aerumnae
655 2209 736 2235 sunt
752 2202 892 2235 evidens
915 2202 1068 2234 testimo-

89 2253 187 2285 nium
206 2253 247 2284 de
266 2253 541 2286 immortalitate:
570 2252 665 2285 videt
684 2251 813 2284 Paulus
832 2251 966 2284 Tiberii
988 2264 1068 2295 poe-

89 2313 152 2336 nas
169 2302 322 2341 differri,
348 2301 442 2335 videt
467 2301 627 2342 Petrum,
655 2313 757 2346 quem
776 2301 849 2335 Deo
872 2313 974 2334 curae
999 2313 1069 2334 esse

89 2358 182 2386 certo
208 2358 439 2395 compererat,
473 2352 630 2384 interfici.
690 2351 822 2385 Statuit
847 2351 953 2393 igitur
974 2349 1068 2384 haud

89 2402 196 2436 dubie
212 2408 340 2435 restare
362 2401 464 2434 aliam
482 2401 608 2441 vitam,
635 2401 671 2433 in
689 2413 757 2446 qua
772 2401 875 2434 bonis
892 2401 1071 2435 dabuntur

89 2452 262 2496 praemia,
295 2451 395 2494 impii
415 2450 610 2484 afficientur
632 2451 729 2484 iustis
751 2452 882 2495 poeniS.
943 2450 1070 2485 Statuit

89 2502 172 2535 item
189 2513 297 2545 genus
319 2498 514 2533 humanum
537 2512 610 2533 non
630 2501 672 2533 ad
690 2499 780 2535 hanc
798 2502 938 2534 brevem
961 2508 993 2534 et
1016 2502 1071 2534 su-

91 2563 207 2594 gacem
223 2551 331 2583 vitam
358 2551 537 2585 conditum
560 2561 651 2591 esse,
678 2553 737 2584 sed
755 2552 795 2584 ad
821 2550 1072 2591 aeternitatem,

90 2600 152 2633 ubi
170 2601 304 2634 fruetur
324 2600 390 2634 Dei
413 2607 618 2645 conspectu,
645 2612 747 2645 quem
772 2602 957 2645 praecipue
979 2601 1071 2634 bona

90 2661 189 2683 mens
204 2651 344 2694 appetit.

143 2703 318 2733 Mamm.
336 2703 440 2733 Orsa.
456 2702 537 2733 Vm..
553 2701 613 2733 ΧῙ.

788 129 945 166 DECL.
994 126 1066 164 DE
1099 126 1422 165 AMBROSIO.

2036 134 2110 170 594

1229 212 1296 246 Sed
1326 211 1408 246 haec
1435 214 1641 256 disputatio,
1681 227 1742 248 cur
1773 217 1884 250 maior
1915 219 2022 251 moles
2051 232 2107 252 ae-

1127 274 1333 295 rumnarum
1365 261 1537 295 Ecclesiae
1574 266 1683 307 posita
1714 267 1775 303 sit,
1819 280 1921 311 quam
1951 270 2105 310 caeteris,

1125 362 1200 404 pria
1218 362 1324 394 solius
1341 373 1440 394 verae
1458 360 1630 396 Ecclesiae
1647 366 1792 407 sapienti
1807 380 1831 403 ι,
1861 368 1975 409 ignota
1993 377 2104 401 caete-

1124 410 1191 449 ris,
1218 419 1256 443 ut
1276 423 1378 454 supra
1404 411 1534 443 dictum
1555 420 1614 447 est.
1666 414 1742 446 Nm
1770 416 1874 458 igitur
1896 417 2103 462 symmache

1124 460 1348 493 desciscimus
1373 473 1391 492 a
1419 460 1509 500 Deo,
1535 474 1605 493 non
1629 463 1811 498 abiicirnus
1836 465 1900 499 hoc
1925 469 2104 501 doctrinae

1124 522 1250 553 genus,
1278 509 1410 542 etiamsi
1435 511 1544 543 maior
1559 518 1609 544 est
1632 513 1838 555 multitudo,
1866 529 1952 559 quae
1969 518 2104 551 dissen-

1123 561 1182 598 tit,
1216 559 1348 592 etiamsi
1379 560 1486 602 magis
1510 560 1637 593 florent
1665 563 1723 594 alii
1748 564 1855 605 gloria
1881 566 2038 609 imperii,
2071 575 2103 601 et

1123 610 1259 654 opibus.
1312 608 1386 641 Hae
1406 621 1478 642 non
1497 617 1574 642 sunt
1594 618 1694 644 notae
1714 615 1871 656 propriae
1889 617 2006 657 populi
2024 617 2102 650 Dei:

1123 672 1162 692 ex
1181 660 1258 692 aliis
1278 659 1486 692 testimoniis
1505 660 1672 692 iudicium
1692 663 1887 695 faciendum
1908 673 1967 697 est.

1220 724 1314 758 Dtnn
1329 724 1478 757 Senatus
1504 723 1685 758 Romanus
1710 729 1838 760 multos
1860 730 1942 762 deos
1958 732 2023 762 coli
2049 732 2102 763 in-

1122 775 1197 814 bet,
1225 776 1307 806 dum
1332 774 1466 816 ignorat
1485 775 1588 807 unius
1610 778 1741 809 aeterni
1760 777 1826 810 Dei
1843 780 2035 812 doctrinam
2058 784 2102 813 ab

1122 824 1224 857 initio
1242 824 1403 857 traditam
1429 825 1545 866 generi
1571 823 1742 866 humano,
1778 829 1861 860 duni
1886 830 1975 862 ridet
1991 830 2100 862 filium

1122 874 1201 913 Dei,
1227 885 1299 906 non
1317 880 1427 916 potest
1444 885 1514 906 esse
1532 875 1680 916 populus
1696 875 1772 911 Dei.
1813 877 1848 909 ld
1870 885 1904 911 ut
1922 880 2006 911 olim
2024 892 2101 912 coe-

1124 925 1266 957 lestibus
1298 924 1405 965 signis
1425 922 1629 968 Babylonici
1655 925 1766 967 Reges
1795 935 1824 960 et
1850 927 1976 961 Persici
2007 941 2101 962 com-

1121 980 1303 1017 pererunt,
1331 973 1390 1016 qui
1415 973 1515 1005 etiam
1534 975 1696 1016 opulenta
1718 988 1820 1016 regna
1845 980 2023 1011 tenebant:
2054 979 2100 1012 ita

1122 1035 1233 1066 nuper
1249 1030 1493 1066 compererunt
1512 1023 1559 1065 pii
1580 1023 1757 1067 Principes
1773 1026 2039 1068 Constantinus,
2067 1036 2101 1061 et

1121 1071 1352 1106 Theodosius.
1412 1072 1457 1104 Hi
1481 1074 1581 1105 nobis
1607 1080 1707 1106 testes
1732 1084 1811 1108 sunt
1835 1078 2099 1110 multitudinem

1122 1123 1217 1155 illam
1246 1123 1401 1168 ignaram
1427 1120 1628 1165 Evangelii,
1667 1131 1698 1156 et
1726 1128 2009 1170 contemptricem
2038 1128 2101 1160 filii

1121 1172 1204 1210 Dei,
1228 1185 1298 1204 non
1316 1170 1388 1213 esse
1408 1173 1574 1215 populum
1592 1172 1667 1205 Dei.

1221 1229 1367 1272 Propria
1385 1241 1466 1261 vero
1482 1227 1656 1262 Ecclesiae
1677 1231 1786 1272 gloria
1810 1239 1859 1265 est
1880 1233 1914 1265 in
1940 1232 2002 1267 hac
2019 1235 2100 1275 vita,

1120 1291 1199 1311 vera
1211 1277 1275 1311 Dei
1293 1279 1434 1321 agnitio,
1458 1279 1643 1317 invocatio,
1669 1282 1835 1323 professio
1854 1295 1952 1316 verae
1969 1286 2101 1317 doctri—

1120 1341 1204 1368 nae,
1237 1329 1453 1362 conservatio
1487 1337 1652 1372 perpetua
1677 1328 1868 1371 Ecclesiae,
1904 1334 2037 1366 etiamsi
2064 1335 2099 1367 in

1121 1379 1236 1422 aliqua
1263 1379 1418 1411 membra
1436 1379 1605 1417 saevitur,
1632 1381 2045 1421 magnitudoanimorum
2063 1384 2101 1416 in

1122 1429 1301 1461 vincendis
1330 1428 1495 1460 omnibus
1526 1429 1716 1469 illecebris,
1751 1437 1784 1463 et
1812 1432 2102 1467 terriculamentis

1122 1478 1254 1521 impiis:
1282 1478 1451 1510 virtutum
1470 1478 1657 1511 multarum
1669 1480 1782 1517 decus,
1808 1481 1842 1512 iu
1859 1482 1985 1525 quibus
2002 1495 2102 1526 prae-

1121 1528 1230 1560 sentia
1248 1526 1310 1559 Dei
1331 1527 1495 1560 cernitur.

1222 1583 1316 1616 Haec
1332 1585 1401 1616 sere
1418 1591 1509 1623 sunt,
1537 1596 1624 1628 quae
1640 1587 1681 1617 ad
1693 1586 1893 1630 Symmachi
1911 1590 2102 1623 calumnias

1121 1635 1394 1677 respondentur,
1422 1646 1509 1678 quae
1535 1636 1709 1671 recensui,
1738 1637 1817 1680 quia
1834 1639 1876 1669 ad
1902 1640 2009 1672 bonas
2025 1641 2101 1683 opi-

1122 1684 1243 1716 niones
1259 1684 1514 1716 confirmandas
1538 1685 1572 1716 in
1591 1686 1715 1717 animis
1734 1683 1837 1719 huius
1855 1688 2101 1731 disputationis

1121 1734 1283 1776 cogitatio
1310 1734 1458 1766 multum
1478 1735 1653 1769 conducit.
1706 1734 1896 1780 Reliquum
1922 1751 2015 1772 nunc
2041 1747 2102 1780 est,

1122 1790 1159 1816 ut
1174 1785 1215 1815 de
1233 1782 1408 1815 Ambrosii
1427 1790 1537 1816 morte
1553 1784 1719 1819 dicamus.

1224 1840 1371 1873 Deflevit
1406 1839 1613 1873 Ambrosius
1646 1839 1838 1874 Theodosii
1878 1843 2101 1889 Imperatoris

1121 1897 1267 1924 mortem
1284 1890 1514 1923 acerbissimis
1532 1888 1728 1935 lachrymis,
1754 1904 1824 1924 non
1844 1896 1934 1937 quod
1951 1896 2101 1929 arbitra-

1122 1948 1217 1975 retur
1233 1952 1310 1973 cum
1329 1940 1389 1971 illo
1411 1941 1498 1972 male
1519 1948 1631 1972 actum
1649 1952 1739 1979 esse,
1766 1944 1822 1974 sed
1843 1946 1935 1987 quod
1963 1958 2100 1988 praesa-

1121 1991 1236 2033 giebat
1251 1990 1400 2023 extincto
1419 1990 1477 2021 illo
1498 1992 1638 2023 custode
1661 1992 1819 2033 publicae
1839 1994 1947 2035 pacis,
1975 1997 2100 2028 barba-

1123 2042 1209 2073 ricas
1238 2048 1355 2083 gentes
1386 2041 1455 2072 fato
1485 2041 1635 2083 quodam
1670 2041 1794 2073 excitas
1820 2055 1836 2074 e
1865 2044 1935 2075 suis
1960 2047 2099 2078 sedibus

1122 2091 1368 2124 ‹lilaceraturas
1407 2101 1477 2122 esse
1508 2089 1709 2123 Romanum
1749 2091 1945 2135 imperium.
2008 2094 2099 2128 Hinc

1122 2140 1248 2174 Franci
1276 2139 1402 2172 Galliis
1432 2140 1527 2181 signa
1562 2140 1769 2180 intulerant3
1814 2140 1940 2175 isthinc
1971 2143 2098 2177 Gotthi

1121 2199 1148 2223 et
1170 2190 1293 2223 Heneti
1313 2189 1772 2232 pervastarantPannonias,
1801 2190 1999 2234 Thraciam,
2023 2195 2098 2228 §la-

1121 2241 1314 2273 codonium.

1220 2298 1374 2339 Lugebat
1395 2297 1500 2339 igitur
1516 2297 1567 2329 vir
1584 2297 1736 2340 optimus
1753 2306 1782 2331 et
1796 2298 1968 2343 Rempub.
1985 2308 2016 2334 et
2033 2300 2099 2334 Ec-

1122 2349 1258 2385 clesias,
1286 2348 1425 2379 videbat
1443 2358 1600 2388 magnam
1624 2347 1815 2380 vastitatem
1839 2350 1911 2381 sore
1926 2348 2100 2385 Ecclesia-

1122 2411 1220 2435 rum,
1257 2397 1438 2430 interitura
1473 2408 1542 2428 esse
1574 2397 1688 2429 studia
1720 2398 1916 2439 literarum,
1949 2402 2100 2446 denique

1122 2456 1313 2483 secuturam
1351 2446 1521 2478 infinitam
1557 2447 1770 2487 barbariem,
1814 2456 1845 2482 et
1881 2451 2101 2483 confusiones

1122 2509 1230 2532 novas
1258 2497 1486 2539 religionum,
1520 2497 1610 2540 quod
1645 2497 1844 2531 barbaricae
1875 2499 1953 2532 illae
1985 2509 2102 2542 gentes

1123 2548 1249 2594 partim
1281 2547 1435 2579 odissent
1461 2558 1589 2579 nomen
1614 2544 1764 2585 Christi,
1799 2549 1923 2591 partim
1958 2550 2100 2583 infectae

1125 2605 1234 2633 essent
1257 2596 1510 2630 haereticorum
1528 2596 1669 2630 delitiis.
1725 2597 1838 2631 Multa
1864 2599 1969 2641 igitur
1987 2601 2101 2643 quoti-

1125 2650 1181 2684 die
1196 2659 1276 2682 suos
1291 2647 1452 2681 monebat
1466 2673 1474 2686 ‚
1503 2644 1707 2679 hortabatur
1724 2654 1760 2680 ut
1779 2648 1903 2691 pietate
1926 2649 2102 2682 flecterent

1622 2696 1668 2730 58
