2338 2958
9 105 11 116 ⁴
59 132 129 168 761

56 228 129 251 esse
152 223 185 250 et
211 214 408 250 testimonia
427 226 568 249 suarum
587 214 882 259 promissionum,
907 221 940 249 et
959 226 1045 247 con·

54 265 215 302 fessionis
231 271 370 298 nostrae
389 265 498 309 signa.

156 323 311 367 Agnosci
343 323 451 366 igitur
482 321 657 364 Ecclesia,
691 323 849 356 exaudiri
881 329 915 356 et
946 322 1043 356 cerni

49 381 183 421 potest,
215 374 296 419 quia
320 385 428 417 genus
451 374 631 407 doctrinae
654 371 759 407 habet
783 381 933 411 certum,
969 381 1042 407 tra-

51 426 164 460 ditum
189 436 207 457 a
225 424 300 457 Deo
324 437 385 469 per
401 422 612 468 Prophetas,
636 422 817 458 Christum
837 431 869 457 et
886 422 1041 467 Aposto-

50 476 124 516 los,
150 482 183 509 et
201 476 287 508 ritus
308 473 412 508 habet
430 475 648 509 incurrentes
667 475 702 507 in
721 475 851 510 oculos.
906 475 957 508 Ac
974 473 1039 507 Dei

50 526 221 561 beneficio
245 538 339 559 nunc
362 538 435 558 non
458 537 547 570 opus
565 533 613 559 est
629 526 752 569 procul
769 537 842 557 eam
859 536 1038 569 quaerere.

49 576 93 611 ln
118 573 184 609 hoc
203 583 325 609 nostro
343 588 521 617 consessu,
546 576 582 608 in
601 576 724 609 vestris
740 576 902 614 familiis,
930 575 1038 618 pagis,

48 627 209 672 oppidis,
236 626 358 660 scitote
378 639 458 660 vere
475 625 667 660 Ecclesiam
683 625 749 659 Dei
774 637 862 667 esse,
889 626 970 671 quia
989 626 1037 658 ibi

48 685 99 712 est
121 675 309 720 Evangelii
339 677 590 711 ministerium:
624 688 688 709 nec
721 676 899 717 dubitate,
935 676 972 708 in
997 689 1036 710 eo

46 740 197 763 numero
230 728 366 773 aliquos
397 739 469 761 esse
493 727 621 760 electos
645 727 688 759 ad
716 727 821 760 vitam
848 734 1037 768 aeternam,

47 780 109 825 qui
136 791 230 812 nunc
252 790 393 824 quoque
416 789 495 821 pars
520 783 603 810 sunt
627 778 701 811 eius
729 777 959 821 posteritatis,
994 779 1037 811 de

4 834 5 837 ’
47 842 115 875 qua
138 829 268 863 dicitur
292 829 327 861 in
343 827 464 861 Esaia:
491 827 645 872 Spiritus
668 839 766 861 meus
791 828 851 873 qui
873 829 973 861 estin
993 835 1036 870 te,

3 902 7 916 .=
46 888 81 914 et
104 880 209 913 verba
235 891 309 912 mea
333 891 421 924 quae
442 885 524 912 sunt
546 879 583 912 in
600 890 661 912 ore
678 885 756 920 tuo,
783 890 856 912 non
874 881 1036 913 recedent

4 970 5 976 ἵ
44 932 90 965 ab
107 942 168 964 ore
182 929 395 975 posteritatis
410 936 502 966 tuae.

148 987 289 1022 Gratias
306 989 415 1033 igitur
429 1001 571 1033 agamus
581 988 675 1031 Deo,
705 991 798 1036 quod
815 989 975 1034 patefecit
989 1001 1036 1028 se,

44 1039 142 1085 quod
180 1040 430 1084 promissiones
463 1041 627 1082 tradidit,
671 1043 765 1086 quod
801 1053 920 1075 earum
951 1052 1036 1074 voce

43 1102 182 1135 semper
203 1098 379 1124 aeternam
399 1089 591 1124 Ecclesiam
616 1092 681 1124 sibi
700 1091 844 1134 colligit.
896 1090 1035 1124 Deinde

43 1142 139 1186 quod
163 1142 315 1175 ostendit
339 1141 401 1175 ubi
419 1141 464 1174 sit
482 1141 540 1174 illa
557 1139 734 1182 Ecclesia,
761 1154 867 1187 quam
885 1154 964 1175 vere
979 1142 1034 1174 di-

43 1192 140 1234 ligit,
169 1199 203 1225 et
226 1199 364 1226 aeterna
381 1192 492 1235 gloria
507 1199 698 1226 ornaturus
715 1200 784 1233 est,
811 1200 843 1226 et
863 1204 926 1225 nos
942 1193 1035 1236 ipsos

41 1243 87 1276 ad
103 1239 208 1276 huius
226 1240 402 1276 Ecclesiae
420 1243 620 1277 societatem
638 1244 787 1279 vocavit.
841 1242 1034 1283 Postremo,

41 1293 138 1338 quod
165 1294 327 1327 adfirmat
359 1305 495 1337 semper
523 1294 628 1328 talem
659 1301 794 1328 coetum
807 1321 816 1335 ,
851 1293 1033 1327 doctrinae

2 1384 3 1389 1
41 1344 221 1377 custodem
238 1344 275 1375 in
293 1341 359 1376 hoc
378 1345 512 1377 mundo
531 1356 737 1378 mansurum
756 1357 838 1379 esse.

143 1400 240 1434 Haec
256 1402 411 1444 ingentia
427 1402 594 1435 beneficia
611 1415 831 1446 opponamus
845 1403 1034 1443 aerumnis,

41 1452 171 1497 quibus
204 1453 402 1485 communis
433 1450 619 1485 hominum
654 1460 778 1486 natura
810 1454 847 1486 in
874 1451 938 1486 hac
963 1454 1032 1486 vita

39 1509 135 1536 certo
153 1502 217 1536 Dei
245 1503 391 1536 consilio
417 1510 558 1536 onerata
578 1511 645 1544 est,
674 1504 710 1536 in
728 1505 856 1548 quibus
875 1516 947 1536 non
964 1504 1034 1536 ira-

40 1553 320 1586 scamuriudicio
334 1553 458 1596 ipsius,
481 1555 539 1586 sed
553 1555 702 1598 quadam
715 1555 957 1587 moderatione
968 1555 1033 1586 do-

37 1603 126 1637 loris
142 1611 359 1647 expectemus
378 1604 634 1647 mitigationem
653 1611 686 1637 et
703 1605 964 1638 liberationem.

142 1669 212 1704 Sed
234 1671 433 1715 quomodo,
461 1670 620 1716 inquies,
645 1682 811 1704 mansura
835 1678 885 1705 est
908 1669 1032 1704 Eccle-

38 1722 108 1759 sia,
152 1732 232 1754 cum
271 1728 388 1755 tantae
425 1721 497 1755 sint
536 1733 724 1764 regnorum
759 1722 971 1756 mutationes
999 1729 1032 1755 et

36 1771 186 1805 ruinae?
211 1771 272 1804 ubi
301 1771 548 1804 florentissima
573 1772 641 1805 suit
657 1773 693 1804 in
712 1772 834 1817 Syria,
863 1772 898 1804 in
917 1771 1031 1817 Aegy-

37 1829 118 1866 pto,
152 1821 189 1853 in
215 1820 318 1861 Asia,
354 1833 450 1854 nunc
481 1822 684 1855 dominatur
715 1823 823 1866 impia
858 1824 1028 1867 quaedam

37 1871 239 1911 barbaries,
276 1871 418 1904 inimica
444 1871 516 1904 filio
539 1871 617 1905 Dei.
677 1870 915 1913 cohorresco,
950 1885 1029 1906 cum

37 1922 99 1956 illa
123 1922 279 1966 exempla
302 1922 434 1964 cogito,
461 1933 550 1967 qnae
575 1923 855 1968 magnitudinem
876 1923 947 1956 irae
963 1922 1028 1956 Dei

37 1973 241 2007 ostendunt.
294 1971 363 2006 Sed
391 1970 458 2006 hoc
482 1972 597 2016 ipsum
619 1984 720 2017 saepe
737 1973 908 2016 praedixit
922 1973 1030 2016 Deus,

36 2035 113 2057 non
137 2034 210 2056 esse
233 2029 360 2056 certam
377 2023 415 2054 in
434 2022 513 2056 allis
528 2023 684 2066 imperiis
702 2024 817 2055 sedem
835 2021 1028 2057 Ecclesiae:

36 2074 145 2120 idque
168 2085 210 2107 eo
233 2073 423 2118 praedixit,
451 2080 490 2107 ut
514 2073 665 2107 sciamus
688 2073 784 2106 aliud
804 2084 877 2106 esse
901 2075 1028 2108 mundi

36 2124 202 2169 imperia,
243 2123 340 2157 aliud
366 2121 559 2157 Ecclesiam
586 2122 652 2157 Dei
680 2131 713 2158 et
748 2135 867 2157 causas
901 2122 1027 2159 harum

35 2186 287 2209 aerumnarum
304 2175 505 2218 cogitemus,

139 2232 264 2268 Servat
280 2231 375 2266 Deus
389 2231 583 2266 Ecclesiam
607 2244 704 2266 suam
723 2233 826 2267 etiam
846 2232 937 2268 inter
953 2235 1027 2269 rui-

35 2296 99 2318 nas
121 2283 364 2328 imperiorum.
417 2282 630 2329 Ubicunque
647 2284 768 2317 audies
785 2283 1025 2330 incorruptam

34 2332 221 2377 Evangelii
245 2346 387 2374 vocem,
413 2334 464 2367 ibi
488 2341 520 2368 te
544 2335 673 2367 versari
700 2335 736 2367 in
753 2333 908 2368 Ecclesia
931 2343 1024 2370 certo

34 2392 184 2424 statuas,
219 2384 291 2417 sive
315 2385 412 2418 sedes
436 2385 480 2418 sit
506 2384 542 2418 in
568 2386 690 2429 politia
715 2386 925 2430 tranquilla,
953 2387 1025 2420 sive

33 2436 72 2470 in
111 2435 313 2480 perturbata
347 2441 408 2469 aut
434 2447 598 2479 oppressa
627 2436 804 2470 servitute.
875 2435 1022 2470 Causam

33 2493 150 2521 autem
175 2485 426 2530 migrationum
454 2497 517 2519 nos
542 2486 726 2531 praecipue
751 2487 1024 2529 consideremus,

34 2549 114 2571 cum
135 2537 249 2570 studia
274 2537 519 2580 negliguntur,
546 2544 579 2570 et
603 2536 649 2571 ita
671 2537 806 2571 laxatur
826 2538 1023 2582 disciplina,

33 2594 68 2622 et
89 2587 278 2631 impunitas
296 2594 347 2621 est
362 2586 532 2621 scelerum
544 2614 553 2627 ‚
581 2594 613 2621 et
631 2588 732 2621 multi
750 2595 810 2622 aut
830 2589 946 2632 pravis
961 2601 1022 2623 cu-

31 2637 240 2682 piditatibus
262 2644 466 2682 praetexunt
483 2636 736 2681 liv-angelium,
764 2646 823 2672 aut
840 2639 934 2672 idola
951 2647 1021 2674 sta-

254 128 413 166 DECL.
445 126 519 164 DE
552 127 907 165 DISCRIMINE
940 126 1264 164 ECCLESIAE
1300 128 1398 164 DEI
1433 129 1507 166 ET
1536 130 1651 168 IMP.
1686 131 1888 172 MUNDI.

2007 135 2081 172 762

1096 222 1268 258 quaerunt
1288 216 1479 259 potentiam
1498 224 1558 250 3111
1577 218 1783 262 voluptates.
1837 218 1932 254 Deus
1952 221 2079 255 vindex

1095 261 1326 299 horribilibus
1354 268 1476 309 poenis
1501 269 1652 302 declarat
1676 270 1763 302 iram
1785 282 1900 312 suam,
1933 278 1971 304 ut
1993 273 2077 305 dicit

1093 314 1182 357 ipse:
1225 314 1318 348 Deus
1350 324 1430 349 tuus
1459 319 1548 360 ignis
1576 331 1784 354 consumens
1814 328 1875 357 est.
1938 322 2077 364 Singuli

1093 365 1201 406 igitur
1232 377 1312 399 snos
1342 379 1455 399 mores
1488 369 1689 409 diligentius
1716 381 1854 414 regant,
1887 379 1920 405 et
1945 373 2078 406 maiore

1093 427 1175 448 cura
1200 427 1300 448 suum
1326 417 1472 460 quisque
1494 419 1646 451 officium
1669 421 1780 456 saciat.
1834 422 1935 456 Nunc
1960 430 2076 457 antem

1091 466 1132 498 ad
1156 473 1314 499 nostrum
1338 468 1497 499 ordinem
1522 466 1605 501 hacc
1629 472 1748 504 concio
1767 473 1950 516 praecipue
1969 471 2078 507 habe-

1090 522 1165 556 tur,
1193 516 1253 561 qui
1279 517 1521 551 difficillimam
1549 531 1620 550 rem
1649 520 1681 552 111
1709 528 1778 555 tota
1801 521 1984 556 hominum
2006 524 2075 557 vita

1089 568 1322 607 administrat,
1342 568 1469 602 scilicet
1480 570 1769 611 gubernationem
1782 571 1969 613 Ecclesiae,
1989 586 2076 619 quae

1092 624 1125 651 et
1155 618 1336 651 doctrinae
1366 619 1632 663 explicationem
1664 628 1696 655 et
1729 634 1866 656 morum
1895 636 2076 658 censuram

1089 669 1256 702 continet.

1191 718 1243 752 Ac
1266 731 1366 764 saepe
1390 721 1560 764 neglectio
1584 723 1764 757 doctrinae
1782 726 1916 769 peperit
1934 726 2076 769 religio-

1089 782 1176 803 num
1199 771 1421 804 confusiones
1446 779 1478 805 et
1495 773 1707 814 discordias,
1733 777 1828 808 unde
1844 777 1935 809 bella
1955 777 2077 811 exitia-

1088 821 1134 854 lia
1158 821 1240 855 totis
1264 823 1425 865 gentibus
1449 830 1524 856 orta
1549 831 1640 860 sunt.
1693 824 1793 860 Sicut
1807 829 1899 871 apud
1916 825 2076 871 Prophe-

1088 878 1157 905 tam
1177 871 1329 905 Hoseam
1354 873 1499 906 dicitur:
1527 873 1618 916 Quia
1642 882 1679 909 tu
1705 876 1884 911 scientiam
1903 878 2077 922 repulisti,

1088 923 1254 966 repellam
1286 930 1336 963 te,
1375 936 1419 957 ne
1444 926 1638 959 sacerdotio
1661 927 1817 970 fungaris
1842 926 1941 962 mihi.
2001 928 2077 962 Hac

1088 974 1362 1007 comminatione
1403 981 1570 1020 tanquam
1607 977 1756 1010 fulmine
1795 980 2075 1019 commonefacti‚

1089 1025 1275 1058 excitemus
1298 1037 1362 1058 nos
1385 1026 1427 1058 ad
1453 1026 1567 1059 studia
1593 1027 1772 1060 doctrinae
1789 1029 1952 1069 colenda,
1981 1037 2012 1063 et
2031 1030 2074 1062 ad

1088 1076 1305 1119 diligentiam
1318 1076 1355 1108 in
1367 1083 1439 1109 toto
1452 1076 1647 1110 ministerio
1661 1080 1917 1122 praestandam.
1946 1078 2075 1114 Exem-

1086 1127 1143 1170 pla
1175 1138 1367 1170 poenarum
1392 1134 1473 1160 sunt
1501 1128 1538 1159 in
1561 1136 1749 1171 conspectu
1774 1129 1811 1162 in
1840 1127 1894 1162 his
1921 1130 2075 1173 regioni-

1087 1178 1153 1210 bus
1179 1184 1210 1210 et
1235 1177 1322 1210 aliis.
1375 1176 1420 1210 Et
1443 1185 1581 1217 metuo,
1607 1179 1786 1224 aliquanto
1810 1187 1886 1224 post
1910 1188 2075 1214 venturas

1088 1239 1159 1260 esse
1191 1228 1301 1259 multo
1332 1228 1516 1260 tristiores.
1567 1228 1636 1261 Sed
1665 1236 1780 1263 tamen
1810 1231 1984 1275 mitigabit
2013 1229 2074 1264 has

1087 1285 1201 1311 tantas
1225 1289 1410 1310 aerumnas
1428 1276 1543 1318 Deus,
1571 1279 1598 1310 si
1625 1291 1705 1312 cura
1730 1281 1795 1314 erit
1816 1282 1928 1315 maior
1950 1293 2073 1325 regen-

1087 1330 1213 1361 dorum
1247 1340 1382 1361 morum
1413 1335 1446 1361 et
1480 1329 1630 1361 faciendi
1660 1330 1776 1365 officii.
1843 1331 1923 1365 Non
1953 1333 2072 1366 existi-

1086 1379 1185 1411 metis
1209 1389 1269 1411 vos
1294 1379 1337 1411 ad
1362 1378 1472 1411 otium
1498 1386 1530 1412 et
1555 1380 1686 1413 ventris
1711 1382 1905 1425 voluptates
1933 1389 2073 1417 vocatos

1086 1441 1176 1470 esse,
1204 1430 1262 1461 sed
1286 1430 1444 1462 custodes
1468 1430 1546 1463 estis
1567 1431 1722 1464 muneris
1739 1433 1898 1466 omnium
1919 1434 2073 1474 maximi,

1086 1492 1172 1524 quae
1199 1479 1294 1513 Deus
1324 1480 1443 1521 generi
1474 1477 1629 1513 humano
1665 1482 1776 1523 dedit,
1810 1490 1847 1517 ut
1877 1481 2072 1517 Malachias

1084 1530 1238 1574 scripsit:
1265 1529 1375 1562 Labia
1394 1531 1581 1564 sacerdotis
1597 1533 1797 1567 custodiunt
1813 1534 2011 1574 scientiam,
2040 1543 2071 1569 et

1084 1580 1193 1624 legem
1215 1580 1400 1624 requirunt
1420 1593 1458 1613 ex
1476 1593 1536 1613 ore
1556 1581 1640 1617 eius.

1184 1630 1362 1665 Custodiri
1380 1638 1495 1665 autem
1511 1645 1596 1676 pura
1613 1634 1792 1668 doctrinae
1805 1635 1978 1669 sententia
1995 1635 2071 1669 sine

1083 1681 1242 1721 lectione,
1266 1682 1496 1715 meditatione
1510 1690 1542 1717 et
1559 1685 1746 1718 coll-‘itione
1762 1687 1980 1720 eruditorum
1997 1699 2071 1720 11011

1085 1738 1212 1775 potest,
1242 1732 1310 1765 11110
1328 1734 1369 1765 ad
1390 1730 1454 1766 hoc
1472 1735 1626 1767 studium
1643 1736 1744 1768 etiam
1765 1737 1916 1779 precatio
1935 1737 1989 1780 pia
2008 1740 2070 1770 ad-

1083 1782 1196 1814 denda
1221 1790 1291 1822 est,
1318 1790 1355 1816 ut
1373 1782 1466 1815 Deus
1490 1791 1623 1817 mentes
1647 1793 1678 1818 et
1696 1787 1823 1819 iudicia
1843 1794 1953 1830 regat,
1980 1789 2069 1821 sicut

1082 1844 1182 1875 saepe
1207 1833 1336 1867 dicitur
1359 1833 1395 1865 in
1412 1833 1568 1867 Psalmo:
1600 1833 1866 1870 iustificationes
1890 1845 1966 1871 tuas
1983 1839 2070 1872 doce

1081 1895 1147 1916 me.
1203 1882 1298 1916 Addi
1321 1884 1423 1916 etiarn
1450 1892 1585 1929 oportet
1605 1887 1764 1920 exercitia
1783 1888 1921 1932 pietatis
1938 1889 1973 1921 111
1991 1901 2068 1921 mo-

1081 1933 1198 1977 ribus,
1226 1945 1315 1978 quae
1338 1941 1421 1968 sunt
1445 1936 1564 1969 lumen
1589 1937 1781 1971 doctrinae.
1835 1938 1922 1972 Nam
1943 1939 1990 1973 ita
2007 1941 2069 1971 de-

1080 1996 1176 2017 mum
1199 1984 1287 2017 alios
1310 1992 1401 2018 recte
1423 1986 1647 2027 docebimus,
1673 2000 1751 2021 cum
1775 1989 1872 2033 prius
1891 2001 1954 2022 nos
1975 1989 2068 2033 ipsos

1079 2033 1298 2074 erudiemus,
1333 2041 1366 2068 et
1396 2037 1439 2067 ad
1465 2035 1650 2080 Evangelii
1682 2051 1843 2073 normam
1876 2040 2068 2084 dirigemus

1079 2091 1234 2117 nostram
1253 2085 1502 2118 conscientiam
1519 2093 1551 2120 et
1569 2088 1686 2121 vitam.

1183 2134 1229 2169 Ut
1254 2135 1360 2177 igitur
1383 2144 1474 2169 recte
1497 2145 1622 2171 sonent
1645 2151 1765 2172 vocem
1790 2138 1974 2183 Evangelii
2000 2153 2066 2173 no-

1077 2191 1168 2219 strae
1192 2186 1398 2227 conciones,
1424 2194 1456 2220 et
1480 2189 1625 2221 verbum
1646 2187 1710 2222 Dei
1735 2191 1778 2223 sit
1802 2190 1838 2223 in
1855 2203 1915 2224 ore
1932 2199 2066 2229 nostro,

1078 2243 1114 2269 111
1130 2233 1252 2269 Esaias
1275 2236 1407 2282 inquit,
1434 2250 1534 2282 saepe
1558 2239 1696 2281 legendi
1715 2247 1797 2274 sunt
1814 2240 2012 2285 Prophetae
2030 2249 2062 2276 et

1078 2285 1258 2330 Apostoli,
1300 2293 1333 2320 et
1363 2288 1558 2321 audiendae
1593 2291 1783 2333 peritorum
1815 2292 2064 2326 enarrationes.

1080 2335 1160 2369 ldeo
1187 2337 1279 2369 enim
1305 2336 1399 2371 Deus
1426 2339 1499 2372 vult
1523 2337 1709 2383 Evangelii
1737 2341 1971 2376 ministerium
1997 2356 2062 2386 pu-

1076 2387 1164 2420 blica
1183 2400 1265 2421 voce
1283 2388 1486 2421 docentium
1505 2391 1673 2431 exerceri,
1700 2398 1738 2425 ut
1753 2393 1927 2427 enarratio
1943 2394 2060 2439 aliqu'a

1074 2438 1151 2478 fiat,
1178 2439 1236 2471 sed
1263 2439 1477 2472 conveniens
1499 2440 1674 2481 fontibus,
1701 2449 1732 2475 et
1756 2449 1794 2476 ut
1818 2454 1892 2476 eam
1918 2456 2059 2477 enarra-

1074 2489 1205 2522 tionem
1232 2489 1392 2522 rudiores
1417 2490 1520 2523 etiam
1546 2492 1705 2526 audiant.
1758 2491 1870 2537 Saepe
1895 2506 1913 2527 a
1933 2507 1987 2527 me
2004 2495 2058 2526 111-

1072 2546 1200 2573 cuntur
1211 2566 1220 2580 ,
1246 2552 1394 2585 cumque
1410 2541 1501 2573 idem
1518 2542 1619 2575 toties
1635 2542 1730 2577 Deus
1746 2544 1956 2589 praeceperit
1975 2556 2058 2578 voce

1071 2587 1349 2633 Prophetarum,
1383 2589 1516 2625 Christi
1540 2599 1573 2626 et
1598 2591 1872 2637 Apostolorum,
1903 2602 1934 2628 et
1958 2606 2057 2638 prae-

1070 2640 1139 2673 mia
1166 2640 1398 2682 discentibus,
1427 2649 1458 2675 et
1482 2655 1613 2686 poenas
1634 2645 1903 2688 aspernantibus
1925 2644 2056 2677 doctri-

31 2688 184 2728 biliunt,
229 2695 289 2722 aut
319 2687 514 2734 Cyclopum
551 2701 648 2723 more
684 2696 798 2734 spreta
839 2690 1020 2734 religione,
1041 2678 1048 2733 1
1069 2703 1151 2725 narn
1181 2699 1375 2736 proponat,
1412 2690 1476 2726 liae
1500 2696 1853 2728 commonefactiones
1878 2706 1949 2727 non
1974 2701 2052 2728 sunt
