2338 2958
0 2721 2 2751 l

0 2755 1 2770 η

0 2774 2 2795 l

73 130 147 166 715

71 213 301 254 authoritate,
321 212 514 258 quidquam
530 214 689 258 decerpo.
716 212 784 247 Sed
803 221 958 249 veterum
974 214 1058 249 libri

72 273 105 300 et
121 264 346 311 quotidianae
363 263 552 297 conciones
578 265 788 305 ostendunt,
819 266 971 300 multum
995 265 1058 298 ad-

72 315 184 350 iuvari
200 314 276 358 pios
293 320 328 347 et
342 314 463 347 doctos
481 315 621 358 linguae
640 313 853 358 cognitione.

171 363 291 409 Neque
308 361 391 397 haec
410 364 456 398 ita
476 365 555 399 dico
568 393 577 406 ‚
603 365 702 411 quasi
721 377 792 398 non
818 370 936 398 errent
953 363 1055 398 etiam

70 426 170 459 saepe
189 414 260 453 illi,
289 415 417 460 quibus
443 415 562 459 lingua
578 414 717 450 Ebraea
740 415 786 449 ita
815 423 898 449 nota
925 421 990 448 est:
1017 420 1057 448 ut

69 464 208 505 ludaei,
236 465 298 498 etsi
316 467 575 509 grammaticam
594 478 694 500 suam
712 467 802 499 bene
819 466 966 503 callent,
1004 471 1056 497 ta-

69 527 148 549 men
166 515 337 558 flagitiose
361 514 624 550 hallucinantur
649 517 686 549 in
710 523 780 550 tota
798 513 1054 560 Prophetarum

68 565 302 600 enarratione.
365 566 435 600 Sed
467 567 597 601 multae
628 573 710 600 sunt
737 579 896 600 errorum
921 576 1054 600 causae.

68 615 191 650 'ludaei
214 617 414 651 voluntates
439 617 563 661 impias
585 618 767 658 adferunt,
801 623 834 650 et
857 613 1054 662 sycophan-

67 667 136 701 tico
161 678 259 700 more
283 668 465 712 perspicua
496 668 587 701 dicta
611 665 868 710 Prophetarum
899 666 1054 700 tenebris

66 717 224 751 volentes
241 717 446 756 involvunt,
466 724 525 750 aut
541 724 786 764 corrumpunt.
820 716 958 751 Deinde
974 729 1053 751 cum

66 766 301 811 Evangelium
320 769 378 801 lux
398 768 442 801 sit
459 765 736 811 Prophetarum,
760 768 843 801 inde
865 768 1053 802 consilium

67 818 368 862 interpretationis
395 819 605 851 sumendum
629 825 689 852 est.
749 816 827 852 Etsi
851 820 945 852 enim
968 831 1054 852 con-

66 875 199 912 gruunt
223 866 439 913 Prophetae,
466 875 500 902 et
523 869 711 903 conciones
738 869 801 903 filii
818 869 882 903 Dei
907 876 939 903 et
956 868 1055 912 Apo-

66 919 257 960 stolorum,
303 925 420 952 tamen
453 916 518 953 hae
549 927 632 954 sunt
660 921 855 964 planiores,
904 926 937 953 et
970 917 1054 952 hinc

64 969 245 1003 doctrinae
262 967 449 1003 methodus
465 971 633 1004 sumenda
652 977 701 1004 est
718 970 871 1014 deLegis
886 977 918 1004 et
935 969 1054 1004 Evau-

64 1019 147 1063 gelii
178 1019 402 1061 discrimine,
446 1021 540 1065 quod
579 1021 640 1066 qui
677 1033 749 1054 non
782 1021 984 1055 didicerunt
1014 1032 1054 1054 ex

63 1069 195 1110 Paulo,
223 1082 367 1114 prorsus
384 1083 484 1104 caeca
502 1078 623 1110 nocte,
654 1078 693 1105 ut
710 1071 859 1110 dicitur,
886 1072 1055 1114 navigant

64 1120 103 1154 in
122 1118 547 1164 lectionel‘rophetarum.
600 1120 741 1155 Addam
760 1129 794 1155 et
810 1119 888 1163 hoc,
915 1121 1054 1155 ludaeis

64 1179 99 1205 et
117 1171 237 1205 multis
259 1170 339 1204 aliis
360 1173 455 1205 deest
478 1170 650 1205 iudicium
676 1173 718 1205 de
742 1172 879 1206 ratione
903 1171 1055 1212 dicendi,

64 1222 160 1267 quod
197 1233 300 1255 nemo
334 1221 410 1255 sine
441 1222 577 1265 cultura
607 1222 741 1265 ingenii
773 1220 903 1256 habere
928 1230 1054 1267 potest,

63 1269 132 1306 hoc
147 1279 215 1312 est,
236 1272 311 1305 sine
325 1283 391 1306 usu
408 1272 606 1306 dialectices
627 1279 660 1306 et
675 1270 886 1313 rhetorices,
919 1280 953 1307 et
979 1273 1054 1306 sine

64 1322 238 1356 exercitiis
257 1322 433 1356 scribendi
449 1330 482 1356 et
499 1322 649 1358 dicendi.
685 1322 740 1357 Sit
758 1323 864 1367 igitur
879 1324 915 1356 in
933 1324 1055 1357 lectio-

65 1385 111 1406 ne
129 1370 388 1416 Prophetarum
408 1373 571 1407 voluntas
587 1385 710 1406 amans
729 1374 887 1408 veritatis
899 1401 908 1414 ,
933 1381 966 1407 et
983 1373 1055 1406 ini-

65 1423 156 1457 mica
181 1420 402 1467 sophisticae.

66 1474 248 1507 elementis
273 1473 452 1507 doctrinae
480 1474 749 1515 ecclesiasticae,
788 1475 830 1508 sit
855 1487 926 1508 non
957 1474 1055 1508 rudis

65 1524 309 1557 communium
342 1524 535 1558 literarum.
602 1525 657 1558 Ad
691 1523 775 1558 haec
798 1525 826 1558 si
854 1526 1053 1559 adiunxerit

66 1572 431 1618 linguamEbraicam,
453 1575 563 1609 multo
580 1576 697 1608 verius
713 1583 745 1608 et
761 1576 935 1609 dexterius
952 1588 1055 1609 enar-

66 1625 160 1658 rabit
174 1622 388 1668 Prophetas,
417 1637 522 1670 quam
541 1624 601 1657 alii
619 1625 730 1669 ignari
749 1626 901 1669 linguae.

168 1673 264 1708 Haec
295 1676 338 1708 de
364 1676 565 1709 necessitate
588 1676 714 1709 dixisse
737 1675 820 1709 satis
843 1676 898 1711 sit.
951 1675 1054 1709 Nunc

66 1737 176 1770 pauca
203 1726 330 1759 addam
359 1726 402 1759 de
427 1723 583 1760 historiis
617 1733 650 1760 ct
674 1727 717 1759 de
739 1727 941 1772 eloquentia
965 1726 1055 1759 Pro-

66 1774 264 1821 phetarum.
328 1775 499 1818 Magnum
524 1778 657 1809 donum
684 1776 750 1810 Dei
775 1784 845 1816 est,
887 1778 983 1821 quod
1017 1777 1053 1809 in

65 1824 222 1860 Ecclesia
249 1833 340 1859 extat
364 1827 532 1859 continua
556 1824 702 1860 historia
734 1827 894 1859 oxnnium
929 1827 1052 1859 muudi
1078 1858 1081 1870 1

643 125 803 163 DECL.
836 127 912 164 DE
945 126 1170 164 LINGUA
1203 127 1521 165 HEBRAICA.

2024 132 2097 167 714

1108 224 1235 255 essem,
1261 221 1320 248 aut
1338 225 1392 248 res
1408 221 1502 248 tanta
1517 214 1686 249 brevitate
1703 216 1830 259 exponi
1847 216 1966 260 possit.
2004 215 2095 250 Illud

1108 270 1245 297 tantum
1280 265 1413 305 dicam,
1452 267 1496 298 ad
1533 268 1814 309 praemonendos
1847 268 2096 303 adolescentes.

1108 313 1238 357 Magna
1255 314 1307 348 vis
1322 322 1374 348 est
1398 327 1479 348 vera
1502 316 1724 361 eloquentia,
1758 329 1847 362 quae
1871 324 1921 350 est
1949 318 2094 351 facultas

1106 375 1160 397 res
1184 365 1294 398 bonas
1319 364 1494 407 sapienter
1519 373 1551 399 et
1577 368 1757 410 perspicue
1783 368 1991 411 exponendi.
2055 367 2092 401 ld

1107 426 1185 447 cum
1203 415 1333 448 saciant
1347 413 1565 458 Prophetae,
1593 415 1753 451 homines
1768 418 2033 462 sapientissimi,
2061 426 2093 452 et

1106 465 1167 509 qui
1185 465 1334 498 dicendo
1352 472 1516 499 rexerunt
1529 477 1626 499 suam
1646 469 1909 511 rempublicam,
1938 476 1969 502 et
1987 469 2094 501 lumi-

1106 515 1212 548 nibus
1250 515 1440 548 verborum
1481 522 1514 548 et
1548 518 1800 550 sententiarum
1837 519 2092 552 venustissimis

1104 572 1271 599 utuntur:
1298 567 1327 598 si
1347 566 1406 610 qui
1426 565 1474 599 eis
1497 564 1687 600 detrahunt
1703 568 1923 613 eloquentiae
1943 570 2093 610 laudem,

1105 616 1207 649 valde
1234 623 1362 650 errant.
1416 616 1569 658 Psalmi,
1594 617 1796 652 Salomonis
1819 620 2032 661 sententiae,
2060 627 2092 653 et

1104 666 1264 700 omnium
1274 663 1531 710 Prophetarum
1547 668 1744 709 conciones,
1769 675 1866 702 tanto
1883 670 1997 702 nitore
2015 682 2092 702 ver-

1105 718 1231 751 borum
1264 723 1296 751 et
1322 718 1513 760 figurarum
1540 725 1572 752 et
1597 725 1692 752 tanta
1716 719 1882 752 varietate
1905 720 2092 753 ass'ectuum

1104 779 1312 810 conspersae
1326 775 1426 808 sunt,
1453 775 1494 802 ut
1513 781 1530 801 a
1550 769 1753 802 videntibus
1771 782 1843 802 non
1868 770 1943 803 sine
1967 782 2091 813 magna

1104 818 1337 852 admiratione
1355 818 1422 862 legi
1437 819 1582 863 possint.
1625 819 1729 862 Quod
1749 826 1865 853 autem
1883 820 1920 853 in
1938 821 2092 864 vulgari-

1104 869 1170 903 bus
1208 868 1558 913 interpretationibus
1593 870 1772 903 interdum
1805 871 1976 904 sermonis
2006 871 2091 904 vitia

1105 926 1197 961 sunt,
1224 926 1259 953 et
1274 919 1375 963 pauci
1390 920 1516 963 figuras
1532 926 1564 953 et
1580 928 1786 964 ornamenta
1802 921 2016 964 intelligunt,
2045 922 2091 954 ob

1105 981 1162 1004 eas
1179 982 1298 1004 causas
1319 982 1393 1003 non
1416 970 1660 1004 existimentur
1685 971 1804 1014 lingua
1827 972 1943 1005 nativa
1968 973 2014 1006 ita
2040 972 2093 1004 lo—

1105 1020 1206 1065 quuti
1223 1032 1306 1056 esse.
1359 1019 1405 1054 Et
1428 1033 1517 1066 quae
1533 1021 1603 1054 sint
1630 1033 1747 1054 rerum
1772 1022 1927 1065 pondera
1942 1049 1950 1063 ,
1987 1034 2091 1066 quam

1105 1071 1258 1105 illustres
1276 1071 1424 1114 figurae,
1449 1083 1553 1116 quam
1581 1072 1744 1105 ardentes
1761 1072 1926 1113 affectus,
1961 1078 2092 1117 quanta

1104 1133 1222 1155 rerum
1240 1122 1466 1165 magnitudo,
1489 1123 1532 1155 de
1551 1122 1678 1167 quibus
1697 1122 1946 1163 concionatur,
1976 1122 2092 1155 consi-

1104 1172 1301 1205 derandum
1319 1179 1378 1206 est.
1413 1171 1557 1215 Regunt
1573 1184 1651 1206 suas
1667 1172 1823 1206 civitates
1834 1170 2093 1206 Demosthenes

1105 1229 1136 1256 et
1164 1221 1307 1263 Cicero,
1346 1229 1380 1256 et
1408 1234 1529 1256 earum
1564 1222 1820 1266 gubernatione
1847 1223 2091 1268 'eloquentiam

1105 1285 1202 1306 suam
1223 1279 1452 1313 consumunt,
1486 1285 1591 1318 quam
1608 1284 1680 1307 esse
1696 1274 1858 1306 refertam
1877 1274 2017 1317 politica
2037 1286 2092 1306 sa-

1105 1322 1236 1366 pientia
1248 1347 1258 1361 ,
1282 1329 1317 1356 et
1331 1329 1490 1357 ornatam
1508 1323 1670 1356 mirando
1687 1324 1873 1367 splendore
1892 1325 2092 1363 verborum,

1105 1386 1159 1406 res
1176 1374 1249 1417 ipsa
1264 1375 1428 1407 ostendit.
1457 1373 1526 1408 Sed
1537 1371 1656 1407 Esaias
1665 1372 1857 1407 Ecclesiam
1874 1381 1905 1407 et
1915 1373 2090 1407 Ecclesiae

462 1423 516 1457 Sit
543 1435 641 1457 mens
661 1431 753 1458 recte
775 1425 908 1457 imbuta
934 1425 1055 1469 primis
1078 1424 1081 1470 j
1105 1424 1324 1457 domicilium
1343 1424 1447 1467 regit:
1470 1430 1503 1458 et
1518 1437 1589 1457 non
1608 1431 1743 1458 tantum
1761 1422 1916 1457 humano
1935 1437 2031 1457 more
2049 1427 2090 1457 de

1105 1475 1247 1519 politica
1266 1475 1447 1519 sapientia,
1473 1476 1516 1507 dc
1538 1475 1637 1508 bellis
1653 1475 1837 1508 movendis
1853 1482 1913 1508 aut
1929 1476 2091 1517 gerendis

1105 1525 1351 1559 concionatur:
1388 1526 1447 1558 sed
1466 1526 1508 1558 de
1526 1523 1592 1558 Dei
1611 1526 1810 1566 voluntate,
1841 1527 1884 1559 de
1908 1526 2089 1559 toleranda

1104 1575 1291 1609 obsidione
1306 1582 1449 1620 propter
1465 1576 1741 1621 expectationem
1757 1576 1871 1609 divini
1888 1576 2020 1615 auxilii,
2048 1578 2090 1608 de

1105 1625 1257 1659 vitandis
1275 1626 1477 1659 foederibus
1492 1637 1570 1658 cnm
1588 1626 1705 1669 impiis
1729 1626 1886 1669 regibus,
1917 1627 1959 1659 dc
1980 1626 2092 1659 ruinis

1103 1676 1337 1709 maximorum
1365 1676 1594 1720 imperiorum
1610 1674 1792 1710 Chaldaici
1819 1684 1851 1710 et
1874 1675 2024 1717 Persici,
2060 1684 2091 1710 et

1078 1735 1081 1764 ’ς
1105 1727 1148 1759 de
1172 1727 1330 1760 venturis
1355 1727 1392 1759 in
1412 1726 1532 1760 Asiam
1551 1726 1825 1768 Macedonibus,
1860 1728 1903 1760 de
1928 1739 2090 1760 mansura

1105 1774 1262 1809 Ecclesia
1275 1775 1360 1816 Dei,
1387 1784 1417 1809 et
1436 1779 1479 1809 de
1496 1783 1644 1810 venturo
1663 1778 1852 1810 liberatore
1869 1778 2004 1820 generis
2024 1775 2090 1810 liu-

1106 1826 1219 1866 mani,
1247 1833 1280 1860 et
1304 1827 1453 1871 posteris
1469 1825 1583 1859 David
1613 1827 1706 1860 iuxta
1736 1827 2020 1871 promissionem,
2048 1828 2091 1860 de

68 1884 285 1920 temporum,
312 1888 385 1908 non
405 1876 603 1920 interrupta
621 1888 730 1922 usque
751 1878 793 1909 ad
811 1875 1052 1910 monarchiam
1078 1883 1082 1898 ’
1107 1877 1253 1910 mortuis
1270 1877 1305 1909 in
1324 1877 1430 1910 vitam
1448 1877 1672 1917 revocandis,
1707 1878 1749 1910 dc
1767 1889 1846 1910 vera
1863 1876 1926 1910 Dei
1949 1878 2090 1910 invoca-

66 1926 254 1963 Persicam.
308 1925 359 1960 Ac
384 1939 428 1959 ne
453 1926 570 1969 ignota
596 1933 682 1960 esset
709 1926 814 1960 series
832 1927 1053 1971 sequentium
1078 1922 1082 1976 ξ
1105 1927 1218 1967 tione,
1245 1929 1290 1960 de
1310 1927 1422 1960 causis
1446 1933 1589 1971 propter
1608 1939 1694 1972 quas
1710 1928 1855 1972 imperia
1876 1928 2092 1972 dissipantur

65 1989 194 2018 rerum,
211 1975 308 2010 Deus
319 1977 489 2020 singulari
502 1977 650 2010 consilio
667 1977 844 2011 contexuit
859 1975 1054 2018 historiam,
1106 1983 1139 2011 et
1155 1978 1335 2018 delentur,
1363 1978 1405 2011 de
1428 1977 1593 2011 remediis
1620 1985 1653 2011 et
1674 1978 1765 2010 veris
1789 1978 2090 2011 consolationibus

65 2027 222 2062 excitatis
234 2026 378 2061 Graecis
395 2027 639 2072 scriptoribus,
670 2027 758 2061 Nam
775 2028 955 2072 aliquanto
974 2035 1053 2062 ante
1077 2029 1081 2058 i
1107 2028 1142 2060 in
1162 2028 1261 2061 omni
1284 2039 1409 2072 genere
1432 2027 1680 2062 calamitatum.
1741 2027 1817 2061 Hae
1840 2029 2011 2062 maximae
2037 2040 2090 2061 res

66 2079 172 2112 finem
210 2077 395 2118 Ieremiae,
441 2076 583 2112 inchoat
617 2076 799 2112 historiam
834 2077 1052 2112 Herodotus:
1106 2079 1209 2121 longe
1233 2085 1398 2123 superant
1417 2078 1579 2112 materias
1593 2076 1881 2112 Demosthenicas
1899 2087 1931 2113 et
1948 2079 2090 2112 Cicero-

67 2136 185 2174 postea
213 2128 451 2169 Graecorum,
493 2128 704 2162 Latinorum
733 2135 767 2162 et
793 2127 1052 2163 Germanorum
1077 2130 1080 2171 1
1107 2129 1248 2170 nianas,
1290 2137 1323 2163 et
1354 2129 1560 2172 magnitudo
1585 2139 1701 2162 reruni
1733 2129 1843 2173 giguit
1870 2130 2090 2172 splendidam

66 2180 234 2213 continua
252 2177 397 2212 historia
416 2186 517 2213 extat.
570 2179 716 2213 Necesse
733 2185 783 2212 est
801 2186 914 2213 autem
930 2181 1053 2214 doctos
1076 2175 1080 2231 l
1105 2179 1300 2213 orationem
1318 2181 1410 2222 apud
1428 2177 1636 2223 Prophetas:
1665 2179 1725 2224 qni
1745 2192 1824 2213 cum
1851 2180 1919 2213 siut
1947 2180 2014 2214 viri
2038 2192 2091 2212 sa-

66 2231 164 2263 viros
192 2229 229 2262 in
252 2227 407 2263 Ecclesia
435 2237 552 2263 tenere
576 2230 746 2273 integram
768 2230 893 2262 seriem
917 2237 1053 2274 tempo·
1076 2237 1080 2271 ι
1106 2230 1258 2274 pientes,
1293 2230 1381 2262 mira
1407 2230 1483 2263 luce
1506 2236 1538 2262 et
1561 2227 1717 2273 emphasi
1743 2231 1930 2263 verborum
1954 2228 2015 2262 has
2037 2242 2092 2262 res

66 2292 167 2320 rum,
206 2286 245 2313 ut
269 2292 358 2324 quae
383 2281 427 2314 sit
450 2281 631 2321 doctrina,
666 2287 699 2314 et
727 2292 815 2325 quae
841 2282 1052 2314 mutationes
1105 2280 1272 2313 maximas
1287 2287 1477 2323 exponunt.
1514 2280 1591 2322 Qua
1609 2281 1651 2313 de
1666 2291 1702 2312 re
1719 2292 1790 2313 non
1807 2280 1930 2313 dubito
1948 2281 1993 2313 ita
2012 2292 2091 2313 seu-

66 2330 256 2370 cxtiterint,
279 2331 513 2365 considerent.
558 2330 634 2365 Una
654 2338 703 2364 est
720 2331 812 2364 enim
829 2329 955 2364 doDeo
971 2344 1050 2365 vera
1076 2346 1079 2367 ι
1105 2331 1170 2365 tire
1190 2331 1322 2375 ubique
1337 2337 1508 2364 terrarum
1527 2327 1687 2363 homines
1710 2330 1804 2374 pios,
1834 2331 2009 2369 eruditos,
2037 2342 2091 2363 sa-

66 2380 259 2418 sententia‚
283 2393 371 2425 quae
390 2382 434 2414 ab
452 2381 553 2414 initio
572 2382 742 2414 divinitus
766 2381 868 2414 certis
895 2382 1051 2415 testimo·
1076 2372 1080 2426 ᾗ
1104 2382 1248 2425 pienteS,
1268 2387 1300 2414 et
1319 2393 1390 2414 non
1406 2382 1510 2414 rudes
1525 2380 1762 2424 periculorum
1778 2380 1869 2414 vitae
1886 2381 2091 2415 communis.

66 2432 135 2465 niis
152 2429 328 2465 Ecclesiae
348 2431 473 2465 tradita
492 2439 558 2471 est,
586 2429 669 2465 haec
686 2432 762 2465 sine
782 2429 948 2465 historiae
967 2445 1051 2465 con-
1076 2454 1077 2457 =

66 2482 279 2516 sideratione
296 2482 442 2515 iudicari
462 2494 533 2514 non
552 2490 714 2523 possunt:
743 2482 834 2515 et.in
861 2479 917 2515 bis
941 2480 1052 2516 histo-

66 2533 150 2573 riis,
190 2532 346 2575 gentium
368 2532 522 2575 origines
549 2533 782 2566 conferendae
805 2539 896 2567 sunt.
956 2532 1052 2567 Haec

67 2583 142 2616 sine
155 2582 266 2616 literis
280 2583 354 2616 fieri
373 2590 565 2628 nequeunt.

168 2632 349 2667 Postremo
363 2634 406 2667 de
422 2634 621 2680 eloquentia
632 2631 885 2677 Prophetarum
902 2632 1053 2668 libenter

67 2683 238 2724 dicerem,
264 2683 293 2716 si
318 2691 377 2719 aut
401 2685 475 2729 ipse
497 2684 607 2728 magis
628 2686 670 2718 ad
698 2684 885 2718 dicendum
905 2684 1052 2719 idoneus

1105 2432 1172 2465 Sed
1189 2431 1426 2465 adolescentes
1444 2431 1619 2464 interdum
1638 2431 1753 2471 inepta
1781 2431 2008 2474 imperiorum
2038 2432 2090 2463 iu-

1104 2482 1194 2515 dicia
1220 2482 1388 2522 audiunt,
1431 2481 1561 2526 quibus
1583 2478 1782 2514 detrahitur
1802 2479 1988 2525 Prophetis
2018 2482 2090 2514 elo·

1103 2532 1258 2577 quentia.
1310 2531 1416 2565 Hunc
1432 2543 1585 2565 errorem
1605 2531 1745 2575 prodest
1767 2532 1888 2576 probis
1914 2532 2090 2564 montibus

1103 2583 1217 2618 eximi.
1270 2581 1359 2617 Cum
1378 2589 1492 2615 autem
1514 2594 1586 2615 non
1603 2582 1711 2627 possit
1731 2583 1774 2615 de
1799 2582 1996 2627 eloquentia
2017 2581 2088 2613 fleri

1103 2633 1272 2667 iudicium
1285 2659 1295 2675 ,
1320 2633 1386 2665 nisi
1405 2644 1444 2666 ex
1460 2639 1628 2676 perpetua
1643 2632 1802 2666 oratione
1818 2639 1849 2665 et
1867 2632 2009 2673 integris
2028 2643 2089 2661 vo-

1102 2684 1316 2725 luminibus,
1349 2683 1504 2728 exempla
1523 2681 1580 2717 bic
1602 2684 1786 2718 ostendere
1811 2682 1916 2715 nimis
1943 2682 2087 2723 longum
