2338 2958
0 429 6 656 ἱ

0 657 7 937 Ξ

67 132 141 169 505

171 217 211 251 ln
235 218 327 250 bello
352 216 472 250 sociali
491 215 641 250 Athenis
656 218 772 252 subito
790 231 921 252 novum
939 218 1053 263 quod-

67 270 148 303 dam
175 275 208 301 et
231 267 437 301 inusitatum
461 268 578 301 morbi
603 280 713 311 genus
745 276 862 302 ortum
890 275 958 308 est,
992 268 1053 313 qui

14 337 26 361 ¹⁷
67 318 274 360 contagione
303 318 472 352 latissime
502 320 621 362 vagari
659 319 783 364 cepit..
826 317 1054 364 Thucydides

65 368 233 402 maiorem
243 369 350 402 fuisse
366 370 549 410 morbum,
573 370 706 415 inquit,
731 382 836 415 quam
853 370 887 403 vi
903 369 1053 403 describi

65 418 192 463 possit,
219 425 253 453 et
271 420 482 463 asperiorem
498 432 603 465 quam
621 427 792 466 quantum
818 418 970 454 humana
989 431 1052 452 na-

63 475 142 503 tura
167 469 316 503 tolerare
339 476 470 514 potest3
510 477 627 504 tantus
652 471 745 504 enim
772 471 809 503 in
834 471 924 504 febri
948 472 1054 504 ardor

62 519 149 560 fuit,
175 527 213 554 ut
230 521 405 566 plerisque
429 521 539 561 oculi,
566 533 706 562 manus,
730 529 790 555 aut
812 523 934 565 pedes,
957 521 1054 554 velut

62 570 229 604 incendio
256 573 409 616 quodam
442 572 479 604 in
505 573 657 605 cinerem
685 572 833 612 redacti,
873 571 1054 616 perierint,

63 621 155 654 intra
189 628 352 656 octavum
381 622 493 661 diem,
537 623 722 668 plerosque
753 634 874 656 omnes
906 622 1051 656 necavit.

64 670 214 705 Tentata
240 680 323 706 sunt
349 673 501 706 remedia
523 672 637 705 omnis
663 673 815 716 generis3
851 681 930 707 vota
948 673 1052 706 etiam

62 722 202 766 publice
235 724 345 764 facta,
385 730 426 756 ut
456 730 680 767 exposcerent
712 724 882 757 auxilium
914 736 932 757 a
968 722 1052 756 Deo.

62 771 246 807 Postremo
261 786 339 807 cum
357 773 453 806 nulla
464 800 472 813 ,
500 785 614 819 neque
630 774 770 813 divina,
797 787 910 820 neque
926 772 1051 807 huma-

62 835 107 855 na
125 835 190 868 ope
209 824 324 857 curari
341 836 379 857 ac
398 824 526 867 depelli
552 825 682 858 malum
703 832 836 868 posset,
865 825 1052 859 accersitus

62 880 113 907 est
140 886 180 907 ex
208 872 389 907 Thessalia
416 873 668 919 Hippocrates,
710 876 771 920 qui
796 888 874 909 cum
901 876 1053 909 venisset

62 923 236 964 Athenas,
271 925 386 958 morbi
411 933 536 959 natura
564 926 752 970 diligenter
769 927 970 967 observata,
997 938 1051 959 re-

59 975 176 1007 media
208 973 486 1009 Atheniensibus
517 978 690 1018 ostendit,
733 978 862 1022 quibus
897 978 1051 1022 primum

59 1024 211 1068 mitigari
229 1026 359 1059 malum
378 1027 478 1070 cepit.
533 1027 653 1073 Itaque
663 1026 897 1061 Athenienses
912 1029 1051 1072 publice

59 1075 91 1107 ei
109 1087 275 1109 coronam
293 1089 433 1110 auream
452 1077 487 1110 in
505 1075 640 1111 theatro
665 1079 917 1118 decreverunt,
945 1080 1051 1111 dede-

58 1133 143 1159 runt
158 1133 190 1160 et
209 1126 265 1159 Ius
280 1127 446 1160 civitatis:
470 1127 668 1172 mansitque
684 1126 917 1171 Hippocrates
933 1136 1050 1171 postea

58 1174 228 1216 Athenis,
263 1177 375 1209 donec
400 1176 601 1210 Alcibiades
632 1179 821 1211 exercitum
853 1178 989 1211 traiecit
1013 1178 1050 1210 in

59 1227 234 1268 Siciliam,
266 1227 317 1259 ibi
342 1239 434 1260 novo
461 1228 629 1260 beneficio
661 1229 728 1261 sibi
753 1228 912 1262 devinxit
938 1226 1051 1262 Athe-

59 1279 209 1311 nienses.
264 1276 354 1310 Cum
382 1278 476 1310 enim
497 1278 676 1311 Medicum
694 1286 900 1324 quaererent
921 1279 1052 1312 exerci—

59 1329 111 1363 tui
144 1329 428 1371 adiungendum,
462 1329 535 1371 ipse
569 1329 680 1361 filium
715 1329 924 1362 Thessalum
952 1329 1050 1362 iussit

59 1391 129 1412 una
147 1391 226 1411 cum
243 1379 393 1411 exercitu
410 1379 447 1411 in
463 1379 621 1413 Siciliam
639 1380 814 1422 navigare.
866 1378 1050 1424 Expetitus

59 1436 109 1464 est
132 1436 164 1462 et
191 1441 209 1461 a
235 1428 407 1472 Regibus:
443 1442 523 1462 nam
552 1429 629 1464 Rex
653 1430 836 1463 Persarum
861 1430 1050 1474 propositis

57 1479 220 1513 maximis
235 1481 401 1523 praemiis
416 1481 595 1515 accersivit
610 1493 707 1522 eum,
732 1482 791 1515 sed
809 1479 889 1514 huic
905 1493 1050 1525 respon-

58 1531 132 1571 dit,
158 1542 193 1563 se
212 1531 343 1574 patriae
359 1538 481 1564 natum
497 1543 588 1572 esse,
613 1543 702 1577 quae
721 1543 799 1564 cum
819 1531 927 1574 ipsius
944 1543 1047 1574 opera

57 1581 232 1625 indigeat,
260 1593 333 1614 nou
358 1582 485 1615 debere
509 1594 543 1614 se
567 1594 644 1615 eam
670 1583 844 1615 deserere:
872 1594 939 1626 qua
959 1582 996 1614 in
1013 1594 1049 1614 re

56 1632 229 1672 ostendit,
261 1643 298 1665 se
322 1644 394 1665 non
421 1630 551 1665 habere
583 1639 693 1666 artem
723 1632 761 1665 in
788 1640 954 1677 quaestu,
987 1633 1048 1666 sed

55 1680 277 1717 humanitate
292 1683 420 1716 adduci
438 1679 660 1716 adhomines
678 1683 861 1716 iuvandos.

159 1733 400 1767 Macedonicis
431 1732 591 1776 Regibus
624 1734 807 1767 familiaris
837 1734 924 1773 suit,
966 1745 1046 1766 nam

56 1784 243 1818 maximam
262 1790 394 1827 partem
408 1784 531 1817 aetatis
546 1784 703 1817 Larissae
718 1785 755 1817 in
770 1782 952 1817 Thessalia
969 1784 1048 1826 egit,

56 1847 147 1881 quae
173 1833 405 1867 Macedoniae
431 1835 546 1867 vicina
579 1842 647 1875 est,
684 1835 805 1880 ibique
836 1837 979 1867 domum
1015 1842 1046 1868 et

57 1885 242 1928 coniugem
259 1891 291 1917 et
309 1884 438 1918 liberos
455 1881 591 1918 habuit.
642 1883 776 1929 Estque
800 1897 838 1917 ex
858 1883 923 1917 hac
942 1885 1046 1917 fami-

56 1936 103 1970 lia
125 1943 242 1980 postea
269 1935 305 1968 in
331 1935 531 1969 universam
558 1934 744 1968 Graeciam
769 1934 946 1968 Medicina
966 1947 1046 1978 pro-

56 1993 189 2032 pagata.
243 1983 291 2019 Et
316 1992 355 2019 ut
371 1983 437 2020 hoc
454 1986 568 2019 obiter
591 1986 705 2019 dicam
718 2012 728 2026 ,
753 1986 853 2020 duxit
869 1997 909 2018 ex
926 1987 1044 2019 eadem

54 2037 187 2072 familia
206 2036 379 2080 originem
396 2044 428 2070 et
444 2036 669 2077 Aristoteles,
694 2043 792 2080 patre
815 2044 917 2070 natus
933 2036 1047 2069 medi-

55 2101 96 2123 co
115 2099 235 2132 regum
249 2086 491 2121 Macedoniae.
545 2086 676 2121 Ferunt
702 2086 953 2131 Hippocratem
980 2084 1045 2120 hoc

55 2140 162 2173 modo
186 2139 223 2171 in
247 2138 413 2172 noticiam
438 2150 558 2181 regum
588 2137 818 2171 Macedoniae
838 2138 1045 2181 pervenisse.

54 2189 145 2223 Cum
164 2188 327 2223 Perdicas
343 2190 515 2233 deperiret
534 2189 641 2232 patris
659 2188 852 2222 Alexandri
874 2189 1046 2233 pellicem,

55 2241 144 2274 adeo
161 2246 200 2273 ut
224 2240 304 2273 tabe
328 2240 463 2273 absumi
488 2241 687 2281 videretur,
714 2246 812 2284 pater
835 2240 963 2273 frustra
986 2252 1045 2272 ex-

56 2297 176 2336 pertus
195 2290 284 2324 alios
302 2289 480 2332 Medicus,
508 2303 608 2324 vocax
620 2291 644 2324 it
666 2292 709 2323 ad
728 2302 763 2323 se
781 2289 1044 2335 Hippocratem,

55 2341 118 2388 qui
142 2353 221 2375 cum
244 2340 379 2374 nullam
401 2341 506 2374 aliam
532 2342 750 2383 probabilem
771 2341 886 2374 morbi
905 2353 1042 2374 causam

55 2397 230 2432 cerneret,
262 2389 498 2435 deprehendit
526 2392 711 2433 iuvenem,
744 2399 820 2426 tum
846 2389 1044 2431 exhilarari,

54 2450 131 2478 tum
155 2442 401 2486 ingemiscere,
428 2450 502 2477 tum
526 2443 727 2482 rubescere,
755 2449 829 2476 tum
846 2442 1044 2486 pallescere,

55 2501 237 2538 conspecta
254 2493 362 2538 patris
380 2493 515 2537 pellice.
571 2493 808 2537 interrogatus
825 2493 932 2536 igitur
947 2493 1044 2527 iuve-

56 2544 132 2584 nis,
157 2556 311 2578 amorem
339 2545 516 2578 consessus
540 2551 607 2585 est,
634 2545 683 2578 ita
704 2544 891 2589 prudentia
906 2542 1044 2589 Hippo-

56 2594 162 2631 cratis
183 2595 297 2639 regius
319 2595 520 2629 adolescens
543 2602 698 2628 servatus
719 2602 780 2629 est.
835 2594 903 2628 Sed
930 2595 1045 2639 suspi-

57 2657 119 2680 cor
153 2641 244 2679 hanc
277 2646 433 2679 fabulam
469 2658 510 2680 ex
547 2644 751 2680 Erasistrati
787 2643 932 2679 historia
974 2643 1043 2680 huc

58 2696 262 2731 translatam
283 2708 374 2736 esse,
406 2709 510 2743 quem
529 2704 666 2730 constat
682 2694 749 2730 hoc
767 2697 872 2730 modo
891 2708 1043 2731 servasse

716 135 875 171 DECL.
927 135 1000 171 DE
1041 133 1433 173 HIPPOCRATE.

2019 143 2094 176 506

1107 217 1244 252 Seleuci
1269 219 1381 252 filium
1410 221 1713 256 contabescentem
1738 234 1855 256 amore
1878 223 2095 256 concubinae

1107 269 1226 312 patris.

1207 333 1279 368 Nos
1297 334 1357 367 illa
1374 346 1569 377 sumamus,
1598 350 1686 382 quae
1702 345 1733 372 et
1750 338 1889 383 propria
1906 346 1987 372 sunt
2004 338 2095 383 Hip-

1109 385 1278 428 pocratis,
1320 392 1353 418 et
1392 397 1508 418 veram
1545 385 1674 422 habent
1707 390 1743 421 in
1777 389 1906 422 artifice
1944 389 2096 423 laudem.

1107 434 1349 469 Exercuerunt
1373 435 1589 469 Medicinam
1619 438 1655 470 iu
1679 438 1827 473 Graecia
1856 447 1936 473 ante
1958 439 2097 484 Hippo-

1107 493 1235 519 cratem
1259 486 1418 530 empirici
1435 493 1466 520 et
1492 495 1710 532 gymnastae,
1745 491 1858 534 qualis
1882 490 1948 523 fuit
1968 489 2096 523 Prodi-

1107 549 1184 578 cus,
1220 537 1300 582 qui,
1333 543 1372 571 ut
1389 538 1574 571 annotavit
1591 537 1820 582 Hippocrates
1836 540 1872 572 iu
1889 538 2096 584 EpidemiiS‚

1108 600 1185 621 cum
1209 588 1382 621 exercitiis
1405 588 1517 621 febres
1542 589 1716 633 depellere
1748 597 1951 631 conaretur,
1986 591 2096 624 inter-

1107 638 1187 672 fecit
1213 646 1371 682 aegrotos
1393 636 1456 672 hac
1480 639 1553 682 ipsa
1578 639 1714 672 ratione
1738 641 1896 675 curandi.
1957 640 2095 674 Horum

1106 700 1242 722 errores
1263 702 1342 722 cum
1368 689 1672 723 animadvertisset
1694 690 1943 734 HippocrateS,
1978 691 2096 724 Medi-

1107 739 1221 772 cinam
1242 740 1417 773 revocavit
1443 741 1485 773 ad
1509 740 1700 782 rationem,
1726 747 1829 786 atque
1845 748 1954 774 artem
1974 741 2096 774 effecit.

1105 789 1228 835 Neque
1248 803 1330 824 vero
1356 798 1393 823 ut
1418 791 1640 824 Democritus
1663 799 1694 825 et
1717 792 1777 824 alii
1794 793 1956 837 quidam,
1984 793 2096 836 quise

1107 839 1273 887 Physicos
1290 841 1459 885 appellari
1481 842 1669 875 voluerunt
1682 869 1691 882 ,
1724 849 1859 876 tantum
1879 842 2004 875 ociosis
2023 843 2094 875 dis-

1107 892 1347 936 putationibus
1364 904 1399 925 se
1421 893 1576 932 dedidit,
1607 894 1665 925 sed
1682 894 1724 925 ad
1741 893 1974 937 experimenta
1991 900 2094 937 atque

1107 943 1407 983 observationem,
1441 943 1603 976 adiunxit
1627 955 1745 976 causas
1764 951 1795 977 et
1814 944 1984 983 rationes,
2012 941 2096 975 haec

1106 1000 1153 1026 est
1172 993 1249 1026 laus
1276 994 1385 1037 ipsius
1403 994 1544 1037 propria
1567 992 1805 1037 Hippocrati&
1857 993 2016 1038 Cumque
2034 1005 2096 1026 na-

1106 1051 1160 1077 tus
1185 1050 1272 1077 esset
1303 1045 1344 1077 ad
1379 1044 1677 1077 beuemerendum
1708 1045 1750 1077 de
1773 1044 1937 1077 universo
1972 1055 2096 1086 genere

1105 1092 1280 1135 humano,
1315 1102 1348 1128 et
1369 1095 1491 1128 docuit
1514 1095 1588 1139 ipse
1617 1094 1787 1138 plurimos
1810 1106 1871 1128 sua
1894 1100 2004 1127 aetate
2021 1094 2096 1126 sine

1107 1145 1257 1183 invidia,
1286 1154 1320 1177 et
1336 1152 1444 1176 artem
1463 1145 1629 1188 scriptam
1645 1145 1877 1179 eruditissime
1896 1145 2051 1189 reliquit.

1204 1210 1306 1244 Plato
1333 1211 1382 1244 ait
1405 1211 1581 1244 veteribus
1603 1208 1698 1245 hunc
1715 1224 1848 1244 morem
1862 1213 1988 1252 fuisse,
2015 1212 2096 1245 bre-

1105 1263 1208 1295 vibus
1225 1262 1436 1306 quibusdam
1453 1262 1635 1295 sententiis
1646 1269 1810 1307 tanquam
1827 1263 1995 1302 oraculis,
2023 1269 2095 1295 tra-

1105 1314 1187 1346 dere
1204 1324 1302 1345 suam
1320 1309 1600 1356 Philosophiam.
1654 1311 1736 1346 Ideo
1754 1313 1893 1345 videtur
1910 1320 1941 1346 et
1957 1311 2095 1356 Hippo-

1105 1370 1215 1397 crates
1232 1360 1298 1396 hac
1325 1374 1407 1396 usus
1433 1363 1623 1403 brevitate,
1650 1364 1686 1395 in
1709 1376 1776 1408 qua
1799 1370 1915 1396 tamen
1931 1370 2027 1397 tanta
2045 1369 2095 1397 est

1104 1425 1221 1447 rerum
1246 1413 1364 1457 copia,
1391 1420 1430 1447 ut
1452 1420 1616 1457 appareat
1633 1426 1712 1447 eum
1733 1421 1766 1447 et
1787 1414 1957 1457 aspexisse
1974 1414 2093 1447 animo

1105 1465 1303 1498 universam
1335 1476 1453 1496 rerum
1486 1471 1666 1504 naturam,
1705 1471 1739 1498 et
1767 1475 1890 1497 omnes
1924 1462 2094 1509 Physicae

1103 1522 1217 1559 partes
1233 1514 1417 1558 complecti
1436 1514 1600 1549 voluisse.
1643 1514 1827 1560 Quidquid
1845 1514 1938 1547 enim
1956 1515 1999 1547 de
2016 1527 2095 1548 cor-

1103 1577 1227 1609 porum
1245 1564 1397 1602 naturis,
1421 1565 1463 1597 de
1474 1565 1679 1597 morborum
1695 1565 1828 1604 causis,
1854 1565 1896 1597 de
1914 1565 2032 1609 signis,
2051 1566 2095 1598 de

1103 1615 1414 1661 symptomatibus‚
1443 1616 1485 1647 de
1500 1616 1664 1648 remediis
1688 1615 1815 1660 reliqui
1838 1612 2093 1659 philosophan-

1103 1674 1178 1707 tur,
1205 1666 1266 1711 qui
1285 1665 1439 1708 iugentia
1460 1665 1640 1699 volumina
1664 1665 1903 1710 reliquerunt,
1938 1666 1972 1699 id
1994 1666 2093 1711 quasi

1103 1723 1385 1761 praemonstrant
1409 1715 1635 1760 Hippocratis
1661 1716 1874 1756 sententiae,
1904 1728 1989 1761 quas
2014 1716 2094 1761 qui-

1102 1769 1180 1801 dem
1204 1767 1341 1812 quoties
1365 1767 1461 1809 lego,
1488 1767 1698 1801 mirabiliter
1715 1767 1865 1808 afficior,
1887 1779 1965 1800 cum
1985 1767 2093 1808 illam,

1102 1825 1135 1852 et
1157 1818 1337 1851 doctrinae
1362 1817 1563 1850 varietatem
1588 1823 1621 1850 et
1653 1817 1845 1860 sapientiae
1874 1817 2091 1860 magnitudi-

1102 1881 1182 1901 nem
1208 1869 1300 1911 apud
1326 1880 1381 1900 me
1406 1867 1603 1901 considero.
1661 1865 1709 1901 Et
1725 1868 1867 1912 quidem
1884 1879 1957 1900 non
1976 1868 2092 1901 solum

1103 1917 1184 1952 hinc
1225 1918 1414 1952 extiterunt
1450 1917 1673 1951 Medicorum
1707 1918 1982 1963 disputationes,
2031 1919 2090 1952 sed

1101 1970 1203 2003 etiam
1229 1968 1330 2002 Plato
1352 1975 1385 2002 et
1408 1968 1617 2002 Aristoteles
1640 1969 1832 2012 plurimum
1861 1969 1906 2002 ab
1929 1981 1969 2002 eo
1995 1981 2091 2002 sum-

1101 2027 1265 2065 pserunt,
1292 2031 1407 2065 neque
1431 2018 1467 2053 id
1495 2019 1740 2060 dissimulant,
1775 2019 1976 2063 praedicant
1995 2019 2089 2053 enim

1102 2069 1311 2111 honorifice,
1343 2069 1480 2115 quoties
1505 2083 1584 2104 eum
1601 2070 1721 2105 citant.
1774 2067 1819 2103 Et
1838 2067 1927 2103 mihi
1947 2070 2088 2115 quidem

1101 2121 1301 2156 Aristotelis
1325 2119 1492 2167 Physica,
1520 2119 1586 2154 hoc
1602 2128 1668 2162 est,
1694 2120 1949 2164 disputationes
1971 2123 2014 2154 de
2031 2133 2090 2164 ge-

1099 2173 1282 2206 neratione
1314 2179 1348 2206 et
1385 2172 1612 2215 corruptione
1636 2183 1843 2214 corporum,
1877 2172 1921 2204 de
1953 2171 2090 2206 naturis

1100 2224 1372 2264 elementorum,
1413 2224 1457 2255 de
1498 2221 1732 2255 animantium
1766 2221 1919 2262 naturis,
1958 2230 2017 2256 aut
2049 2234 2088 2255 ex

1100 2274 1182 2319 ipsis
1200 2272 1426 2318 Hippocratis
1443 2273 1562 2314 libris,
1591 2279 1650 2306 aut
1667 2278 1758 2306 certe
1773 2284 1813 2305 ex
1829 2272 1903 2305 eius
1917 2272 2090 2313 doctrina,

1099 2337 1188 2371 quae
1204 2323 1325 2358 floruit
1343 2323 1379 2357 in
1397 2323 1646 2368 Hippocratica
1668 2322 1822 2363 familia,
1849 2334 1887 2355 ex
1907 2335 1976 2368 qua
1996 2323 2088 2356 dixi-

1099 2387 1177 2409 mus
1211 2375 1439 2409 Aristotelem
1475 2380 1592 2408 ortum
1628 2385 1718 2414 esse,
1756 2383 1882 2416 magna
1917 2386 1957 2407 ex
1990 2380 2088 2419 parte

1098 2433 1179 2461 nata
1205 2432 1267 2460 est.

1199 2491 1311 2526 Porro
1330 2498 1460 2536 quanta
1482 2492 1559 2526 laus
1580 2491 1626 2525 sit
1643 2490 1796 2534 ingenii,
1822 2497 1954 2525 tantam
1973 2491 2085 2524 varie-

1098 2551 1201 2578 tatem
1221 2554 1337 2576 rerum
1362 2542 1399 2574 in
1418 2549 1542 2576 natura
1565 2542 1719 2587 potuisse
1737 2541 1949 2586 perspicere,
1972 2553 2084 2586 quan-

1098 2603 1170 2629 tum
1197 2592 1255 2628 hic
1283 2593 1384 2626 labor
1407 2593 1530 2627 afferat
1550 2593 1711 2627 utilitatis
1739 2593 1904 2626 universo
1929 2589 2083 2625 humano

1096 2645 1237 2689 generi,
1270 2655 1374 2676 nemo
1398 2655 1461 2688 pro
1485 2644 1654 2687 dignitate
1677 2643 1796 2689 eloqui
1815 2649 1937 2687 potest.
1989 2640 2082 2673 Illud

1096 2703 1231 2732 tantum
1256 2695 1389 2736 dicam,
1422 2706 1484 2728 vos
1508 2695 1569 2741 qui
1591 2691 1673 2736 huic
1698 2694 1815 2728 studio
1840 2704 1901 2726 vos
1925 2691 2082 2730 dedistis,
