2338 2958
117 212 225 247 literis
244 211 402 256 proponi.

540 125 698 162 DECL.
746 126 818 163 DE
851 126 1071 164 STUDIO
1105 128 1369 166 LtNGUAE
1403 128 1690 167 EBRAEAE.

458 209 554 244 Nihil
572 211 677 255 igitur
694 213 736 245 de
754 225 872 246 earum
895 213 1096 257 linguarum
1120 220 1123 247 ἴ

2052 135 2125 170 870

1145 214 1300 257 quimur:
1324 227 1396 248 non
1411 223 1526 248 tamen
1541 216 1618 249 ideo
1637 227 1776 259 prorsus
1789 223 1896 250 artem
1914 219 2123 251 numerandi

114 263 283 306 dignitate
299 259 457 302 detraho,
477 263 630 295 delector
645 263 749 296 etiam
766 275 884 297 earum
904 269 1094 297 venustae.
1120 276 1121 288 1
1144 264 1304 306 sugimus.
1332 273 1363 299 et
1388 264 1469 299 baec
1489 267 1673 299 mediocris
1691 267 1810 300 scienti
1825 282 1830 299 1
1847 260 1905 299 se'u
1925 268 2122 301 ‹xercitatio

113 312 201 346 Nam
218 312 280 346 etsi
303 324 379 344 eam
402 325 472 346 non
490 313 667 357 exprimo,
693 320 807 347 tamen
832 321 870 347 ut
890 314 926 346 in
950 313 1096 358 picturis

113 362 317 403 artificium,
350 363 396 395 ita
425 363 460 395 in
486 363 622 407 scriptis
653 364 874 397 mediocriter
901 364 1095 406 intelligere

112 413 318 455 elegantiam
335 424 527 457 possumuS.
581 413 648 447 Sed
669 414 705 446 in
721 413 874 447 Ecclesia
895 413 960 447 Dei
980 426 1094 446 carere

111 463 230 506 lingua
248 461 386 497 Ebraea
401 476 474 497 non
490 475 684 507 possumus.
737 463 837 498 Hanc
855 465 1091 497 necessitatem

111 514 326 556 argumentis
349 515 513 547 omnibus
538 526 625 559 quae
648 521 769 547 contra
794 527 857 547 nos
874 515 1092 551 adferuntur,

110 576 263 608 oppono.
325 564 363 598 Si
389 564 584 598 iudicamus
607 563 695 597 hanc
720 566 762 598 de
785 560 860 598 Deo
885 565 1092 604 doctrinam,

109 627 213 659 quam
237 613 389 648 Ecclesia
406 613 537 648 Christi
554 615 753 659 profitetur,
780 615 943 648 traditam
965 627 1091 647 monu—

109 666 237 698 mentis
266 663 477 710 propheticis
503 672 536 698 et
562 665 776 708 apostolicis,
811 665 919 698 solam
944 676 1016 698 esse
1032 677 1091 698 ve-

108 728 201 756 ram,
226 723 260 749 et
285 717 392 749 solam
419 715 491 748 veri
508 714 574 748 Dei
600 715 858 748 invocationem
879 723 1089 749 monstrare:

109 778 246 800 necesse
275 774 325 800 est
348 771 575 799 monumenta
610 763 813 810 prophetica
844 774 874 800 ct
901 766 1089 810 apostolica

107 828 241 850 summa
266 817 332 850 fide
355 816 569 856 conservari,
596 823 628 849 et
654 828 733 849 vere
758 824 790 850 et
814 823 904 850 recte
923 817 1088 850 enarrari.

107 880 211 912 quain
233 869 275 900 ad
299 880 371 900 rem
396 866 460 899 etsi
490 867 638 899 aliarum
667 867 795 900 artium
823 880 861 900 ac
890 868 1087 911 linguarum

107 918 301 951 doctrinam
325 917 428 950 etiam
457 917 684 950 necessariam
707 929 778 950 esse
807 918 938 958 fateor,
973 925 1088 951 tamen

106 969 196 1001 addo
213 969 344 1001 sontem
366 968 664 1011 interpretationis
686 979 756 1001 esse
774 968 914 1011 linguae
931 967 1088 1001 Ebraeae

105 1019 361 1062 cognitionem,
387 1018 462 1051 sine
485 1015 549 1051 hac
576 1018 719 1051 retineri
745 1019 877 1052 nativas
899 1019 1089 1052 sententias

106 1081 204 1113 posse
227 1081 324 1112 nego.
380 1067 500 1113 ltaque
524 1069 566 1101 iis
590 1069 649 1113 qni
673 1069 786 1102 studia
811 1080 870 1101 sua
895 1071 936 1101 ad
960 1077 1086 1102 certam

104 1118 281 1154 Ecclesiae
304 1119 490 1153 utilitatem
513 1119 684 1158 referunt,
711 1126 743 1152 et
769 1119 804 1150 in
823 1119 895 1151 suis
913 1120 1088 1152 mentibus

103 1170 310 1203 confirmare
339 1168 583 1201 adsensionem
616 1169 658 1201 de
689 1169 847 1202 doctrina
887 1168 1087 1214 prophetica

105 1221 246 1261 volunt,
279 1217 333 1252 1115
360 1220 402 1252 ad
430 1225 562 1252 caetera
587 1219 701 1251 studia
732 1220 990 1263 adiungendam
1017 1232 1088 1253 esse

102 1272 258 1314 linguam
273 1268 466 1313 Ebraeam‚
494 1282 564 1302 non
584 1270 729 1302 dubium
747 1277 808 1303 est.

201 1320 320 1363 Quare
345 1320 446 1352 initio
464 1321 637 1364 praefatus
669 1332 765 1357 sum,
800 1321 952 1353 libenter
971 1333 1026 1354 me
1051 1321 1086 1354 in

103 1370 169 1405 hoc
183 1378 283 1405 coetu
296 1397 304 1411 ,
334 1370 393 1415 qui
411 1382 488 1414 pars
506 1371 549 1403 sit
567 1369 741 1403 Ecclesiae
756 1369 843 1411 Dei,
870 1372 911 1403 de
936 1369 1000 1404 bac
1019 1373 1086 1404 lin-

101 1435 166 1467 gna
188 1422 321 1461 dicere,
349 1421 409 1466 qui
435 1421 529 1453 solus
549 1421 735 1454 utilitatem
760 1418 865 1454 huius
889 1422 1028 1465 linguae
1055 1430 1084 1455 et

102 1473 265 1516 intelligit
290 1478 323 1505 et
349 1471 558 1514 magnifacit.
622 1471 787 1505 Sinamus
814 1470 973 1505 homines
1002 1485 1084 1517 pro-

101 1522 236 1569 phanos
251 1523 338 1555 alios
354 1522 432 1554 aliis
449 1522 573 1555 studiis
591 1534 649 1555 sen
663 1522 900 1565 voluptatibus
912 1523 1085 1556 delectari.

102 1574 172 1608 Nos
196 1571 373 1607 Ecclesiae
396 1573 668 1616 patrimonium,
696 1579 729 1605 et
753 1574 856 1605 nobis
883 1580 915 1606 et
940 1575 1085 1617 posteris

101 1632 283 1663 tueamur,
311 1631 343 1657 et
361 1630 493 1656 mentes
512 1630 648 1655 nostras
671 1623 828 1656 sontibus
851 1623 935 1667 ipsis
952 1625 1083 1657 doctri—

100 1687 165 1708 nae
187 1673 345 1707 coelestis
369 1673 630 1706 confirmemus:
669 1679 705 1705 ut
729 1674 863 1707 erudite
894 1675 1084 1717 cogitantes

99 1726 217 1759 omnia
241 1725 440 1758 testimonia
465 1725 507 1756 de
527 1723 621 1763 Deo,
648 1724 729 1756 inde
753 1735 864 1768 usqne
880 1725 922 1757 ab
940 1725 1084 1758 exordio

100 1775 245 1809 hnmani
264 1774 400 1817 generis
416 1774 561 1814 tradita,
587 1786 708 1806 verum
727 1772 863 1813 Deum,
892 1775 950 1819 qui
970 1787 1004 1807 se
1023 1787 1082 1818 pa-

98 1825 212 1860 tefecit
232 1825 267 1856 in
284 1822 348 1857 hac
365 1824 535 1864 doctrina,
559 1836 637 1856 vera
658 1830 689 1856 et
707 1824 844 1856 ardenti
864 1825 1084 1857 invocatione

97 1876 321 1910 celebremus.

202 1925 272 1959 lam
301 1937 338 1957 ea
359 1931 408 1957 est
432 1932 522 1957 aetas
547 1936 641 1964 mea,
666 1930 705 1957 ut
724 1924 750 1956 si
771 1924 853 1968 quid
882 1933 1084 1968 arroganter

97 1979 140 2011 de
163 1988 238 2010 mea
262 1975 460 2008 eruditione
485 1975 701 2019 praedicem,
736 1975 809 2007 inre
833 1976 1010 2013 ‹lo-ridear,
1046 1989 1083 2009 ac

98 2035 215 2061 mente
231 2038 346 2060 errare
363 2026 469 2059 dicar.
525 2024 735 2057 immensum
754 2025 920 2069 quiddam
939 2034 987 2059 est
1006 2039 1084 2069 per-

98 2079 185 2111 secta
208 2077 387 2111 doctrina:
424 2084 455 2109 et
479 2077 548 2109 scio
571 2088 626 2107 me
651 2087 721 2107 non
752 2076 865 2107 solum
896 2077 1015 2119 procul
1040 2079 1083 2109 ab

100 2129 158 2162 illa
184 2128 394 2173 perfectione
419 2128 555 2166 abesse,
584 2127 641 2158 scd
668 2126 723 2157 vix
745 2126 866 2168 primis
892 2127 1017 2167 labris,
1046 2135 1081 2161 ut

99 2180 145 2214 ita
171 2179 301 2218 dicam,
328 2179 525 2221 degustasse
551 2177 669 2209 literas
688 2176 848 2215 Latinas,
877 2176 1027 2211 Graecas
1051 2186 1083 2212 et

98 2228 277 2263 Ebmicas.
336 2227 403 2262 Sed
437 2236 550 2261 tamen
587 2224 651 2259 hoc
686 2227 800 2271 ipsum
835 2229 927 2272 quod
964 2229 1082 2266 didici,

98 2280 448 2325 quantulumcunque
473 2285 541 2319 est,
568 2284 710 2322 propter
736 2278 902 2311 iudicium
923 2280 965 2311 de
984 2278 1082 2313 Reli-

98 2331 219 2373 gione‚
254 2330 419 2363 omnibns
443 2329 565 2362 mundi
600 2328 734 2371 regnis,
767 2329 924 2361 omnium
956 2331 1082 2373 opibus

99 2383 202 2423 longe
226 2387 413 2424 antepono.
467 2380 570 2422 Quod
596 2391 635 2411 eo
654 2380 753 2419 dico,
781 2386 818 2412 ut
842 2391 920 2411 cnm
947 2378 1032 2413 milti
1050 2389 1080 2414 et

99 2432 177 2465 aliis
200 2432 261 2476 qui
283 2443 405 2474 parum
429 2430 635 2470 didicimus,
662 2429 808 2462 videatis
830 2430 1020 2473 plurimum
1038 2433 1079 2465 ad

99 2483 254 2516 veritatis
271 2482 484 2525 agnitionem
502 2478 591 2513 hanc
607 2480 763 2523 exiguam
782 2481 975 2514 doctrinam
1000 2494 1083 2526 pro-

100 2533 209 2566 desse:
236 2540 269 2566 et
287 2532 351 2576 ipsi
369 2532 530 2576 speretiS,
558 2543 722 2573 magnum
744 2542 804 2563 vos
828 2531 981 2575 precium
999 2546 1077 2576 ope-

100 2595 158 2616 rae
181 2584 332 2616 facturos
355 2595 445 2621 esse,
470 2583 496 2615 si
520 2582 627 2624 lingn
622 2593 655 2614 15
680 2581 902 2615 mediocriter
919 2583 1082 2616 didiceri-

100 2634 155 2667 tis.
217 2632 294 2666 Non
325 2631 547 2667 exhausimus
577 2632 774 2665 universam
805 2630 1109 2675 Α11111111911911111,ἰ

1144 314 1301 357 ingentes
1331 328 1390 348 no
1382 317 1433 348 ns
1462 317 1630 350 utilitates
1662 318 1792 357 adlert,
1829 318 1898 350 imo
1924 318 2057 350 aditum
2087 318 2123 350 in

1143 365 1277 397 coelum
1313 367 1354 398 ad
1390 367 1463 398 loca
1498 367 1650 399 siderum
1683 368 1852 411 patefacit.
1905 368 1955 400 lta
1985 368 2054 401 fere
2086 368 2123 400 in

1143 415 1308 447 omnibus
1332 416 1526 459 disciplinis
1549 418 1671 450 uberes
1696 419 1828 451 fructus
1852 418 1955 452 ctiam
1980 431 2018 452 ex
2050 430 2123 451 me-

1142 464 1252 497 diocri
1273 466 1470 507 cognitione
1491 467 1618 510 percipi
1640 475 1793 510 possunt.

1242 530 1360 573 Quare
1386 533 1478 564 bona
1502 544 1580 565 cuin
1604 545 1680 576 spe,
1706 542 1737 567 et
1765 532 1826 567 hac
1845 535 1982 569 invitati
2008 548 2121 577 causa,

1141 587 1179 614 ut
1201 582 1310 624 prosit
1327 594 1430 626 opera
1448 590 1566 616 nostra
1584 581 1778 623 Ecclesiae,
1810 585 1948 627 linguae
1966 585 2122 620 Ebraeae

1141 631 1273 676 aliquid
1289 633 1394 665 studii
1411 634 1617 668 tribuamus.
1665 633 1709 668 Ut
1727 635 1818 666 enim
1839 635 1952 669 fontes
1968 638 2123 671 coelestis

1141 682 1320 715 doctrinae
1346 684 1470 716 melius
1494 684 1566 716 noti
1592 684 1678 725 sint,
1707 686 1799 718 etad
1819 693 1974 729 posteros
1996 687 2122 721 sinceri

1140 741 1396 776 propagentur,
1430 746 1564 778 semper
1587 734 1723 779 aliquos
1745 747 1816 768 esse
1839 743 1995 779 oportet,
2027 739 2123 772 velut

1139 782 1310 816 librorum
1344 786 1522 823 custodes,
1557 786 1617 829 qui
1641 785 1854 819 Germanam
1876 787 2061 820 lectionem
2091 796 2122 821 et

1138 835 1344 867 sententiam
1362 835 1496 868 collatis
1512 836 1669 869 sontibus
1693 843 1867 872 tueantur,

1239 900 1286 934 At
1304 903 1452 935 clamant
1470 903 1570 935 inulti
1583 930 1590 942 ,
1618 910 1731 936 extare
1747 904 1837 937 bona
1856 904 1922 937 fide
1938 906 2123 938 translatos

1138 952 1246 984 libros
1279 953 1313 985 in
1339 952 1509 986 Graecam
1542 960 1573 985 et
1605 953 1765 986 Latinam
1798 955 1971 998 linguam,
2013 968 2123 1000 coque

1137 1015 1255 1035 curam
1281 1004 1482 1047 peregrinae
1506 1004 1644 1046 linguae
1667 1004 1850 1037 discendae
1874 1017 2121 1049 supervacuam

1136 1064 1218 1085 esse.

1240 1111 1388 1145 Gaudeo
1418 1113 1594 1145 versiones
1627 1119 1760 1153 extare,
1796 1120 1827 1146 et
1856 1113 1921 1147 Dei
1954 1115 2120 1148 beneficio

1135 1163 1294 1194 omnium
1318 1163 1466 1195 maxime
1497 1163 1671 1196 luculenta
1703 1171 1735 1196 et
1764 1164 1874 1197 nitida
1899 1173 1946 1198 est
1973 1165 2122 1198 Germa-

1136 1214 1231 1252 nica,
1259 1224 1393 1245 summa
1412 1213 1593 1255 diligentia
1614 1220 1645 1246 et
1666 1214 1732 1245 fide
1756 1215 1942 1257 exploratis
1965 1216 2120 1249 erudito-

1136 1275 1212 1295 rum
1236 1263 1376 1296 iudiciis
1398 1275 1416 1295 a
1442 1263 1482 1298 D.
1500 1261 1654 1296 Lntbero
1680 1265 1866 1299 elaborata.
1900 1265 2008 1307 ‘Nam
2033 1275 2064 1300 et
2085 1268 2119 1299 in

1137 1314 1255 1357 populi
1272 1321 1306 1347 ct
1322 1314 1358 1346 in
1377 1314 1593 1347 eruditorum
1613 1315 1776 1348 manibus
1793 1327 1906 1348 sacros
1925 1317 2034 1350 libros
2050 1328 2121 1350 esse

1135 1370 1289 1407 oportet,
1315 1372 1354 1397 ut
1370 1365 1535 1408 praecipit
1557 1364 1699 1403 Petrus,
1728 1365 1910 1410 inquiens:
1937 1366 2044 1401 Recte
2069 1370 2120 1400 la-

1135 1415 1230 1453 citis,
1264 1416 1357 1459 quod
1384 1413 1625 1459 propheticum
1651 1427 1846 1449 sermonem
1874 1417 1997 1460 legitis.
2051 1417 2119 1451 Sed

1135 1466 1228 1498 unde
1245 1466 1394 1509 populus
1412 1465 1735 1509 interpretationem
1757 1464 1911 1506 haberet,
1938 1468 2006 1501 nisi
2026 1469 2118 1502 docti

1135 1516 1241 1559 aliqui
1267 1513 1653 1559 linguam'novissent‘?
1705 1516 1892 1560 Singulare
1918 1517 1983 1552 Dei
2012 1520 2120 1552 bene-

1136 1566 1249 1599 ficium
1269 1574 1329 1605 est,
1350 1567 1442 1611 quod
1462 1578 1597 1610 semper
1612 1567 1649 1599 in
1662 1565 1814 1600 Ecclesia
1832 1569 1964 1601 donum
1982 1570 2120 1613 lingua-

1135 1629 1211 1649 rum
1229 1617 1314 1649 alias
1329 1617 1518 1654 illustrius,
1545 1617 1630 1649 alias
1647 1618 1829 1651 obscurius
1852 1619 1928 1652 suit.
1983 1620 2119 1654 Multae

1133 1667 1226 1699 enim
1250 1675 1331 1700 sunt
1359 1679 1496 1707 causae,
1525 1679 1586 1700 cur
1606 1679 1742 1711 semper
1767 1669 1903 1714 aliquos
1924 1681 1994 1702 9559
2013 1683 2118 1714 opor-

1134 1724 1221 1757 teat,
1257 1719 1384 1762 quibus
1410 1718 1522 1751 sontes
1552 1719 1625 1751 noti
1660 1719 1740 1751 sint.
1776 1720 1928 1762 primum
1959 1722 2118 1765 turpissi-

1135 1780 1228 1799 mum
1248 1774 1351 1805 esset,
1379 1767 1486 1811 ipsam
1506 1766 1695 1801 Ecclesiam
1712 1770 1872 1811 ignorare
1889 1772 2028 1803 exordia
2046 1784 2118 1813 sua,

1135 1830 1195 1850 nec
1219 1825 1311 1851 certo
1336 1819 1448 1850 fontes
1472 1819 1652 1851 doctrinae
1674 1826 1801 1852 tenere.
1852 1819 1988 1854 Deinde
2013 1834 2115 1855 nemo

1134 1880 1237 1900 sanus
1259 1869 1411 1911 ignorat,
1439 1880 1510 1900 non
1535 1881 1670 1912 semper
1695 1870 1836 1903 retineri
1863 1871 2012 1904 similem
2037 1885 2116 1916 per-

1134 1918 1350 1961 spicuitatem
1375 1925 1408 1951 et
1431 1919 1633 1962 puritatem,
1662 1932 1739 1952 cum
1761 1923 1952 1955 sententiae
1973 1936 2012 1956 ex
2039 1924 2115 1956 aliis

1135 1969 1261 2011 linguis
1282 1969 1315 2001 in
1333 1969 1415 2001 ali-as
1436 1970 1741 2005 transfunduntur.
1794 1970 1840 2005 Et
1854 1985 1978 2015 magna
1995 1981 2044 2007 est
2060 1974 2115 2006 in-

1134 2027 1323 2063 terpretum
1346 2020 1617 2061 dissimilitudo,
1641 2021 1743 2053 etiam
1767 2035 1844 2055 cnm
1865 2035 1925 2066 p.:r
1949 2024 2031 2057 sides
2055 2032 2115 2059 est.

1137 2069 1285 2103 Ecclesia
1304 2070 1406 2103 initio
1426 2082 1503 2102 cnm
1525 2079 1611 2105 essct
1629 2072 1818 2110 eruditior,
1847 2080 1960 2106 tamen
1982 2075 2114 2107 iudica-

1133 2120 1178 2153 vit
1198 2121 1342 2153 usitatae
1367 2121 1668 2164 interpretationi,
1693 2123 1778 2156 alias
1801 2124 1918 2167 plnres
1939 2126 2116 2159 addendas

1133 2183 1214 2206 esse.
1269 2170 1498 2204 Manifestum
1525 2180 1572 2205 est
1601 2173 1692 2205 enim
1721 2173 1755 2206 in
1778 2175 1836 2206 illa
1861 2175 1984 2208 usitata
2007 2176 2114 2209 multa

1133 2233 1203 2253 esse
1220 2222 1339 2254 inutila
1359 2223 1525 2261 membra,
1544 2224 1651 2255 multa
1669 2225 1814 2257 obscure
1831 2232 1860 2257 et
1880 2226 2020 2258 sordide
2036 2228 2116 2259 red-

1132 2272 1202 2305 dita
1222 2284 1310 2309 csse,
1339 2273 1423 2305 alias
1447 2273 1491 2305 ab
1516 2273 1599 2316 ipsis
1615 2275 1817 2315 autoribus,
1844 2277 1926 2308 alias
1951 2289 1968 2308 a
1995 2277 2116 2310 scribis

1133 2323 1287 2355 membra
1314 2323 1554 2355 narrationum
1581 2325 1722 2357 confusa
1746 2333 1779 2358 et
1808 2327 2007 2369 perturbata
2035 2340 2116 2364 esse,

1133 2381 1165 2407 et
1178 2371 1395 2416 propheticas
1414 2374 1631 2407 narrationes
1647 2386 1747 2419 saepe
1758 2387 1963 2419 magnarum
1977 2378 2114 2411 aedium

1134 2424 1244 2457 ruinis
1260 2424 1390 2467 §aniles
1410 2435 1491 2457 9559.

1234 2481 1341 2515 Grata
1360 2482 1465 2525 igitur
1488 2482 1552 2515 suit
1574 2481 1748 2516 Ecclesiae
1765 2497 1869 2529 opera
1887 2485 2116 2525 eruditorum,

1133 2534 1191 2579 qui
1211 2533 1513 2577 interpretationes
1532 2546 1639 2567 novas
1656 2535 1860 2575 ediderunt,
1889 2548 2034 2580 quarum
2051 2535 2116 2567 ali-

1107 2596 1218 2633 111115
1248 2584 1283 2616 111
1316 2596 1425 2616 111111111
1453 2583 1616 2617 xolumen
1643 2586 1811 2627 congessit
1841 2584 2023 2625 091011115
2056 2587 2116 2618 sed

1108 2641 1209 2679 post
1235 2635 1333 2667 illum
1358 2633 1581 2668 Nicomediae
1606 2636 1671 2669 suit
1695 2637 1748 2669 vir
1772 2636 1953 2669 nobilitate
1979 2636 2116 2677 generis

101 2696 165 2717 nec
188 2681 361 2719 Euclidis
396 2697 457 2717 nec
485 2680 708 2717 Archimedis
733 2683 962 2717 subtilitatem
992 2696 1082 2718 asse·
1106 2651 1110 2723 1
1135 2693 1331 2730 praestans,
1371 2685 1428 2718 sed
1459 2686 1570 2720 multo
1605 2693 1717 2730 praest
1722 2694 1836 2720 1111101·
1861 2686 2057 2719 eruditione
2085 2693 2117 2720 et

1427 2733 1509 2770 55*
