<?xml version="1.0" encoding="UTF-8"?>
<!DOCTYPE html PUBLIC "-//W3C//DTD XHTML 1.0 Transitional//EN"
    "http://www.w3.org/TR/xhtml1/DTD/xhtml1-transitional.dtd">
<html xmlns="http://www.w3.org/1999/xhtml" xml:lang="en" lang="en">
 <head>
  <title>
</title>
<meta http-equiv="Content-Type" content="text/html;charset=utf-8" />
  <meta name='ocr-system' content='tesseract 3.04.00' />
  <meta name='ocr-capabilities' content='ocr_page ocr_carea ocr_par ocr_line ocrx_word'/>
</head>
<body>
  <div class='ocr_page' id='page_1' title='image "./operaquaesupersu11melauoft/operaquaesupersu11melauoft_0281.png"; bbox 0 0 2338 2958; ppageno 0'>
   <div class='ocr_carea' id='block_1_1' title="bbox 7 89 12 758">
    <p class='ocr_par' dir='ltr' id='par_1_1' title="bbox 7 89 12 758">
     <span class='ocr_line' id='line_1_1' title="bbox 7 89 12 758; baseline 0 0"><span class='ocrx_word' id='word_1_1' title='bbox 7 89 12 758; x_wconf 95' lang='lat' dir='ltr'><strong> </strong></span> 
     </span>
    </p>
   </div>
   <div class='ocr_carea' id='block_1_2' title="bbox 0 957 13 2334">
    <p class='ocr_par' dir='ltr' id='par_1_2' title="bbox 0 957 13 2334">
     <span class='ocr_line' id='line_1_2' title="bbox 0 957 13 2334; baseline 0 0"><span class='ocrx_word' id='word_1_2' title='bbox 0 957 13 2334; x_wconf 95' lang='lat' dir='ltr'><strong> </strong></span> 
     </span>
    </p>
   </div>
   <div class='ocr_carea' id='block_1_3' title="bbox 3 2419 7 2504">
    <p class='ocr_par' dir='ltr' id='par_1_3' title="bbox 3 2419 7 2504">
     <span class='ocr_line' id='line_1_3' title="bbox 3 2419 7 2504; baseline 0 0"><span class='ocrx_word' id='word_1_3' title='bbox 3 2419 7 2504; x_wconf 78' lang='lat' dir='ltr'><strong>t</strong></span> 
     </span>
    </p>
   </div>
   <div class='ocr_carea' id='block_1_4' title="bbox 73 133 148 169">
    <p class='ocr_par' dir='ltr' id='par_1_4' title="bbox 73 133 148 169">
     <span class='ocr_line' id='line_1_4' title="bbox 73 133 148 169; baseline 0.013 -1"><span class='ocrx_word' id='word_1_4' title='bbox 73 133 148 169; x_wconf 78' lang='lat'><strong>545</strong></span> 
     </span>
    </p>
   </div>
   <div class='ocr_carea' id='block_1_5' title="bbox 55 209 1053 2764">
    <p class='ocr_par' dir='ltr' id='par_1_5' title="bbox 58 209 1053 1064">
     <span class='ocr_line' id='line_1_5' title="bbox 70 209 1053 263; baseline -0.008 -10"><span class='ocrx_word' id='word_1_5' title='bbox 70 217 242 263; x_wconf 85' lang='lat' dir='ltr'><strong>pulaverit</strong></span> <span class='ocrx_word' id='word_1_6' title='bbox 256 225 364 258; x_wconf 85' lang='lat' dir='ltr'><strong>genus</strong></span> <span class='ocrx_word' id='word_1_7' title='bbox 378 211 586 250; x_wconf 89' lang='lat' dir='ltr'><strong>humanum.</strong></span> <span class='ocrx_word' id='word_1_8' title='bbox 636 213 748 258; x_wconf 81' lang='lat' dir='ltr'>Saepe</span> <span class='ocrx_word' id='word_1_9' title='bbox 770 213 874 247; x_wconf 87' lang='lat' dir='ltr'><strong>etiam</strong></span> <span class='ocrx_word' id='word_1_10' title='bbox 897 209 986 246; x_wconf 87' lang='lat' dir='ltr'><strong>mibi</strong></span> <span class='ocrx_word' id='word_1_11' title='bbox 1001 211 1053 244; x_wconf 84' lang='lat' dir='ltr'><strong>la-</strong></span> 
     </span>
     <span class='ocr_line' id='line_1_6' title="bbox 70 261 1052 314; baseline -0.009 -11"><span class='ocrx_word' id='word_1_12' title='bbox 70 267 232 314; x_wconf 80' lang='lat' dir='ltr'><strong>chrymae</strong></span> <span class='ocrx_word' id='word_1_13' title='bbox 248 271 438 309; x_wconf 87' lang='lat' dir='ltr'><strong>erumpunt</strong></span> <span class='ocrx_word' id='word_1_14' title='bbox 463 264 614 299; x_wconf 87' lang='lat' dir='ltr'><strong>intuenti</strong></span> <span class='ocrx_word' id='word_1_15' title='bbox 638 265 675 297; x_wconf 89' lang='lat' dir='ltr'><strong>in</strong></span> <span class='ocrx_word' id='word_1_16' title='bbox 700 261 755 297; x_wconf 87' lang='lat' dir='ltr'><strong>his</strong></span> <span class='ocrx_word' id='word_1_17' title='bbox 773 263 910 308; x_wconf 78' lang='lat' dir='ltr'><strong>pompis</strong></span> <span class='ocrx_word' id='word_1_18' title='bbox 928 263 1052 295; x_wconf 89' lang='lat' dir='ltr'><strong>iuven-</strong></span> 
     </span>
     <span class='ocr_line' id='line_1_7' title="bbox 69 312 1051 360; baseline -0.008 -7"><span class='ocrx_word' id='word_1_19' title='bbox 69 326 195 358; x_wconf 90' lang='lat' dir='ltr'><strong>tutem,</strong></span> <span class='ocrx_word' id='word_1_20' title='bbox 217 315 272 349; x_wconf 89' lang='lat' dir='ltr'><strong>cui</strong></span> <span class='ocrx_word' id='word_1_21' title='bbox 289 315 386 360; x_wconf 80' lang='lat' dir='ltr'><strong>quasi</strong></span> <span class='ocrx_word' id='word_1_22' title='bbox 406 328 468 359; x_wconf 86' lang='lat' dir='ltr'><strong>per</strong></span> <span class='ocrx_word' id='word_1_23' title='bbox 484 326 608 349; x_wconf 88' lang='lat' dir='ltr'><strong>manus</strong></span> <span class='ocrx_word' id='word_1_24' title='bbox 625 313 800 348; x_wconf 78' lang='lat' dir='ltr'><strong>Ecclesiae</strong></span> <span class='ocrx_word' id='word_1_25' title='bbox 825 312 1051 357; x_wconf 85' lang='lat' dir='ltr'><strong>gubernatio-</strong></span> 
     </span>
     <span class='ocr_line' id='line_1_8' title="bbox 66 364 1050 406; baseline -0.007 -4"><span class='ocrx_word' id='word_1_26' title='bbox 66 380 146 402; x_wconf 85' lang='lat' dir='ltr'><strong>nem</strong></span> <span class='ocrx_word' id='word_1_27' title='bbox 164 373 197 400; x_wconf 84' lang='lat' dir='ltr'><strong>et</strong></span> <span class='ocrx_word' id='word_1_28' title='bbox 209 377 327 399; x_wconf 87' lang='lat' dir='ltr'><strong>curam</strong></span> <span class='ocrx_word' id='word_1_29' title='bbox 344 367 604 399; x_wconf 78' lang='lat' dir='ltr'><strong>conservandae</strong></span> <span class='ocrx_word' id='word_1_30' title='bbox 620 365 799 398; x_wconf 89' lang='lat' dir='ltr'><strong>doctrinae</strong></span> <span class='ocrx_word' id='word_1_31' title='bbox 815 364 930 397; x_wconf 91' lang='lat' dir='ltr'><strong>omnis</strong></span> <span class='ocrx_word' id='word_1_32' title='bbox 946 375 1050 406; x_wconf 82' lang='lat' dir='ltr'><strong>gene-</strong></span> 
     </span>
     <span class='ocr_line' id='line_1_9' title="bbox 64 412 1050 459; baseline -0.007 -7"><span class='ocrx_word' id='word_1_33' title='bbox 64 418 113 452; x_wconf 87' lang='lat' dir='ltr'><strong>ris</strong></span> <span class='ocrx_word' id='word_1_34' title='bbox 124 418 312 451; x_wconf 82' lang='lat' dir='ltr'><strong>trademus.</strong></span> <span class='ocrx_word' id='word_1_35' title='bbox 365 415 433 449; x_wconf 82' lang='lat' dir='ltr'><strong>Hic</strong></span> <span class='ocrx_word' id='word_1_36' title='bbox 448 427 510 459; x_wconf 87' lang='lat' dir='ltr'><strong>ego</strong></span> <span class='ocrx_word' id='word_1_37' title='bbox 527 429 605 450; x_wconf 85' lang='lat' dir='ltr'><strong>curn</strong></span> <span class='ocrx_word' id='word_1_38' title='bbox 622 415 859 459; x_wconf 87' lang='lat' dir='ltr'><strong>impendentia</strong></span> <span class='ocrx_word' id='word_1_39' title='bbox 874 412 1050 447; x_wconf 76' lang='lat' dir='ltr'><strong>Ecclesiae</strong></span> 
     </span>
     <span class='ocr_line' id='line_1_10' title="bbox 62 465 1050 513; baseline -0.005 -13"><span class='ocrx_word' id='word_1_40' title='bbox 62 467 218 513; x_wconf 87' lang='lat' dir='ltr'><strong>pericula</strong></span> <span class='ocrx_word' id='word_1_41' title='bbox 243 467 363 500; x_wconf 88' lang='lat' dir='ltr'><strong>animo</strong></span> <span class='ocrx_word' id='word_1_42' title='bbox 385 467 616 511; x_wconf 84' lang='lat' dir='ltr'><strong>praemetior,</strong></span> <span class='ocrx_word' id='word_1_43' title='bbox 649 477 721 498; x_wconf 91' lang='lat' dir='ltr'><strong>non</strong></span> <span class='ocrx_word' id='word_1_44' title='bbox 739 476 878 509; x_wconf 89' lang='lat' dir='ltr'><strong>possum</strong></span> <span class='ocrx_word' id='word_1_45' title='bbox 898 476 970 497; x_wconf 90' lang='lat' dir='ltr'><strong>non</strong></span> <span class='ocrx_word' id='word_1_46' title='bbox 989 465 1050 496; x_wconf 91' lang='lat' dir='ltr'><strong>de—</strong></span> 
     </span>
     <span class='ocr_line' id='line_1_11' title="bbox 62 514 1049 562; baseline -0.006 -11"><span class='ocrx_word' id='word_1_47' title='bbox 62 518 202 562; x_wconf 86' lang='lat' dir='ltr'><strong>plorare</strong></span> <span class='ocrx_word' id='word_1_48' title='bbox 227 529 363 557; x_wconf 79' lang='lat' dir='ltr'><strong>causas,</strong></span> <span class='ocrx_word' id='word_1_49' title='bbox 393 529 482 562; x_wconf 83' lang='lat' dir='ltr'><strong>quae</strong></span> <span class='ocrx_word' id='word_1_50' title='bbox 501 518 632 551; x_wconf 84' lang='lat' dir='ltr'><strong>multae</strong></span> <span class='ocrx_word' id='word_1_51' title='bbox 651 522 752 554; x_wconf 85' lang='lat' dir='ltr'><strong>sunt,</strong></span> <span class='ocrx_word' id='word_1_52' title='bbox 779 522 811 548; x_wconf 89' lang='lat' dir='ltr'><strong>et</strong></span> <span class='ocrx_word' id='word_1_53' title='bbox 834 521 913 547; x_wconf 87' lang='lat' dir='ltr'><strong>vota</strong></span> <span class='ocrx_word' id='word_1_54' title='bbox 936 514 1049 546; x_wconf 85' lang='lat' dir='ltr'><strong>facere</strong></span> 
     </span>
     <span class='ocr_line' id='line_1_12' title="bbox 62 563 1046 613; baseline -0.006 -12"><span class='ocrx_word' id='word_1_55' title='bbox 62 580 126 613; x_wconf 89' lang='lat' dir='ltr'><strong>pro</strong></span> <span class='ocrx_word' id='word_1_56' title='bbox 144 568 264 606; x_wconf 80' lang='lat' dir='ltr'><strong>vobis,</strong></span> <span class='ocrx_word' id='word_1_57' title='bbox 291 568 546 608; x_wconf 78' lang='lat' dir='ltr'><strong>adolescentes,</strong></span> <span class='ocrx_word' id='word_1_58' title='bbox 571 566 632 612; x_wconf 83' lang='lat' dir='ltr'><strong>qui</strong></span> <span class='ocrx_word' id='word_1_59' title='bbox 651 566 686 598; x_wconf 90' lang='lat' dir='ltr'><strong>in</strong></span> <span class='ocrx_word' id='word_1_60' title='bbox 704 563 793 598; x_wconf 87' lang='lat' dir='ltr'><strong>hanc</strong></span> <span class='ocrx_word' id='word_1_61' title='bbox 804 564 1046 598; x_wconf 83' lang='lat' dir='ltr'><strong>difficillimam</strong></span> 
     </span>
     <span class='ocr_line' id='line_1_13' title="bbox 61 614 1047 662; baseline -0.006 -11"><span class='ocrx_word' id='word_1_62' title='bbox 61 618 226 652; x_wconf 87' lang='lat' dir='ltr'><strong>militiam</strong></span> <span class='ocrx_word' id='word_1_63' title='bbox 244 618 431 662; x_wconf 74' lang='lat' dir='ltr'><strong>conscripti</strong></span> <span class='ocrx_word' id='word_1_64' title='bbox 450 618 541 658; x_wconf 88' lang='lat' dir='ltr'><strong>estis,</strong></span> <span class='ocrx_word' id='word_1_65' title='bbox 564 624 597 650; x_wconf 90' lang='lat' dir='ltr'><strong>et</strong></span> <span class='ocrx_word' id='word_1_66' title='bbox 612 616 792 660; x_wconf 83' lang='lat' dir='ltr'><strong>aliquanto</strong></span> <span class='ocrx_word' id='word_1_67' title='bbox 804 621 880 658; x_wconf 85' lang='lat' dir='ltr'><strong>post</strong></span> <span class='ocrx_word' id='word_1_68' title='bbox 896 614 1047 647; x_wconf 90' lang='lat' dir='ltr'><strong>subituri</strong></span> 
     </span>
     <span class='ocr_line' id='line_1_14' title="bbox 62 665 1046 702; baseline -0.007 0"><span class='ocrx_word' id='word_1_69' title='bbox 62 669 266 702; x_wconf 85' lang='lat' dir='ltr'><strong>accerrimas</strong></span> <span class='ocrx_word' id='word_1_70' title='bbox 288 668 541 701; x_wconf 79' lang='lat' dir='ltr'><strong>dimicationes,</strong></span> <span class='ocrx_word' id='word_1_71' title='bbox 601 665 696 699; x_wconf 80' lang='lat' dir='ltr'><strong>Haec</strong></span> <span class='ocrx_word' id='word_1_72' title='bbox 712 666 946 699; x_wconf 82' lang='lat' dir='ltr'><strong>observantur</strong></span> <span class='ocrx_word' id='word_1_73' title='bbox 970 665 1046 697; x_wconf 89' lang='lat' dir='ltr'><strong>ani-</strong></span> 
     </span>
     <span class='ocr_line' id='line_1_15' title="bbox 61 715 1046 764; baseline -0.006 -12"><span class='ocrx_word' id='word_1_74' title='bbox 61 731 119 752; x_wconf 90' lang='lat' dir='ltr'><strong>mo</strong></span> <span class='ocrx_word' id='word_1_75' title='bbox 147 731 241 756; x_wconf 81' lang='lat' dir='ltr'><strong>meo,</strong></span> <span class='ocrx_word' id='word_1_76' title='bbox 275 719 411 764; x_wconf 86' lang='lat' dir='ltr'><strong>quoties</strong></span> <span class='ocrx_word' id='word_1_77' title='bbox 441 719 482 751; x_wconf 88' lang='lat' dir='ltr'><strong>ad</strong></span> <span class='ocrx_word' id='word_1_78' title='bbox 507 715 571 750; x_wconf 86' lang='lat' dir='ltr'><strong>bos</strong></span> <span class='ocrx_word' id='word_1_79' title='bbox 596 727 800 759; x_wconf 82' lang='lat' dir='ltr'><strong>congressus</strong></span> <span class='ocrx_word' id='word_1_80' title='bbox 833 717 975 755; x_wconf 79' lang='lat' dir='ltr'><strong>accedo,</strong></span> <span class='ocrx_word' id='word_1_81' title='bbox 1010 716 1046 747; x_wconf 92' lang='lat' dir='ltr'><strong>in</strong></span> 
     </span>
     <span class='ocr_line' id='line_1_16' title="bbox 61 764 1048 814; baseline -0.005 -11"><span class='ocrx_word' id='word_1_82' title='bbox 61 770 191 814; x_wconf 88' lang='lat' dir='ltr'><strong>quibus</strong></span> <span class='ocrx_word' id='word_1_83' title='bbox 216 776 250 803; x_wconf 90' lang='lat' dir='ltr'><strong>et.</strong></span> <span class='ocrx_word' id='word_1_84' title='bbox 271 767 336 802; x_wconf 87' lang='lat' dir='ltr'><strong>hoc</strong></span> <span class='ocrx_word' id='word_1_85' title='bbox 359 766 446 801; x_wconf 89' lang='lat' dir='ltr'><strong>mihi</strong></span> <span class='ocrx_word' id='word_1_86' title='bbox 471 767 611 800; x_wconf 88' lang='lat' dir='ltr'><strong>videtur</strong></span> <span class='ocrx_word' id='word_1_87' title='bbox 638 764 874 810; x_wconf 84' lang='lat' dir='ltr'><strong>pulcherrime</strong></span> <span class='ocrx_word' id='word_1_88' title='bbox 905 766 1048 799; x_wconf 86' lang='lat' dir='ltr'><strong>institu-</strong></span> 
     </span>
     <span class='ocr_line' id='line_1_17' title="bbox 61 816 1047 862; baseline -0.004 -9"><span class='ocrx_word' id='word_1_89' title='bbox 61 826 155 861; x_wconf 85' lang='lat' dir='ltr'><strong>tum,</strong></span> <span class='ocrx_word' id='word_1_90' title='bbox 183 832 226 853; x_wconf 91' lang='lat' dir='ltr'><strong>ne</strong></span> <span class='ocrx_word' id='word_1_91' title='bbox 248 820 317 853; x_wconf 88' lang='lat' dir='ltr'><strong>sint</strong></span> <span class='ocrx_word' id='word_1_92' title='bbox 337 817 532 859; x_wconf 87' lang='lat' dir='ltr'><strong>inerudita,</strong></span> <span class='ocrx_word' id='word_1_93' title='bbox 554 824 650 851; x_wconf 85' lang='lat' dir='ltr'><strong>muta</strong></span> <span class='ocrx_word' id='word_1_94' title='bbox 673 824 704 850; x_wconf 84' lang='lat' dir='ltr'><strong>et</strong></span> <span class='ocrx_word' id='word_1_95' title='bbox 719 812 895 862; x_wconf 67' lang='grc' dir='ltr'><em>βαιαυσά</em></span> <span class='ocrx_word' id='word_1_96' title='bbox 912 823 1047 860; x_wconf 88' lang='lat' dir='ltr'><strong>specta-</strong></span> 
     </span>
     <span class='ocr_line' id='line_1_18' title="bbox 62 865 1046 911; baseline -0.004 -8"><span class='ocrx_word' id='word_1_97' title='bbox 62 871 158 911; x_wconf 87' lang='lat' dir='ltr'><strong>cula,</strong></span> <span class='ocrx_word' id='word_1_98' title='bbox 185 877 223 903; x_wconf 90' lang='lat' dir='ltr'><strong>ut</strong></span> <span class='ocrx_word' id='word_1_99' title='bbox 237 876 317 903; x_wconf 91' lang='lat' dir='ltr'><strong>sunt</strong></span> <span class='ocrx_word' id='word_1_100' title='bbox 333 869 511 909; x_wconf 88' lang='lat' dir='ltr'><strong>aularum,</strong></span> <span class='ocrx_word' id='word_1_101' title='bbox 539 869 596 901; x_wconf 88' lang='lat' dir='ltr'><strong>sed</strong></span> <span class='ocrx_word' id='word_1_102' title='bbox 613 874 650 901; x_wconf 89' lang='lat' dir='ltr'><strong>ut</strong></span> <span class='ocrx_word' id='word_1_103' title='bbox 669 868 703 899; x_wconf 90' lang='lat' dir='ltr'><strong>in</strong></span> <span class='ocrx_word' id='word_1_104' title='bbox 715 865 893 900; x_wconf 81' lang='lat' dir='ltr'><strong>Ecclesia</strong></span> <span class='ocrx_word' id='word_1_105' title='bbox 884 880 943 900; x_wconf 78' lang='lat' dir='ltr'><strong>luv</strong></span> <span class='ocrx_word' id='word_1_106' title='bbox 947 875 1046 901; x_wconf 88' lang='lat' dir='ltr'><strong>entus</strong></span> 
     </span>
     <span class='ocr_line' id='line_1_19' title="bbox 61 918 1045 964; baseline -0.003 -11"><span class='ocrx_word' id='word_1_107' title='bbox 61 921 179 953; x_wconf 82' lang='lat' dir='ltr'><strong>audiat</strong></span> <span class='ocrx_word' id='word_1_108' title='bbox 201 920 354 964; x_wconf 88' lang='lat' dir='ltr'><strong>aliquid,</strong></span> <span class='ocrx_word' id='word_1_109' title='bbox 383 920 477 964; x_wconf 90' lang='lat' dir='ltr'><strong>quod</strong></span> <span class='ocrx_word' id='word_1_110' title='bbox 512 919 554 951; x_wconf 90' lang='lat' dir='ltr'><strong>ad</strong></span> <span class='ocrx_word' id='word_1_111' title='bbox 589 918 823 951; x_wconf 88' lang='lat' dir='ltr'><strong>eruditionem</strong></span> <span class='ocrx_word' id='word_1_112' title='bbox 849 924 907 951; x_wconf 86' lang='lat' dir='ltr'><strong>aut</strong></span> <span class='ocrx_word' id='word_1_113' title='bbox 933 929 1045 950; x_wconf 86' lang='lat' dir='ltr'><strong>mores</strong></span> 
     </span>
     <span class='ocr_line' id='line_1_20' title="bbox 59 965 1046 1013; baseline -0.002 -10"><span class='ocrx_word' id='word_1_114' title='bbox 59 971 183 1013; x_wconf 77' lang='lat' dir='ltr'><strong>prosit.</strong></span> <span class='ocrx_word' id='word_1_115' title='bbox 236 970 311 1003; x_wconf 85' lang='lat' dir='ltr'><strong>Hae</strong></span> <span class='ocrx_word' id='word_1_116' title='bbox 327 969 511 1003; x_wconf 88' lang='lat' dir='ltr'><strong>conciones</strong></span> <span class='ocrx_word' id='word_1_117' title='bbox 525 976 606 1002; x_wconf 90' lang='lat' dir='ltr'><strong>sunt</strong></span> <span class='ocrx_word' id='word_1_118' title='bbox 621 968 846 1013; x_wconf 87' lang='lat' dir='ltr'><strong>praecipuum</strong></span> <span class='ocrx_word' id='word_1_119' title='bbox 862 969 966 1002; x_wconf 91' lang='lat' dir='ltr'><strong>decus</strong></span> <span class='ocrx_word' id='word_1_120' title='bbox 980 965 1046 1001; x_wconf 77' lang='lat' dir='ltr'><strong>lto-</strong></span> 
     </span>
     <span class='ocr_line' id='line_1_21' title="bbox 58 1032 414 1064; baseline 0.003 -11"><span class='ocrx_word' id='word_1_121' title='bbox 58 1032 138 1053; x_wconf 85' lang='lat' dir='ltr'><strong>rum</strong></span> <span class='ocrx_word' id='word_1_122' title='bbox 155 1032 414 1064; x_wconf 83' lang='lat' dir='ltr'><strong>congressuum.</strong></span> 
     </span>
    </p>

    <p class='ocr_par' dir='ltr' id='par_1_6' title="bbox 55 1069 1047 2724">
     <span class='ocr_line' id='line_1_22' title="bbox 160 1069 1046 1116; baseline -0.002 -12"><span class='ocrx_word' id='word_1_123' title='bbox 160 1070 349 1116; x_wconf 83' lang='lat' dir='ltr'><strong>Postquam</strong></span> <span class='ocrx_word' id='word_1_124' title='bbox 367 1072 475 1115; x_wconf 80' lang='lat' dir='ltr'><strong>igitur</strong></span> <span class='ocrx_word' id='word_1_125' title='bbox 488 1083 543 1105; x_wconf 89' lang='lat' dir='ltr'><strong>me</strong></span> <span class='ocrx_word' id='word_1_126' title='bbox 559 1070 693 1116; x_wconf 87' lang='lat' dir='ltr'><strong>publici</strong></span> <span class='ocrx_word' id='word_1_127' title='bbox 709 1070 865 1104; x_wconf 89' lang='lat' dir='ltr'><strong>muneris</strong></span> <span class='ocrx_word' id='word_1_128' title='bbox 883 1069 972 1103; x_wconf 88' lang='lat' dir='ltr'><strong>ratio</strong></span> <span class='ocrx_word' id='word_1_129' title='bbox 988 1082 1046 1103; x_wconf 83' lang='lat' dir='ltr'><strong>co-</strong></span> 
     </span>
     <span class='ocr_line' id='line_1_23' title="bbox 59 1119 1045 1165; baseline -0.002 -12"><span class='ocrx_word' id='word_1_130' title='bbox 59 1120 106 1164; x_wconf 86' lang='lat' dir='ltr'><strong>git</strong></span> <span class='ocrx_word' id='word_1_131' title='bbox 124 1121 191 1154; x_wconf 87' lang='lat' dir='ltr'><strong>iam</strong></span> <span class='ocrx_word' id='word_1_132' title='bbox 211 1119 278 1154; x_wconf 89' lang='lat' dir='ltr'><strong>boc</strong></span> <span class='ocrx_word' id='word_1_133' title='bbox 295 1123 372 1154; x_wconf 89' lang='lat' dir='ltr'><strong>loco</strong></span> <span class='ocrx_word' id='word_1_134' title='bbox 389 1122 522 1160; x_wconf 86' lang='lat' dir='ltr'><strong>dicere,</strong></span> <span class='ocrx_word' id='word_1_135' title='bbox 549 1122 652 1154; x_wconf 90' lang='lat' dir='ltr'><strong>valde</strong></span> <span class='ocrx_word' id='word_1_136' title='bbox 670 1122 820 1165; x_wconf 90' lang='lat' dir='ltr'><strong>optarim</strong></span> <span class='ocrx_word' id='word_1_137' title='bbox 845 1133 901 1154; x_wconf 86' lang='lat' dir='ltr'><strong>me</strong></span> <span class='ocrx_word' id='word_1_138' title='bbox 915 1121 1045 1154; x_wconf 81' lang='lat' dir='ltr'><strong>oratio-</strong></span> 
     </span>
     <span class='ocr_line' id='line_1_24' title="bbox 59 1171 1045 1216; baseline -0.001 -12"><span class='ocrx_word' id='word_1_139' title='bbox 59 1183 138 1204; x_wconf 88' lang='lat' dir='ltr'><strong>nem</strong></span> <span class='ocrx_word' id='word_1_140' title='bbox 162 1173 297 1205; x_wconf 86' lang='lat' dir='ltr'><strong>adserre</strong></span> <span class='ocrx_word' id='word_1_141' title='bbox 320 1184 417 1216; x_wconf 91' lang='lat' dir='ltr'><strong>posse</strong></span> <span class='ocrx_word' id='word_1_142' title='bbox 442 1173 564 1205; x_wconf 88' lang='lat' dir='ltr'><strong>utilem</strong></span> <span class='ocrx_word' id='word_1_143' title='bbox 589 1172 781 1212; x_wconf 79' lang='lat' dir='ltr'><strong>iuventuti,</strong></span> <span class='ocrx_word' id='word_1_144' title='bbox 809 1179 841 1205; x_wconf 92' lang='lat' dir='ltr'><strong>et</strong></span> <span class='ocrx_word' id='word_1_145' title='bbox 863 1183 932 1204; x_wconf 89' lang='lat' dir='ltr'><strong>non</strong></span> <span class='ocrx_word' id='word_1_146' title='bbox 952 1171 1045 1204; x_wconf 90' lang='lat' dir='ltr'><strong>iniu-</strong></span> 
     </span>
     <span class='ocr_line' id='line_1_25' title="bbox 59 1221 1044 1266; baseline -0.001 -12"><span class='ocrx_word' id='word_1_147' title='bbox 59 1223 208 1255; x_wconf 88' lang='lat' dir='ltr'><strong>cundam</strong></span> <span class='ocrx_word' id='word_1_148' title='bbox 230 1223 514 1266; x_wconf 73' lang='lat' dir='ltr'><strong>praeceptoribus</strong></span> <span class='ocrx_word' id='word_1_149' title='bbox 537 1223 676 1256; x_wconf 86' lang='lat' dir='ltr'><strong>nostris.</strong></span> <span class='ocrx_word' id='word_1_150' title='bbox 729 1221 959 1256; x_wconf 74' lang='lat' dir='ltr'><strong>Decreveram</strong></span> <span class='ocrx_word' id='word_1_151' title='bbox 985 1233 1044 1254; x_wconf 87' lang='lat' dir='ltr'><strong>an-</strong></span> 
     </span>
     <span class='ocr_line' id='line_1_26' title="bbox 58 1270 1045 1317; baseline 0 -13"><span class='ocrx_word' id='word_1_152' title='bbox 58 1279 126 1305; x_wconf 90' lang='lat' dir='ltr'><strong>tem</strong></span> <span class='ocrx_word' id='word_1_153' title='bbox 143 1273 274 1317; x_wconf 86' lang='lat' dir='ltr'><strong>aliquid</strong></span> <span class='ocrx_word' id='word_1_154' title='bbox 301 1275 344 1306; x_wconf 90' lang='lat' dir='ltr'><strong>de</strong></span> <span class='ocrx_word' id='word_1_155' title='bbox 366 1274 425 1305; x_wconf 89' lang='lat' dir='ltr'><strong>illa</strong></span> <span class='ocrx_word' id='word_1_156' title='bbox 452 1273 651 1305; x_wconf 91' lang='lat' dir='ltr'><strong>dulcissima</strong></span> <span class='ocrx_word' id='word_1_157' title='bbox 675 1270 924 1316; x_wconf 83' lang='lat' dir='ltr'><strong>Philosophiae</strong></span> <span class='ocrx_word' id='word_1_158' title='bbox 950 1279 1045 1316; x_wconf 86' lang='lat' dir='ltr'><strong>parte</strong></span> 
     </span>
     <span class='ocr_line' id='line_1_27' title="bbox 60 1322 1045 1367; baseline -0.002 -12"><span class='ocrx_word' id='word_1_159' title='bbox 60 1323 196 1362; x_wconf 89' lang='lat' dir='ltr'><strong>dicere,</strong></span> <span class='ocrx_word' id='word_1_160' title='bbox 225 1335 313 1367; x_wconf 87' lang='lat' dir='ltr'><strong>quae</strong></span> <span class='ocrx_word' id='word_1_161' title='bbox 335 1324 499 1356; x_wconf 83' lang='lat' dir='ltr'><strong>coelestes</strong></span> <span class='ocrx_word' id='word_1_162' title='bbox 521 1331 636 1356; x_wconf 89' lang='lat' dir='ltr'><strong>motus</strong></span> <span class='ocrx_word' id='word_1_163' title='bbox 660 1330 694 1356; x_wconf 88' lang='lat' dir='ltr'><strong>et</strong></span> <span class='ocrx_word' id='word_1_164' title='bbox 717 1323 859 1355; x_wconf 82' lang='lat' dir='ltr'><strong>effectus</strong></span> <span class='ocrx_word' id='word_1_165' title='bbox 885 1322 1045 1367; x_wconf 86' lang='lat' dir='ltr'><strong>inquirit,</strong></span> 
     </span>
     <span class='ocr_line' id='line_1_28' title="bbox 59 1371 1047 1418; baseline -0.001 -13"><span class='ocrx_word' id='word_1_166' title='bbox 59 1385 164 1418; x_wconf 86' lang='lat' dir='ltr'><strong>quam</strong></span> <span class='ocrx_word' id='word_1_167' title='bbox 183 1373 219 1405; x_wconf 92' lang='lat' dir='ltr'><strong>in</strong></span> <span class='ocrx_word' id='word_1_168' title='bbox 237 1371 299 1406; x_wconf 88' lang='lat' dir='ltr'><strong>hac</strong></span> <span class='ocrx_word' id='word_1_169' title='bbox 314 1371 432 1406; x_wconf 89' lang='lat' dir='ltr'><strong>schola</strong></span> <span class='ocrx_word' id='word_1_170' title='bbox 452 1375 569 1406; x_wconf 89' lang='lat' dir='ltr'><strong>doceo.</strong></span> <span class='ocrx_word' id='word_1_171' title='bbox 611 1374 679 1407; x_wconf 81' lang='lat' dir='ltr'><strong>Sed</strong></span> <span class='ocrx_word' id='word_1_172' title='bbox 699 1371 764 1406; x_wconf 86' lang='lat' dir='ltr'><strong>hoc</strong></span> <span class='ocrx_word' id='word_1_173' title='bbox 783 1380 938 1416; x_wconf 85' lang='lat' dir='ltr'><strong>tempore</strong></span> <span class='ocrx_word' id='word_1_174' title='bbox 956 1373 1047 1405; x_wconf 87' lang='lat' dir='ltr'><strong>inter</strong></span> 
     </span>
     <span class='ocr_line' id='line_1_29' title="bbox 59 1421 1040 1467; baseline 0 -12"><span class='ocrx_word' id='word_1_175' title='bbox 59 1430 210 1456; x_wconf 85' lang='lat' dir='ltr'><strong>caeteras</strong></span> <span class='ocrx_word' id='word_1_176' title='bbox 229 1424 491 1467; x_wconf 74' lang='lat' dir='ltr'><strong>occupationes,</strong></span> <span class='ocrx_word' id='word_1_177' title='bbox 516 1435 574 1463; x_wconf 87' lang='lat' dir='ltr'><strong>ea,</strong></span> <span class='ocrx_word' id='word_1_178' title='bbox 599 1436 686 1467; x_wconf 86' lang='lat' dir='ltr'><strong>quae</strong></span> <span class='ocrx_word' id='word_1_179' title='bbox 701 1421 966 1462; x_wconf 81' lang='lat' dir='ltr'><strong>inchoaveram,</strong></span> <span class='ocrx_word' id='word_1_180' title='bbox 984 1423 1040 1455; x_wconf 89' lang='lat' dir='ltr'><strong>ab—</strong></span> 
     </span>
     <span class='ocr_line' id='line_1_30' title="bbox 58 1473 1044 1517; baseline -0.001 -12"><span class='ocrx_word' id='word_1_181' title='bbox 58 1473 192 1506; x_wconf 85' lang='lat' dir='ltr'><strong>solvere</strong></span> <span class='ocrx_word' id='word_1_182' title='bbox 217 1485 288 1506; x_wconf 92' lang='lat' dir='ltr'><strong>non</strong></span> <span class='ocrx_word' id='word_1_183' title='bbox 315 1474 425 1517; x_wconf 88' lang='lat' dir='ltr'><strong>potui.</strong></span> <span class='ocrx_word' id='word_1_184' title='bbox 485 1473 603 1515; x_wconf 84' lang='lat' dir='ltr'><strong>Quare</strong></span> <span class='ocrx_word' id='word_1_185' title='bbox 627 1474 737 1515; x_wconf 84' lang='lat' dir='ltr'><strong>delegi</strong></span> <span class='ocrx_word' id='word_1_186' title='bbox 766 1473 861 1505; x_wconf 86' lang='lat' dir='ltr'><strong>aliud</strong></span> <span class='ocrx_word' id='word_1_187' title='bbox 887 1485 1044 1505; x_wconf 91' lang='lat' dir='ltr'><strong>commu-</strong></span> 
     </span>
     <span class='ocr_line' id='line_1_31' title="bbox 57 1523 1046 1568; baseline -0.002 -12"><span class='ocrx_word' id='word_1_188' title='bbox 57 1523 139 1556; x_wconf 89' lang='lat' dir='ltr'><strong>nius</strong></span> <span class='ocrx_word' id='word_1_189' title='bbox 161 1531 426 1563; x_wconf 77' lang='lat' dir='ltr'><strong>argumentum,</strong></span> <span class='ocrx_word' id='word_1_190' title='bbox 453 1524 495 1556; x_wconf 90' lang='lat' dir='ltr'><strong>de</strong></span> <span class='ocrx_word' id='word_1_191' title='bbox 517 1536 587 1568; x_wconf 90' lang='lat' dir='ltr'><strong>quo</strong></span> <span class='ocrx_word' id='word_1_192' title='bbox 610 1535 664 1555; x_wconf 88' lang='lat' dir='ltr'><strong>me</strong></span> <span class='ocrx_word' id='word_1_193' title='bbox 681 1524 873 1556; x_wconf 86' lang='lat' dir='ltr'><strong>recentium</strong></span> <span class='ocrx_word' id='word_1_194' title='bbox 891 1535 1046 1555; x_wconf 65' lang='lat' dir='ltr'><strong>conven-</strong></span> 
     </span>
     <span class='ocr_line' id='line_1_32' title="bbox 57 1572 1045 1614; baseline -0.003 -7"><span class='ocrx_word' id='word_1_195' title='bbox 57 1580 156 1607; x_wconf 86' lang='lat' dir='ltr'><strong>tuum</strong></span> <span class='ocrx_word' id='word_1_196' title='bbox 169 1573 323 1608; x_wconf 82' lang='lat' dir='ltr'><strong>actiones</strong></span> <span class='ocrx_word' id='word_1_197' title='bbox 341 1575 611 1607; x_wconf 85' lang='lat' dir='ltr'><strong>admonuernnt.</strong></span> <span class='ocrx_word' id='word_1_198' title='bbox 648 1573 743 1614; x_wconf 75' lang='lat' dir='ltr'><strong>Lego</strong></span> <span class='ocrx_word' id='word_1_199' title='bbox 762 1574 796 1605; x_wconf 88' lang='lat' dir='ltr'><strong>in</strong></span> <span class='ocrx_word' id='word_1_200' title='bbox 809 1573 929 1606; x_wconf 77' lang='lat' dir='ltr'><strong>edictis</strong></span> <span class='ocrx_word' id='word_1_201' title='bbox 942 1572 1045 1605; x_wconf 83' lang='lat' dir='ltr'><strong>Prin-</strong></span> 
     </span>
     <span class='ocr_line' id='line_1_33' title="bbox 57 1621 1044 1668; baseline -0.001 -12"><span class='ocrx_word' id='word_1_202' title='bbox 57 1624 175 1668; x_wconf 84' lang='lat' dir='ltr'><strong>cipum</strong></span> <span class='ocrx_word' id='word_1_203' title='bbox 192 1621 313 1657; x_wconf 87' lang='lat' dir='ltr'><strong>haberi</strong></span> <span class='ocrx_word' id='word_1_204' title='bbox 332 1624 604 1658; x_wconf 81' lang='lat' dir='ltr'><strong>deliberationes</strong></span> <span class='ocrx_word' id='word_1_205' title='bbox 620 1625 662 1656; x_wconf 91' lang='lat' dir='ltr'><strong>de</strong></span> <span class='ocrx_word' id='word_1_206' title='bbox 677 1623 885 1656; x_wconf 71' lang='lat' dir='ltr'><strong>dirimendis</strong></span> <span class='ocrx_word' id='word_1_207' title='bbox 904 1630 1044 1656; x_wconf 83' lang='lat' dir='ltr'><strong>contro—</strong></span> 
     </span>
     <span class='ocr_line' id='line_1_34' title="bbox 56 1671 1044 1717; baseline -0.001 -10"><span class='ocrx_word' id='word_1_208' title='bbox 56 1674 180 1707; x_wconf 87' lang='lat' dir='ltr'><strong>versiis</strong></span> <span class='ocrx_word' id='word_1_209' title='bbox 213 1674 463 1708; x_wconf 88' lang='lat' dir='ltr'><strong>ecclesiasticis.</strong></span> <span class='ocrx_word' id='word_1_210' title='bbox 538 1673 666 1717; x_wconf 86' lang='lat' dir='ltr'><strong>Magna</strong></span> <span class='ocrx_word' id='word_1_211' title='bbox 695 1681 727 1707; x_wconf 92' lang='lat' dir='ltr'><strong>et</strong></span> <span class='ocrx_word' id='word_1_212' title='bbox 758 1671 897 1707; x_wconf 88' lang='lat' dir='ltr'><strong>heroica</strong></span> <span class='ocrx_word' id='word_1_213' title='bbox 933 1674 1044 1706; x_wconf 88' lang='lat' dir='ltr'><strong>virtus</strong></span> 
     </span>
     <span class='ocr_line' id='line_1_35' title="bbox 56 1723 1043 1768; baseline -0.003 -10"><span class='ocrx_word' id='word_1_214' title='bbox 56 1732 107 1759; x_wconf 88' lang='lat' dir='ltr'><strong>est</strong></span> <span class='ocrx_word' id='word_1_215' title='bbox 125 1724 350 1768; x_wconf 87' lang='lat' dir='ltr'><strong>Principum,</strong></span> <span class='ocrx_word' id='word_1_216' title='bbox 376 1725 404 1757; x_wconf 91' lang='lat' dir='ltr'><strong>si</strong></span> <span class='ocrx_word' id='word_1_217' title='bbox 422 1725 603 1759; x_wconf 81' lang='lat' dir='ltr'><strong>veritatem</strong></span> <span class='ocrx_word' id='word_1_218' title='bbox 625 1725 776 1767; x_wconf 79' lang='lat' dir='ltr'><strong>patelieri</strong></span> <span class='ocrx_word' id='word_1_219' title='bbox 796 1731 826 1757; x_wconf 90' lang='lat' dir='ltr'><strong>et</strong></span> <span class='ocrx_word' id='word_1_220' title='bbox 845 1723 1043 1757; x_wconf 77' lang='lat' dir='ltr'><strong>confirmari</strong></span> 
     </span>
     <span class='ocr_line' id='line_1_36' title="bbox 55 1773 1045 1819; baseline 0 -13"><span class='ocrx_word' id='word_1_221' title='bbox 55 1775 191 1809; x_wconf 74' lang='lat' dir='ltr'><strong>volunt.</strong></span> <span class='ocrx_word' id='word_1_222' title='bbox 255 1774 291 1808; x_wconf 89' lang='lat' dir='ltr'><strong>ld</strong></span> <span class='ocrx_word' id='word_1_223' title='bbox 322 1775 350 1808; x_wconf 92' lang='lat' dir='ltr'><strong>si</strong></span> <span class='ocrx_word' id='word_1_224' title='bbox 370 1776 494 1809; x_wconf 87' lang='lat' dir='ltr'><strong>facturi</strong></span> <span class='ocrx_word' id='word_1_225' title='bbox 519 1782 620 1813; x_wconf 87' lang='lat' dir='ltr'><strong>sunt,</strong></span> <span class='ocrx_word' id='word_1_226' title='bbox 656 1777 753 1808; x_wconf 87' lang='lat' dir='ltr'><strong>decet</strong></span> <span class='ocrx_word' id='word_1_227' title='bbox 779 1773 977 1819; x_wconf 59' lang='grc' dir='ltr'><strong>εὐᾳῃμεῑν,</strong></span> <span class='ocrx_word' id='word_1_228' title='bbox 1012 1781 1045 1806; x_wconf 82' lang='lat' dir='ltr'><strong>et</strong></span> 
     </span>
     <span class='ocr_line' id='line_1_37' title="bbox 55 1820 1044 1869; baseline -0.003 -11"><span class='ocrx_word' id='word_1_229' title='bbox 55 1826 145 1858; x_wconf 84' lang='lat' dir='ltr'><strong>bene</strong></span> <span class='ocrx_word' id='word_1_230' title='bbox 168 1825 320 1869; x_wconf 91' lang='lat' dir='ltr'><strong>precari,</strong></span> <span class='ocrx_word' id='word_1_231' title='bbox 336 1820 383 1859; x_wconf 62' lang='lat' dir='ltr'><strong>&#39;ut</strong></span> <span class='ocrx_word' id='word_1_232' title='bbox 408 1826 558 1859; x_wconf 88' lang='lat' dir='ltr'><strong>salutare</strong></span> <span class='ocrx_word' id='word_1_233' title='bbox 582 1825 780 1858; x_wconf 88' lang='lat' dir='ltr'><strong>institutum</strong></span> <span class='ocrx_word' id='word_1_234' title='bbox 804 1824 899 1858; x_wconf 84' lang='lat' dir='ltr'><strong>Deus</strong></span> <span class='ocrx_word' id='word_1_235' title='bbox 921 1836 1044 1868; x_wconf 73' lang='lat' dir='ltr'><strong>prove-</strong></span> 
     </span>
     <span class='ocr_line' id='line_1_38' title="bbox 56 1875 1043 1916; baseline -0.003 -8"><span class='ocrx_word' id='word_1_236' title='bbox 56 1875 128 1909; x_wconf 85' lang='lat' dir='ltr'><strong>bat.</strong></span> <span class='ocrx_word' id='word_1_237' title='bbox 181 1875 248 1909; x_wconf 85' lang='lat' dir='ltr'><strong>Sed</strong></span> <span class='ocrx_word' id='word_1_238' title='bbox 268 1888 288 1908; x_wconf 92' lang='lat' dir='ltr'><strong>o</strong></span> <span class='ocrx_word' id='word_1_239' title='bbox 307 1887 377 1908; x_wconf 88' lang='lat' dir='ltr'><strong>rem</strong></span> <span class='ocrx_word' id='word_1_240' title='bbox 396 1875 557 1908; x_wconf 77' lang='lat' dir='ltr'><strong>miseram</strong></span> <span class='ocrx_word' id='word_1_241' title='bbox 577 1876 735 1907; x_wconf 83' lang='lat' dir='ltr'><strong>acerbam</strong></span> <span class='ocrx_word' id='word_1_242' title='bbox 755 1882 784 1907; x_wconf 87' lang='lat' dir='ltr'><strong>et</strong></span> <span class='ocrx_word' id='word_1_243' title='bbox 803 1877 1043 1916; x_wconf 75' lang='lat' dir='ltr'><strong>execrandam,</strong></span> 
     </span>
     <span class='ocr_line' id='line_1_39' title="bbox 56 1922 1045 1969; baseline -0.001 -11"><span class='ocrx_word' id='word_1_244' title='bbox 56 1924 123 1958; x_wconf 89' lang='lat' dir='ltr'><strong>hoc</strong></span> <span class='ocrx_word' id='word_1_245' title='bbox 146 1925 263 1958; x_wconf 88' lang='lat' dir='ltr'><strong>moliri</strong></span> <span class='ocrx_word' id='word_1_246' title='bbox 289 1923 413 1958; x_wconf 85' lang='lat' dir='ltr'><strong>harum</strong></span> <span class='ocrx_word' id='word_1_247' title='bbox 437 1926 614 1958; x_wconf 87' lang='lat' dir='ltr'><strong>actionum</strong></span> <span class='ocrx_word' id='word_1_248' title='bbox 632 1927 737 1958; x_wconf 85' lang='lat' dir='ltr'><strong>duces</strong></span> <span class='ocrx_word' id='word_1_249' title='bbox 755 1923 813 1958; x_wconf 70' lang='grc' dir='ltr'><strong>καὶ</strong></span> <span class='ocrx_word' id='word_1_250' title='bbox 833 1922 1045 1969; x_wconf 59' lang='grc' dir='ltr'><strong>βραβευτὰς</strong></span> 
     </span>
     <span class='ocr_line' id='line_1_40' title="bbox 56 1974 1044 2015; baseline -0.003 -6"><span class='ocrx_word' id='word_1_251' title='bbox 56 1975 183 2015; x_wconf 80' lang='lat' dir='ltr'><strong>audio,</strong></span> <span class='ocrx_word' id='word_1_252' title='bbox 210 1982 249 2009; x_wconf 87' lang='lat' dir='ltr'><strong>ut</strong></span> <span class='ocrx_word' id='word_1_253' title='bbox 269 1976 398 2009; x_wconf 86' lang='lat' dir='ltr'><strong>fucosis</strong></span> <span class='ocrx_word' id='word_1_254' title='bbox 424 1976 729 2008; x_wconf 87' lang='lat' dir='ltr'><strong>conciliationibus</strong></span> <span class='ocrx_word' id='word_1_255' title='bbox 747 1979 907 2008; x_wconf 65' lang='lat' dir='ltr'><strong>tenu-bras</strong></span> <span class='ocrx_word' id='word_1_256' title='bbox 924 1974 1044 2008; x_wconf 64' lang='lat' dir='ltr'><strong>Exau-</strong></span> 
     </span>
     <span class='ocr_line' id='line_1_41' title="bbox 55 2025 1043 2070; baseline -0.001 -11"><span class='ocrx_word' id='word_1_257' title='bbox 55 2027 144 2070; x_wconf 88' lang='lat' dir='ltr'><strong>gelio</strong></span> <span class='ocrx_word' id='word_1_258' title='bbox 170 2026 358 2067; x_wconf 84' lang='lat' dir='ltr'><strong>inducant,</strong></span> <span class='ocrx_word' id='word_1_259' title='bbox 392 2033 425 2059; x_wconf 84' lang='lat' dir='ltr'><strong>et</strong></span> <span class='ocrx_word' id='word_1_260' title='bbox 447 2027 704 2059; x_wconf 81' lang='lat' dir='ltr'><strong>illucescentem</strong></span> <span class='ocrx_word' id='word_1_261' title='bbox 735 2027 914 2057; x_wconf 73' lang='lat' dir='ltr'><strong>veritatem</strong></span> <span class='ocrx_word' id='word_1_262' title='bbox 943 2025 1043 2058; x_wconf 88' lang='lat' dir='ltr'><strong>novis</strong></span> 
     </span>
     <span class='ocr_line' id='line_1_42' title="bbox 56 2076 1042 2121; baseline -0.002 -12"><span class='ocrx_word' id='word_1_263' title='bbox 56 2077 252 2121; x_wconf 84' lang='lat' dir='ltr'><strong>praestigiis</strong></span> <span class='ocrx_word' id='word_1_264' title='bbox 275 2077 446 2114; x_wconf 88' lang='lat' dir='ltr'><strong>obruant,</strong></span> <span class='ocrx_word' id='word_1_265' title='bbox 481 2089 518 2109; x_wconf 91' lang='lat' dir='ltr'><strong>ac</strong></span> <span class='ocrx_word' id='word_1_266' title='bbox 546 2083 641 2109; x_wconf 85' lang='lat' dir='ltr'><strong>tanto</strong></span> <span class='ocrx_word' id='word_1_267' title='bbox 667 2076 794 2108; x_wconf 78' lang='lat' dir='ltr'><strong>scelere</strong></span> <span class='ocrx_word' id='word_1_268' title='bbox 819 2076 929 2108; x_wconf 86' lang='lat' dir='ltr'><strong>olium</strong></span> <span class='ocrx_word' id='word_1_269' title='bbox 949 2076 1042 2109; x_wconf 91' lang='lat' dir='ltr'><strong>redi-</strong></span> 
     </span>
     <span class='ocr_line' id='line_1_43' title="bbox 57 2125 1044 2167; baseline -0.001 -8"><span class='ocrx_word' id='word_1_270' title='bbox 57 2134 163 2160; x_wconf 88' lang='lat' dir='ltr'><strong>mant.</strong></span> <span class='ocrx_word' id='word_1_271' title='bbox 217 2126 318 2160; x_wconf 85' lang='lat' dir='ltr'><strong>Hanc</strong></span> <span class='ocrx_word' id='word_1_272' title='bbox 343 2129 383 2160; x_wconf 84' lang='lat' dir='ltr'><strong>ad</strong></span> <span class='ocrx_word' id='word_1_273' title='bbox 410 2139 482 2159; x_wconf 89' lang='lat' dir='ltr'><strong>rem</strong></span> <span class='ocrx_word' id='word_1_274' title='bbox 505 2125 671 2159; x_wconf 84' lang='lat' dir='ltr'><strong>adhibent</strong></span> <span class='ocrx_word' id='word_1_275' title='bbox 699 2125 859 2159; x_wconf 83' lang='lat' dir='ltr'><strong>homines</strong></span> <span class='ocrx_word' id='word_1_276' title='bbox 888 2127 1044 2167; x_wconf 80' lang='lat' dir='ltr'><strong>callidos,</strong></span> 
     </span>
     <span class='ocr_line' id='line_1_44' title="bbox 58 2175 1042 2220; baseline 0 -10"><span class='ocrx_word' id='word_1_277' title='bbox 58 2178 116 2210; x_wconf 82' lang='lat' dir='ltr'><strong>sed</strong></span> <span class='ocrx_word' id='word_1_278' title='bbox 135 2188 238 2220; x_wconf 74' lang='lat' dir='ltr'><strong>prave</strong></span> <span class='ocrx_word' id='word_1_279' title='bbox 252 2178 442 2218; x_wconf 88' lang='lat' dir='ltr'><strong>institutos,</strong></span> <span class='ocrx_word' id='word_1_280' title='bbox 463 2185 495 2211; x_wconf 86' lang='lat' dir='ltr'><strong>et</strong></span> <span class='ocrx_word' id='word_1_281' title='bbox 512 2179 554 2210; x_wconf 86' lang='lat' dir='ltr'><strong>ad</strong></span> <span class='ocrx_word' id='word_1_282' title='bbox 567 2175 799 2220; x_wconf 73' lang='lat' dir='ltr'><strong>sophisticam</strong></span> <span class='ocrx_word' id='word_1_283' title='bbox 818 2178 1042 2211; x_wconf 66' lang='lat' dir='ltr'><strong>adsta-tactos.</strong></span> 
     </span>
     <span class='ocr_line' id='line_1_45' title="bbox 57 2224 1042 2269; baseline -0.001 -9"><span class='ocrx_word' id='word_1_284' title='bbox 57 2224 218 2260; x_wconf 87' lang='lat' dir='ltr'><strong>Christus</strong></span> <span class='ocrx_word' id='word_1_285' title='bbox 234 2228 280 2261; x_wconf 79' lang='lat' dir='ltr'><strong>ait</strong></span> <span class='ocrx_word' id='word_1_286' title='bbox 299 2228 519 2261; x_wconf 85' lang='lat' dir='ltr'><strong>mendacium</strong></span> <span class='ocrx_word' id='word_1_287' title='bbox 535 2242 551 2260; x_wconf 87' lang='lat' dir='ltr'><strong>a</strong></span> <span class='ocrx_word' id='word_1_288' title='bbox 567 2228 709 2260; x_wconf 83' lang='lat' dir='ltr'><strong>diabolo</strong></span> <span class='ocrx_word' id='word_1_289' title='bbox 727 2227 828 2260; x_wconf 88' lang='lat' dir='ltr'><strong>oriri:</strong></span> <span class='ocrx_word' id='word_1_290' title='bbox 858 2228 953 2259; x_wconf 84' lang='lat' dir='ltr'><strong>nulla</strong></span> <span class='ocrx_word' id='word_1_291' title='bbox 979 2227 1042 2269; x_wconf 82' lang='lat' dir='ltr'><strong>igi-</strong></span> 
     </span>
     <span class='ocr_line' id='line_1_46' title="bbox 59 2276 1042 2321; baseline 0 -12"><span class='ocrx_word' id='word_1_292' title='bbox 59 2284 116 2309; x_wconf 88' lang='lat' dir='ltr'><strong>tur</strong></span> <span class='ocrx_word' id='word_1_293' title='bbox 140 2284 231 2310; x_wconf 86' lang='lat' dir='ltr'><strong>aetas</strong></span> <span class='ocrx_word' id='word_1_294' title='bbox 250 2284 342 2310; x_wconf 87' lang='lat' dir='ltr'><strong>caret</strong></span> <span class='ocrx_word' id='word_1_295' title='bbox 366 2276 576 2321; x_wconf 82' lang='lat' dir='ltr'><strong>Sophistica.</strong></span> <span class='ocrx_word' id='word_1_296' title='bbox 631 2279 776 2320; x_wconf 75' lang='lat' dir='ltr'><strong>Semper</strong></span> <span class='ocrx_word' id='word_1_297' title='bbox 801 2278 893 2309; x_wconf 86' lang='lat' dir='ltr'><strong>enim</strong></span> <span class='ocrx_word' id='word_1_298' title='bbox 920 2278 1042 2311; x_wconf 88' lang='lat' dir='ltr'><strong>diabo-</strong></span> 
     </span>
     <span class='ocr_line' id='line_1_47' title="bbox 60 2328 1042 2371; baseline 0.001 -12"><span class='ocrx_word' id='word_1_299' title='bbox 60 2328 113 2360; x_wconf 87' lang='lat' dir='ltr'><strong>lus</strong></span> <span class='ocrx_word' id='word_1_300' title='bbox 143 2328 226 2360; x_wconf 84' lang='lat' dir='ltr'><strong>serit</strong></span> <span class='ocrx_word' id='word_1_301' title='bbox 249 2328 446 2366; x_wconf 84' lang='lat' dir='ltr'><strong>mendacia,</strong></span> <span class='ocrx_word' id='word_1_302' title='bbox 481 2336 513 2361; x_wconf 90' lang='lat' dir='ltr'><strong>et</strong></span> <span class='ocrx_word' id='word_1_303' title='bbox 537 2335 574 2362; x_wconf 89' lang='lat' dir='ltr'><strong>nt</strong></span> <span class='ocrx_word' id='word_1_304' title='bbox 601 2329 670 2361; x_wconf 88' lang='lat' dir='ltr'><strong>sint</strong></span> <span class='ocrx_word' id='word_1_305' title='bbox 699 2328 916 2371; x_wconf 77' lang='lat' dir='ltr'><strong>plausibilia,</strong></span> <span class='ocrx_word' id='word_1_306' title='bbox 948 2341 1042 2361; x_wconf 80' lang='lat' dir='ltr'><strong>com-</strong></span> 
     </span>
     <span class='ocr_line' id='line_1_48' title="bbox 58 2377 1042 2423; baseline 0.002 -13"><span class='ocrx_word' id='word_1_307' title='bbox 58 2379 197 2410; x_wconf 88' lang='lat' dir='ltr'><strong>mendat</strong></span> <span class='ocrx_word' id='word_1_308' title='bbox 217 2377 334 2422; x_wconf 85' lang='lat' dir='ltr'><strong>aliquo</strong></span> <span class='ocrx_word' id='word_1_309' title='bbox 356 2385 544 2421; x_wconf 83' lang='lat' dir='ltr'><strong>praetextu.</strong></span> <span class='ocrx_word' id='word_1_310' title='bbox 587 2379 660 2412; x_wconf 79' lang='lat' dir='ltr'><strong>llae</strong></span> <span class='ocrx_word' id='word_1_311' title='bbox 679 2379 826 2411; x_wconf 81' lang='lat' dir='ltr'><strong>insidiae</strong></span> <span class='ocrx_word' id='word_1_312' title='bbox 844 2391 937 2411; x_wconf 89' lang='lat' dir='ltr'><strong>nnnc</strong></span> <span class='ocrx_word' id='word_1_313' title='bbox 954 2391 1042 2423; x_wconf 87' lang='lat' dir='ltr'><strong>quo-</strong></span> 
     </span>
     <span class='ocr_line' id='line_1_49' title="bbox 58 2427 1041 2473; baseline 0.003 -13"><span class='ocrx_word' id='word_1_314' title='bbox 58 2440 125 2473; x_wconf 87' lang='lat' dir='ltr'><strong>que</strong></span> <span class='ocrx_word' id='word_1_315' title='bbox 144 2429 315 2461; x_wconf 70' lang='lat' dir='ltr'><strong>cavendae</strong></span> <span class='ocrx_word' id='word_1_316' title='bbox 332 2435 429 2467; x_wconf 89' lang='lat' dir='ltr'><strong>sunt,</strong></span> <span class='ocrx_word' id='word_1_317' title='bbox 459 2430 658 2472; x_wconf 82' lang='lat' dir='ltr'><strong>pracsertim</strong></span> <span class='ocrx_word' id='word_1_318' title='bbox 675 2441 752 2461; x_wconf 89' lang='lat' dir='ltr'><strong>cnm</strong></span> <span class='ocrx_word' id='word_1_319' title='bbox 770 2427 854 2461; x_wconf 88' lang='lat' dir='ltr'><strong>hacc</strong></span> <span class='ocrx_word' id='word_1_320' title='bbox 869 2436 960 2462; x_wconf 88' lang='lat' dir='ltr'><strong>aetas</strong></span> <span class='ocrx_word' id='word_1_321' title='bbox 972 2431 1041 2463; x_wconf 81' lang='lat' dir='ltr'><strong>sato</strong></span> 
     </span>
     <span class='ocr_line' id='line_1_50' title="bbox 59 2479 1042 2523; baseline 0.003 -13"><span class='ocrx_word' id='word_1_322' title='bbox 59 2479 209 2523; x_wconf 80' lang='lat' dir='ltr'><strong>quodam</strong></span> <span class='ocrx_word' id='word_1_323' title='bbox 230 2479 388 2512; x_wconf 81' lang='lat' dir='ltr'><strong>videatur</strong></span> <span class='ocrx_word' id='word_1_324' title='bbox 404 2479 555 2511; x_wconf 84' lang='lat' dir='ltr'><strong>obnoxia</strong></span> <span class='ocrx_word' id='word_1_325' title='bbox 582 2480 818 2512; x_wconf 56' lang='lat' dir='ltr'><strong>ert-tutoribus</strong></span> <span class='ocrx_word' id='word_1_326' title='bbox 837 2480 1042 2513; x_wconf 79' lang='lat' dir='ltr'><strong>unitationi-</strong></span> 
     </span>
     <span class='ocr_line' id='line_1_51' title="bbox 60 2528 1042 2570; baseline 0.003 -10"><span class='ocrx_word' id='word_1_327' title='bbox 60 2528 144 2568; x_wconf 88' lang='lat' dir='ltr'><strong>bus,</strong></span> <span class='ocrx_word' id='word_1_328' title='bbox 170 2535 202 2562; x_wconf 90' lang='lat' dir='ltr'><strong>et</strong></span> <span class='ocrx_word' id='word_1_329' title='bbox 221 2529 306 2561; x_wconf 87' lang='lat' dir='ltr'><strong>mira</strong></span> <span class='ocrx_word' id='word_1_330' title='bbox 323 2529 362 2562; x_wconf 91' lang='lat' dir='ltr'><strong>sit</strong></span> <span class='ocrx_word' id='word_1_331' title='bbox 388 2529 609 2570; x_wconf 80' lang='lat' dir='ltr'><strong>ingeniorum</strong></span> <span class='ocrx_word' id='word_1_332' title='bbox 636 2530 893 2563; x_wconf 65' lang='lat' dir='ltr'><strong>inconstantia?</strong></span> <span class='ocrx_word' id='word_1_333' title='bbox 927 2532 1042 2564; x_wconf 89' lang='lat' dir='ltr'><strong>curio-</strong></span> 
     </span>
     <span class='ocr_line' id='line_1_52' title="bbox 60 2578 1043 2622; baseline 0.007 -13"><span class='ocrx_word' id='word_1_334' title='bbox 60 2578 159 2617; x_wconf 85' lang='lat' dir='ltr'><strong>sitas,</strong></span> <span class='ocrx_word' id='word_1_335' title='bbox 193 2581 392 2621; x_wconf 81' lang='lat' dir='ltr'><strong>petulautia.</strong></span> <span class='ocrx_word' id='word_1_336' title='bbox 451 2578 495 2613; x_wconf 87' lang='lat' dir='ltr'><strong>Et</strong></span> <span class='ocrx_word' id='word_1_337' title='bbox 524 2587 620 2622; x_wconf 81' lang='lat' dir='ltr'><strong>urget</strong></span> <span class='ocrx_word' id='word_1_338' title='bbox 647 2581 843 2613; x_wconf 79' lang='lat' dir='ltr'><strong>occasiones</strong></span> <span class='ocrx_word' id='word_1_339' title='bbox 873 2582 1043 2617; x_wconf 78' lang='lat' dir='ltr'><strong>diaboluS.</strong></span> 
     </span>
     <span class='ocr_line' id='line_1_53' title="bbox 60 2627 1044 2673; baseline 0.007 -14"><span class='ocrx_word' id='word_1_340' title='bbox 60 2627 132 2660; x_wconf 82' lang='lat' dir='ltr'><strong>Alii</strong></span> <span class='ocrx_word' id='word_1_341' title='bbox 153 2629 331 2662; x_wconf 81' lang='lat' dir='ltr'><strong>fastidiunt</strong></span> <span class='ocrx_word' id='word_1_342' title='bbox 356 2637 446 2663; x_wconf 84' lang='lat' dir='ltr'><strong>recte</strong></span> <span class='ocrx_word' id='word_1_343' title='bbox 465 2631 610 2668; x_wconf 81' lang='lat' dir='ltr'><strong>tradita,</strong></span> <span class='ocrx_word' id='word_1_344' title='bbox 634 2631 692 2662; x_wconf 89' lang='lat' dir='ltr'><strong>alii</strong></span> <span class='ocrx_word' id='word_1_345' title='bbox 721 2633 918 2673; x_wconf 71' lang='lat' dir='ltr'><strong>arrogantia</strong></span> <span class='ocrx_word' id='word_1_346' title='bbox 937 2644 1044 2666; x_wconf 83' lang='lat' dir='ltr'><strong>novas</strong></span> 
     </span>
     <span class='ocr_line' id='line_1_54' title="bbox 61 2678 1044 2724; baseline 0.006 -13"><span class='ocrx_word' id='word_1_347' title='bbox 61 2678 247 2722; x_wconf 87' lang='lat' dir='ltr'><strong>opiniones</strong></span> <span class='ocrx_word' id='word_1_348' title='bbox 272 2688 462 2724; x_wconf 87' lang='lat' dir='ltr'><strong>quaerunt,</strong></span> <span class='ocrx_word' id='word_1_349' title='bbox 495 2681 584 2714; x_wconf 84' lang='lat' dir='ltr'><strong>alius</strong></span> <span class='ocrx_word' id='word_1_350' title='bbox 615 2681 737 2715; x_wconf 87' lang='lat' dir='ltr'><strong>metuit</strong></span> <span class='ocrx_word' id='word_1_351' title='bbox 767 2683 976 2721; x_wconf 84' lang='lat' dir='ltr'><strong>certamina,</strong></span> <span class='ocrx_word' id='word_1_352' title='bbox 1006 2691 1044 2717; x_wconf 85' lang='lat' dir='ltr'><strong>ut</strong></span> 
     </span>
    </p>

    <p class='ocr_par' dir='ltr' id='par_1_7' title="bbox 119 2731 592 2764">
     <span class='ocr_line' id='line_1_55' title="bbox 119 2731 592 2764; baseline 0.004 -3"><span class='ocrx_word' id='word_1_353' title='bbox 119 2731 292 2762; x_wconf 62' lang='lat' dir='ltr'><strong>Menam-n.</strong></span> <span class='ocrx_word' id='word_1_354' title='bbox 313 2734 416 2763; x_wconf 70' lang='lat' dir='ltr'><strong>Orza.</strong></span> <span class='ocrx_word' id='word_1_355' title='bbox 436 2733 514 2764; x_wconf 64' lang='lat' dir='ltr'><strong>Vm..</strong></span> <span class='ocrx_word' id='word_1_356' title='bbox 533 2732 592 2764; x_wconf 85' lang='lat' dir='ltr'><strong>Xl.</strong></span> 
     </span>
    </p>
   </div>
   <div class='ocr_carea' id='block_1_6' title="bbox 636 123 1521 162">
    <p class='ocr_par' dir='ltr' id='par_1_8' title="bbox 636 123 1521 162">
     <span class='ocr_line' id='line_1_56' title="bbox 636 123 1521 162; baseline 0 0"><span class='ocrx_word' id='word_1_357' title='bbox 636 126 793 162; x_wconf 82' lang='lat' dir='ltr'><strong>DECL.</strong></span> <span class='ocrx_word' id='word_1_358' title='bbox 829 126 903 161; x_wconf 89' lang='lat' dir='ltr'><strong>DE</strong></span> <span class='ocrx_word' id='word_1_359' title='bbox 938 123 1084 161; x_wconf 92' lang='lat' dir='ltr'>ODIO</span> <span class='ocrx_word' id='word_1_360' title='bbox 1120 124 1521 162; x_wconf 84' lang='lat' dir='ltr'><strong>SOPHlSTlCES.</strong></span> 
     </span>
    </p>
   </div>
   <div class='ocr_carea' id='block_1_7' title="bbox 2016 126 2091 164">
    <p class='ocr_par' dir='ltr' id='par_1_9' title="bbox 2016 126 2091 164">
     <span class='ocr_line' id='line_1_57' title="bbox 2016 126 2091 164; baseline 0.027 -2"><span class='ocrx_word' id='word_1_361' title='bbox 2016 126 2091 164; x_wconf 85' lang='lat'><strong>546</strong></span> 
     </span>
    </p>
   </div>
   <div class='ocr_carea' id='block_1_8' title="bbox 1096 210 2090 2728">
    <p class='ocr_par' dir='ltr' id='par_1_10' title="bbox 1097 210 2090 708">
     <span class='ocr_line' id='line_1_58' title="bbox 1103 210 2090 258; baseline 0.005 -15"><span class='ocrx_word' id='word_1_362' title='bbox 1103 211 1141 243; x_wconf 90' lang='lat' dir='ltr'><strong>in</strong></span> <span class='ocrx_word' id='word_1_363' title='bbox 1169 212 1276 244; x_wconf 85' lang='lat' dir='ltr'><strong>veteri</strong></span> <span class='ocrx_word' id='word_1_364' title='bbox 1311 223 1411 244; x_wconf 73' lang='lat' dir='ltr'><strong>versu</strong></span> <span class='ocrx_word' id='word_1_365' title='bbox 1443 211 1588 245; x_wconf 88' lang='lat' dir='ltr'><strong>dicitur:</strong></span> <span class='ocrx_word' id='word_1_366' title='bbox 1624 210 1733 257; x_wconf 46' lang='lat' dir='ltr'><strong>Isara}</strong></span> <span class='ocrx_word' id='word_1_367' title='bbox 1762 210 1923 258; x_wconf 63' lang='grc' dir='ltr'><strong>ἀλέκτωρ</strong></span> <span class='ocrx_word' id='word_1_368' title='bbox 1953 210 2090 249; x_wconf 70' lang='grc' dir='ltr'><em>δοῦλον</em></span> 
     </span>
     <span class='ocr_line' id='line_1_59' title="bbox 1102 259 2087 306; baseline 0.003 -11"><span class='ocrx_word' id='word_1_369' title='bbox 1102 259 1151 300; x_wconf 72' lang='grc' dir='ltr'><strong>ὡς</strong></span> <span class='ocrx_word' id='word_1_370' title='bbox 1173 260 1298 300; x_wconf 64' lang='grc' dir='ltr'><strong>κλίνας</strong></span> <span class='ocrx_word' id='word_1_371' title='bbox 1319 260 1463 306; x_wconf 66' lang='grc' dir='ltr'><strong>πτίρον.</strong></span> <span class='ocrx_word' id='word_1_372' title='bbox 1520 261 1731 296; x_wconf 77' lang='lat' dir='ltr'><strong>imbuendae</strong></span> <span class='ocrx_word' id='word_1_373' title='bbox 1755 271 1833 296; x_wconf 89' lang='lat' dir='ltr'><strong>sunt</strong></span> <span class='ocrx_word' id='word_1_374' title='bbox 1855 264 1960 306; x_wconf 75' lang='lat' dir='ltr'><strong>igitur</strong></span> <span class='ocrx_word' id='word_1_375' title='bbox 1976 265 2087 298; x_wconf 86' lang='lat' dir='ltr'><strong>bonae</strong></span> 
     </span>
     <span class='ocr_line' id='line_1_60' title="bbox 1101 312 2086 352; baseline 0.004 -9"><span class='ocrx_word' id='word_1_376' title='bbox 1101 319 1234 345; x_wconf 86' lang='lat' dir='ltr'><strong>mentes</strong></span> <span class='ocrx_word' id='word_1_377' title='bbox 1267 323 1385 344; x_wconf 90' lang='lat' dir='ltr'><strong>amore</strong></span> <span class='ocrx_word' id='word_1_378' title='bbox 1419 312 1590 352; x_wconf 67' lang='lat' dir='ltr'><strong>veritatis,</strong></span> <span class='ocrx_word' id='word_1_379' title='bbox 1625 320 1656 346; x_wconf 85' lang='lat' dir='ltr'><strong>et</strong></span> <span class='ocrx_word' id='word_1_380' title='bbox 1688 314 1928 347; x_wconf 86' lang='lat' dir='ltr'><strong>instillandum</strong></span> <span class='ocrx_word' id='word_1_381' title='bbox 1960 316 2086 347; x_wconf 86' lang='lat' dir='ltr'><strong>acerri-</strong></span> 
     </span>
     <span class='ocr_line' id='line_1_61' title="bbox 1100 360 2086 405; baseline 0.003 -11"><span class='ocrx_word' id='word_1_382' title='bbox 1100 374 1196 394; x_wconf 90' lang='lat' dir='ltr'><strong>mum</strong></span> <span class='ocrx_word' id='word_1_383' title='bbox 1221 364 1342 395; x_wconf 87' lang='lat' dir='ltr'><strong>odium</strong></span> <span class='ocrx_word' id='word_1_384' title='bbox 1362 360 1575 405; x_wconf 89' lang='lat' dir='ltr'><strong>sophistices.</strong></span> <span class='ocrx_word' id='word_1_385' title='bbox 1630 363 1729 397; x_wconf 85' lang='lat' dir='ltr'><strong>Ilanc</strong></span> <span class='ocrx_word' id='word_1_386' title='bbox 1755 365 1799 397; x_wconf 88' lang='lat' dir='ltr'><strong>ob</strong></span> <span class='ocrx_word' id='word_1_387' title='bbox 1816 377 1953 398; x_wconf 88' lang='lat' dir='ltr'><strong>causam</strong></span> <span class='ocrx_word' id='word_1_388' title='bbox 1971 377 2086 397; x_wconf 83' lang='lat' dir='ltr'><strong>exem-</strong></span> 
     </span>
     <span class='ocr_line' id='line_1_62' title="bbox 1100 412 2085 457; baseline 0.004 -13"><span class='ocrx_word' id='word_1_389' title='bbox 1100 413 1154 454; x_wconf 91' lang='lat' dir='ltr'><strong>pla</strong></span> <span class='ocrx_word' id='word_1_390' title='bbox 1183 414 1352 457; x_wconf 87' lang='lat' dir='ltr'><strong>quaedam</strong></span> <span class='ocrx_word' id='word_1_391' title='bbox 1379 412 1599 456; x_wconf 86' lang='lat' dir='ltr'><strong>superiorum</strong></span> <span class='ocrx_word' id='word_1_392' title='bbox 1625 420 1840 457; x_wconf 86' lang='lat' dir='ltr'><strong>temporum,</strong></span> <span class='ocrx_word' id='word_1_393' title='bbox 1871 428 1944 448; x_wconf 89' lang='lat' dir='ltr'><strong>non</strong></span> <span class='ocrx_word' id='word_1_394' title='bbox 1971 416 2085 448; x_wconf 90' lang='lat' dir='ltr'><strong>solum</strong></span> 
     </span>
     <span class='ocr_line' id='line_1_63' title="bbox 1099 460 2085 508; baseline 0.003 -13"><span class='ocrx_word' id='word_1_395' title='bbox 1099 463 1135 494; x_wconf 88' lang='lat' dir='ltr'><strong>in</strong></span> <span class='ocrx_word' id='word_1_396' title='bbox 1152 460 1325 502; x_wconf 84' lang='lat' dir='ltr'><strong>Ecclesia,</strong></span> <span class='ocrx_word' id='word_1_397' title='bbox 1353 463 1410 494; x_wconf 87' lang='lat' dir='ltr'><strong>sed</strong></span> <span class='ocrx_word' id='word_1_398' title='bbox 1437 462 1538 496; x_wconf 83' lang='lat' dir='ltr'><strong>etiam</strong></span> <span class='ocrx_word' id='word_1_399' title='bbox 1562 463 1598 494; x_wconf 91' lang='lat' dir='ltr'><strong>in</strong></span> <span class='ocrx_word' id='word_1_400' title='bbox 1620 463 1776 507; x_wconf 85' lang='lat' dir='ltr'><strong>imperiis</strong></span> <span class='ocrx_word' id='word_1_401' title='bbox 1794 466 1933 508; x_wconf 77' lang='lat' dir='ltr'><strong>collegi,</strong></span> <span class='ocrx_word' id='word_1_402' title='bbox 1960 473 1999 500; x_wconf 87' lang='lat' dir='ltr'><strong>ut</strong></span> <span class='ocrx_word' id='word_1_403' title='bbox 2022 467 2085 499; x_wconf 89' lang='lat' dir='ltr'><strong>ad-</strong></span> 
     </span>
     <span class='ocr_line' id='line_1_64' title="bbox 1099 513 2084 561; baseline 0.006 -17"><span class='ocrx_word' id='word_1_404' title='bbox 1099 520 1265 546; x_wconf 87' lang='lat' dir='ltr'><strong>moneant</strong></span> <span class='ocrx_word' id='word_1_405' title='bbox 1283 513 1465 555; x_wconf 83' lang='lat' dir='ltr'><strong>fugiendas</strong></span> <span class='ocrx_word' id='word_1_406' title='bbox 1484 524 1554 545; x_wconf 84' lang='lat' dir='ltr'><strong>esse</strong></span> <span class='ocrx_word' id='word_1_407' title='bbox 1573 513 1703 546; x_wconf 86' lang='lat' dir='ltr'><strong>similes</strong></span> <span class='ocrx_word' id='word_1_408' title='bbox 1722 516 1938 558; x_wconf 76' lang='lat' dir='ltr'><strong>praestigias,</strong></span> <span class='ocrx_word' id='word_1_409' title='bbox 1973 524 2005 550; x_wconf 93' lang='lat' dir='ltr'><strong>et</strong></span> <span class='ocrx_word' id='word_1_410' title='bbox 2025 528 2084 561; x_wconf 81' lang='lat' dir='ltr'><strong>sy-</strong></span> 
     </span>
     <span class='ocr_line' id='line_1_65' title="bbox 1098 561 2083 611; baseline 0.005 -16"><span class='ocrx_word' id='word_1_411' title='bbox 1098 561 1339 607; x_wconf 87' lang='lat' dir='ltr'><strong>cophanticam</strong></span> <span class='ocrx_word' id='word_1_412' title='bbox 1359 563 1638 605; x_wconf 76' lang='lat' dir='ltr'><strong>indignissimam</strong></span> <span class='ocrx_word' id='word_1_413' title='bbox 1657 564 1740 597; x_wconf 90' lang='lat' dir='ltr'><strong>viris</strong></span> <span class='ocrx_word' id='word_1_414' title='bbox 1752 566 1931 607; x_wconf 80' lang='lat' dir='ltr'><strong>gravibus,</strong></span> <span class='ocrx_word' id='word_1_415' title='bbox 1954 574 1986 600; x_wconf 89' lang='lat' dir='ltr'><strong>et</strong></span> <span class='ocrx_word' id='word_1_416' title='bbox 2004 579 2083 611; x_wconf 86' lang='lat' dir='ltr'><strong>per-</strong></span> 
     </span>
     <span class='ocr_line' id='line_1_66' title="bbox 1098 612 2081 651; baseline 0.005 -5"><span class='ocrx_word' id='word_1_417' title='bbox 1098 614 1265 647; x_wconf 89' lang='lat' dir='ltr'><strong>niciosam</strong></span> <span class='ocrx_word' id='word_1_418' title='bbox 1292 614 1394 648; x_wconf 65' lang='lat' dir='ltr'><strong>vitae.</strong></span> <span class='ocrx_word' id='word_1_419' title='bbox 1454 612 1628 646; x_wconf 87' lang='lat' dir='ltr'><strong>Exordiar</strong></span> <span class='ocrx_word' id='word_1_420' title='bbox 1650 621 1764 647; x_wconf 85' lang='lat' dir='ltr'><strong>autem</strong></span> <span class='ocrx_word' id='word_1_421' title='bbox 1787 617 1829 647; x_wconf 94' lang='lat' dir='ltr'><strong>ab</strong></span> <span class='ocrx_word' id='word_1_422' title='bbox 1852 617 2081 651; x_wconf 88' lang='lat' dir='ltr'><strong>ecclesiastico</strong></span> 
     </span>
     <span class='ocr_line' id='line_1_67' title="bbox 1097 665 1265 708; baseline 0.012 -12"><span class='ocrx_word' id='word_1_423' title='bbox 1097 665 1265 708; x_wconf 79' lang='lat' dir='ltr'><strong>exemplo.</strong></span> 
     </span>
    </p>

    <p class='ocr_par' dir='ltr' id='par_1_11' title="bbox 1096 713 2085 2728">
     <span class='ocr_line' id='line_1_68' title="bbox 1198 713 2081 757; baseline 0.005 -10"><span class='ocrx_word' id='word_1_424' title='bbox 1198 714 1287 749; x_wconf 86' lang='lat' dir='ltr'><strong>Cum</strong></span> <span class='ocrx_word' id='word_1_425' title='bbox 1304 723 1388 749; x_wconf 87' lang='lat' dir='ltr'><strong>esset</strong></span> <span class='ocrx_word' id='word_1_426' title='bbox 1406 714 1530 757; x_wconf 80' lang='lat' dir='ltr'><strong>iugens</strong></span> <span class='ocrx_word' id='word_1_427' title='bbox 1540 713 1714 748; x_wconf 82' lang='lat' dir='ltr'><strong>Ecclesiae</strong></span> <span class='ocrx_word' id='word_1_428' title='bbox 1727 717 1921 756; x_wconf 87' lang='lat' dir='ltr'><strong>calamitas,</strong></span> <span class='ocrx_word' id='word_1_429' title='bbox 1949 719 2081 751; x_wconf 84' lang='lat' dir='ltr'><strong>discor-</strong></span> 
     </span>
     <span class='ocr_line' id='line_1_69' title="bbox 1096 764 2082 810; baseline 0.005 -12"><span class='ocrx_word' id='word_1_430' title='bbox 1096 766 1153 799; x_wconf 85' lang='lat' dir='ltr'><strong>dia</strong></span> <span class='ocrx_word' id='word_1_431' title='bbox 1177 778 1217 799; x_wconf 85' lang='lat' dir='ltr'><strong>ex</strong></span> <span class='ocrx_word' id='word_1_432' title='bbox 1240 766 1346 809; x_wconf 83' lang='lat' dir='ltr'><strong>impio</strong></span> <span class='ocrx_word' id='word_1_433' title='bbox 1371 764 1448 799; x_wconf 86' lang='lat' dir='ltr'><strong>Arii</strong></span> <span class='ocrx_word' id='word_1_434' title='bbox 1473 768 1633 810; x_wconf 86' lang='lat' dir='ltr'><strong>dogmate</strong></span> <span class='ocrx_word' id='word_1_435' title='bbox 1656 775 1754 807; x_wconf 88' lang='lat' dir='ltr'><strong>nata,</strong></span> <span class='ocrx_word' id='word_1_436' title='bbox 1786 768 1906 807; x_wconf 88' lang='lat' dir='ltr'><strong>multi,</strong></span> <span class='ocrx_word' id='word_1_437' title='bbox 1939 777 1977 803; x_wconf 87' lang='lat' dir='ltr'><strong>ut</strong></span> <span class='ocrx_word' id='word_1_438' title='bbox 2001 776 2082 803; x_wconf 87' lang='lat' dir='ltr'><strong>sunt</strong></span> 
     </span>
     <span class='ocr_line' id='line_1_70' title="bbox 1097 814 2083 864; baseline 0.003 -15"><span class='ocrx_word' id='word_1_439' title='bbox 1097 814 1281 849; x_wconf 89' lang='lat' dir='ltr'><strong>hominnm</strong></span> <span class='ocrx_word' id='word_1_440' title='bbox 1306 817 1468 857; x_wconf 80' lang='lat' dir='ltr'><strong>consilia,</strong></span> <span class='ocrx_word' id='word_1_441' title='bbox 1505 830 1574 850; x_wconf 92' lang='lat' dir='ltr'><strong>non</strong></span> <span class='ocrx_word' id='word_1_442' title='bbox 1595 824 1664 850; x_wconf 89' lang='lat' dir='ltr'><strong>tam</strong></span> <span class='ocrx_word' id='word_1_443' title='bbox 1682 818 1836 859; x_wconf 89' lang='lat' dir='ltr'><strong>veritati,</strong></span> <span class='ocrx_word' id='word_1_444' title='bbox 1865 831 1967 864; x_wconf 88' lang='lat' dir='ltr'><strong>quam</strong></span> <span class='ocrx_word' id='word_1_445' title='bbox 1987 826 2083 852; x_wconf 87' lang='lat' dir='ltr'><strong>tran-</strong></span> 
     </span>
     <span class='ocr_line' id='line_1_71' title="bbox 1096 867 2083 915; baseline 0.003 -15"><span class='ocrx_word' id='word_1_446' title='bbox 1096 867 1261 912; x_wconf 78' lang='lat' dir='ltr'><strong>quillitati</strong></span> <span class='ocrx_word' id='word_1_447' title='bbox 1288 868 1486 900; x_wconf 86' lang='lat' dir='ltr'><strong>consultum</strong></span> <span class='ocrx_word' id='word_1_448' title='bbox 1513 867 1710 911; x_wconf 86' lang='lat' dir='ltr'><strong>cupiebant.</strong></span> <span class='ocrx_word' id='word_1_449' title='bbox 1775 868 1895 914; x_wconf 85' lang='lat' dir='ltr'><strong>ltaque</strong></span> <span class='ocrx_word' id='word_1_450' title='bbox 1928 870 1964 902; x_wconf 92' lang='lat' dir='ltr'><strong>in</strong></span> <span class='ocrx_word' id='word_1_451' title='bbox 1996 869 2083 915; x_wconf 83' lang='lat' dir='ltr'><strong>Syr-</strong></span> 
     </span>
     <span class='ocr_line' id='line_1_72' title="bbox 1096 917 2082 965; baseline 0.004 -15"><span class='ocrx_word' id='word_1_452' title='bbox 1096 917 1375 963; x_wconf 54' lang='lat' dir='ltr'><strong>niie11siSJ‘1iotlti</strong></span> <span class='ocrx_word' id='word_1_453' title='bbox 1388 918 1540 963; x_wconf 88' lang='lat' dir='ltr'><strong>quaesita</strong></span> <span class='ocrx_word' id='word_1_454' title='bbox 1559 925 1608 951; x_wconf 86' lang='lat' dir='ltr'><strong>est</strong></span> <span class='ocrx_word' id='word_1_455' title='bbox 1623 919 1784 961; x_wconf 84' lang='lat' dir='ltr'><strong>ambigua</strong></span> <span class='ocrx_word' id='word_1_456' title='bbox 1798 920 1966 961; x_wconf 79' lang='lat' dir='ltr'><strong>formula,</strong></span> <span class='ocrx_word' id='word_1_457' title='bbox 1994 932 2082 965; x_wconf 87' lang='lat' dir='ltr'><strong>quae</strong></span> 
     </span>
     <span class='ocr_line' id='line_1_73' title="bbox 1096 969 2083 1013; baseline 0.002 -11"><span class='ocrx_word' id='word_1_458' title='bbox 1096 969 1122 1002; x_wconf 91' lang='lat' dir='ltr'><strong>si</strong></span> <span class='ocrx_word' id='word_1_459' title='bbox 1150 970 1193 1002; x_wconf 90' lang='lat' dir='ltr'><strong>ab</strong></span> <span class='ocrx_word' id='word_1_460' title='bbox 1219 976 1366 1013; x_wconf 85' lang='lat' dir='ltr'><strong>utraque</strong></span> <span class='ocrx_word' id='word_1_461' title='bbox 1391 977 1488 1013; x_wconf 86' lang='lat' dir='ltr'><strong>parte</strong></span> <span class='ocrx_word' id='word_1_462' title='bbox 1511 969 1742 1012; x_wconf 81' lang='lat' dir='ltr'><strong>reciperetur,</strong></span> <span class='ocrx_word' id='word_1_463' title='bbox 1777 970 1961 1003; x_wconf 89' lang='lat' dir='ltr'><strong>dissidium</strong></span> <span class='ocrx_word' id='word_1_464' title='bbox 1981 971 2083 1004; x_wconf 90' lang='lat' dir='ltr'><strong>tolle-</strong></span> 
     </span>
     <span class='ocr_line' id='line_1_74' title="bbox 1096 1017 2083 1064; baseline 0.002 -12"><span class='ocrx_word' id='word_1_465' title='bbox 1096 1027 1157 1054; x_wconf 90' lang='lat' dir='ltr'><strong>ret.</strong></span> <span class='ocrx_word' id='word_1_466' title='bbox 1217 1019 1411 1060; x_wconf 73' lang='lat' dir='ltr'><strong>Convenit,</strong></span> <span class='ocrx_word' id='word_1_467' title='bbox 1444 1026 1483 1053; x_wconf 91' lang='lat' dir='ltr'><strong>ut</strong></span> <span class='ocrx_word' id='word_1_468' title='bbox 1507 1032 1629 1052; x_wconf 88' lang='lat' dir='ltr'><strong>omnes</strong></span> <span class='ocrx_word' id='word_1_469' title='bbox 1648 1017 1821 1053; x_wconf 83' lang='lat' dir='ltr'><strong>Ecclesiae</strong></span> <span class='ocrx_word' id='word_1_470' title='bbox 1846 1021 1974 1064; x_wconf 90' lang='lat' dir='ltr'><strong>pariter</strong></span> <span class='ocrx_word' id='word_1_471' title='bbox 1991 1022 2083 1064; x_wconf 85' lang='lat' dir='ltr'><strong>lege-</strong></span> 
     </span>
     <span class='ocr_line' id='line_1_75' title="bbox 1097 1068 2082 1115; baseline 0.003 -13"><span class='ocrx_word' id='word_1_472' title='bbox 1097 1076 1175 1103; x_wconf 88' lang='lat' dir='ltr'><strong>rent</strong></span> <span class='ocrx_word' id='word_1_473' title='bbox 1194 1070 1229 1102; x_wconf 91' lang='lat' dir='ltr'><strong>iu</strong></span> <span class='ocrx_word' id='word_1_474' title='bbox 1254 1070 1414 1115; x_wconf 71' lang='lat' dir='ltr'><strong>symbolo</strong></span> <span class='ocrx_word' id='word_1_475' title='bbox 1440 1068 1588 1113; x_wconf 43' lang='lat'><strong>‹311101015</strong></span> <span class='ocrx_word' id='word_1_476' title='bbox 1623 1083 1701 1102; x_wconf 89' lang='lat' dir='ltr'><strong>cum</strong></span> <span class='ocrx_word' id='word_1_477' title='bbox 1726 1077 1825 1104; x_wconf 83' lang='lat' dir='ltr'><strong>antea</strong></span> <span class='ocrx_word' id='word_1_478' title='bbox 1845 1071 1892 1114; x_wconf 92' lang='lat' dir='ltr'><strong>pii</strong></span> <span class='ocrx_word' id='word_1_479' title='bbox 1919 1071 2082 1114; x_wconf 85' lang='lat' dir='ltr'><strong>legissent</strong></span> 
     </span>
     <span class='ocr_line' id='line_1_76' title="bbox 1096 1117 2082 1166; baseline 0.001 -12"><span class='ocrx_word' id='word_1_480' title='bbox 1096 1117 1306 1165; x_wconf 54' lang='grc' dir='ltr'><em>ὁμοοιῗσιον.</em></span> <span class='ocrx_word' id='word_1_481' title='bbox 1342 1120 1409 1153; x_wconf 82' lang='lat' dir='ltr'><strong>Hic</strong></span> <span class='ocrx_word' id='word_1_482' title='bbox 1420 1117 1626 1154; x_wconf 87' lang='lat' dir='ltr'><strong>Cothurnus</strong></span> <span class='ocrx_word' id='word_1_483' title='bbox 1638 1121 1777 1166; x_wconf 89' lang='lat' dir='ltr'><strong>utrique</strong></span> <span class='ocrx_word' id='word_1_484' title='bbox 1793 1122 1872 1165; x_wconf 85' lang='lat' dir='ltr'><strong>pedi</strong></span> <span class='ocrx_word' id='word_1_485' title='bbox 1887 1134 2082 1165; x_wconf 85' lang='lat' dir='ltr'><strong>congruens</strong></span> 
     </span>
     <span class='ocr_line' id='line_1_77' title="bbox 1097 1171 2083 1218; baseline 0.004 -16"><span class='ocrx_word' id='word_1_486' title='bbox 1097 1172 1281 1204; x_wconf 73' lang='lat' dir='ltr'><strong>videbatur</strong></span> <span class='ocrx_word' id='word_1_487' title='bbox 1304 1171 1485 1204; x_wconf 89' lang='lat' dir='ltr'><strong>sustulisse</strong></span> <span class='ocrx_word' id='word_1_488' title='bbox 1509 1173 1729 1206; x_wconf 85' lang='lat' dir='ltr'><strong>discordiam.</strong></span> <span class='ocrx_word' id='word_1_489' title='bbox 1791 1171 1858 1206; x_wconf 85' lang='lat' dir='ltr'><strong>Sed</strong></span> <span class='ocrx_word' id='word_1_490' title='bbox 1881 1173 1964 1218; x_wconf 88' lang='lat' dir='ltr'><strong>quid</strong></span> <span class='ocrx_word' id='word_1_491' title='bbox 1993 1173 2083 1206; x_wconf 87' lang='lat' dir='ltr'><strong>acci-</strong></span> 
     </span>
     <span class='ocr_line' id='line_1_78' title="bbox 1097 1221 2083 1266; baseline 0.002 -12"><span class='ocrx_word' id='word_1_492' title='bbox 1097 1222 1172 1255; x_wconf 72' lang='lat' dir='ltr'><strong>dit?</strong></span> <span class='ocrx_word' id='word_1_493' title='bbox 1211 1221 1343 1254; x_wconf 87' lang='lat' dir='ltr'><strong>Fucosa</strong></span> <span class='ocrx_word' id='word_1_494' title='bbox 1370 1234 1552 1266; x_wconf 78' lang='lat' dir='ltr'><strong>nunquam</strong></span> <span class='ocrx_word' id='word_1_495' title='bbox 1576 1222 1750 1255; x_wconf 85' lang='lat' dir='ltr'><strong>durabilia</strong></span> <span class='ocrx_word' id='word_1_496' title='bbox 1771 1228 1863 1258; x_wconf 89' lang='lat' dir='ltr'><strong>sunt.</strong></span> <span class='ocrx_word' id='word_1_497' title='bbox 1915 1222 2003 1257; x_wconf 92' lang='lat' dir='ltr'><strong>Cum</strong></span> <span class='ocrx_word' id='word_1_498' title='bbox 2023 1224 2083 1256; x_wconf 89' lang='lat' dir='ltr'><strong>alii</strong></span> 
     </span>
     <span class='ocr_line' id='line_1_79' title="bbox 1096 1273 2082 1317; baseline 0.002 -12"><span class='ocrx_word' id='word_1_499' title='bbox 1096 1273 1197 1306; x_wconf 85' lang='lat' dir='ltr'><strong>aliter</strong></span> <span class='ocrx_word' id='word_1_500' title='bbox 1224 1273 1538 1315; x_wconf 85' lang='lat' dir='ltr'><strong>interpretarentur</strong></span> <span class='ocrx_word' id='word_1_501' title='bbox 1568 1273 1786 1317; x_wconf 69' lang='lat' dir='ltr'><strong>symbolum,</strong></span> <span class='ocrx_word' id='word_1_502' title='bbox 1822 1285 1941 1307; x_wconf 88' lang='lat' dir='ltr'><strong>rursus</strong></span> <span class='ocrx_word' id='word_1_503' title='bbox 1961 1274 2082 1307; x_wconf 91' lang='lat' dir='ltr'><strong>incen-</strong></span> 
     </span>
     <span class='ocr_line' id='line_1_80' title="bbox 1097 1323 2082 1367; baseline 0.002 -12"><span class='ocrx_word' id='word_1_504' title='bbox 1097 1324 1194 1355; x_wconf 86' lang='lat' dir='ltr'><strong>dium</strong></span> <span class='ocrx_word' id='word_1_505' title='bbox 1213 1323 1324 1355; x_wconf 84' lang='lat' dir='ltr'><strong>maius</strong></span> <span class='ocrx_word' id='word_1_506' title='bbox 1341 1335 1379 1355; x_wconf 85' lang='lat' dir='ltr'><strong>ex</strong></span> <span class='ocrx_word' id='word_1_507' title='bbox 1398 1323 1456 1355; x_wconf 89' lang='lat' dir='ltr'><strong>illa</strong></span> <span class='ocrx_word' id='word_1_508' title='bbox 1480 1323 1552 1365; x_wconf 85' lang='lat' dir='ltr'><strong>ipsa</strong></span> <span class='ocrx_word' id='word_1_509' title='bbox 1577 1323 1727 1367; x_wconf 64' lang='lat' dir='ltr'><strong>symboli</strong></span> <span class='ocrx_word' id='word_1_510' title='bbox 1747 1324 1941 1367; x_wconf 88' lang='lat' dir='ltr'><strong>corruptela</strong></span> <span class='ocrx_word' id='word_1_511' title='bbox 1966 1331 2082 1357; x_wconf 89' lang='lat' dir='ltr'><strong>ortum</strong></span> 
     </span>
     <span class='ocr_line' id='line_1_81' title="bbox 1097 1372 2083 1414; baseline 0.001 -8"><span class='ocrx_word' id='word_1_512' title='bbox 1097 1381 1157 1406; x_wconf 86' lang='lat' dir='ltr'><strong>est.</strong></span> <span class='ocrx_word' id='word_1_513' title='bbox 1210 1372 1520 1405; x_wconf 82' lang='lat' dir='ltr'><strong>Confirmabantur</strong></span> <span class='ocrx_word' id='word_1_514' title='bbox 1543 1373 1635 1405; x_wconf 89' lang='lat' dir='ltr'><strong>enim</strong></span> <span class='ocrx_word' id='word_1_515' title='bbox 1653 1374 1794 1414; x_wconf 82' lang='lat' dir='ltr'><strong>Ariani,</strong></span> <span class='ocrx_word' id='word_1_516' title='bbox 1823 1386 1892 1406; x_wconf 90' lang='lat' dir='ltr'><strong>non</strong></span> <span class='ocrx_word' id='word_1_517' title='bbox 1910 1375 2083 1407; x_wconf 87' lang='lat' dir='ltr'><strong>sanaban-</strong></span> 
     </span>
     <span class='ocr_line' id='line_1_82' title="bbox 1097 1423 2083 1469; baseline 0.002 -13"><span class='ocrx_word' id='word_1_518' title='bbox 1097 1431 1171 1462; x_wconf 86' lang='lat' dir='ltr'><strong>tur,</strong></span> <span class='ocrx_word' id='word_1_519' title='bbox 1200 1423 1246 1466; x_wconf 88' lang='lat' dir='ltr'><strong>pii</strong></span> <span class='ocrx_word' id='word_1_520' title='bbox 1273 1425 1538 1466; x_wconf 81' lang='lat' dir='ltr'><strong>premebantur,</strong></span> <span class='ocrx_word' id='word_1_521' title='bbox 1573 1424 1763 1457; x_wconf 88' lang='lat' dir='ltr'><strong>imbecilles</strong></span> <span class='ocrx_word' id='word_1_522' title='bbox 1787 1432 1818 1457; x_wconf 89' lang='lat' dir='ltr'><strong>et</strong></span> <span class='ocrx_word' id='word_1_523' title='bbox 1845 1424 1977 1457; x_wconf 88' lang='lat' dir='ltr'><strong>indocti</strong></span> <span class='ocrx_word' id='word_1_524' title='bbox 2005 1437 2083 1469; x_wconf 88' lang='lat' dir='ltr'><strong>per-</strong></span> 
     </span>
     <span class='ocr_line' id='line_1_83' title="bbox 1098 1472 2083 1517; baseline 0.003 -11"><span class='ocrx_word' id='word_1_525' title='bbox 1098 1474 1341 1508; x_wconf 85' lang='lat' dir='ltr'><strong>turbabantur.</strong></span> <span class='ocrx_word' id='word_1_526' title='bbox 1395 1473 1493 1506; x_wconf 88' lang='lat' dir='ltr'><strong>Talis</strong></span> <span class='ocrx_word' id='word_1_527' title='bbox 1509 1481 1556 1506; x_wconf 89' lang='lat' dir='ltr'><strong>est</strong></span> <span class='ocrx_word' id='word_1_528' title='bbox 1575 1475 1685 1507; x_wconf 82' lang='lat' dir='ltr'><strong>exitus</strong></span> <span class='ocrx_word' id='word_1_529' title='bbox 1702 1472 1826 1507; x_wconf 88' lang='lat' dir='ltr'><strong>horum</strong></span> <span class='ocrx_word' id='word_1_530' title='bbox 1844 1475 2083 1517; x_wconf 91' lang='lat' dir='ltr'><strong>consiliorum,</strong></span> 
     </span>
     <span class='ocr_line' id='line_1_84' title="bbox 1097 1524 2084 1568; baseline 0.005 -13"><span class='ocrx_word' id='word_1_531' title='bbox 1097 1536 1245 1568; x_wconf 86' lang='lat' dir='ltr'><strong>qnorum</strong></span> <span class='ocrx_word' id='word_1_532' title='bbox 1261 1524 1372 1566; x_wconf 83' lang='lat' dir='ltr'><strong>imago</strong></span> <span class='ocrx_word' id='word_1_533' title='bbox 1391 1524 1425 1556; x_wconf 91' lang='lat' dir='ltr'><strong>in</strong></span> <span class='ocrx_word' id='word_1_534' title='bbox 1441 1524 1630 1556; x_wconf 90' lang='lat' dir='ltr'><strong>comoediis</strong></span> <span class='ocrx_word' id='word_1_535' title='bbox 1645 1526 1873 1568; x_wconf 80' lang='lat' dir='ltr'><strong>proponitur,</strong></span> <span class='ocrx_word' id='word_1_536' title='bbox 1901 1539 1973 1558; x_wconf 90' lang='lat' dir='ltr'><strong>non</strong></span> <span class='ocrx_word' id='word_1_537' title='bbox 1991 1534 2028 1560; x_wconf 89' lang='lat' dir='ltr'><strong>ut</strong></span> <span class='ocrx_word' id='word_1_538' title='bbox 2045 1539 2084 1560; x_wconf 88' lang='lat' dir='ltr'><strong>ea</strong></span> 
     </span>
     <span class='ocr_line' id='line_1_85' title="bbox 1098 1573 2083 1619; baseline 0.003 -13"><span class='ocrx_word' id='word_1_539' title='bbox 1098 1575 1276 1606; x_wconf 86' lang='lat' dir='ltr'><strong>imitemur</strong></span> <span class='ocrx_word' id='word_1_540' title='bbox 1301 1573 1336 1607; x_wconf 89' lang='lat' dir='ltr'><strong>in</strong></span> <span class='ocrx_word' id='word_1_541' title='bbox 1365 1574 1612 1615; x_wconf 80' lang='lat' dir='ltr'><strong>religionibus,</strong></span> <span class='ocrx_word' id='word_1_542' title='bbox 1647 1575 1680 1607; x_wconf 92' lang='lat' dir='ltr'><strong>in</strong></span> <span class='ocrx_word' id='word_1_543' title='bbox 1708 1576 1879 1619; x_wconf 90' lang='lat' dir='ltr'><strong>imperiis,</strong></span> <span class='ocrx_word' id='word_1_544' title='bbox 1914 1577 1950 1608; x_wconf 91' lang='lat' dir='ltr'><strong>in</strong></span> <span class='ocrx_word' id='word_1_545' title='bbox 1975 1577 2083 1609; x_wconf 90' lang='lat' dir='ltr'><strong>mori-</strong></span> 
     </span>
     <span class='ocr_line' id='line_1_86' title="bbox 1098 1625 2084 1660; baseline 0.003 -4"><span class='ocrx_word' id='word_1_546' title='bbox 1098 1626 1178 1660; x_wconf 70' lang='lat' dir='ltr'><strong>bns,</strong></span> <span class='ocrx_word' id='word_1_547' title='bbox 1207 1625 1263 1656; x_wconf 90' lang='lat' dir='ltr'><strong>sed</strong></span> <span class='ocrx_word' id='word_1_548' title='bbox 1292 1631 1326 1656; x_wconf 89' lang='lat' dir='ltr'><strong>nt</strong></span> <span class='ocrx_word' id='word_1_549' title='bbox 1360 1637 1479 1657; x_wconf 75' lang='lat' dir='ltr'><strong>cavere</strong></span> <span class='ocrx_word' id='word_1_550' title='bbox 1506 1625 1690 1658; x_wconf 84' lang='lat' dir='ltr'><strong>discamus.</strong></span> <span class='ocrx_word' id='word_1_551' title='bbox 1751 1626 2000 1660; x_wconf 67' lang='lat' dir='ltr'><strong>Lnduntservi</strong></span> <span class='ocrx_word' id='word_1_552' title='bbox 2019 1628 2084 1659; x_wconf 86' lang='lat' dir='ltr'><strong>sal-</strong></span> 
     </span>
     <span class='ocr_line' id='line_1_87' title="bbox 1098 1674 2082 1721; baseline 0.004 -15"><span class='ocrx_word' id='word_1_553' title='bbox 1098 1675 1211 1711; x_wconf 70' lang='lat' dir='ltr'><strong>laciis,</strong></span> <span class='ocrx_word' id='word_1_554' title='bbox 1239 1681 1276 1707; x_wconf 85' lang='grc'><strong>111</strong></span> <span class='ocrx_word' id='word_1_555' title='bbox 1295 1676 1416 1719; x_wconf 64' lang='lat' dir='ltr'><strong>Syrus.</strong></span> <span class='ocrx_word' id='word_1_556' title='bbox 1470 1674 1562 1708; x_wconf 85' lang='lat' dir='ltr'><strong>Huic</strong></span> <span class='ocrx_word' id='word_1_557' title='bbox 1585 1677 1746 1719; x_wconf 80' lang='lat' dir='ltr'><strong>equidem</strong></span> <span class='ocrx_word' id='word_1_558' title='bbox 1765 1677 1912 1709; x_wconf 89' lang='lat' dir='ltr'><strong>consilio</strong></span> <span class='ocrx_word' id='word_1_559' title='bbox 1932 1677 2082 1721; x_wconf 86' lang='lat' dir='ltr'><strong>palmam</strong></span> 
     </span>
     <span class='ocr_line' id='line_1_88' title="bbox 1197 1723 2084 1771; baseline 0.005 -14"><span class='ocrx_word' id='word_1_560' title='bbox 1197 1723 1252 1757; x_wconf 89' lang='lat' dir='ltr'><strong>hic</strong></span> <span class='ocrx_word' id='word_1_561' title='bbox 1279 1738 1333 1757; x_wconf 80' lang='lat' dir='ltr'><strong>tue</strong></span> <span class='ocrx_word' id='word_1_562' title='bbox 1359 1726 1537 1767; x_wconf 72' lang='lat' dir='ltr'><strong>magnifice</strong></span> <span class='ocrx_word' id='word_1_563' title='bbox 1564 1727 1688 1767; x_wconf 76' lang='lat' dir='ltr'><strong>effero,</strong></span> <span class='ocrx_word' id='word_1_564' title='bbox 1723 1727 1781 1771; x_wconf 85' lang='lat' dir='ltr'><strong>qui</strong></span> <span class='ocrx_word' id='word_1_565' title='bbox 1809 1727 1878 1759; x_wconf 81' lang='grc'>11111</span> <span class='ocrx_word' id='word_1_566' title='bbox 1897 1734 2027 1761; x_wconf 86' lang='lat' dir='ltr'><strong>tautam</strong></span> <span class='ocrx_word' id='word_1_567' title='bbox 2047 1729 2084 1761; x_wconf 90' lang='lat' dir='ltr'><strong>in</strong></span> 
     </span>
     <span class='ocr_line' id='line_1_89' title="bbox 1097 1774 2084 1818; baseline 0.004 -11"><span class='ocrx_word' id='word_1_568' title='bbox 1097 1788 1150 1807; x_wconf 79' lang='lat' dir='ltr'><strong>me</strong></span> <span class='ocrx_word' id='word_1_569' title='bbox 1169 1784 1198 1807; x_wconf 83' lang='lat' dir='ltr'><strong>et</strong></span> <span class='ocrx_word' id='word_1_570' title='bbox 1218 1783 1421 1818; x_wconf 76' lang='lat' dir='ltr'><strong>potestatem</strong></span> <span class='ocrx_word' id='word_1_571' title='bbox 1441 1774 1584 1808; x_wconf 73' lang='lat' dir='ltr'><strong>habt-ant</strong></span> <span class='ocrx_word' id='word_1_572' title='bbox 1603 1784 1718 1809; x_wconf 82' lang='lat' dir='ltr'><strong>tantae</strong></span> <span class='ocrx_word' id='word_1_573' title='bbox 1739 1777 1903 1815; x_wconf 72' lang='lat' dir='ltr'><strong>astutiae,</strong></span> <span class='ocrx_word' id='word_1_574' title='bbox 1930 1790 2009 1811; x_wconf 63' lang='lat' dir='ltr'><strong>vera</strong></span> <span class='ocrx_word' id='word_1_575' title='bbox 2029 1779 2084 1811; x_wconf 87' lang='grc'>(11-</span> 
     </span>
     <span class='ocr_line' id='line_1_90' title="bbox 1097 1826 2084 1863; baseline 0.004 -6"><span class='ocrx_word' id='word_1_576' title='bbox 1097 1826 1207 1857; x_wconf 84' lang='lat' dir='ltr'><strong>ccndo</strong></span> <span class='ocrx_word' id='word_1_577' title='bbox 1227 1833 1261 1858; x_wconf 87' lang='lat' dir='ltr'><strong>nt</strong></span> <span class='ocrx_word' id='word_1_578' title='bbox 1283 1837 1341 1857; x_wconf 81' lang='lat' dir='ltr'><strong>cos</strong></span> <span class='ocrx_word' id='word_1_579' title='bbox 1357 1828 1478 1858; x_wconf 76' lang='lat' dir='ltr'><strong>ambos</strong></span> <span class='ocrx_word' id='word_1_580' title='bbox 1495 1827 1624 1860; x_wconf 72' lang='lat' dir='ltr'><strong>fallam.</strong></span> <span class='ocrx_word' id='word_1_581' title='bbox 1679 1826 1745 1860; x_wconf 87' lang='lat' dir='ltr'><strong>Scd</strong></span> <span class='ocrx_word' id='word_1_582' title='bbox 1768 1827 1825 1859; x_wconf 88' lang='lat' dir='ltr'><strong>ille</strong></span> <span class='ocrx_word' id='word_1_583' title='bbox 1844 1828 1934 1860; x_wconf 90' lang='lat' dir='ltr'><strong>idem</strong></span> <span class='ocrx_word' id='word_1_584' title='bbox 1950 1836 2084 1863; x_wconf 82' lang='lat' dir='ltr'><strong>vetera-</strong></span> 
     </span>
     <span class='ocr_line' id='line_1_91' title="bbox 1098 1875 2084 1922; baseline 0.003 -14"><span class='ocrx_word' id='word_1_585' title='bbox 1098 1883 1152 1908; x_wconf 88' lang='lat' dir='ltr'><strong>tor</strong></span> <span class='ocrx_word' id='word_1_586' title='bbox 1177 1876 1358 1922; x_wconf 81' lang='lat' dir='ltr'><strong>aliquanto</strong></span> <span class='ocrx_word' id='word_1_587' title='bbox 1387 1884 1462 1919; x_wconf 89' lang='lat' dir='ltr'><strong>post</strong></span> <span class='ocrx_word' id='word_1_588' title='bbox 1489 1875 1747 1920; x_wconf 60' lang='lat' dir='ltr'><strong>deprehensus,</strong></span> <span class='ocrx_word' id='word_1_589' title='bbox 1776 1878 1858 1922; x_wconf 82' lang='lat' dir='ltr'><strong>quid</strong></span> <span class='ocrx_word' id='word_1_590' title='bbox 1878 1878 1948 1911; x_wconf 76' lang='lat' dir='ltr'><strong>ait&#39;?</strong></span> <span class='ocrx_word' id='word_1_591' title='bbox 1980 1878 2084 1920; x_wconf 85' lang='lat' dir='ltr'><strong>Perii,</strong></span> 
     </span>
     <span class='ocr_line' id='line_1_92' title="bbox 1097 1927 2082 1970; baseline 0.003 -11"><span class='ocrx_word' id='word_1_592' title='bbox 1097 1927 1275 1965; x_wconf 76' lang='lat' dir='ltr'><strong>scelestus,</strong></span> <span class='ocrx_word' id='word_1_593' title='bbox 1310 1934 1456 1970; x_wconf 78' lang='lat' dir='ltr'><strong>quantas</strong></span> <span class='ocrx_word' id='word_1_594' title='bbox 1482 1929 1600 1960; x_wconf 88' lang='lat' dir='ltr'><strong>turbas</strong></span> <span class='ocrx_word' id='word_1_595' title='bbox 1615 1928 1765 1959; x_wconf 66' lang='lat' dir='ltr'><strong>const-ivi</strong></span> <span class='ocrx_word' id='word_1_596' title='bbox 1793 1929 1951 1964; x_wconf 77' lang='lat' dir='ltr'><strong>insciens,</strong></span> <span class='ocrx_word' id='word_1_597' title='bbox 2003 1928 2082 1963; x_wconf 76' lang='lat' dir='ltr'><strong>Non</strong></span> 
     </span>
     <span class='ocr_line' id='line_1_93' title="bbox 1097 1977 2085 2021; baseline 0.005 -13"><span class='ocrx_word' id='word_1_598' title='bbox 1097 1977 1157 2009; x_wconf 89' lang='grc'>11111</span> <span class='ocrx_word' id='word_1_599' title='bbox 1184 1977 1315 2009; x_wconf 65' lang='lat' dir='ltr'><strong>fefellu-</strong></span> <span class='ocrx_word' id='word_1_600' title='bbox 1319 1985 1350 2009; x_wconf 89' lang='lat' dir='ltr'><strong>at</strong></span> <span class='ocrx_word' id='word_1_601' title='bbox 1375 1989 1490 2015; x_wconf 82' lang='lat' dir='ltr'><strong>stnes,</strong></span> <span class='ocrx_word' id='word_1_602' title='bbox 1527 1979 1584 2009; x_wconf 84' lang='lat' dir='ltr'><strong>scd</strong></span> <span class='ocrx_word' id='word_1_603' title='bbox 1616 1978 1680 2010; x_wconf 86' lang='lat' dir='ltr'><strong>sibi</strong></span> <span class='ocrx_word' id='word_1_604' title='bbox 1708 1979 1752 2021; x_wconf 75' lang='lat' dir='ltr'><strong>pl:</strong></span> <span class='ocrx_word' id='word_1_605' title='bbox 1747 1991 1824 2021; x_wconf 71' lang='lat' dir='ltr'><strong>ngas</strong></span> <span class='ocrx_word' id='word_1_606' title='bbox 1848 1980 2085 2014; x_wconf 55' lang='lat' dir='ltr'><strong>artemis-,orat</strong></span> 
     </span>
     <span class='ocr_line' id='line_1_94' title="bbox 1100 2024 2084 2064; baseline 0.006 -6"><span class='ocrx_word' id='word_1_607' title='bbox 1100 2027 1245 2059; x_wconf 70' lang='lat' dir='ltr'><strong>Narrant</strong></span> <span class='ocrx_word' id='word_1_608' title='bbox 1262 2024 1396 2059; x_wconf 64' lang='lat' dir='ltr'><strong>historti</strong></span> <span class='ocrx_word' id='word_1_609' title='bbox 1391 2041 1426 2059; x_wconf 81' lang='lat' dir='ltr'><strong>ie</strong></span> <span class='ocrx_word' id='word_1_610' title='bbox 1444 2028 1478 2059; x_wconf 91' lang='lat' dir='ltr'><strong>in</strong></span> <span class='ocrx_word' id='word_1_611' title='bbox 1498 2028 1554 2059; x_wconf 78' lang='lat' dir='ltr'><strong>illa</strong></span> <span class='ocrx_word' id='word_1_612' title='bbox 1567 2028 1703 2061; x_wconf 64' lang='lat' dir='ltr'><strong>Svrtuiz</strong></span> <span class='ocrx_word' id='word_1_613' title='bbox 1698 2030 1760 2061; x_wconf 79' lang='lat' dir='ltr'><strong>usi</strong></span> <span class='ocrx_word' id='word_1_614' title='bbox 1772 2030 1915 2062; x_wconf 67' lang='grc'>3111111111</span> <span class='ocrx_word' id='word_1_615' title='bbox 1934 2031 2084 2064; x_wconf 80' lang='lat' dir='ltr'><strong>adfuisse</strong></span> 
     </span>
     <span class='ocr_line' id='line_1_95' title="bbox 1099 2076 2085 2121; baseline 0.003 -11"><span class='ocrx_word' id='word_1_616' title='bbox 1099 2077 1194 2120; x_wconf 80' lang='lat' dir='ltr'><strong>lltsp</strong></span> <span class='ocrx_word' id='word_1_617' title='bbox 1198 2090 1292 2109; x_wconf 81' lang='grc'>11111111</span> <span class='ocrx_word' id='word_1_618' title='bbox 1317 2076 1529 2121; x_wconf 87' lang='lat' dir='ltr'><strong>Episcopum</strong></span> <span class='ocrx_word' id='word_1_619' title='bbox 1554 2076 1679 2111; x_wconf 82' lang='lat' dir='ltr'><strong>Osium</strong></span> <span class='ocrx_word' id='word_1_620' title='bbox 1706 2086 1796 2112; x_wconf 73' lang='lat' dir='ltr'><strong>necte</strong></span> <span class='ocrx_word' id='word_1_621' title='bbox 1820 2080 2025 2113; x_wconf 72' lang='lat' dir='ltr'><strong>sentit-ntem</strong></span> <span class='ocrx_word' id='word_1_622' title='bbox 2046 2094 2085 2114; x_wconf 85' lang='lat' dir='ltr'><strong>ac</strong></span> 
     </span>
     <span class='ocr_line' id='line_1_96' title="bbox 1099 2129 2084 2172; baseline 0.005 -13"><span class='ocrx_word' id='word_1_623' title='bbox 1099 2135 1239 2172; x_wconf 81' lang='lat' dir='ltr'><strong>pr·opt·1</strong></span> <span class='ocrx_word' id='word_1_624' title='bbox 1262 2129 1494 2161; x_wconf 73' lang='lat' dir='ltr'><strong>eruditionem</strong></span> <span class='ocrx_word' id='word_1_625' title='bbox 1514 2135 1546 2161; x_wconf 74' lang='lat' dir='ltr'><strong>et</strong></span> <span class='ocrx_word' id='word_1_626' title='bbox 1571 2129 1730 2171; x_wconf 76' lang='lat' dir='ltr'><strong>piettitcm</strong></span> <span class='ocrx_word' id='word_1_627' title='bbox 1754 2130 1903 2163; x_wconf 54' lang='lat' dir='ltr'><strong>‹fh-,nrum</strong></span> <span class='ocrx_word' id='word_1_628' title='bbox 1938 2129 1994 2164; x_wconf 80' lang='lat' dir='ltr'><strong>liic</strong></span> <span class='ocrx_word' id='word_1_629' title='bbox 2012 2132 2084 2165; x_wconf 72' lang='lat' dir='ltr'><strong>sixe</strong></span> 
     </span>
     <span class='ocr_line' id='line_1_97' title="bbox 1096 2178 2084 2225; baseline 0.003 -14"><span class='ocrx_word' id='word_1_630' title='bbox 1096 2178 1249 2211; x_wconf 82' lang='lat' dir='ltr'><strong>mollicie</strong></span> <span class='ocrx_word' id='word_1_631' title='bbox 1274 2180 1400 2217; x_wconf 80' lang='lat' dir='ltr'><strong>animi,</strong></span> <span class='ocrx_word' id='word_1_632' title='bbox 1434 2179 1506 2211; x_wconf 69' lang='lat' dir='ltr'><strong>sive</strong></span> <span class='ocrx_word' id='word_1_633' title='bbox 1529 2179 1787 2213; x_wconf 60' lang='lat' dir='ltr'><strong>circumivimus</strong></span> <span class='ocrx_word' id='word_1_634' title='bbox 1811 2181 1926 2225; x_wconf 86' lang='lat' dir='ltr'><strong>aliqua</strong></span> <span class='ocrx_word' id='word_1_635' title='bbox 1949 2180 2084 2223; x_wconf 80' lang='lat' dir='ltr'><strong>techna,</strong></span> 
     </span>
     <span class='ocr_line' id='line_1_98' title="bbox 1099 2229 2082 2275; baseline 0.006 -16"><span class='ocrx_word' id='word_1_636' title='bbox 1099 2237 1132 2261; x_wconf 85' lang='lat' dir='ltr'><strong>nt</strong></span> <span class='ocrx_word' id='word_1_637' title='bbox 1159 2229 1214 2267; x_wconf 76' lang='grc'>111,</span> <span class='ocrx_word' id='word_1_638' title='bbox 1243 2230 1483 2272; x_wconf 71' lang='lat' dir='ltr'><strong>comprobavit</strong></span> <span class='ocrx_word' id='word_1_639' title='bbox 1513 2230 1709 2270; x_wconf 75' lang='lat' dir='ltr'><strong>ambiguam</strong></span> <span class='ocrx_word' id='word_1_640' title='bbox 1738 2238 1767 2263; x_wconf 83' lang='lat' dir='ltr'><strong>et</strong></span> <span class='ocrx_word' id='word_1_641' title='bbox 1800 2229 2082 2275; x_wconf 72' lang='lat' dir='ltr'><strong>sycophanticam</strong></span> 
     </span>
     <span class='ocr_line' id='line_1_99' title="bbox 1098 2279 2082 2316; baseline 0.005 -5"><span class='ocrx_word' id='word_1_642' title='bbox 1098 2279 1295 2314; x_wconf 79' lang='lat' dir='ltr'><strong>formulam,</strong></span> <span class='ocrx_word' id='word_1_643' title='bbox 1358 2279 1474 2312; x_wconf 68' lang='lat' dir='ltr'><strong>&#39;l‘auto</strong></span> <span class='ocrx_word' id='word_1_644' title='bbox 1500 2281 1574 2312; x_wconf 75' lang='lat' dir='ltr'><strong>xiro</strong></span> <span class='ocrx_word' id='word_1_645' title='bbox 1610 2293 1678 2312; x_wconf 88' lang='lat' dir='ltr'><strong>uon</strong></span> <span class='ocrx_word' id='word_1_646' title='bbox 1707 2281 1778 2312; x_wconf 64' lang='grc'>11111»</span> <span class='ocrx_word' id='word_1_647' title='bbox 1804 2282 1931 2315; x_wconf 75' lang='grc'>111111115</span> <span class='ocrx_word' id='word_1_648' title='bbox 1956 2282 2082 2316; x_wconf 78' lang='lat' dir='ltr'><strong>inflixit</strong></span> 
     </span>
     <span class='ocr_line' id='line_1_100' title="bbox 1099 2328 2082 2374; baseline 0.004 -12"><span class='ocrx_word' id='word_1_649' title='bbox 1099 2328 1153 2362; x_wconf 88' lang='lat' dir='ltr'><strong>hic</strong></span> <span class='ocrx_word' id='word_1_650' title='bbox 1177 2341 1291 2369; x_wconf 80' lang='lat' dir='ltr'><strong>error,</strong></span> <span class='ocrx_word' id='word_1_651' title='bbox 1319 2331 1519 2373; x_wconf 76' lang='lat' dir='ltr'><strong>prat-sertim</strong></span> <span class='ocrx_word' id='word_1_652' title='bbox 1547 2331 1696 2362; x_wconf 71' lang='lat' dir='ltr'><strong>intuenti</strong></span> <span class='ocrx_word' id='word_1_653' title='bbox 1723 2339 1836 2374; x_wconf 82' lang='lat' dir='ltr'><strong>postea</strong></span> <span class='ocrx_word' id='word_1_654' title='bbox 1856 2344 1962 2364; x_wconf 80' lang='lat' dir='ltr'><strong>novas</strong></span> <span class='ocrx_word' id='word_1_655' title='bbox 1981 2334 2082 2366; x_wconf 87' lang='lat' dir='ltr'><strong>dissi-</strong></span> 
     </span>
     <span class='ocr_line' id='line_1_101' title="bbox 1099 2380 2082 2424; baseline 0.002 -11"><span class='ocrx_word' id='word_1_656' title='bbox 1099 2380 1265 2424; x_wconf 81' lang='lat' dir='ltr'><strong>pationes.</strong></span> <span class='ocrx_word' id='word_1_657' title='bbox 1329 2380 1476 2414; x_wconf 81' lang='lat' dir='ltr'><strong>Dolebat</strong></span> <span class='ocrx_word' id='word_1_658' title='bbox 1498 2393 1515 2413; x_wconf 87' lang='lat' dir='ltr'><strong>a</strong></span> <span class='ocrx_word' id='word_1_659' title='bbox 1540 2393 1574 2412; x_wconf 87' lang='lat' dir='ltr'><strong>se</strong></span> <span class='ocrx_word' id='word_1_660' title='bbox 1601 2381 1772 2423; x_wconf 88' lang='lat' dir='ltr'><strong>proditam</strong></span> <span class='ocrx_word' id='word_1_661' title='bbox 1799 2394 1870 2414; x_wconf 82' lang='lat' dir='ltr'><strong>esse</strong></span> <span class='ocrx_word' id='word_1_662' title='bbox 1890 2384 2082 2424; x_wconf 71' lang='lat' dir='ltr'><strong>veritatem,</strong></span> 
     </span>
     <span class='ocr_line' id='line_1_102' title="bbox 1097 2431 2083 2478; baseline 0.004 -15"><span class='ocrx_word' id='word_1_663' title='bbox 1097 2431 1319 2463; x_wconf 82' lang='lat' dir='ltr'><strong>confirmatos</strong></span> <span class='ocrx_word' id='word_1_664' title='bbox 1336 2431 1523 2473; x_wconf 87' lang='lat' dir='ltr'><strong>impiorum</strong></span> <span class='ocrx_word' id='word_1_665' title='bbox 1543 2431 1694 2470; x_wconf 78' lang='lat' dir='ltr'><strong>furores,</strong></span> <span class='ocrx_word' id='word_1_666' title='bbox 1723 2434 1964 2476; x_wconf 84' lang='lat' dir='ltr'><strong>perturbatum</strong></span> <span class='ocrx_word' id='word_1_667' title='bbox 1980 2435 2083 2478; x_wconf 87' lang='lat' dir='ltr'><strong>spiri-</strong></span> 
     </span>
     <span class='ocr_line' id='line_1_103' title="bbox 1098 2481 2080 2521; baseline 0.003 -7"><span class='ocrx_word' id='word_1_668' title='bbox 1098 2489 1174 2514; x_wconf 88' lang='lat' dir='ltr'><strong>tum</strong></span> <span class='ocrx_word' id='word_1_669' title='bbox 1193 2489 1347 2515; x_wconf 81' lang='lat' dir='ltr'><strong>sanctum</strong></span> <span class='ocrx_word' id='word_1_670' title='bbox 1374 2481 1407 2513; x_wconf 94' lang='grc'><strong>111</strong></span> <span class='ocrx_word' id='word_1_671' title='bbox 1432 2482 1550 2521; x_wconf 87' lang='lat' dir='ltr'><strong>bonis,</strong></span> <span class='ocrx_word' id='word_1_672' title='bbox 1578 2482 1746 2516; x_wconf 87' lang='lat' dir='ltr'><strong>adductos</strong></span> <span class='ocrx_word' id='word_1_673' title='bbox 1771 2483 1805 2516; x_wconf 91' lang='lat' dir='ltr'><strong>in</strong></span> <span class='ocrx_word' id='word_1_674' title='bbox 1825 2484 2080 2517; x_wconf 84' lang='lat' dir='ltr'><strong>dubitationem</strong></span> 
     </span>
     <span class='ocr_line' id='line_1_104' title="bbox 1100 2531 2081 2578; baseline 0.003 -14"><span class='ocrx_word' id='word_1_675' title='bbox 1100 2532 1299 2566; x_wconf 79' lang='lat' dir='ltr'><strong>imbecilles.</strong></span> <span class='ocrx_word' id='word_1_676' title='bbox 1361 2531 1455 2572; x_wconf 76' lang='lat' dir='ltr'><strong>Quid</strong></span> <span class='ocrx_word' id='word_1_677' title='bbox 1481 2539 1528 2565; x_wconf 87' lang='lat' dir='ltr'><strong>est</strong></span> <span class='ocrx_word' id='word_1_678' title='bbox 1555 2532 1710 2574; x_wconf 85' lang='lat' dir='ltr'><strong>turpius,</strong></span> <span class='ocrx_word' id='word_1_679' title='bbox 1741 2546 1844 2578; x_wconf 84' lang='lat' dir='ltr'><strong>quam</strong></span> <span class='ocrx_word' id='word_1_680' title='bbox 1875 2536 1917 2567; x_wconf 93' lang='lat' dir='ltr'><strong>de</strong></span> <span class='ocrx_word' id='word_1_681' title='bbox 1944 2535 2081 2567; x_wconf 75' lang='lat' dir='ltr'><strong>coelesti</strong></span> 
     </span>
     <span class='ocr_line' id='line_1_105' title="bbox 1099 2583 2081 2617; baseline 0.002 -3"><span class='ocrx_word' id='word_1_682' title='bbox 1099 2584 1254 2615; x_wconf 83' lang='lat' dir='ltr'><strong>doctrina</strong></span> <span class='ocrx_word' id='word_1_683' title='bbox 1276 2583 1322 2615; x_wconf 87' lang='lat' dir='ltr'><strong>sic</strong></span> <span class='ocrx_word' id='word_1_684' title='bbox 1343 2584 1479 2616; x_wconf 76' lang='lat' dir='ltr'><strong>ludere,</strong></span> <span class='ocrx_word' id='word_1_685' title='bbox 1507 2592 1543 2616; x_wconf 91' lang='lat' dir='ltr'><strong>ut</strong></span> <span class='ocrx_word' id='word_1_686' title='bbox 1565 2583 1597 2614; x_wconf 91' lang='lat' dir='ltr'><strong>in</strong></span> <span class='ocrx_word' id='word_1_687' title='bbox 1618 2585 1805 2617; x_wconf 84' lang='lat' dir='ltr'><strong>comoediis</strong></span> <span class='ocrx_word' id='word_1_688' title='bbox 1832 2585 1955 2617; x_wconf 84' lang='lat' dir='ltr'><strong>ludunt</strong></span> <span class='ocrx_word' id='word_1_689' title='bbox 1977 2584 2081 2617; x_wconf 82' lang='lat' dir='ltr'><strong>Pseu-</strong></span> 
     </span>
     <span class='ocr_line' id='line_1_106' title="bbox 1099 2631 2081 2678; baseline 0.001 -13"><span class='ocrx_word' id='word_1_690' title='bbox 1099 2634 1218 2670; x_wconf 69' lang='lat' dir='ltr'><strong>dolus,</strong></span> <span class='ocrx_word' id='word_1_691' title='bbox 1253 2632 1438 2671; x_wconf 67' lang='lat' dir='ltr'><strong>Palestrio,</strong></span> <span class='ocrx_word' id='word_1_692' title='bbox 1466 2631 1650 2671; x_wconf 78' lang='lat' dir='ltr'><strong>Phormio,</strong></span> <span class='ocrx_word' id='word_1_693' title='bbox 1675 2642 1729 2666; x_wconf 80' lang='lat' dir='ltr'><strong>aut</strong></span> <span class='ocrx_word' id='word_1_694' title='bbox 1748 2635 1876 2666; x_wconf 76' lang='lat' dir='ltr'><strong>similes</strong></span> <span class='ocrx_word' id='word_1_695' title='bbox 1888 2632 2081 2678; x_wconf 65' lang='lat' dir='ltr'><strong>sycophan-</strong></span> 
     </span>
     <span class='ocr_line' id='line_1_107' title="bbox 1099 2681 2084 2728; baseline -0.002 -12"><span class='ocrx_word' id='word_1_696' title='bbox 1099 2684 1176 2716; x_wconf 73' lang='lat' dir='ltr'><strong>tae?</strong></span> <span class='ocrx_word' id='word_1_697' title='bbox 1228 2681 1273 2717; x_wconf 83' lang='lat' dir='ltr'><strong>Et</strong></span> <span class='ocrx_word' id='word_1_698' title='bbox 1301 2691 1413 2716; x_wconf 78' lang='lat' dir='ltr'><strong>tamen</strong></span> <span class='ocrx_word' id='word_1_699' title='bbox 1443 2684 1599 2716; x_wconf 72' lang='lat' dir='ltr'><strong>xidemns</strong></span> <span class='ocrx_word' id='word_1_700' title='bbox 1618 2692 1773 2726; x_wconf 77' lang='lat' dir='ltr'><strong>potentes</strong></span> <span class='ocrx_word' id='word_1_701' title='bbox 1792 2697 1882 2716; x_wconf 89' lang='lat' dir='ltr'><strong>nunc</strong></span> <span class='ocrx_word' id='word_1_702' title='bbox 1902 2685 2084 2728; x_wconf 76' lang='lat' dir='ltr'><strong>praecipue</strong></span> 
     </span>
    </p>
   </div>
   <div class='ocr_carea' id='block_1_9' title="bbox 1601 2733 1648 2767">
    <p class='ocr_par' dir='ltr' id='par_1_12' title="bbox 1601 2733 1648 2767">
     <span class='ocr_line' id='line_1_108' title="bbox 1601 2733 1648 2767; baseline 0 0"><span class='ocrx_word' id='word_1_703' title='bbox 1601 2733 1648 2767; x_wconf 80' lang='lat'><strong>35</strong></span> 
     </span>
    </p>
   </div>
   <div class='ocr_carea' id='block_1_10' title="bbox 1097 1727 1162 1764">
    <p class='ocr_par' dir='ltr' id='par_1_13' title="bbox 1097 1727 1162 1764">
     <span class='ocr_line' id='line_1_109' title="bbox 1097 1727 1162 1764; baseline 0 -8"><span class='ocrx_word' id='word_1_704' title='bbox 1097 1727 1162 1764; x_wconf 74' lang='lat' dir='ltr'><strong>tlt),</strong></span> 
     </span>
    </p>
   </div>
  </div>
 </body>
</html>
